3968 6390
435 327 542 385 659

1536 324 1602 377 D.
1631 314 1951 376 EUGYPPII
1989 313 2281 372 ABBATIS
2319 314 2645 373 AFRICANI

3542 276 3725 371 loco

436 440 726 513 scat,qttod
748 439 925 497 adhuc
947 440 1215 497 fervescat
1236 452 1577 509 expressum,
1604 445 1658 493 et
1678 435 1906 507 quadam
1929 450 2022 491 ve-
2048 437 2105 496 Δ
2127 430 2483 504 stitutionem]
2506 433 2802 488 contexuit.
2837 430 3172 489 Manifestum
3198 441 3285 489 est
3311 433 3484 498 enim,
3507 434 3593 488 sic
3625 450 3732 495 non

434 544 630 595 tuante
647 534 940 598 firmatum,
955 533 1020 586 ad
1040 547 1193 587 usum
1210 531 1426 587 bibendi
1441 530 1618 586 utilius
1632 530 2029 600 jucundiusque

432 624 751 698 perveniat?
780 623 914 678 Num
946 622 1069 676 ideo
1100 622 1357 677 Dominus
1388 622 1586 692 lignum
1619 622 1893 693 qua-sivit,
1928 632 2021 678 aut

434 726 674 783 terram,
705 724 798 772 aut
826 715 921 769 has
945 725 1246 783 temporum
1287 729 1487 782 moras,
1521 729 1641 769 cum
1672 730 1864 782 aquam
1890 716 2027 770 miro

435 811 759 882 compendio
784 807 1058 864 convertit
1084 808 1139 861 in
1169 810 1381 873 vinum,
1416 816 1471 862 et
1500 808 1606 864 tale
1653 809 1836 864 vinum
1884 810 2028 880 quod

380 912 383 917 ‘
437 903 623 963 ebrius
658 902 817 957 etiam
866 900 1095 954 conviva
1151 899 1435 955 laudaret?
1464 900 1709 970 Nunquid
1756 900 2027 972 adjutorio

437 993 695 1065 temporis
720 991 869 1063 eguit
896 992 1145 1047 conditor
1174 993 1513 1063 temporum?
1534 1008 1712 1049 nonne
1736 992 1896 1049 certis
1915 994 2030 1050 die-

435 1101 557 1141 rum
586 1085 828 1141 numeris
854 1099 955 1138 suo
980 1084 1176 1154 cuique
1204 1085 1387 1153 generi
1436 1086 1857 1141 accommodatis
1905 1100 2027 1141 om-

434 1180 519 1234 nis
544 1187 735 1233 natura
776 1177 1109 1245 serpentium
1142 1178 1417 1243 coalescit,
1451 1176 1734 1246 formatur,
1766 1181 2025 1249 nascitur,

433 1271 758 1327 roboratur?
783 1272 917 1326 Num
945 1272 1241 1339 exspectati
1270 1280 1395 1327 sunt
1424 1271 1477 1327 hi
1505 1274 1651 1337 dies,
1681 1284 1738 1329 ut
1760 1275 1811 1328 in
1840 1275 2030 1330 draco-

436 1380 559 1421 nem
602 1366 752 1435 virga
791 1375 1198 1421 converteretur
1234 1366 1302 1420 de
1343 1380 1501 1420 manu
1537 1367 1667 1421 Mosi
1707 1376 1763 1421 et
1804 1368 2029 1422 Aaron?

435 1472 537 1514 nec
565 1462 663 1513 ista
708 1472 829 1513 cum
863 1457 997 1512 ﬁunt
1044 1469 1229 1513 contra
1264 1470 1511 1513 naturam
1544 1460 1679 1513 tiunt
1718 1460 1816 1513 nisi
1851 1460 2025 1531 ηοῑιίε,

432 1550 627 1623 quibus
658 1552 799 1605 alter
824 1564 1029 1604 natura
1058 1564 1251 1604 cursus
1274 1552 1527 1619 innotuit,
1564 1566 1667 1605 non
1692 1560 1867 1605 autem
1894 1551 2025 1619 Deo,

436 1646 525 1701 cui
556 1644 657 1699 hoc
676 1651 763 1698 est
790 1653 978 1698 natura
1007 1641 1151 1713 quod
1182 1644 1391 1698 fecerit.
1427 1645 1603 1711 Qumri
1631 1655 1804 1699 autem
1836 1645 2030 1700 merito

434 1745 631 1808 potest,
675 1735 924 1790 causales
964 1734 1072 1790 illa:
1119 1734 1354 1790 rationes
1396 1750 1528 1805 quas
1560 1737 1761 1791 mundo
1811 1737 2026 1804 indidit,

2132 524 2334 581 factum
2383 539 2505 581 esse
2536 525 2805 579 hominem
2830 566 2843 590 ,
2873 533 3059 579 contra
3100 539 3259 595 quam
3289 532 3406 581 erat
3435 524 3527 579 illa
3562 526 3731 594 prima

2130 623 2340 697 [contra
2370 622 2509 692 quod
2561 630 2676 675 erat
2719 620 2771 676 in
2822 621 2906 675 illa
2951 620 3147 695 prima]
3179 623 3489 679 conditione
3536 636 3730 678 causa:

2132 732 2290 783 rum,
2323 715 2447 785 quia
2490 714 2561 769 ibi
2586 723 2701 769 erat
2748 713 2909 770 etiam
2955 716 3034 770 sic
3061 715 3181 771 fieri
3236 731 3428 784 posse,
3481 718 3731 787 quamvis

2133 823 2242 864 non
2272 807 2341 862 ibi
2373 815 2491 863 erat
2519 808 2587 863 ita
2624 808 2738 862 ticri
2769 822 2988 864 necesse
3008 825 3151 866 esse.
3178 810 3290 866 lloc
3317 813 3461 866 enim
3481 827 3599 867 non
3621 821 3729 869 erat

2133 900 2188 955 in
2228 899 2545 955 conditione
2587 908 2886 969 creaturae,
2938 901 3032 957 sed
3082 901 3136 957 in
3189 902 3388 972 placito
3430 902 3727 972 Creatoris,

2135 992 2285 1063 cujus
2313 993 2563 1047 voluntas
2585 1009 2767 1048 rerum
2790 1002 2874 1049 est
2917 995 3230 1051 necessitas.
3260 995 3393 1051 Nam
3424 1006 3483 1051 et
3504 1010 3612 1051 nos
3639 1011 3728 1067 pro

2134 1095 2293 1167 captu
2318 1086 2649 1142 infirmitatis
2674 1087 2953 1159 humanm,
2985 1088 3096 1159 jam
3142 1089 3196 1144 in
3238 1089 3368 1159 ipsis
3399 1090 3572 1144 rebus
3602 1096 3726 1144 tem-

2134 1192 2268 1247 pore
2298 1179 2499 1234 exortis
2522 1220 2536 1244 ,
2568 1194 2855 1247 possumus
2904 1194 3064 1235 nosse
3107 1179 3230 1250 quid
3260 1180 3311 1235 in
3337 1180 3613 1250 cujusque
3642 1194 3724 1234 na-

2134 1277 2253 1323 tura
2282 1270 2391 1336 sit,
2441 1271 2582 1343 quod
2633 1271 2840 1345 [quam]
2870 1274 3238 1344 experimento
3284 1272 3721 1345 perceperimus,

2134 1362 2229 1415 sed
2262 1372 2437 1415 utrum
2469 1366 2633 1418 etiam
2667 1364 2903 1419 futurum
2938 1366 3007 1420 sit
3041 1366 3371 1436 ignoramus.
3402 1365 3500 1419 Est
3530 1366 3727 1434 quippe

2134 1452 2188 1508 in
2215 1462 2401 1509 natura
2430 1455 2591 1523 hujus
2618 1501 2632 1526 ,
2680 1457 2829 1511 verbi
2872 1458 3065 1527 gratia,
3095 1456 3310 1525 juvenis
3343 1465 3401 1511 ut
3434 1464 3719 1511 senescat:

2134 1546 2229 1600 sed
2260 1554 2437 1601 utrum
2471 1547 2573 1602 hoc
2598 1548 2669 1603 sit
2696 1548 2855 1602 etiam
2893 1548 2947 1602 in
2982 1547 3075 1602 Dei
3108 1550 3383 1603 voluntate
3415 1548 3720 1614 nescimus;

2134 1639 2230 1693 sed
2263 1655 2362 1696 nec
2391 1640 2445 1695 in
2474 1650 2663 1695 natura
2694 1652 2868 1707 esset,
2905 1641 3009 1695 nisi
3049 1640 3102 1695 in
3147 1640 3240 1696 Dei
3273 1639 3555 1695 voluntate
3584 1642 3719 1712 prius

2137 1733 2347 1801 fui~set,
2370 1733 2461 1804 qui
2487 1733 2724 1788 condidit
2746 1734 2947 1789 omnia.
2970 1731 3035 1788 Et
3058 1732 3238 1803 utique
3259 1733 3625 1787 occultaratio
3645 1739 3719 1787 est

432 1843 555 1885 cum
593 1829 825 1898 primum
869 1828 1028 1882 simul
1070 1829 1249 1883 omnia
1301 1828 1504 1883 creavit
1524 1871 1539 1895 ,
1566 1829 1864 1907 .quomodo
1913 1831 2022 1884 sint
2051 1834 2099 1895 Β
2124 1828 2419 1881 senectutis
2448 1826 2504 1880 iu
2535 1840 2760 1895 corpore
2783 1824 3051 1896 juvenili,
3084 1826 3164 1879 vel
3192 1826 3494 1896 juventutis
3526 1826 3581 1880 in
3610 1839 3715 1880 cor-

433 1920 731 1975 instituta}?
762 1931 938 1975 utrum
971 1928 1029 1973 ut
1056 1919 1511 1991 quemadmodum
1539 1920 1787 1976 videmus
1837 1933 2027 1978 cuncta

434 2012 737 2075 nascentia,
759 2010 843 2066 vel
870 2010 1149 2078 fruticum,
1165 2013 1247 2067 vel
1273 2012 1623 2066 animantium
1643 2012 2025 2085 [animalium],

405 2162 410 2167 ,
436 2104 491 2160 in
523 2106 633 2159 suis
660 2102 1179 2162 conformationibus
1203 2118 1364 2176 atque
1386 2108 1736 2161 incrementis
1766 2150 1780 2173 ,
1813 2123 1907 2161 sua
1932 2123 2029 2178 pro

439 2196 754 2253 diversitate
780 2211 1035 2266 generum
1061 2197 1268 2252 diversa
1291 2199 1461 2265 spatia
1486 2207 1802 2269 peragerent
1821 2208 2028 2268 tempo-

446 2303 565 2343 rum
586 2289 705 2345 iAn
724 2297 781 2343 ut
798 2289 1249 2359 quemadmodum
1275 2288 1510 2345 creditur
1529 2290 1701 2345 lactus
1723 2291 2033 2367 Adam.sine

438 2381 550 2436 ullo
574 2396 867 2454 progressu
907 2384 1365 2440 incrementorum
1402 2385 1543 2440 virili
1571 2394 1729 2441 rotate
1759 2388 2020 2443 continuo

437 2475 946 2532 conformarentur?
972 2478 1079 2534 Sed
1110 2493 1206 2535 cur
1235 2495 1345 2534 non
1375 2489 1663 2550 utrumque
1696 2482 1818 2536 illas
1842 2480 2027 2536 credi-

442 2580 567 2622 mus
593 2567 867 2636 habuisse,
887 2581 943 2624 ut
968 2570 1073 2626 hoc
1102 2586 1171 2627 cx
1196 2572 1274 2629 eis
1305 2572 1541 2627 futurum
1570 2584 1715 2628 esset
1745 2573 1887 2642 quod
1916 2577 2029 2629 fac-

435 2660 544 2714 tori
576 2660 912 2730 placuisset?
941 2662 998 2717 Si
1026 2665 1168 2718 enim
1200 2665 1293 2718 illo
1322 2665 1485 2719 modo
1526 2665 1853 2731 dixerimus,
1898 2666 2031 2721 inci-

438 2752 517 2821 pit
539 2760 729 2808 contra
751 2755 895 2823 ipsas
926 2754 1124 2811 factum
1153 2757 1347 2822 videri,
1378 2773 1485 2812 non
1514 2758 1688 2813 solum
1719 2760 1879 2813 etiam
1900 2759 2032 2814 illud

437 2844 505 2902 de
531 2862 668 2917 aqua
698 2850 881 2903 vinum
901 2892 917 2916 ,
947 2854 1039 2905 sed
1070 2860 1126 2907 et
1169 2852 1349 2906 omnia
1394 2853 1648 2907 miracula
1698 2868 1818 2923 quae
1843 2862 2032 2909 contra

437 2949 643 2995 natura:
670 2942 930 2997 usitatum
961 2958 1179 2998 cursum
1212 2944 1349 3000 ﬁunt
1376 2963 1390 3012 ;
1425 2945 1472 3001 si
1503 2957 1680 3001 autem
1716 2948 1817 3002 isto
1846 2951 2027 3019 modo,

441 3032 613 3087 multo
640 3034 743 3088 erit
780 3035 1069 3091 absurdius
1099 3038 1232 3091 istas
1273 3039 1415 3107 ipsas
1446 3040 1784 3109 quotidi-anas
1829 3051 2031 3097 naturas

439 3120 643 3177 formas
671 3135 724 3179 et
745 3126 957 3192 species
978 3137 1169 3180 contra
1198 3127 1320 3183 Has
1358 3130 1639 3198 primarias
1669 3132 1905 3187 omnium
1937 3147 2032 3187 na-

2134 1935 2264 1990 pore
2298 1920 2484 1988 puerili
2517 1937 2529 1972 :
2574 1936 2749 1991 nequc
2780 1922 2922 1974 enim
2949 1920 3120 1975 oculis
3146 1921 3406 1987 cernitur,
3434 1922 3576 1974 sicut
3614 1919 3712 1987 ipsa

2137 2014 2192 2067 in
2226 2028 2393 2083 puero
2423 2012 2679 2081 pueritia,
2714 2011 2853 2067 sicut
2878 2011 3133 2082 juventus
3165 2013 3216 2067 in
3239 2013 3470 2082 juvene,
3501 2011 3593 2067 sed
3622 2012 3711 2066 alia

2132 2106 2361 2173 quadam
2407 2106 2593 2159 notitia
2631 2105 2903 2176 colligitur
2944 2105 3118 2160 inesse
3164 2105 3216 2160 in
3270 2116 3461 2159 natura
3508 2104 3710 2175 quidam

2131 2195 2443 2269 [quoddam]
2473 2198 2665 2264 latens,
2695 2215 2800 2268 quo
2828 2200 3121 2255 educantur
3151 2202 3205 2255 in
3233 2210 3476 2271 promptu
3507 2199 3703 2255 numeri

2130 2290 2347 2357 occulti,
2372 2290 2453 2343 vel
2481 2290 2779 2357 juventutis
2806 2306 2835 2343 a
2868 2291 3119 2360 pueritia,
3148 2291 3235 2346 vel
3265 2291 3539 2346 δρηεςιυιίε
3567 2306 3593 2343 a
3614 2290 3693 2361 ju-

2131 2389 2375 2437 ventute.
2422 2382 2640 2435 Occulta
2670 2391 2753 2436 est
2782 2396 2912 2451 ergo
2944 2382 3043 2435 ista
3071 2381 3239 2451 ratio,
3288 2398 3391 2453 qua
3435 2386 3492 2438 lit
3518 2392 3578 2436 ut
3607 2381 3701 2437 hoc

2133 2486 2253 2529 esse
2283 2472 2469 2541 possit,
2499 2471 2592 2527 sed
2619 2472 2810 2540 oculis,
2844 2474 3007 2528 menti
3038 2482 3214 2529 autem
3247 2490 3351 2529 non
3381 2484 3465 2530 est
3494 2474 3708 2528 occulta.

2135 2565 2324 2620 Utrum
2366 2575 2549 2621 autem
2582 2564 2684 2621 hoc
2718 2569 2878 2622 etiam
2913 2582 3133 2624 necesse
3157 2569 3255 2637 sit,
3296 2571 3604 2625 omnimodo
3631 2584 3711 2625 ηε-

2131 2660 2357 2716 scimus.
2389 2659 2456 2715 Et
2481 2661 2623 2715 illam
2648 2662 2860 2731 quidem
2889 2677 2991 2733 gna
3023 2665 3079 2718 lit
3106 2672 3162 2718 ut
3183 2680 3304 2720 es~e
3333 2665 3507 2734 possit
3534 2680 3644 2720 esse
3667 2663 3711 2720 in

2131 2761 2319 2807 natura
2348 2752 2517 2819 ipsius
2544 2754 2785 2821 corporis
2812 2757 3083 2810 novimus.
3110 2756 3256 2810 Illam
3290 2772 3422 2811 vero
3452 2772 3561 2827 qua
3592 2757 3640 2809 lit
3663 2763 3711 2811 ut

2131 2860 2354 2900 necesse
2381 2845 2450 2899 sit
2472 2846 2808 2900 manifestum
2836 2856 2919 2901 est
2945 2847 3057 2902 illic
3087 2863 3193 2902 non
3224 2862 3364 2902 esse.
3398 2849 3509 2902 Sed
3544 2847 3710 2901 fortass

2131 2940 2204 2995 sis
2229 2942 2282 2995 in
2306 2941 2505 2995 mundo
2531 2949 2643 3007 est,
2677 2950 2734 2995 ut
2774 2956 2997 2996 necesse
3043 2941 3115 2997 sit
3143 2942 3301 2996 istum
3332 2940 3607 2996 hominem
3636 2955 3708 2995 se-

2135 3048 2396 3089 nescere:
2431 3035 2672 3089 siautem
2702 3048 2802 3089 nec
2832 3036 2881 3089 in
2906 3035 3107 3088 mundo
3136 3043 3238 3101 est,
3264 3033 3316 3087 in
3347 3034 3461 3089 Deo
3492 3045 3592 3090 εει.
3619 3031 3711 3088 llos

2144 3126 2286 3181 enim
2319 3128 2624 3181 necessario
2645 3126 2880 3180 futurum
2899 3133 2982 3181 est
3003 3127 3143 3197 quod
3168 3126 3256 3181 ille
3281 3126 3416 3193 vult,
3439 3139 3495 3183 et
3524 3142 3586 3183 ea
3606 3139 3711 3181 vere

439 3224 689 3269 scentum
720 3214 962 3270 causales
1003 3217 1244 3272 rationes
1272 3232 1491 3275 suorum
1542 3230 1843 3292 temporum
1880 3239 2034 3293 pera-
2058 3216 2105 3281 C
2142 3216 2319 3274 futura
2343 3230 2466 3272 sunt
2493 3233 2612 3289 quas
2639 3216 2729 3273 ille
2755 3218 3040 3288 praescit'it.
3067 3218 3198 3273 Nam
3238 3219 3407 3274 multa
3440 3220 3711 3276 secundum

439 3322 572 3378 gere
601 3310 793 3376 spatia.
829 3309 1012 3365 Restat
1034 3325 1165 3380 ergo
1195 3324 1249 3365 ut
1283 3314 1348 3366 ad
1380 3325 1664 3383 utrumque
1694 3319 1908 3372 modum
1937 3319 2032 3374 ba-

441 3399 575 3455 biles
624 3410 821 3457 creata
865 3400 1013 3469 sint,
1042 3404 1159 3460 sive
1183 3402 1273 3473 [ad
1318 3405 1479 3460 istum
1522 3423 1628 3476 quo
1684 3411 2032 3467 usitatissime

439 3494 753 3562 temporalia
800 3502 1219 3561 transcurrunt,
1252 3498 1365 3551 sive
1411 3497 1478 3552 ad
1509 3499 1662 3553 illum
1690 3516 1801 3573 quo
1828 3517 1950 3558 rara
1978 3512 2034 3559 et

439 3583 703 3638 mirabilia
733 3584 896 3652 tiunt,
927 3588 1067 3642 sicut
1096 3587 1209 3643 Deo
1235 3588 1413 3645 facere
1438 3591 1699 3659 placuerit
1727 3596 1868 3664 quod
1892 3588 2031 3652 tem-

440 3676 558 3744 pori
604 3686 884 3746 congruat.
926 3676 1308 3735 Verumtamen
1361 3683 1442 3735 sic
1491 3682 1662 3737 factus
1700 3694 1784 3739 est
1808 3686 2030 3753 °homo,

439 3766 894 3834 quemadmodum
922 3768 1029 3822 illa:
1061 3771 1246 3837 prima:
1283 3785 1459 3826 causa:
1489 3772 1758 3827 habebant
1795 3786 1852 3829 ut
1880 3777 2034 3833 fieret

441 3858 651 3929 primus
696 3858 877 3924 homo,
911 3874 1071 3928 quem
1103 3877 1209 3916 non
1251 3878 1319 3918 ex
1363 3865 1674 3933 parentibus
1712 3870 1860 3923 nasci
1886 3909 1901 3931 ,
1946 3872 2035 3928 cui

442 3949 576 4005 nulli
606 3961 1036 4022 praecesserant,
1063 3953 1159 4009 sed
1203 3955 1270 4011 de
1298 3955 1428 4010 limo
1455 3955 1673 4011 formari
1712 3960 2029 4039 oportebat,

440 4044 736 4098 secundum
762 4044 1036 4101 causalem
1068 4047 1329 4102 rationem
1360 4048 1413 4102 in
1440 4062 1541 4117 qua
1587 4050 1835 4119 primitus
1862 4050 2033 4111 factus

440 4144 576 4192 erat.
602 4135 737 4192 Nam
761 4138 810 4193 si
837 4138 997 4194 aliter
1026 4140 1198 4195 factus
1224 4147 1342 4209 est,
1374 4156 1481 4197 non
1508 4156 1631 4197 eum
1664 4139 1809 4198 Deus
1835 4143 1887 4199 in
1915 4146 2035 4201 illo-

438 4242 557 4284 rum
584 4244 682 4286 sex
702 4232 914 4287 dierum
943 4232 1195 4301 cperibus
1221 4232 1464 4301 fecerat,
1493 4233 1547 4289 in
1575 4235 1770 4304 quibus
1798 4250 1920 4291 cum
1951 4236 2036 4293 di-

440 4322 584 4378 citur
614 4323 809 4390 factus,
843 4326 1013 4393 ipsam
1044 4342 1262 4382 causam
1293 4332 1478 4398 utique
1512 4328 1712 4384 fecerat
1742 4329 1905 4397 Deus,
1931 4346 2034 4401 qua

442 4422 559 4470 erat
589 4428 690 4469 suo
718 4424 964 4485 tempore
992 4418 1153 4472 homo
1181 4420 1390 4473 futurus
1408 4461 1422 4483 ,
1456 4427 1512 4475 et
1538 4422 1835 4477 secundum
1868 4438 2031 4493 quam

465 4503 632 4576 quod]
676 4507 846 4560 fuerat
876 4506 943 4560 ab
968 4508 1060 4561 illo
1087 4506 1362 4563 faciendus
1390 4508 1483 4577 qui
1509 4511 1668 4566 simul
1699 4524 1753 4569 et
1785 4529 2030 4569 consum-

2141 3311 2423 3366 inferiores
2466 3324 2657 3365 causas
2707 3309 2883 3364 futura
2930 3318 3073 3377 sunt,
3106 3310 3199 3366 sed
3228 3312 3272 3366 si
3306 3310 3379 3365 ita
3429 3322 3557 3365 sunt
3584 3322 3629 3365 et
3665 3308 3710 3366 in

2136 3404 2471 3475 prmscientia
2496 3404 2621 3468 Dei,
2650 3419 2779 3459 vere
2807 3404 2984 3459 futura
3012 3413 3156 3459 sunt.
3186 3404 3244 3460 Si
3270 3415 3454 3459 autem
3485 3407 3553 3461 ibi
3581 3404 3704 3457 aliter

2135 3509 2295 3569 sunt,
2328 3501 2399 3554 ita
2434 3497 2611 3567 potius
2640 3498 2814 3553 futura
2841 3505 2971 3552 sunt
3008 3496 3146 3552 sicut
3189 3498 3258 3553 ibi
3305 3507 3467 3564 sunt;
3517 3498 3601 3552 ubi
3635 3496 3710 3565 qui

2135 3593 2353 3664 prmscit
2380 3590 2485 3645 falli
2511 3605 2617 3645 uon
2647 3598 2845 3659 potest.
2877 3588 3010 3643 Nam
3052 3590 3227 3645 futura
3257 3588 3457 3645 dicitur
3484 3598 3711 3644 senectus

2132 3687 2187 3740 in
2217 3686 2447 3757 juvene,
2477 3683 2573 3739 sed
2604 3693 2781 3737 tamen
2814 3681 2992 3737 futura
3026 3698 3132 3736 non
3175 3690 3293 3749 est,
3324 3682 3371 3738 si
3413 3694 3533 3737 ante
3556 3681 3711 3737 mori-

2134 3784 2287 3830 turus
2317 3784 2419 3830 est.
2455 3773 2569 3829 lloc
2598 3782 2783 3828 autem
2824 3773 2897 3828 ita
2940 3773 3041 3829 erit
3084 3773 3223 3828 sicut
3267 3787 3331 3829 se
3378 3774 3557 3828 habent
3596 3771 3706 3825 alia:

2134 3882 2333 3937 causae,
2367 3868 2481 3922 sive
2530 3864 2628 3939 [in]
2656 3866 2857 3920 mundo
2901 3874 3188 3933 contextae,
3223 3867 3339 3922 sive
3366 3867 3413 3920 in
3443 3863 3529 3917 Dei
3571 3876 3701 3931 pra:-

2134 3958 2367 4015 scientia
2396 3965 2703 4012 reservatus.
2742 3955 2878 4011 Nam
2921 3955 3215 4011 secundum
3246 3956 3496 4025 quasdam
3522 3951 3713 4006 luturoc

2136 4067 2254 4107 rum
2285 4066 2477 4107 causas
2508 4094 2523 4119 ,
2550 4049 2843 4104 moriturus
2872 4056 2991 4104 erat
3011 4047 3117 4120 5,3
3150 4046 3428 4115 Ezechias,
3467 4047 3548 4103 cui
3587 4045 3718 4101 Deus

2137 4142 2342 4198 addidit
2371 4140 2681 4213 quindecim
2706 4154 2877 4196 annos
2902 4140 2969 4196 ad
3000 4142 3161 4197 vitam
3189 4158 3204 4196 :
3236 4142 3287 4197 id
3321 4142 3502 4210 utique
3526 4141 3718 4197 faciens

2134 4233 2282 4304 quod
2312 4243 2439 4288 ante
2468 4230 2908 4287 constitutionem
2958 4230 3143 4286 mundi
3186 4246 3247 4287 se
3293 4231 3562 4286 facturum
3608 4244 3720 4286 esse

2134 4324 2481 4396 przesciebat,
2513 4332 2569 4379 et
2595 4322 2649 4377 in
2691 4337 2785 4378 sua
2812 4323 3085 4379 voluntate
3118 4322 3388 4379 servabat.
3440 4324 3557 4379 Non
3603 4337 3723 4393 ergo

2134 4415 2189 4471 id
2214 4416 2440 4470 faciebat
2470 4414 2612 4481 quod
2658 4416 2891 4470 futurum
2923 4431 3031 4471 non
3063 4426 3198 4482 erat,
3244 4416 3348 4471 hoc
3373 4417 3519 4471 enim
3567 4416 3724 4481 magis

2136 4514 2253 4561 erat
2278 4508 2512 4561 lutorum
2552 4506 2691 4576 quod
2720 4520 2778 4563 se
2805 4505 3065 4561 facturum
3090 4522 3212 4563 esse
3239 4508 3590 4577 przesciebat.
3625 4507 3723 4562 Nec

442 4608 681 4653 maverat
708 4599 987 4663 inchoata,
1036 4608 1258 4668 prepter
1304 4600 1684 4671 perfectionem
1727 4606 2021 4661 causalium
2051 4588 2315 4654 Dtamen
2346 4598 2418 4651 illi
2450 4597 2573 4651 anui
2615 4596 2780 4651 additi
2828 4604 2975 4653 recte
3010 4597 3343 4663 dicerentur,
3390 4596 3497 4652 nisi
3538 4595 3725 4666 aliquid

440 4690 728 4753 rationum,
757 4699 813 4744 et
838 4690 907 4745 im
926 4691 1187 4748 hoaverat
1216 4696 1643 4751 consummando
1693 4707 1914 4767 propter
1939 4715 2029 4755 or-

441 4782 622 4838 dinem
653 4793 973 4852 temporum.
1006 4784 1063 4840 Si
1106 4801 1236 4855 ergo
1266 4788 1318 4841 in
1346 4787 1452 4843 illis
1482 4790 1671 4858 primis
1694 4805 1873 4846 rerum
1899 4806 2026 4847 cau-

438 4875 555 4942 sis,
605 4889 739 4945 quas
778 4874 978 4929 mundo
1027 4878 1273 4946 primitus
1321 4879 1550 4937 Creator
1591 4881 1861 4946 inseruit,
1917 4898 2027 4939 non

444 4973 644 5022 tantum
686 4966 863 5036 posuit
889 4968 1031 5036 quod
1071 4969 1140 5024 de
1176 4968 1304 5024 limo
1333 4970 1658 5029 formaturus
1687 4981 1806 5029 erat
1850 4972 2030 5030 homi-

438 5072 561 5116 nem
585 5100 602 5124 ,
632 5060 725 5115 sed
756 5062 918 5117 etiam
950 5062 1401 5131 quemadmodum
1436 5064 1761 5121 formaturus
1785 5108 1801 5134 ,
1839 5076 2028 5123 utrum

438 5154 576 5210 sicut
604 5153 655 5208 in
686 5153 870 5208 matris
900 5165 1089 5221 utero,
1118 5169 1188 5209 an
1221 5156 1274 5209 in
1307 5155 1475 5211 forma
1511 5158 1769 5228 juvenili,
1817 5158 2033 5227 procul-

439 5243 605 5300 dubio
632 5246 710 5299 sic
738 5245 865 5301 fecit
891 5255 949 5301 ut
982 5246 1096 5302 illic
1130 5246 1463 5316 przefixerat,
1493 5262 1667 5317 neque
1706 5247 1850 5302 enim
1893 5262 2028 5302 con-

439 5344 519 5392 tra
548 5337 947 5405 dispositionem
979 5354 1131 5395 suam
1181 5339 1399 5395 faceret.
1450 5337 1508 5394 Si
1537 5350 1719 5395 autem
1753 5340 1861 5394 vim
1905 5347 2027 5395 tan-

439 5437 550 5484 tum
585 5430 654 5485 ibi
686 5433 863 5500 posuit
906 5434 1306 5501 possibilitatis,
1341 5439 1400 5485 ut
1425 5431 1588 5487 homo
1619 5431 1774 5488 fieret
1811 5445 2027 5503 quoquo

438 5522 599 5576 modo
627 5521 796 5589 ﬂeret,
828 5530 960 5578 utet
988 5527 1066 5580 sic
1094 5533 1148 5581 et
1176 5523 1255 5579 sic
1284 5533 1503 5591 posset,
1534 5525 1585 5579 id
1616 5536 1698 5581 est
1728 5534 1787 5579 ut
1813 5523 1867 5579 id
1888 5537 2024 5594 quo-

437 5628 543 5683 que
570 5612 641 5670 ibi
668 5625 845 5684 esset,
877 5618 1001 5689 quia
1029 5626 1085 5673 et
1112 5618 1192 5673 sic
1220 5625 1276 5673 et
1300 5619 1377 5673 sic
1405 5626 1615 5689 posset,
1646 5631 1809 5671 unum
1839 5626 2020 5671 autem

438 5703 614 5773 ipsum
640 5710 857 5764 modum
903 5724 1011 5780 quo
1049 5719 1168 5765 erat
1196 5709 1433 5766 facturus
1458 5752 1473 5778 ,
1522 5712 1576 5764 in
1608 5722 1703 5763 sua
1748 5707 2025 5765 voluntate

360 5866 375 5876 κ
439 5797 693 5867 servavit,
722 5814 830 5859 non
858 5801 1043 5858 mundi
1082 5800 1451 5861 constitutioni
1479 5800 1625 5858 lcum
1663 5800 1849 5856 mundi
1894 5813 2027 5859 con-
2069 5838 2079 5846 -

2135 4689 2424 4745 adderetur
2449 4688 2589 4759 quod
2619 4702 2677 4743 se
2702 4688 2857 4742 aliter
2881 4691 2933 4742 in
2958 4688 3077 4743 aliis
3106 4688 3284 4743 causis
3318 4688 3577 4743 habuerat
3605 4705 3619 4741 :
3649 4702 3725 4742 se-

2135 4783 2368 4839 cnndum
2413 4784 2620 4851 aliquas
2660 4780 2823 4851 igitur
2869 4794 3059 4836 causas
3098 4780 3403 4847 inferiores,
3434 4780 3545 4849 jam
3572 4780 3725 4833 vitam

2136 4874 2373 4939 ﬁnierat,
2403 4872 2699 4928 secundum
2732 4874 2849 4928 illas
2874 4887 3050 4928 autem
3074 4889 3192 4943 quae
3221 4884 3346 4928 sunt
3375 4873 3430 4927 in
3459 4873 3727 4927 voluntate

2138 4974 2186 5021 ct
2238 4964 2575 5035 praescientia
2609 4964 2703 5019 Dei
2735 5006 2751 5033 ,
2779 4965 2869 5035 qui
2900 4979 2968 5019 ex
3006 4964 3307 5019 aeternitate
3356 4974 3583 5019 noverat
3611 4962 3727 5028 quia

2138 5056 2232 5111 illo
2265 5066 2506 5125 tempore
2525 5054 2762 5110 facturus
2792 5061 2937 5119 erat,
2967 5064 3022 5110 et
3052 5054 3153 5109 hoc
3170 5067 3295 5109 vere
3323 5052 3564 5109 futurum
3595 5064 3724 5109 erat.

2135 5149 2285 5205 Tunc
2306 5158 2422 5205 erat
2451 5148 2702 5203 ﬁniturus
2729 5147 2917 5214 vitam,
2955 5146 3168 5217 quando
3188 5146 3359 5202 finivit
3382 5146 3577 5215 vitam,
3606 5147 3727 5217 quid

2134 5243 2234 5298 etsi
2262 5241 2410 5314 [quia
2436 5251 2489 5295 et
2510 5239 2610 5313 sic]
2639 5240 2815 5296 oranti
2838 5254 3153 5295 concessum
3178 5248 3293 5309 est,
3322 5243 3485 5297 etiam
3512 5242 3594 5296 sic
3613 5256 3730 5295 eum

2133 5344 2436 5397 oraturum,
2473 5342 2531 5386 ut
2552 5333 2644 5386 tali
2671 5333 2897 5387 orationi
2924 5332 3146 5388 concedi
3174 5339 3475 5399 oporteret,
3510 5334 3603 5389 ille
3633 5331 3731 5388 uti-

2134 5437 2236 5493 quc
2260 5422 2599 5493 prtesciebat,
2628 5422 2783 5492 cujus
2829 5423 3161 5487 praescientia
3193 5420 3304 5478 falli
3340 5438 3449 5478 non
3481 5432 3728 5495 poterat,

2128 5523 2185 5571 et
2228 5514 2352 5569 ideo
2395 5514 2538 5583 quod
2584 5512 2901 5583 praesciebat
2943 5515 3253 5570 necessario
3304 5512 3548 5569 futurum
3595 5522 3729 5570 erat.

2127 5608 2466 5677 Quapropter
2493 5606 2539 5662 si
2567 5608 2809 5662 omnium
2842 5607 3148 5663 futurorum
3169 5621 3345 5664 causae
3377 5608 3587 5664 mundo
3611 5614 3734 5663 sunt

2128 5700 2323 5769 insitas,
2351 5714 2473 5755 cum
2501 5700 2593 5757 ille
2621 5699 2795 5757 factus
2820 5707 2907 5771 est
2950 5700 3067 5757 dies
3105 5701 3322 5773 quando
3348 5701 3493 5759 Deus
3523 5700 3732 5759 creavit

2128 5792 2305 5852 omnia
2342 5791 2531 5864 simul,
2570 5807 2680 5852 non
2728 5793 2887 5852 aliter
2934 5790 3110 5850 Adam
3152 5792 3327 5850 factus
3367 5803 3451 5850 est
3500 5809 3627 5853 cum
3658 5791 3734 5850 de
