3968 6390
156 5636 199 5693 ᾖ

245 402 345 461 661

1502 395 1935 457 THESAURUI.
1965 396 2123 455 CAP.
2161 397 2299 455 LIV.

3402 393 3511 450 θοι

244 515 377 573 limo
398 522 556 571 terra
576 514 834 571 formatus
851 520 958 581 est,
977 511 1118 569 sicut
1136 517 1221 567 est
1240 508 1556 567 credibilius
1571 509 1681 580 jam
1705 524 1822 580 pero
1848 510 1905 573 Α
1923 509 2121 565 omium
2147 511 2386 575 creavit.
2415 524 2477 567 ea
2500 517 2766 581 potestate
2792 509 3043 579 deposuit
3070 517 3129 566 et
3152 509 3380 579 recepit,
3402 521 3511 581 qua

246 607 403 664 tectae
425 606 726 675 virilitatis,
757 621 915 676 quam
940 612 1057 662 erat
1084 604 1135 659 in
1175 603 1281 659 illis
1307 603 1487 660 causis
1506 642 1524 670 ,
1552 602 1646 657 ubi
1680 602 1826 658 Deus
1929 602 2091 657 etiam
2122 602 2393 660 sideribus
2418 602 2721 673 imperavit.

246 702 523 759 hominem
540 702 595 757 in
624 718 717 757 sex
742 702 947 756 dierum
972 698 1220 768 operibus
1248 696 1394 753 fecit.
1426 697 1505 752 lbi
1536 698 1679 752 enim
1709 702 1827 752 erat

244 812 358 852 non
378 795 550 850 solum
577 802 635 850 ut
664 795 733 849 ita
760 793 877 849 ﬁeri
901 801 1102 859 posset,
1122 802 1307 846 verum
1329 788 1493 845 etiam
1519 798 1577 844 ut
1604 789 1680 844 ita
1703 801 1827 843 eum

248 887 370 943 ﬁeri
395 900 619 943 necesse
646 894 790 942 esset
816 903 831 953 ;
862 892 969 940 tam
998 883 1143 940 enim
1170 896 1276 937 non
1306 882 1434 937 facit
1465 881 1607 937 Deus
1633 888 1827 937 contra

246 992 466 1034 causam
506 990 667 1049 quam
691 977 808 1033 sine
846 976 1016 1031 dubio
1068 974 1258 1031 volens
1304 972 1622 1044 prnstitait,
1668 987 1830 1044 quam

247 1081 439 1125 contra
469 1070 791 1124 voluntatem
815 1078 964 1121 suam
993 1081 1100 1121 non
1128 1064 1272 1121 iacit.
1304 1066 1362 1121 Si
1384 1073 1562 1120 autem
1587 1079 1693 1120 non
1719 1078 1829 1119 our

246 1178 352 1217 nes
377 1176 565 1217 causas
592 1162 647 1216 in
674 1168 919 1215 creatura
942 1158 1189 1227 primitus
1208 1157 1423 1212 condita
1452 1156 1706 1226 praeﬁxit,
1728 1154 1828 1212 sed

243 1255 459 1324 aliquas
487 1255 542 1310 in
574 1269 668 1309 sua
701 1253 975 1307 voluntate
1004 1252 1260 1315 servavit,
1285 1266 1390 1305 non
1420 1260 1548 1305 sunt
1572 1250 1677 1305 illa
1706 1250 1828 1319 qui-

245 1344 374 1400 dem
401 1358 555 1414 quas,
581 1344 636 1399 iu
660 1359 757 1399 sua
780 1342 1053 1397 voluntate
1076 1342 1331 1406 servavit,
1348 1358 1417 1397 ex
1437 1340 1663 1396 istarum
1689 1355 1827 1410 quas

240 1436 451 1492 creavit
492 1435 813 1490 necessitate
851 1433 1188 1504 pendentes,
1232 1448 1339 1488 non
1383 1441 1564 1487 tamen
1589 1438 1832 1501 ,possunt

239 1544 373 1585 esse
419 1532 708 1584 contraria
751 1543 886 1599 quas
932 1528 988 1582 in
1027 1541 1123 1582 sua
1150 1526 1425 1582 voluntate
1450 1527 1685 1581 servavit
1722 1524 1828 1579 illis

239 1633 384 1690 quas
407 1633 505 1674 sua
533 1619 808 1673 voluntate
838 1617 1133 1680 constituit,
1160 1617 1282 1687 quia
1316 1617 1408 1671 Dei
1438 1617 1687 1671 voluntas
1718 1630 1828 1671 non

241 1719 426 1781 potest
452 1709 554 1764 sibi
582 1724 703 1766 esse
731 1710 1018 1767 contraria.
1046 1706 1183 1763 istas
1209 1722 1337 1777 ergo
1362 1708 1441 1763 sic
1465 1706 1738 1773 condidit,
1767 1714 1829 1761 ut

242 1820 311 1860 ex
348 1805 452 1859 illis
482 1818 604 1860 esse
638 1805 771 1860 illud
796 1804 946 1873 cuius
976 1818 1152 1859 causa:
1182 1812 1326 1869 sunt,
1358 1803 1566 1873 possit,
1594 1802 1687 1858 sed
1718 1819 1827 1877 non

2519 734 2746 794 CAPUT
2783 734 2919 794 Lill.

1931 850 2010 910 De
2056 851 2326 923 praceptis
2353 851 2565 923 agendae
2592 851 2710 906 sitas
2751 859 2802 905 et
2852 850 3120 923 prcgsptis
3156 847 3511 920 signiﬁcanda:

2240 920 2472 988 vitae:
2493 922 2624 978 libro
2655 938 2707 977 γι
2734 931 2914 977 contra
2942 920 3213 976 Faustum.

2003 1023 2463 1094 Quemadmodum
2494 1034 2547 1082 et
2580 1039 2745 1097 quare
2782 1025 3075 1095 accipiatur
3110 1022 3512 1079 Testamentum

1934 1118 2100 1175 Vetus
2126 1119 2194 1173 ab
2222 1118 2525 1175 heredibus
2551 1119 2878 1175 Testamenti
2905 1118 3038 1174 Novi
3059 1118 3168 1188 jam
3198 1131 3357 1186 supra
3379 1114 3517 1169 dixi-

1934 1227 2055 1268 mus
2082 1228 2096 1266 :
2124 1210 2220 1267 sed
2242 1212 2363 1281 quia
2390 1211 2552 1281 paulo
2580 1220 2707 1266 ante
2750 1211 2819 1267 de
2845 1210 3127 1281 promissis
3148 1207 3263 1277 ejus
3288 1205 3516 1261 Faustus

1932 1306 2063 1375 egit;
2096 1320 2238 1360 nunc
2255 1315 2435 1360 autem
2467 1303 2536 1359 de
2567 1304 2851 1372 praeceptis
2886 1316 3045 1373 agere
3083 1299 3275 1363 voluit,
3296 1312 3517 1367 respon-

1934 1394 2037 1450 deo
2064 1394 2193 1450 istos
2220 1396 2440 1449 omnino
2469 1394 2680 1448 nescire
2706 1391 2834 1464 quid
2858 1392 3067 1447 intersit
3095 1384 3233 1444 inter
3255 1394 3517 1458 prarcepta

1933 1484 2058 1543 vitae
2099 1487 2320 1559 agendas
2350 1497 2406 1542 et
2444 1494 2711 1557 praecepta
2738 1486 2859 1540 vitae
2898 1480 3282 1551 signiﬁcanda.
3323 1479 3517 1535 Exem-

1934 1582 2010 1653 pli
2040 1583 2243 1653 gratia,
2274 1581 2389 1637 Non
2416 1580 2795 1650 concupisces,
2828 1586 3148 1648 praeceptum
3180 1583 3263 1631 est
3298 1570 3517 1641 agenda

1936 1677 2059 1730 vita:
2114 1693 2127 1728 :
2177 1672 2539 1730 Circumcides
2587 1686 2746 1727 omne
2800 1669 3153 1725 masculinum
3194 1676 3381 1723 octavo
3407 1666 3518 1734 die,

1935 1778 2261 1839 praeceptum
2279 1777 2363 1823 est
2384 1760 2744 1837 signiﬁcanda;
2772 1765 2917 1819 vitae.
2951 1764 3033 1819 Ex
3064 1764 3166 1819 hac
3190 1765 3384 1834 quippe
3413 1761 3514 1814 im-

245 1907 471 1949 necesse
498 1892 612 1964 nu
635 1893 757 1950 Illas
786 1856 963 1950 “ea
986 1856 1582 1958 ’δίοέὺέοοηιὶιὶὐῖοὲ
1602 1856 1687 1950 ag
1708 1856 1833 1952 at;
1860 1893 1911 1956 ιι
1936 1863 2121 1964 Βεετίίίεξ
2155 1862 2455 1964 Μξηίοικιδίν
2489 1870 2543 1963 ‘3‘
2568 1874 2771 1964 οιξιξιθε,
2797 1857 2989 1964 ξιξὶίδυε
3013 1857 3291 1964 δίενὶίεθξιί
3324 1856 3513 1957 ¹ίίίθτέ⁸

244 1997 471 2040 necesse
494 1987 564 2040 sit
592 1984 692 2042 hoc
711 1986 853 2055 quod
879 2000 951 2043 ex
980 1986 1112 2053 ipsis
1133 1987 1277 2054 fecit,
1302 1996 1359 2041 ut
1384 2000 1506 2042 esse
1534 1987 1722 2056 possit.

845 2094 1072 2153 CAPUT
1112 2097 1224 2153 LII.

246 2183 327 2241 De
346 2187 495 2242 usus
518 2202 674 2258 quam
703 2187 848 2257 Magi
878 2190 1033 2243 secuti
1060 2201 1175 2241 sunt
1197 2187 1387 2259 Christi
1405 2188 1603 2257 famula
1630 2204 1732 2243 non
1751 2190 1835 2259 fa-

550 2260 640 2313 tali
666 2300 680 2324 ,
713 2276 777 2315 ea:
801 2261 932 2314 libro
964 2276 999 2315 ll
1036 2275 1213 2314 contra
1241 2258 1521 2313 Faustum.

320 2349 426 2405 Nos
451 2351 666 2421 quidem
694 2353 794 2407 sub
819 2352 929 2408 lato
950 2353 1219 2407 stellarum
1250 2353 1448 2407 nullius
1481 2352 1713 2407 hominis
1739 2366 1837 2422 ge-

248 2456 350 2497 nus
380 2443 728 2511 imponimus,
750 2454 805 2498 et
829 2445 1056 2500 liberum
1080 2444 1372 2498 voluntatis
1400 2444 1703 2508 arbitrium,
1734 2460 1839 2514 qua

253 2534 343 2588 vel
376 2534 511 2591 bene
536 2537 617 2590 vel
646 2537 788 2591 male
809 2536 1028 2601 vivitur,
1078 2544 1294 2605 propter
1317 2535 1525 2605 justum
1578 2536 1839 2605 judicium

252 2624 372 2690 Dei,
398 2627 465 2681 ah
485 2627 630 2682 omni
652 2629 987 2684 necessitatis
1011 2628 1224 2682 vinculo
1246 2626 1606 2694 vindicamus;
1638 2636 1842 2697 quanto

254 2719 438 2772 minus
467 2718 612 2772 illius
636 2719 983 2788 temporalem
1016 2719 1417 2788 generationem
1449 2718 1550 2772 sub
1572 2728 1840 2775 astrorum

248 2806 561 2864 conditione
591 2809 860 2864 credimus
889 2810 1108 2876 iactam,
1139 2809 1229 2879 qui
1252 2818 1335 2864 est
1356 2820 1591 2865 aeternus
1622 2811 1841 2866 univer-

248 2914 432 2956 sorum
464 2910 681 2956 creatur
706 2911 761 2955 et
798 2901 1099 2956 Dominus!
1134 2900 1317 2971 Itaque
1356 2902 1446 2953 illa
1493 2901 1648 2955 stella
1678 2916 1839 2972 quam

250 2989 503 3047 viderunt
530 2991 668 3062 Magi
700 2988 918 3045 Christo
946 2989 1243 3044 secundum
1285 3003 1503 3044 carnem
1551 3000 1701 3058 nato,
1730 3007 1839 3049 non

251 3084 320 3137 ad
350 3083 628 3139 decretum
653 3082 1053 3151 dominabatur,
1072 3082 1165 3137 sed
1191 3081 1256 3137 ad
1275 3082 1638 3138 testimonium
1667 3084 1840 3139 famu-

249 3178 482 3248 lahatur,
504 3193 606 3235 nec
632 3192 754 3234 eum
786 3177 1109 3247 subjiciebat
1146 3178 1398 3248 imperio,
1445 3178 1541 3234 sed
1566 3176 1839 3235 indicabat

250 3273 534 3343 obsequio.
567 3272 801 3328 Proinde
831 3286 937 3327 non
968 3287 1031 3327 ex
1064 3271 1171 3327 illis
1218 3279 1337 3327 erat
1366 3272 1482 3327 haec
1505 3273 1677 3328 stellis
1716 3286 1835 3345 quze
1862 3284 1915 3349 ο

1939 1952 2150 2007 Veteris
2183 1951 2536 2020 Testamenti,
2556 1949 2810 2021 quidquid
2836 1948 2977 2004 Deus
3003 1948 3271 2002 mandavit
3302 1944 3517 2017 proprio

1939 2042 2150 2117 [priori]
2178 2045 2395 2114 populo,
2422 2044 2488 2098 ad
2520 2042 2894 2099 celebrandam
2938 2041 3181 2095 umbram
3214 2039 3518 2093 futurorum

1940 2152 2048 2191 non
2074 2135 2457 2207 intelligentes,
2487 2142 2543 2192 et
2568 2150 2631 2190 ea
2661 2135 2821 2190 modo
2842 2146 2947 2187 non
2982 2131 3252 2187 observari
3279 2128 3517 2184 animad-

1938 2239 2234 2299 vertentes,
2267 2246 2331 2286 ex
2354 2245 2504 2285 more
2529 2229 2804 2299 prtesentis
2826 2228 3081 2298 temporis
3105 2227 3187 2279 illa
3218 2225 3513 2295 reprehen-

1940 2323 2095 2390 dunt,
2128 2338 2250 2393 qua:
2288 2323 2472 2390 utique
2503 2321 2579 2375 illi
2610 2320 2837 2390 tcmpmi
2865 2317 3228 2388 congruebant
3273 2330 3378 2384 quo
3416 2316 3519 2370 ista

1940 2430 2063 2485 quae
2112 2430 2254 2470 nunc
2295 2414 2577 2469 manifesta
2628 2423 2755 2469 sunt
2802 2421 3023 2467 ventura
3073 2407 3518 2479 signiﬁcarentur.

1943 2508 2051 2564 Sed
2082 2509 2206 2577 quid
2237 2507 2427 2563 dicturi
2476 2514 2601 2561 sunt
2653 2505 2915 2561 adversus
2950 2502 3263 2574 Apostolum
3293 2502 3382 2571 qui
3406 2502 3479 2555 ait
3505 2518 3520 2555 :

1944 2598 2071 2654 llaec
2102 2600 2279 2653 omnia
2314 2600 2368 2653 in
2397 2598 2565 2668 ﬁgura
2594 2596 2973 2667 contingebant
3021 2594 3150 2660 illis,
3182 2592 3376 2661 Scripta
3400 2600 3523 2648 sunt

1943 2702 2118 2748 autem
2153 2704 2371 2762 propter
2410 2705 2533 2760 nos,
2564 2691 2616 2744 in
2640 2704 2774 2759 quos
2819 2688 2942 2744 ﬁnis
2994 2686 3310 2741 steculorum
3358 2683 3522 2737 obve-

1943 2786 2064 2842 nit?
2094 2786 2234 2841 Ecce
2266 2786 2381 2855 ipse
2409 2783 2620 2853 aperuit
2648 2796 2743 2837 cur
2773 2781 2876 2835 illse
2911 2778 3102 2834 litteras
3133 2775 3455 2845 accipiantur
3494 2788 3524 2833 a

1943 2865 2127 2945 nobis,
2157 2886 2212 2932 ct
2235 2892 2330 2932 cur
2357 2877 2449 2931 illa
2474 2890 2652 2931 rerum
2683 2875 2832 2944 signa
2859 2871 2969 2941 jam
2998 2883 3217 2925 necesse
3251 2882 3354 2921 non
3384 2860 3526 2922 situt

1943 2970 2296 3027 observentur
2336 2986 2366 3024 a
2415 2967 2591 3023 nobis.
2637 2965 2770 3020 Cum
2801 2965 2942 3019 enim
2983 2961 3133 3031 dicit,
3166 2958 3373 3029 Scripta
3403 2966 3526 3014 sunt

1941 3072 2161 3133 propter
2195 3076 2325 3129 nos,
2368 3058 2723 3131 proculdubio
2757 3056 3094 3111 demonstrat
3135 3060 3330 3122 quanta
3376 3050 3527 3107 nobis

1941 3170 2068 3211 cura
2098 3154 2325 3226 legenda
2356 3168 2412 3209 et
2438 3148 2805 3221 intelligenda,
2836 3147 2965 3203 etin
2992 3154 3190 3215 quanta
3213 3142 3528 3199 auctoritate

1946 3246 2188 3302 habenda
2221 3246 2349 3312 sint,
2374 3245 2497 3314 quia
2528 3251 2745 3314 propter
2792 3254 2891 3296 nos
2921 3238 3106 3308 utique
3146 3234 3342 3306 scripta
3377 3242 3525 3289 sunt.

247 3366 322 3419 ab
359 3328 515 3421 initio
563 3373 825 3422 creatum
878 3366 1132 3422 itinerum
1185 3378 1409 3421 ιιιοι-υηι
1447 3367 1691 3422 ordinem
1864 3328 1915 3349 ν
1946 3340 2079 3398 Cum
2116 3356 2246 3397 vero
2276 3341 2433 3407 dicit,
2464 3339 2674 3410 Figura:
2697 3345 2899 3392 nostra:
2928 3335 3162 3397 luerunt,
3192 3342 3244 3386 et
3274 3332 3326 3385 in
3355 3328 3523 3400 ﬁgura

248 3460 527 3515 Creatoris
565 3459 685 3531 lege
731 3459 1065 3525 custodiunt,
1111 3458 1209 3514 sed
1247 3472 1388 3513 novo
1418 3458 1636 3530 virginis
1661 3467 1838 3530 partu,

249 3567 453 3608 novum
484 3552 632 3606 sidus
664 3551 933 3621 apparuit,
963 3550 1107 3619 quod
1147 3550 1502 3604 ministerium
1544 3549 1707 3605 ofﬁcii
1756 3550 1843 3606 sui

253 3645 418 3702 etiam
449 3645 581 3714 ipsis
607 3643 772 3714 Magis
811 3642 1178 3713 quaerentibus
1206 3642 1511 3709 Christum,
1550 3656 1672 3697 cum
1718 3653 1844 3698 ante

253 3734 451 3792 faciem
482 3736 726 3804 praeiret,
756 3733 1024 3803 exhibuit,
1053 3732 1227 3789 donec
1254 3747 1348 3789 eos
1375 3747 1543 3802 usque
1570 3733 1637 3788 ad
1666 3734 1842 3804 ipsum

250 3828 431 3883 locum
480 3828 567 3883 ubi
599 3826 962 3884 DeiNerbum
992 3825 1167 3882 infans
1194 3836 1313 3883 erat
1344 3827 1687 3897 perduceret.
1738 3827 1841 3896 Qui

253 3918 473 3974 tandem
501 3919 753 3989 astrologi
778 3920 850 3974 ita
880 3919 1275 3975 constituerunt
1310 3919 1585 3975 hominum
1617 3934 1843 3975 nascen-

256 4011 390 4064 tium
415 4009 520 4063 fata
537 4010 636 4063 sub
653 4010 843 4076 stellis,
862 4020 920 4064 ut
937 4011 1168 4080 aliquam
1185 4012 1484 4076 stellarum,
1504 4011 1722 4067 homine
1742 4012 1844 4066 ali-

259 4114 367 4166 quo
390 4106 535 4164 nato,
559 4098 814 4153 circuitus
837 4100 918 4153 sui
944 4101 1188 4154 ordinem
1216 4100 1524 4168 reliquisse,
1545 4110 1596 4155 et
1626 4102 1693 4155 ad
1714 4116 1842 4156 eum

261 4189 357 4258 qui
386 4199 541 4247 natus
564 4202 652 4245 est
687 4191 988 4259 perrexisse
1017 4191 1365 4247 asseverant?
1403 4191 1614 4247 Sortem
1645 4194 1845 4262 quippe

257 4286 534 4341 nascentis
549 4294 814 4341 astrorum
837 4283 1077 4339 ordinem
1103 4284 1191 4358 [L.
1214 4282 1413 4355 ordini]
1433 4283 1673 4355 colligari
1700 4284 1844 4339 arbi-

260 4387 496 4447 trantur,
529 4393 636 4432 non
663 4387 932 4433 astrorum
956 4376 1199 4431 ordinem
1227 4375 1296 4431 ad
1319 4374 1549 4430 hominis
1571 4374 1680 4430 nati
1701 4373 1847 4430 diem

258 4486 424 4542 posse
468 4470 682 4526 mutari.
713 4470 1046 4540 Quapropter
1082 4470 1131 4525 si
1171 4456 1323 4529 ste‘a
1362 4468 1452 4525 illa
1493 4468 1562 4524 de
1602 4468 1688 4524 his
1728 4476 1847 4525 erat

257 4581 383 4637 qua:
414 4564 468 4619 in
498 4565 637 4621 coelo
664 4571 929 4635 peragunt
948 4564 1167 4620 ordines
1203 4578 1353 4630 suos,
1398 4563 1669 4634 quomodo
1698 4573 1849 4635 pote-

256 4665 350 4713 rat
376 4656 668 4713 decernere
696 4656 839 4725 quod
870 4664 1027 4711 natus
1054 4655 1302 4711 Christus
1320 4661 1537 4712 acturus
1560 4664 1698 4721 erat,
1728 4665 1849 4728 qua
1870 4662 1929 4727 9

255 4758 392 4809 nato
421 4746 636 4805 Christo
675 4747 824 4820 jussa
865 4747 953 4803 'est
1004 4747 1311 4813 relinquere
1347 4747 1492 4818 quod
1521 4747 1748 4818 agebat?
1789 4748 1849 4806 Si

255 4853 465 4907 autem,
494 4850 554 4897 ut
588 4840 914 4911 probabilius
948 4839 1206 4906 creditur,
1257 4840 1324 4897 ad
1363 4842 1847 4901 demonstrandum

256 4932 539 4989 Christum
571 4946 690 5000 qua:
711 4945 818 4985 non
841 4938 956 4985 erat
977 4939 1162 4985 exorta
1182 4938 1287 4994 est,
1318 4946 1423 4985 non
1455 4931 1575 4986 ideo
1601 4931 1847 4990 Christus

259 5033 429 5080 natus
455 5033 558 5090 est,
585 5023 706 5093 quia
736 5021 828 5075 illa
850 5021 1077 5087 exstitit,
1102 5018 1197 5076 sed
1220 5018 1340 5074 ideo
1362 5019 1448 5073 illa
1476 5022 1698 5087 exstitit,
1724 5023 1848 5091 quia

257 5119 512 5175 Christus
542 5096 697 5172 natus
716 5123 814 5172 est.
849 5112 1026 5181 Unde,
1053 5114 1098 5169 si
1129 5112 1233 5169 dici
1260 5119 1553 5181 oporteret,
1586 5128 1693 5169 non
1720 5114 1850 5169 stel-

258 5212 377 5264 lam
405 5208 643 5275 Christo,
672 5206 770 5262 sed
794 5206 1067 5261 Christum
1094 5204 1270 5261 stellae
1291 5202 1492 5260 factum
1518 5204 1683 5259 luisse
1705 5204 1851 5261 dice-

258 5315 471 5358 remus.
505 5300 623 5368 lpse
651 5299 849 5369 quippe
877 5298 982 5365 illi,
1011 5312 1119 5353 non
1139 5297 1229 5353 illa
1259 5296 1383 5351 huic
1408 5296 1660 5351 nascendi
1704 5305 1848 5352 attu-

257 5394 333 5450 lit
351 5406 589 5447 causam.
619 5389 675 5445 Si
704 5403 835 5458 ergo
861 5397 990 5448 sunt
1011 5389 1152 5449 facta
1180 5407 1298 5463 qua:
1320 5407 1350 5447 a
1377 5390 1564 5461 fando,
1592 5393 1646 5449 id
1684 5402 1794 5464 est,
1817 5408 1851 5451 a

256 5484 500 5544 dicendo
539 5483 810 5554 appellata
857 5491 1007 5553 sunt,
1052 5486 1303 5556 quoniam
1333 5485 1580 5548 Christus
1611 5486 1849 5544 Verbum

186 5619 193 5649 τ
259 5578 368 5637 Dei
384 5587 485 5644 est,
511 5576 563 5632 in
581 5592 686 5648 quo
707 5584 994 5646 antequam
1015 5590 1194 5634 essent
1219 5581 1359 5634 dicta
1379 5581 1722 5649 suntomnia,
1744 5596 1851 5638 non

263 5669 598 5726 consortium
624 5667 864 5724 siderum
895 5669 1060 5723 latum
1090 5669 1292 5725 Christi
1319 5680 1425 5735 est,
1453 5670 1547 5727 scd
1574 5670 1737 5728 latum
1769 5673 1849 5729 si-

260 5763 402 5820 deru
433 5760 591 5815 etiam
622 5759 870 5815 Christus
902 5766 1015 5824 est,
1063 5760 1155 5829 qui
1186 5770 1240 5816 et
1269 5762 1437 5831 ipsam
1485 5777 1703 5820 carnem
1748 5764 1851 5821 sub

264 5858 410 5912 celo
443 5862 674 5909 creatam
712 5867 777 5909 ea
816 5852 1091 5910 voluntate
1146 5855 1476 5926 assumpsit,
1529 5871 1636 5928 qua
1689 5858 1848 5915 etiam

1944 3432 2325 3503 contingebant
2374 3430 2505 3496 illis,
2540 3427 2781 3484 ostendit
2815 3426 2923 3495 iam
2954 3438 3060 3477 non
3106 3436 3239 3490 opus
3283 3434 3402 3475 esse
3433 3427 3527 3488 ut,

1945 3538 2066 3579 cum
2098 3538 2187 3578 res
2216 3523 2360 3591 ipsas
2386 3518 2697 3575 manifestas
2718 3516 2945 3585 agimus,
2970 3513 3256 3583 ﬁgurarum
3282 3525 3529 3578 praenun-

1950 3616 2197 3669 tiantium
2253 3611 2605 3668 celehrationi
2659 3608 2973 3663 serviamus.
3034 3602 3187 3659 [inde
3239 3601 3368 3656 dicit
3421 3601 3527 3655 alio

1944 3703 2089 3771 loco,
2124 3704 2292 3771 Nemo
2315 3715 2445 3771 ergo
2467 3714 2563 3755 vos
2580 3697 2785 3770 judicet
2810 3696 2863 3752 in
2900 3698 3042 3764 ciho,
3070 3705 3163 3751 aut
3183 3697 3237 3752 in
3264 3704 3413 3765 potu,
3441 3704 3529 3753 aut

1946 3798 1999 3853 in
2032 3807 2181 3868 parte
2220 3795 2326 3852 diei
2369 3793 2513 3859 festi,
2546 3800 2638 3848 aut
2688 3792 3007 3860 neomeniae,
3038 3798 3132 3846 aut
3160 3790 3529 3857 sabbatorum,

1946 3889 2089 3963 quod
2105 3898 2189 3946 est
2208 3888 2347 3964 [quae
2364 3886 2510 3961 sunt]
2524 3886 2713 3943 umbra
2728 3885 3050 3941 futurorum.
3069 3884 3163 3940 Hic
3180 3882 3353 3955 lhinei
3366 3883 3528 3937 etiam

1945 3998 2068 4040 cum
2096 3983 2255 4049 dicit,
2299 3979 2469 4038 Nemo
2514 3996 2612 4036 vos
2655 3979 2709 4035 iu
2749 3980 2829 4034 eis
2855 3979 3081 4047 iudicet,
3110 3977 3344 4030 declarat
3370 3989 3529 4043 quam

1947 4090 2053 4131 non
2082 4076 2155 4131 sit
2180 4088 2404 4129 necesse
2426 4082 2483 4127 ut
2500 4071 2613 4143 jam
2646 4071 2762 4126 haec
2780 4070 3164 4123 observentur.
3196 4067 3326 4120 Cum
3354 4076 3530 4119 autem

1948 4165 2099 4233 dicit,
2122 4165 2277 4232 Quod
2304 4173 2385 4219 est
2406 4162 2548 4237 [quas
2578 4158 2725 4231 sunt]
2748 4157 2936 4213 umbra
2955 4158 3273 4221 futurorum,
3301 4155 3532 4210 ostendit

1950 4274 2107 4331 quam
2138 4254 2441 4326 Oportuerit
2471 4261 2528 4306 ut
2552 4250 2645 4307 illo
2675 4257 2921 4318 tempore
2961 4247 3397 4312 observarentur,
3428 4258 3532 4314 quo

1950 4351 2053 4407 ista
2081 4363 2202 4421 qua:
2226 4347 2335 4418 jam
2384 4343 2538 4399 nobis
2567 4341 2905 4398 manifestata
2933 4338 3218 4394 eluxerunt
3264 4350 3357 4405 per
3397 4335 3532 4391 tales

1952 4443 2172 4498 umbras
2198 4441 2489 4511 ﬁgurarum
2530 4433 2705 4491 futura
2752 4431 3201 4504 pmdicebantur.
3230 4422 3460 4485 Proinde
3487 4429 3532 4485 si

1952 4534 2231 4594 Manichtei
2258 4529 2653 4590 resurrectione
2676 4526 2887 4585 Domini
2910 4525 3350 4597 justiﬁcarentur,
3383 4523 3533 4593 cujus

1952 4624 2365 4686 resurrectionis
2408 4623 2549 4690 dies,
2591 4637 2659 4678 ex
2684 4616 2773 4677 die
2796 4617 3012 4691 quidem
3037 4618 3303 4687 passionis
3322 4618 3531 4683 tertius,

1953 4728 2073 4791 post
2119 4700 2502 4772 diem'tamen
2553 4709 2783 4775 sabbati,
2838 4706 2942 4763 hoc
2985 4714 3069 4761 est
3100 4714 3221 4776 post
3249 4707 3533 4774 septimum

1952 4821 2175 4868 octavus
2202 4809 2323 4873 fuit,
2375 4804 2617 4877 profecto
2668 4794 3100 4871 exspoliarentur
3148 4796 3348 4855 carnali
3388 4798 3535 4853 vela.

1952 4900 2134 4965 mento
2152 4904 2456 4961 mortalium
2488 4897 2906 4966 desideriorum,
2946 4900 3002 4950 et
3050 4888 3231 4951 cordis
3261 4884 3533 4947 circumci-

1950 5005 2103 5057 sione
2132 4999 2448 5071 gaudentes,
2476 5010 2587 5050 non
2606 5008 2726 5051 eam
2754 4990 2806 5047 in
2829 5000 2993 5049 carne
3016 4990 3386 5046 adumbratam
3402 4986 3534 5057 ﬁgu-

1870 5096 1884 5106 ‘
1949 5104 2231 5162 ratamque
2277 5090 2587 5145 deriderent
2632 5096 2877 5156 tempore
2912 5082 3127 5140 Veteris
3177 5079 3533 5146 Testamenti,

1951 5183 2194 5256 quamvis
2226 5181 2337 5251 jam
2365 5190 2607 5250 tempore
2636 5170 2771 5233 Novi
2821 5169 3154 5256 Testamenti
3193 5169 3309 5223 ﬁeri
3339 5168 3532 5224 obser-

1954 5254 2173 5344 varique
2194 5282 2299 5327 non
2325 5277 2576 5341 cogerent
2596 5257 2982 5342 [cogerentur].
3003 5254 3057 5317 in
3076 5268 3183 5332 quo
3202 5260 3345 5314 enim
3364 5266 3533 5313 mem-

1954 5366 2052 5420 bro
2074 5361 2459 5430 congruentius
2474 5358 2794 5430 exspoliatio
2816 5354 3049 5413 carnalis
3068 5362 3123 5408 et
3145 5351 3385 5406 mortalis
3405 5364 3533 5405 con-

1953 5457 2295 5526 cupiscentia
2325 5451 2664 5523 ﬁguraretur,
2695 5458 2855 5520 quam
2883 5440 3029 5503 unde
3050 5444 3280 5501 carnalis
3308 5450 3360 5499 et
3385 5455 3532 5526 mor-

1952 5524 2075 5602 talis
2099 5548 2238 5601 [ειυς
2261 5540 2524 5600 exoritur?
2545 5540 2676 5609 Sed,
2696 5541 2836 5596 sicut
2855 5535 2987 5594 dicit
3010 5537 3319 5608 Apostolus,
3341 5524 3532 5592 Omnia

1956 5641 2153 5697 munda
2188 5638 2423 5694 mundis.

2463 5748 2576 5824 ωε
2623 5736 2849 5805 CAPUT
2885 5740 3019 5803 LIV.

1954 5848 2057 5906 Cur
2096 5849 2155 5904 in
2197 5846 2524 5901 Testamento
2560 5840 2732 5897 Veteri
2782 5840 2989 5911 quidam
3019 5837 3113 5893 sibi
3141 5852 3370 5893 carnium
3397 5834 3527 5890 vesci
