3968 6390
517 384 627 444 663

1590 387 1654 442 D.
1697 381 2014 441 EUGYPPII
2055 382 2341 442 ABBATIS
2379 383 2701 442 AFRICANI

3692 388 3788 442 66:!

588 505 979 576 prohibeantur,
1026 505 1206 573 quibus
1237 503 1319 576 uel
1370 501 1554 555 animm
1588 502 1868 576 immundi:
1905 503 2103 573 signiﬁ-
2131 504 2187 566 Α
2209 503 2408 557 veteris
2439 500 2795 572 corruptionis
2826 499 3148 556 necessitate
3183 509 3343 570 atque
3371 498 3678 571 indigentia
3702 519 3791 560 nos

592 575 727 631 cata:
765 585 922 641 sunt,
975 578 1052 630 vel
1087 575 1367 642 doctrinm,
1420 589 1482 628 ea:
1531 577 1706 627 eodem
1749 575 1880 629 libro
1928 585 2104 628 contra

594 646 870 702 Faustum.

595 759 945 815 Testamento
961 767 1136 814 autem
1159 758 1362 826 Veteri,
1388 760 1474 813 ubi
1491 759 1713 829 quidam
1740 758 1843 815 cibi
1866 761 2104 818 carnium

478 878 493 894 κ
519 852 899 921 prohibentur,
945 866 1042 905 cur
1087 865 1193 905 non
1251 853 1320 906 sit
1356 851 1627 906 contraria
1671 853 1771 906 ista
1810 855 2098 925 sententia,

512 959 623 1011 qua
647 941 780 996 dicit
803 941 1095 1010 Apostolus
1122 959 1136 994 :
1162 942 1350 1001 Omnia
1367 941 1563 996 munda
1581 942 1791 996 mundis
1814 983 1830 1010 ,
1859 954 1909 997 et
1931 945 2106 1001 omnis

512 1043 763 1088 creatura
794 1032 886 1087 Dei
913 1033 1054 1088 bona
1103 1043 1208 1100 est,
1263 1035 1309 1088 si
1364 1041 1609 1103 possunt,
1658 1034 1956 1105 intelligant
2003 1035 2105 1094 hoc

511 1127 839 1197 Aposrolum
867 1130 933 1184 de
963 1129 1096 1198 ipsis
1119 1130 1322 1185 dixisse
1344 1131 1581 1197 naturis;
1607 1131 1726 1186 illas
1750 1142 1927 1188 autem
1960 1135 2105 1196 litte—

508 1232 624 1285 ras,
654 1229 872 1289 propter
919 1221 1177 1291 quasdam
1220 1221 1680 1292 praeﬁgurationes
1720 1226 1948 1293 tempori
1975 1241 2105 1281 con-

504 1325 789 1384 jgrueutes,
823 1317 1072 1373 animalia
1104 1320 1343 1388 quaedam
1376 1336 1481 1376 non
1533 1332 1743 1386 natura,
1777 1323 1869 1377 sed
1899 1324 2101 1393 signiﬁ-

503 1409 726 1465 catione
756 1410 1035 1467 immunda
1066 1412 1289 1470 dixisse.
1325 1415 1532 1485 Itaque,
1562 1415 1708 1470 verbi
1733 1417 1923 1485 gratia,
1957 1418 2005 1473 si
2035 1420 2102 1476 de

507 1517 680 1570 porco
709 1512 763 1558 et
793 1519 931 1575 agno
956 1505 1284 1574 requiratur,
1316 1517 1601 1576 utrumque
1627 1517 1813 1562 natura
1844 1510 2099 1567 mundum

508 1602 615 1661 est,
645 1597 770 1664 quia
801 1598 976 1652 oumis
1005 1606 1247 1652 creatura
1283 1600 1376 1653 Dei
1404 1601 1540 1654 bona
1568 1610 1674 1670 est,
1717 1602 1942 1670 quadam
1973 1617 2100 1658 vero

509 1685 902 1756 signiﬁcatione
932 1705 1101 1760 agnus
1132 1692 1386 1758 mundus,
1424 1709 1619 1763 porcus
1660 1696 1968 1751 immundus
1990 1705 2096 1764 est,

507 1786 761 1849 tanquam
790 1781 834 1834 si
865 1785 1089 1837 stultum
1128 1793 1182 1838 et
1212 1783 1510 1853 sapientem
1541 1786 1776 1856 diceres,
1813 1795 2098 1857 utrumque

2211 609 2458 663 passuros
2484 593 2569 648 vel
2604 602 2818 647 acturos
2847 605 3060 661 semper
3101 600 3379 661 peccatum
3409 601 3512 656 est,
3555 596 3791 658 quandiu

2206 683 2490 738 volvuntur
2513 685 2601 738 ἱειί
2630 694 2836 753 septem
2869 684 2983 738 dies
3027 683 3220 750 quibus
3252 685 3532 753 peragitur
3561 694 3784 754 tempus.

2204 775 2308 833 Sed
2331 777 2432 831 hoc
2457 777 2665 833 Veteris
2695 775 3025 831 Testameuti
3061 777 3388 846 temporibus
3418 777 3472 830 in
3504 777 3686 843 ﬁgura
3711 792 3788 833 oc-

2205 867 2462 922 cultatum
2511 885 2540 922 a
2581 868 2896 938 quibusdam
2942 869 3142 923 sanctis
3183 867 3624 937 intelligebatur,
3664 876 3785 923 tem-

2204 975 2337 1029 pore
2367 969 2544 1016 autem
2568 960 2700 1016 Novi
2732 960 3060 1016 Testamenti
3092 961 3142 1013 in
3173 960 3626 1015 manifestatione
3652 974 3785 1015 reve«

2207 1051 2373 1106 latum
2401 1054 2612 1121 pepulis
2637 1052 2978 1121 praedicatur.
3011 1050 3166 1105 Unde
3204 1051 3486 1121 Scriptura
3531 1051 3657 1120 ipsa
3678 1061 3784 1105 tunc

2205 1152 2320 1197 erat
2348 1151 2696 1213 praeceptum,
2731 1157 2873 1198 nunc
2901 1143 3287 1198 testimonium.
3316 1142 3666 1213 ScenOpegia
3694 1157 3781 1196 non

2207 1236 2484 1291 celebrare
2511 1236 2799 1306 aliquando
2823 1244 3098 1306 peccatum
3129 1232 3254 1302 fuit,
3273 1250 3415 1290 nunc
3439 1252 3555 1291 non
3578 1246 3664 1290 est
3681 1251 3780 1304 pec-

2203 1336 2380 1383 catum
2409 1345 2424 1394 ;
2459 1329 2806 1384 tabernaculo
2837 1337 3013 1382 autem
3047 1328 3140 1382 Dei
3165 1369 3182 1396 ,
3212 1329 3354 1398 quod
3383 1339 3470 1384 est
3529 1329 3779 1395 Ecclesia,

2203 1435 2310 1475 non
2359 1422 2750 1490 compaginari,
2792 1435 3004 1491 semper
3040 1429 3318 1489 peccatum
3349 1431 3435 1476 est
3470 1439 3485 1474 :
3527 1421 3634 1476 sed
3679 1432 3778 1474 tunc

2201 1515 2459 1585 agebatur
2484 1516 2585 1569 sub
2601 1525 2869 1586 praecepto
2895 1519 3142 1586 ﬁgurato,
3170 1531 3310 1571 nunc
3335 1516 3536 1584 legitur
3572 1513 3630 1567 in
3652 1513 3776 1567 testi-

2203 1607 2386 1662 monio
2413 1607 2673 1662 revelato.
2718 1608 2852 1662 Nam
2892 1617 2948 1664 et
2993 1610 3125 1664 illud
3155 1608 3298 1678 quod
3325 1619 3455 1662 tunc
3485 1605 3688 1660 factum
3712 1615 3775 1660 est

2201 1714 2308 1754 non
2353 1699 2625 1754 diceretur
2677 1700 3080 1755 tabernaculum
3138 1699 3458 1765 testimonii,
3501 1698 3612 1753 nisi
3640 1697 3773 1752 alicui

2199 1793 2415 1847 veritati
2453 1808 2574 1862 qua:
2603 1807 2704 1847 suo
2746 1802 2990 1862 tempore
3043 1791 3363 1848 declaranda
3394 1801 3538 1854 erat,
3568 1789 3771 1859 quadarn

505 1869 612 1924 hoc
644 1873 891 1939 verbum,
922 1885 1108 1928 natura
1140 1876 1285 1930 vocis
1313 1886 1368 1930 et
1417 1876 1716 1932 litterarum
1759 1888 1814 1936 et
1862 1879 2098 1951 syllaha-
2128 1881 2176 1940 B
2202 1888 2547 1954 congruentia
2572 1886 2981 1956 signiﬁcationis
3021 1896 3391 1942 attestaretur.
3416 1884 3606 1940 Liueis
3628 1884 3772 1937 vesti-

499 1977 626 2016 tum
656 1965 846 2034 quibus
863 1967 1275 2037 constatntique
1292 1970 1550 2024 mundum
1573 1981 1678 2038 est,
1707 1972 2098 2042 signiﬁcatione

504 2067 690 2110 autem
735 2073 897 2111 unum
939 2058 1128 2113 horum
1178 2061 1402 2115 verbum
1455 2063 1620 2133 quod]
1644 2063 1839 2119 dicitur
1882 2065 2095 2131 stultus,

512 2147 846 2202 immundum
871 2149 977 2204 dici
1009 2161 1205 2219 potest,
1230 2168 1335 2206 non
1365 2163 1554 2209 natura
1583 2155 1685 2220 sui,
1724 2157 1818 2212 sed
1843 2159 2097 2226 quoniam

504 2239 764 2307 quiddam
791 2241 1126 2298 immundum
1155 2245 1440 2315 signiﬁcat,
1492 2256 1546 2301 et
1577 2247 1806 2302 fortasse
1844 2249 1988 2319 quod
2015 2260 2098 2305 est

498 2331 561 2386 in
607 2347 791 2387 rerum
847 2333 1032 2403 ﬁguris
1062 2351 1278 2405 porcus,
1311 2338 1413 2392 hoc
1451 2346 1536 2394 est
1577 2340 1630 2393 in
1687 2355 1868 2395 rerum
1900 2356 2096 2411 genere

501 2423 728 2489 stultus,
774 2431 829 2478 et
859 2433 967 2479 tam
998 2425 1132 2480 illud
1161 2428 1358 2482 animal
1391 2444 1549 2498 quam
1583 2429 1700 2485 ista:
1729 2432 1848 2487 dua:
1878 2433 2095 2501 syllabae

495 2519 649 2588 quod
675 2519 877 2575 dicitur
905 2520 1124 2587 stultus,
1151 2522 1402 2592 quiddam
1432 2540 1598 2580 unum
1623 2525 1870 2594 idemque
1894 2527 2097 2597 signiﬁ-

500 2621 614 2665 cat.
646 2611 986 2669 Immuudum
1013 2615 1215 2684 quippe
1239 2613 1370 2670 illud
1401 2617 1602 2671 animal
1632 2618 1683 2671 in
1715 2618 1832 2686 lege
1863 2619 2096 2688 positum

498 2712 609 2768 est,
641 2719 706 2758 eo
747 2705 889 2771 quod
920 2721 1026 2759 non
1067 2706 1322 2772 ruminet,
1379 2721 1487 2761 non
1537 2716 1713 2762 autem
1745 2708 1847 2763 hoc
1876 2709 1992 2778 ejus
2017 2711 2096 2764 vi-

511 2797 670 2862 tium,
714 2796 808 2852 sed
849 2807 1036 2851 natura
1064 2807 1167 2856 est.
1200 2799 1334 2854 Sunt
1371 2807 1550 2854 autem
1597 2801 1841 2854 homines
1874 2803 1967 2870 qui
1995 2817 2092 2871 per

501 2891 613 2944 'hoc
635 2891 834 2944 animal
861 2891 1252 2962 signiﬁcantur,
1284 2893 1544 2947 immundi
1575 2895 1791 2963 proprio
1813 2894 1964 2963 vitio,
1988 2910 2095 2952 non

497 2991 694 3034 natura
728 2999 740 3034 :
769 2983 860 3051 qui
887 2997 1008 3037 cum
1041 2983 1271 3038 libenter
1326 2986 1545 3039 audiant
1583 2985 1744 3040 verba
1794 2989 2094 3057 sapientiae,

501 3082 696 3139 postea
721 3073 786 3127 de
816 3073 898 3128 bis
922 3075 1145 3128 omnino
1171 3090 1274 3128 non
1307 3078 1560 3145 cogitant.
1619 3078 1770 3142 Quod
1800 3079 1943 3133 enim
1970 3080 2097 3136 utile

506 3168 763 3235 audieris,
805 3169 953 3222 velut
981 3171 1049 3223 ab
1086 3171 1342 3224 intestino
1390 3174 1687 3236 memorias,
1740 3183 1989 3243 tanquam
2027 3174 2093 3230 ad

2201 1978 2303 2033 bus
2334 1980 2562 2035 miscere
2600 1994 2890 2050 purpuram
2922 1990 2978 2036 et
3011 1981 3284 2035 linostima
3311 1988 3468 2034 veste
3503 1976 3651 2031 indui
3688 1975 3768 2028 ali-

2199 2071 2414 2141 quando
2445 2081 2718 2140 peccatum
2752 2073 2868 2139 fuit,
2899 2088 3040 2128 nunc
3088 2089 3193 2127 non
3223 2082 3306 2128 est
3339 2079 3649 2142 peccatum;
3689 2068 3768 2122 sed

2198 2166 2502 2223 inordinate
2525 2168 2705 2223 vivere
2731 2176 2784 2223 et
2805 2168 3005 2223 diversi
3029 2169 3244 2238 generis
3268 2165 3624 2236 professiones
3645 2162 3768 2216 velle

2198 2263 2456 2328 miscere,
2511 2273 2569 2318 ut
2611 2264 2693 2319 vel
2750 2265 3175 2320 sanctimonialis
3225 2265 3409 2318 habeat
3454 2268 3760 2315 ornamenta

2199 2366 2515 2425 nuptarum,
2545 2356 2631 2410 vel
2663 2370 2724 2410 ea
2756 2372 2876 2425 qua:
2907 2372 2966 2412 se
2988 2371 3096 2410 non
3134 2356 3417 2411 continens
3440 2350 3616 2420 nupsit
3643 2364 3758 2418 spe-

2197 2448 2336 2503 ciem
2363 2448 2588 2519 virginis
2629 2457 2804 2517 gerat,
2849 2448 3158 2504 omnimodo
3203 2457 3480 2517 peccatum
3510 2452 3588 2496 est
3609 2481 3625 2508 ,
3652 2451 3705 2495 et
3726 2440 3764 2493 si

2197 2540 2324 2610 quid
2357 2541 2792 2596 inconvenienter
2811 2556 2877 2596 ex
2899 2541 3113 2596 diverso
3147 2553 3346 2609 genere
3371 2538 3426 2592 in
3473 2536 3576 2590 vita
3606 2533 3766 2602 cujus-

2198 2648 2302 2702 que
2323 2635 2644 2688 contexitur.
2669 2633 2864 2686 Verum
2889 2631 3014 2686 illud
3045 2640 3172 2685 tunc
3195 2629 3524 2700 ﬁgurabatur
3543 2627 3595 2680 in
3618 2625 3762 2679 vesti-

2200 2727 2296 2782 bus
2321 2729 2463 2797 quod
2488 2741 2629 2781 nunc
2649 2726 2955 2781 declaratur
2976 2725 3028 2779 in
3047 2723 3317 2778 moribus:
3347 2721 3482 2776 illud
3512 2719 3645 2774 enim
3668 2725 3762 2772 erat

2200 2824 2408 2885 tempus
2449 2817 2802 2887 signiﬁcandi,
2861 2815 2965 2871 hoc
3024 2813 3428 2869 manifestandi.
3477 2811 3618 2882 Ergo
3671 2810 3761 2877 ipsa

2198 2908 2475 2978 Scriptura
2527 2924 2645 2978 quae
2695 2917 2822 2962 tunc
2877 2907 2975 2962 fuit
3024 2909 3264 2964 exactrix
3314 2919 3549 2974 operum
3593 2901 3762 2971 signifr

2199 3003 2459 3070 cautium,
2493 3018 2634 3057 nunc
2691 3003 2844 3056 testis
2887 3011 2969 3056 est
3024 3017 3205 3056 rerum
3257 2997 3692 3068 signiﬁcatarurn,
3721 3001 3760 3046 et

2198 3110 2318 3166 quae
2347 3105 2471 3151 tunc
2523 3097 2913 3153 observabatur
2967 3096 3031 3150 ad
3084 3093 3617 3164 praeuuntiatiouem,
3648 3103 3761 3142 nunc

2201 3187 2455 3243 recitatur
2501 3189 2568 3244 ad
2621 3189 3104 3245 conﬁrmationem.
3140 3188 3336 3241 Bovem
3367 3195 3422 3239 et
3465 3185 3663 3237 asinum
3707 3177 3758 3231 ad

499 3275 563 3313 08
593 3261 958 3328 Cogitatiouis,
991 3261 1308 3316 recordandi
1336 3262 1620 3320 dulcedine
1661 3280 1939 3335 revocare,
1964 3270 2092 3336 quid
2119 3253 2166 3317 Ο
2199 3284 2530 3353 operandam
2551 3283 2780 3354 iungere
2805 3293 2930 3338 [unc
2953 3297 3058 3336 non
3091 3280 3305 3342 licebat,
3335 3292 3480 3332 nunc
3513 3277 3648 3331 “CCL
3675 3273 3760 3325 ΠΕ·

496 3362 584 3406 est
612 3353 758 3406 aliud
789 3368 949 3422 quam
981 3353 1294 3424 spiritaliter
1345 3354 1742 3424 quodammodo
1783 3359 2091 3414 ruminare?

496 3444 646 3512 quod
675 3445 766 3510 qui
789 3461 894 3499 non
915 3446 1142 3513 faciunt,
1164 3445 1378 3500 illorum
1411 3446 1716 3501 animalium
1743 3463 1940 3516 genere
1963 3451 2092 3520 ligu-

497 3543 710 3599 rautur,
760 3537 902 3592 unde
925 3547 977 3593 et
1009 3539 1121 3607 ipsa
1153 3553 1184 3591 a
1231 3537 1426 3592 talibus
1475 3537 1727 3592 carnibus
1771 3539 2091 3596 abstinentia

496 3629 608 3682 tale
639 3629 831 3683 vitium
875 3645 975 3685 nos
1021 3646 1212 3686 cavere
1264 3633 1606 3700 praemonuit.
1641 3632 1774 3687 Cum
1801 3635 1944 3688 enim
1973 3635 2092 3690 the-

493 3733 691 3773 saurus
719 3720 1092 3776 desiderabilis
1116 3725 1186 3776 sit
1231 3726 1343 3791 ipsa
1379 3727 1662 3792 sapientia,
1701 3727 1768 3781 de
1801 3728 1898 3782 hac
1936 3745 2092 3785 mun-

494 3809 631 3862 ditia
663 3811 970 3864 ruminandi
1003 3813 1111 3866 alio
1155 3814 1274 3866 loco
1303 3816 1376 3868 ita
1413 3816 1670 3885 scriptum
1703 3827 1822 3872 est:
1853 3821 2092 3878 Thesau-

492 3911 591 3952 rus
615 3897 993 3954 desiderabilis
1020 3903 1308 3969 requiescit
1362 3905 1416 3958 in
1449 3921 1543 3960 ore
1573 3908 1853 3976 sapientis,
1883 3912 1965 3967 vir
1991 3929 2088 3968 au-

491 3996 607 4043 tem
638 3988 836 4044 stultus
861 3991 1022 4060 glutit
1053 3993 1201 4047 illum
1240 4011 1252 4048 :
1288 3994 1373 4050 ha:
1399 4005 1574 4051 autem
1599 3998 1977 4058 similitudines
1999 4019 2089 4061 re-

492 4093 640 4146 rum,
670 4082 721 4135 in
755 4083 1140 4152 locutionibus,
1186 4087 1273 4140 vel
1317 4089 1791 4146 observationibus
1819 4096 2083 4167 ﬁguratis,

490 4185 718 4244 propter
745 4179 1017 4246 quaerendi
1049 4190 1101 4234 et
1122 4182 1472 4251 comparandi
1502 4186 1965 4258 exercitationem,
1999 4206 2087 4246 ra-

494 4265 730 4321 tionales
759 4280 965 4324 mentes
990 4271 1190 4328 utiliter
1212 4284 1266 4328 et
1290 4277 1530 4330 suaviter
1554 4288 1778 4335 monent
1799 4279 2082 4355 [movent],

494 4351 791 4426 sed'priori
821 4363 1014 4431 populo
1043 4366 1211 4419 multa
1242 4368 1370 4422 talia
1404 4384 1510 4424 non
1551 4379 1757 4426 tantum
1797 4351 2080 4442 audienda,

497 4463 688 4503 verum
727 4451 886 4506 etiam
945 4454 1300 4524 observanda,
1345 4470 1617 4530 prrecepta
1663 4471 1808 4518 sunt.
1849 4465 2082 4536 Tempus

493 4545 644 4598 enim
686 4554 802 4600 erat
839 4561 1079 4617 quonon
1110 4559 1314 4606 tantum
1358 4553 1538 4621 dictis,
1591 4555 1687 4610 sed
1731 4558 1893 4613 etiam
1927 4559 2083 4615 lactis

492 4637 807 4709 prophetari
836 4651 1108 4709 oporteret
1137 4659 1202 4698 ea
1229 4660 1348 4715 qua:
1381 4648 1682 4715 posteriore
1711 4659 1953 4718 tempore
1972 4652 2081 4706 fue-
2109 4633 2164 4694 Ῑ)

491 4739 619 4785 rant
643 4734 924 4789 revelauda
950 4755 959 4787 :
980 4738 1172 4806 quibus
1192 4754 1290 4808 per
1306 4738 1580 4796 Christum
1601 4752 1760 4814 atque
1782 4745 1834 4799 iu
1864 4747 2077 4803 Christo

493 4824 804 4882 revelandis
834 4826 955 4881 ﬁdei
983 4832 1222 4898 gentium
1272 4849 1436 4889 onera
1493 4835 1922 4893 Observationum
1970 4855 2076 4896 non

502 4926 630 4972 sunt
665 4919 934 4987 imposita,
965 4923 1258 4996 prophetia:
1289 4937 1464 4983 tamen
1492 4930 1784 4988 auctoritas
1811 4946 2079 4989 commen-

491 5007 640 5065 data.

1099 5126 1322 5187 CAPUT
1360 5131 1468 5188 LV.

482 5213 568 5272 De
595 5217 791 5285 azymis
816 5260 831 5284 ,
865 5223 1171 5292 scenopegia
1195 5222 1274 5276 vel
1303 5225 1529 5291 caeteris,
1562 5242 1626 5279 ea:
1656 5226 1785 5280 libro
1815 5241 1866 5282 vr
1897 5238 2075 5284 contra

1138 5292 1410 5349 Faustum.

553 5401 671 5458 Non
705 5404 1030 5462 manducare
1059 5422 1304 5477 azymum
1324 5422 1418 5473 per
1444 5418 1669 5464 Statutos
1693 5419 1897 5479 septem
1927 5412 2064 5481 dies,

479 5503 726 5563 tempore
756 5495 976 5550 Veteris
1004 5499 1338 5553 Testamenti
1369 5508 1641 5566 peccatum
1674 5501 1795 5565 fuit,
1826 5511 2066 5572 tempore

478 5599 660 5643 autem
687 5589 816 5643 Novi
846 5590 1182 5646 Testamenti
1213 5607 1315 5645 non
1349 5600 1745 5660 estpeccatum,
1769 5595 1862 5649 sed
1887 5598 1940 5649 in
1969 5612 2064 5665 spe

480 5683 643 5735 futuri
662 5681 842 5736 saeculi
863 5697 1019 5752 quam
1041 5681 1306 5738 habemus
1321 5683 1372 5738 in
1389 5682 1625 5750 Christo,
1645 5684 1733 5753 qui
1756 5693 1811 5739 et
1831 5687 2060 5743 animam

481 5780 716 5825 nostram
753 5772 982 5828 induens
1010 5773 1239 5842 iustitia,
1268 5783 1323 5829 et
1349 5789 1543 5843 corpus
1573 5784 1812 5828 nostrum
1838 5775 2062 5834 iudueus

483 5862 906 5931 .mmortslitate,
933 5873 1076 5920 totos
1107 5879 1208 5921 nos
1240 5865 1473 5922 innovat.
1507 5864 1741 5924 Credere
1771 5867 1970 5938 aliquid
1994 5885 2057 5927 ex

2194 3375 2456 3430 claratum
2480 3386 2562 3431 est
2588 3377 2732 3430 enim
2770 3392 2863 3445 per
2892 3374 3231 3444 Apostolum,
3263 3388 3387 3427 cum
3428 3370 3498 3426 de
3529 3371 3650 3424 bove
3673 3366 3755 3418 tri-

2195 3477 2411 3526 turante
2441 3485 2546 3524 non
2571 3470 2894 3526 inlrenando
2924 3469 3257 3540 Scripturam
3293 3469 3570 3524 ret-oleret
3605 3466 3759 3518 dicen-

2195 3569 2301 3617 tem
2334 3578 2346 3614 :
2381 3560 2628 3630 Nunquid
2658 3564 2725 3616 de
2750 3561 2923 3616 bobus
2965 3576 3094 3616 cura
3144 3570 3224 3615 est
3271 3559 3423 3614 Deo?
3451 3559 3623 3626 Quare
3649 3569 3760 3624 ergo

2194 3667 2337 3707 nunc
2357 3653 2554 3722 legitur
2573 3653 2786 3721 quando
2818 3653 2871 3707 id
2895 3653 3034 3722 quod
3063 3651 3339 3722 prohibuit
3361 3652 3472 3721 jam
3496 3651 3628 3708 licet.
3651 3647 3761 3717 quia

2193 3745 2334 3800 idem
2379 3746 2494 3815 ipse
2549 3746 2622 3801 ibi
2674 3757 2889 3802 secutus
2944 3747 3234 3817 Apostolus
3283 3748 3357 3801 ait
3391 3765 3401 3797 :
3430 3746 3637 3813 Propter
3665 3755 3761 3794 nos

2193 3836 2472 3906 Scriptura
2497 3837 2648 3903 dicit,
2672 3849 2725 3894 et
2753 3841 2936 3910 utique
2968 3840 3186 3908 impium
3217 3849 3302 3894 est
3325 3851 3373 3892 ut
3401 3853 3495 3891 non
3527 3837 3756 3905 legamus

2192 3943 2292 3983 nos
2322 3929 2464 3999 quod
2497 3931 2757 4000 scriptum
2781 3942 2862 3984 est
2893 3939 3112 4000 propter
3139 3946 3259 3993 nos,
3289 3931 3455 4000 magis
3481 3930 3616 3984 enim
3638 3943 3763 3996 pro-

2192 4030 2310 4089 pter
2335 4035 2434 4075 nus
2461 4021 2653 4092 quibus
2694 4024 3085 4088 manifestatur,
3136 4039 3294 4092 quam
3329 4033 3542 4093 pr0pter
3573 4021 3686 4074 illos
3715 4021 3764 4072 iu

2192 4113 2383 4182 quibus
2414 4113 2761 4184 ﬁgurabatur.
2797 4117 2993 4170 Bovem
3025 4117 3222 4186 quippe
3253 4126 3308 4170 et
3339 4117 3546 4169 asinum
3566 4157 3579 4181 ,
3612 4113 3652 4167 si
3682 4127 3763 4166 ue-

2190 4219 2341 4260 cesse
2367 4205 2458 4272 sit,
2483 4207 2852 4276 unusquisque
2877 4207 2998 4262 sine
3026 4207 3351 4262 detrimento
3376 4208 3558 4274 operis
3581 4204 3761 4274 jungit.

2189 4298 2486 4365 sapientem
2513 4315 2642 4354 vero
2685 4311 2740 4356 et
2766 4301 2988 4355 stultum
3023 4315 3125 4356 non
3159 4309 3217 4354 ut
3258 4316 3398 4354 unus
3427 4300 3695 4368 praecipiat
3719 4305 3762 4349 et

2190 4390 2330 4444 alter
2361 4392 2721 4460 obtemperet,
2755 4393 2850 4447 sed
2885 4393 3083 4462 pariter
3113 4407 3179 4446 ex
3206 4392 3400 4460 aequali
3432 4400 3688 4458 potestate
3716 4397 3762 4440 ut

2191 4480 2511 4535 aununtient
2540 4483 2759 4536 verbum
2796 4483 2910 4548 Dei,
2962 4498 3065 4538 non
3116 4483 3232 4536 siue
3266 4482 3532 4536 seandalo
3558 4483 3761 4549 quisque

2189 4576 2413 4632 comites
2445 4577 2591 4632 facit.
2626 4579 2807 4648 Itaque
2843 4579 3086 4633 eamdem
3120 4577 3457 4648 Scripturam
3487 4588 3719 4631 tenemus
3745 4613 3758 4635 ,

2187 4677 2242 4724 et
2289 4680 2416 4724 tunc
2465 4681 2737 4738 potestate
2788 4672 3186 4741 praecipientem
3237 4670 3447 4725 umbris
3491 4668 3760 4740 tegendum

2186 4762 2328 4830 quod
2363 4778 2502 4818 nunc
2529 4764 2853 4832 aperiretur,
2896 4773 2950 4820 et
2988 4779 3131 4821 nunc
3160 4765 3484 4820 auctoritate
3516 4774 3762 4820 attestan-

2185 4862 2291 4911 tem
2327 4856 2445 4913 luce
2476 4867 2719 4928 apertum
2750 4859 2890 4933 quod
2914 4869 3038 4914 tunc
3064 4859 3361 4931 tegebatur.

2784 5021 3009 5078 CAPUT
3046 5021 3178 5078 LVI.
3589 5028 3623 5064 ⁸

2185 5129 2304 5186 Etsi
2334 5148 2631 5187 noveramus
2654 5133 2913 5189 Christum
2937 5137 3215 5190 secundum
3246 5150 3478 5199 carnem,
3509 5137 3600 5188 sed
3644 5148 3770 5186 nunc

2281 5204 2396 5272 jam
2417 5220 2521 5258 non
2553 5206 2799 5272 novimus,
2832 5223 2894 5261 ea:
2922 5208 3050 5260 libro
3083 5221 3140 5262 xt
3179 5217 3356 5260 contra
3382 5205 3666 5260 Faustum.

2252 5313 2368 5369 Etsi
2403 5331 2727 5372 noveramus
2757 5317 3032 5374 Christum
3057 5320 3351 5375 secundum
3381 5334 3632 5385 carnem,
3681 5317 3769 5372 sed

2170 5405 2287 5475 jam
2319 5425 2462 5463 nunc
2492 5425 2597 5463 non
2626 5411 2893 5466 novimus.
2939 5413 3012 5466 Ea
3043 5413 3157 5480 ipsa
3183 5413 3599 5468 circumstantia
3632 5413 3772 5467 Scri-

2175 5510 2345 5567 ptura:
2374 5503 2474 5556 loci
2495 5506 2609 5570 ejus
2626 5505 2757 5559 satis
2780 5505 3013 5560 ostendit
3036 5505 3160 5576 quid
3187 5508 3436 5575 loquatur
3455 5505 3769 5574 Apostolus,

2169 5605 2268 5645 suo
2291 5594 2490 5661 quippe
2522 5611 2671 5651 more
2703 5598 2864 5651 vitam
2915 5608 3154 5654 nostram
3211 5599 3468 5663 futuram,
3514 5613 3636 5666 qua:
3665 5597 3772 5665 iam

2169 5687 2222 5740 in
2252 5686 2370 5755 ipso
2393 5687 2616 5745 homine
2648 5692 2944 5749 mediatore
2990 5693 3204 5747 Christo
3227 5691 3355 5746 Jesu
3381 5692 3564 5758 capite
3587 5701 3775 5743 nostro

2166 5790 2480 5848 resurgente
2504 5784 2770 5851 completa
2801 5793 2904 5852 est,
2935 5786 3005 5844 ita
3036 5801 3130 5854 spe
3152 5794 3294 5840 certa
3324 5783 3641 5844 meditatur,
3664 5793 3776 5835 tau-

2165 5881 2324 5937 quam
2350 5870 2456 5937 jam
2485 5871 2555 5927 sit
2587 5886 2933 5946 praesensque
2981 5884 3251 5944 teneatur.
3281 5873 3412 5941 Quae
3445 5874 3634 5943 utique
3660 5874 3776 5926 vita
