3968 6390
171 339 250 393 665
1210 352 1216 379 :
1365 324 1799 386 THESAURUS.
1840 328 1994 385 CAP.
2034 328 2171 386 LVI.
3298 319 3401 370 lilii}

171 470 250 512 non
274 456 366 510 erit
383 455 675 513 secundum
702 465 939 518 carnem,
957 452 1095 507 sicut
1111 453 1221 520 jam
1249 446 1451 503 Christi
1474 446 1579 500 vita
1604 451 1715 499 non
1740 442 1795 505 A
1818 445 2111 501 secundum
2150 461 2365 504 carnem
2392 484 2409 513 ,
2442 444 2497 501 id
2543 452 2628 501 est
2667 452 2772 499 tam
2820 448 3022 499 certam
3064 453 3214 509 spem
3259 449 3407 495 tene-

170 556 231 604 est
254 545 529 604 secundum
582 560 826 603 carnem.
874 546 1103 601 Carnem
1144 559 1375 615 namque
1424 538 1527 599 hoc
1563 542 1703 610 loco,
1812 557 1932 597 mus
1973 541 2165 596 futurae
2196 548 2393 596 nostra:
2423 535 2841 607 incorruptionis
2869 542 2922 590 et
2948 532 3404 600 immortalitatis,

170 655 249 695 non
268 641 428 710 ipsam
448 638 692 708 corporis
712 638 881 693 nostri
903 636 1280 702 substantiam,
1320 649 1483 707 quam
1529 632 1710 689 Domi-
1813 644 1872 690 ut
1896 634 2091 693 amodo
2116 633 2228 703 jam
2256 634 2312 692 in
2342 634 2458 703 ipsa
2485 631 2673 687 laetitia
2703 627 3051 700 gaudeamus.
3096 624 3249 682 Unde
3297 623 3403 678 alio

167 746 245 787 nus
266 730 416 786 etiam
442 738 562 800 post
589 730 1035 787 resurrectionem
1081 743 1233 785 suam
1262 742 1481 785 carnem
1524 725 1711 796 appel-
1812 728 1932 784 loco
1960 727 2123 782 dicit:
2155 728 2213 783 Si
2244 735 2425 782 autem
2462 723 2835 783 resurrexistis
2862 735 2986 777 cum
3015 720 3255 785 Christo,
3288 727 3437 789 quae"

168 825 239 891 lat,
266 823 445 879 dicens
472 841 485 877 :
514 823 731 893 Palpate
780 833 834 879 et
885 824 1063 879 videte
1098 824 1223 892 quia
1252 823 1474 893 spiritus
1493 834 1710 876 carnem
1816 834 2033 877 sursum
2056 828 2183 875 sunt
2210 821 2459 890 quaerite,
2494 819 2586 875 ubi
2621 818 2866 874 Christus
2909 826 2991 872 est
3031 815 3098 870 ad
3127 813 3409 870 dexteram

166 926 211 972 et
233 930 342 971 ossa
370 931 475 973 non
502 916 681 983 habet,
708 916 845 974 sicut
869 932 957 974 me
998 917 1191 974 videtis
1212 916 1447 982 habere;
1477 915 1570 971 sed
1593 928 1714 970 cor-
1815 912 1913 969 Dei
1944 911 2175 975 sedens;
2209 926 2331 982 quae
2358 925 2572 967 sursum
2601 918 2727 966 sunt
2753 908 2948 979 sapite,
2971 922 3077 963 non
3107 922 3228 977 quae
3247 920 3411 975 super

166 1007 438 1077 ruptionem
498 1009 987 1081 mortalitatemque
1044 1010 1223 1065 carnis
1282 1009 1396 1063 vult
1450 1005 1711 1077 intelligi,
1818 1014 2038 1063 terram.
2070 1003 2319 1060 Nondum
2351 1003 2534 1074 utique
2564 1000 2960 1059 resurreximus
2981 1001 3118 1056 sicut
3138 998 3411 1062 Christus,

167 1114 265 1168 qua:
309 1107 431 1155 tunc
458 1114 565 1155 non
602 1100 709 1157 erit
760 1101 815 1157 in
856 1101 1031 1167 nobis,
1078 1101 1216 1157 sicut
1264 1100 1375 1173 jam
1407 1099 1463 1155 in
1503 1097 1718 1153 Christo
1819 1096 1913 1153 sed
1946 1104 2122 1152 tamen
2154 1092 2452 1149 secundum
2492 1106 2668 1162 spem,
2698 1106 2819 1162 quae
2860 1090 3017 1147 nobis
3068 1090 3123 1145 in
3161 1089 3256 1145 illo
3303 1098 3409 1154 est,

166 1207 252 1248 non
312 1201 412 1249 est.
481 1193 618 1251 Hinc
668 1195 813 1251 enim
875 1194 1090 1266 proprie
1137 1208 1353 1251 carnem
1413 1191 1724 1249 nominabat
1816 1187 1929 1259 jam
1969 1202 2067 1244 nos
2118 1201 2239 1242 cum
2293 1186 2386 1241 illo
2428 1186 2792 1241 resurrexisse
2821 1193 3050 1239 testatus
3079 1191 3163 1239 est
3206 1198 3219 1236 :
3269 1181 3412 1235 unde

164 1287 302 1342 etiam
346 1301 469 1342 cum
517 1288 586 1343 de
630 1287 743 1359 ipsa
801 1288 1200 1344 resurrectione
1258 1286 1389 1343 satis
1443 1285 1721 1341 evidenter
1823 1280 1983 1336 etiam
2012 1277 2523 1336 dicit:Secundum
2556 1291 2705 1332 suam
2752 1275 3184 1332 misericordiam
3234 1274 3413 1329 salvos

164 1379 447 1449 loqueretur
494 1390 550 1437 et
593 1382 794 1441 diceret
829 1384 970 1454 quod
1016 1385 1128 1455 jam
1176 1399 1335 1455 supra
1388 1396 1722 1439 commemo-
1826 1388 1925 1429 nos
1953 1373 2076 1428 fecit
2106 1388 2201 1442 per
2246 1371 2515 1425 lavacrum
2563 1369 3003 1439 regenerationis.
3053 1368 3184 1436 Quis
3229 1375 3411 1419 autem

163 1470 291 1525 ravi:
343 1471 482 1528 Caro
517 1484 573 1529 et
617 1477 833 1547 sanguis
877 1491 1102 1548 regnum
1155 1475 1249 1533 Dei
1297 1476 1573 1547 possidere
1620 1489 1729 1530 non
1828 1480 1935 1522 non
1966 1464 2228 1534 intelligat
2258 1463 2309 1517 in
2338 1463 2548 1518 lavacro
2588 1460 3017 1531 regenerationis
3050 1475 3201 1530 spem
3257 1458 3415 1514 nobis

164 1573 388 1632 possunt,
440 1581 614 1635 neque
656 1568 929 1638 corruptio
972 1569 1427 1639 incorruptionem
1478 1567 1725 1638 posside-
1828 1558 2007 1613 datam
2038 1556 2229 1613 Salutis
2259 1555 2471 1624 Ῑυωτεε,
2505 1554 2747 1624 ηοηὶθῐη
2796 1553 3023 1611 salutem
3071 1556 3240 1624 ipsam
3296 1566 3415 1622 (ιιιω

164 1654 247 1709 hit.
285 1654 415 1710 Cum
442 1672 570 1728 ergo
594 1658 793 1715 factum
839 1659 1001 1716 fuerit
1047 1660 1191 1730 quod
1242 1660 1314 1715 ibi
1337 1666 1729 1728 consequenter
1830 1649 2198 1721 promittitur?
2231 1657 2287 1704 et
2314 1658 2490 1703 tamen
2519 1647 2641 1718 quia
2671 1654 2817 1701 certa
2848 1659 2972 1716 Spes
3015 1656 3118 1711 est,
3162 1652 3415 1714 tanquam

162 1744 319 1798 dicit:
352 1745 493 1803 Ecce
534 1749 850 1820 mysterium
900 1749 1052 1805 vobis
1102 1751 1245 1817 dico,
1277 1764 1465 1805 omnes
1511 1749 1729 1819 quidem

1827 1743 1937 1813 jam
1963 1742 2086 1797 data
2116 1751 2259 1815 esset
2275 1739 2461 1797 eadem
2486 1741 2663 1795 salus:
2691 1738 2881 1795 Salvos
2903 1753 3020 1804 nos,
3046 1737 3238 1806 inquit,
3264 1736 3413 1791 fecit.

160 1834 255 1907 b5
283 1819 637 1908 resurgemus,
672 1855 780 1895 non
811 1851 989 1897 tamen
1020 1856 1210 1897 omnes
1241 1840 1644 1896 immutabimur
1672 1840 1725 1895 in
1750 1819 1803 1882 Β
1830 1839 1949 1895 Alio
1988 1838 2185 1908 quippe
2231 1838 2350 1893 loco
2393 1835 2777 1891 dilucidissime
2819 1833 2986 1888 dicit:
3021 1830 3128 1886 Nos
3173 1830 3227 1885 in
3259 1829 3417 1884 nobis

158 1936 345 1995 atomo,
396 1929 452 1985 id
480 1939 564 1986 est
592 1932 646 1987 in
690 1943 984 1999 momento,
1018 1933 1071 1988 in
1100 1933 1209 1988 ictu
1236 1932 1399 1999 oculi,
1442 1932 1495 1986 in
1546 1930 1727 1985 novis-

159 2012 285 2069 sima
308 2015 469 2083 tuba;
497 2026 654 2074 canet
681 2020 825 2074 enim
857 2020 1002 2085 tuba,
1028 2029 1083 2075 et
1106 2020 1303 2076 mortui
1333 2029 1614 2089 resurgent
1640 2018 1727 2073 in-

164 2108 417 2177 corrupti,
442 2119 498 2165 et
525 2126 624 2165 nos
656 2113 1078 2175 immutabimur.
1127 2115 1349 2184 Oportet
1376 2115 1520 2170 enim
1549 2128 1730 2169 corru-

155 2198 336 2267 ptibile
363 2200 465 2257 hoc
494 2202 715 2259 induere
752 2205 1236 2276 incorruptionem,
1268 2217 1325 2263 et
1358 2206 1586 2262 mortale
1629 2204 1731 2259 hoc

148 2289 369 2349 induere
393 2294 868 2353 immortalitatem.
898 2300 1017 2356 Jam
1046 2300 1343 2356 secundum
1371 2301 1423 2355 id
1451 2299 1594 2371 quod
1615 2312 1732 2354 car-

149 2398 274 2440 nem
329 2400 439 2441 non
476 2386 647 2456 ipsam
693 2391 934 2459 corporis
975 2392 1365 2459 substantiam,
1421 2394 1516 2448 sed
1560 2392 1730 2461 ipsam

145 2480 546 2548 corruptionem
590 2484 928 2539 mortalitatis
964 2486 1235 2553 appellat,
1283 2500 1391 2540 non
1421 2486 1526 2541 erit
1552 2486 1735 2554 utique

144 2584 298 2635 caro,
324 2571 446 2641 quia
476 2575 873 2643 corruptionem
900 2576 1474 2631 mortalitatis'mutata
1503 2590 1609 2632 non
1639 2575 1735 2631 ha-

144 2664 338 2731 bebit;
374 2666 667 2722 secundum
707 2677 888 2724 autem
921 2669 1091 2740 ipsius
1119 2670 1435 2726 substantia:
1462 2669 1736 2740 corporis-

144 2770 253 2857 que
284 2757 548 2828 originem
580 2759 770 2816 eadem
798 2775 925 2817 caro
955 2764 1081 2833 erit,
1110 2764 1232 2834 quia
1265 2765 1379 2834 ipsa
1412 2774 1656 2835 resurget
1683 2773 1739 2820 et

142 2850 264 2917 ipsa
310 2850 626 2918 mutabitur,
672 2853 795 2923 quia
823 2861 879 2909 et
926 2854 1059 2910 illud
1112 2871 1300 2911 verum
1347 2864 1431 2913 est
1470 2858 1613 2928 quod
1662 2855 1738 2911 ait

143 2940 411 2997 Dominus
439 2952 785 3013 posteaquam
828 2948 1126 3002 resurrexit
1150 2948 1419 3018 :Palpate
1458 2956 1513 3004 et
1559 2948 1738 3005 videte

145 3033 274 3104 quia
306 3035 527 3104 spiritus
549 3050 673 3093 ossa
702 3044 758 3092 et
782 3052 1002 3094 carnem
1032 3054 1137 3095 non
1179 3040 1343 3097 habet
1382 3040 1519 3096 sicut
1543 3056 1629 3096 me
1658 3040 1739 3095 vi-

143 3127 293 3184 detis
322 3129 558 3186 habere:
588 3130 769 3187 ethoc
794 3142 877 3188 est
907 3147 1094 3188 verum
1118 3134 1259 3205 quod
1299 3136 1374 3190 ait
1402 3135 1693 3205 Apostolus
1719 3152 1731 3187 :

1830 1934 1963 2003 ipsis
2016 1931 2415 2002 ingemiscimns
2442 1973 2456 1997 ,
2515 1928 2857 1998 adoptionem
2892 1931 3263 1995 exspectantes
3322 1936 3413 1975 re-

1831 2028 2196 2099 demptionem
2248 2028 2493 2096 corporis
2533 2024 2732 2089 nostri;
2778 2036 2875 2092 spe
2914 2020 3057 2075 enim
3103 2017 3238 2075 salvi
3292 2014 3417 2071 facti

1831 2134 2040 2187 sumus,
2066 2134 2187 2188 spes
2213 2128 2391 2174 autem
2418 2132 2539 2188 qua:
2570 2115 2783 2170 videtur
2812 2128 2918 2169 non
2955 2121 3040 2167 est
3086 2127 3231 2181 spes.
3264 2107 3420 2175 Quod

1834 2216 1979 2270 enim
2022 2213 2171 2267 videt
2220 2213 2340 2281 quis
2382 2211 2507 2281 quid
2544 2217 2793 2278 speratur
2843 2203 3105 2277 [sperat]?
3154 2204 3201 2257 si
3239 2211 3419 2255 autem

1835 2306 1977 2376 quod
2002 2320 2109 2359 non
2136 2305 2381 2359 videmus
2404 2316 2705 2372 speramus,
2733 2314 2828 2369 per
2861 2297 3170 2366 patientiam
3200 2308 3423 2361 exspec-

1834 2410 2033 2453 tamus.
2064 2396 2212 2475 Sicut
2238 2409 2367 2465 ergo
2390 2395 2475 2449 hic
2506 2408 2614 2447 non
2645 2392 2814 2445 dixit:
2844 2389 2986 2445 Salvi
3017 2386 3180 2441 futuri
3214 2398 3420 2448 sumus,

1836 2490 1960 2548 sed:
1992 2488 2199 2543 Amodo
2220 2488 2326 2557 jam
2351 2486 2484 2540 salvi
2515 2484 2635 2539 iacti
2665 2497 2871 2548 sumus,
2898 2480 3136 2535 nondum
3165 2486 3342 2532 tamen
3371 2477 3425 2531 in

1838 2600 1917 2651 re,
1935 2584 2030 2641 sed
2054 2585 2105 2639 in
2130 2597 2254 2652 spe:
2282 2582 2389 2651 Spe
2409 2579 2574 2647 enim,
2593 2576 2781 2646 inquit,
2806 2574 2940 2629 salvi
2963 2572 3085 2627 facti
3108 2583 3324 2633 sumus;
3348 2567 3427 2623 sic

1837 2690 1895 2737 et
1920 2678 2057 2749 quod
2086 2678 2159 2733 ibi
2182 2676 2381 2732 dictum
2410 2684 2522 2731 est:
2555 2673 2763 2729 Amodo
2787 2670 3055 2727 neminem
3074 2668 3318 2723 novimus
3344 2678 3429 2719 εει

1838 2773 2072 2830 cundum
2105 2786 2360 2837 carnem;
2392 2769 2629 2825 nondum
2654 2766 2708 2821 in
2738 2781 2820 2832 re,
2851 2764 2945 2819 sed
2974 2763 3027 2817 in
3059 2776 3155 2831 spe
3180 2757 3430 2827 intelligi-

1843 2875 1947 2931 tur,
1979 2866 2102 2936 quia
2134 2879 2260 2933 spes
2290 2862 2443 2917 nobis
2472 2862 2525 2916 in
2553 2859 2769 2915 Christo
2800 2868 2913 2926 est,
2958 2855 3081 2925 quia
3112 2854 3164 2907 in
3198 2852 3292 2906 illo
3317 2849 3429 2919 jam

1841 2960 2169 3029 completum
2192 2966 2276 3012 est
2295 2955 2436 3027 quod
2468 2954 2623 3009 nobis
2656 2952 2985 3022 promissum
3008 2958 3311 3017 speramus.
3338 2941 3433 2997 Ille

1842 3054 2042 3124 quippe
2060 3052 2171 3122 jam
2210 3050 2505 3106 resurrexit
2531 3057 2585 3103 et
2623 3063 2768 3101 mors
2796 3045 2846 3100 ei
2870 3044 3006 3099 ultra
3042 3058 3147 3097 non
3190 3039 3435 3095 domina-

1843 3144 2010 3209 bitur,
2052 3157 2212 3212 quem
2241 3150 2341 3195 etst
2369 3151 2693 3193 noveramus
2721 3134 3015 3190 secundum
3048 3146 3289 3197 carnem,
3310 3144 3432 3184 cum

138 3220 291 3326 Caro
320 3230 375 3277 et
400 3223 617 3295 sanguis
647 3238 870 3296 regnum
903 3224 998 3281 Dei
1029 3204 1309 3295 possidere
1340 3204 1465 3283 non,
1482 3234 1726 3297 possunt.

1853 3237 2016 3305 adhuc
2049 3234 2341 3290 moriturus
2388 3241 2556 3297 esset,
2588 3232 2761 3287 inerat
2808 3230 3005 3299 quippe
3043 3226 3095 3281 in
3145 3225 3263 3295 ejus
3307 3236 3433 3277 cor-

138 3312 283 3370 "Iud
313 3315 455 3416 ῥξιίω
488 3315 804 3416 diuum-93‘
832 3317 1126 3416 δὲοιξηάυω
1171 3320 1344 3416 ip?!“
1379 3320 1737 3416 διξβθιειηιίθῐῐι
1844 3347 1977 3403 pore
2009 3331 2101 3386 illa
2147 3328 2447 3384 mortalitas
2472 3341 2632 3395 quam
2681 3322 2897 3394 proprie
2944 3334 3161 3376 carnem
3209 3316 3439 3388 appelli“

141 3418 270 3496 quae
294 3409 453 3460 etiam
484 3414 612 3464 ιυηο
635 3409 761 3476 em,
784 3410 907 3480 (ἰυίδ
936 3411 1051 3481 ipsa
1080 3412 1392 3469 ωυιθδίιυτ·
1420 3413 1532 3469 H00
1559 3427 1739 3469 amem
1845 3425 2157 3496 Apostolus,
2187 3422 2281 3478 sed
2311 3421 2420 3491 jam
2458 3432 2599 3474 nunc
2628 3432 2735 3471 non
2793 3415 3059 3470 novimus.
3110 3411 3246 3466 Illud
3297 3409 3440 3463 enim

138 3495 358 3553 dictum
381 3507 467 3554 est
492 3500 787 3556 secundum
815 3503 1086 3559 carnalem
1110 3506 1474 3574 corruptionis
1514 3507 1744 3575 qualita-

137 3597 283 3657 tem,
316 3606 435 3659 qute
463 3600 589 3647 tunc
612 3592 723 3662 jam
754 3608 859 3650 non
888 3596 1015 3662 erit,
1064 3597 1185 3666 quia
1218 3605 1423 3652 mutata
1466 3611 1595 3653 caro
1636 3612 1743 3652 non

135 3692 555 3753 corrumpetur.
595 3684 931 3743 Noveramus
978 3702 1109 3760 ergo
1148 3689 1419 3744 Christum
1448 3690 1745 3745 secundum

130 3786 396 3841 carnem,
431 3777 483 3831 id
504 3786 587 3834 est
606 3780 901 3835 secundum
945 3782 1126 3838 carnis
1168 3783 1553 3840 mortalitatem
1592 3793 1747 3841 ante-

126 3882 311 3938 quam
358 3880 684 3941 resurgeret,
713 3872 808 3928 sed
837 3890 979 3930 nunc
1005 3876 1117 3946 jam
1162 3892 1273 3931 non
1314 3876 1586 3942 novimus,
1620 3878 1746 3947 qlia

126 3964 295 4015 sicut
342 3961 475 4061 dicit
518 3963 659 4018 idem
687 3966 978 4033 Apostolus
1025 3985 1037 4019 :
1086 3964 1332 4026 Christus
1389 3984 1679 4040 resurgens
1716 3987 1749 4026 ι

122 4052 389 4109 mortuis
413 4052 526 4119 jam
566 4068 675 4108 non
703 4056 953 4121 moritur,
989 4064 1046 4111 et
1083 4070 1233 4113 mors
1260 4058 1311 4113 el
1340 4059 1479 4114 ultra
1516 4075 1621 4115 non
1653 4060 1753 4116 do-

122 4141 471 4200 minabitur.
496 4143 630 4199 Nam
662 4147 707 4201 si
737 4155 788 4203 te
827 4148 894 4202 ad
919 4149 1207 4206 verborum
1254 4153 1637 4221 proprietatem
1674 4160 1753 4208 te-

123 4250 329 4301 neas,
360 4237 617 4291 mentitus
656 4246 739 4293 est
777 4239 925 4310 quod
953 4242 1068 4296 ait:
1099 4241 1433 4298 Noveramus
1473 4244 1751 4300 Christum

126 4326 459 4385 secundum
490 4342 732 4395 carnem,
766 4330 815 4385 si
839 4330 1086 4389 Christus
1116 4349 1391 4404 nunquam
1422 4334 1522 4392 fuit
1563 4351 1757 4393 secun-

126 4421 282 4477 dum
316 4434 577 4477 carnem:
625 4439 787 4481 nemo
817 4426 963 4481 enim
1004 4438 1230 4484 noverat
1268 4430 1413 4499 quod
1460 4445 1569 4487 non
1615 4439 1753 4487 erat.

126 4514 267 4572 Non
314 4521 497 4568 autem
539 4514 711 4581 dixit,
767 4517 1087 4587 putabamus
1131 4519 1405 4576 Christum
1457 4522 1751 4577 secundum

1847 3519 1966 3588 ejus
2003 3516 2237 3571 mortale
2290 3515 2399 3580 jam
2457 3510 2627 3565 induit
2673 3506 3153 3565 immortalitatem,
3186 3501 3328 3555 unde
3360 3514 3443 3553 se-

1851 3613 2085 3668 cundum
2123 3608 2405 3679 pristinam
2445 3602 2823 3658 mortalitatem
2865 3599 2974 3668 jam
3006 3610 3133 3651 caro
3183 3590 3443 3663 appellari

1852 3723 1961 3764 non
1992 3705 2185 3777 possit.
2216 3703 2398 3771 Itaque
2425 3700 2596 3769 ipsius
2620 3696 2725 3751 loci
2760 3691 3185 3755 contextionem,
3217 3686 3305 3740 ubi
3331 3684 3445 3738 haec

1851 3800 2115 3858 sententia
2138 3796 2312 3853 estde
2333 3808 2437 3865 qua
2459 3791 2545 3847 isti
2569 3786 2984 3849 calumniantur,
3009 3780 3445 3843 consideremus,

1852 3905 1911 3952 ut
1942 3896 2043 3951 hoc
2088 3891 2230 3964 quod
2270 3890 2391 3944 dico
2437 3886 2607 3956 magis
2645 3884 2878 3939 eluceat.
2924 3878 3194 3943 Charitas,
3248 3872 3444 3940 inquit,

1853 3989 2055 4045 Christi
2094 3962 2370 4053 compellit
2427 3996 2523 4035 nos
2564 3978 2867 4047 judicantes
2918 3973 3059 4038 hoc,
3111 3965 3363 4037 quoniam
3405 3962 3449 4017 si

1856 4095 2000 4137 unus
2030 4094 2127 4149 pro
2156 4075 2404 4131 omnibus
2435 4077 2679 4125 mortuus
2707 4076 2810 4133 est,
2839 4078 2968 4133 ergo
3012 4072 3199 4114 omnes
3249 4055 3450 4110 mortui

1859 4184 2007 4241 sunt,
2034 4148 2092 4226 et
2119 4184 2217 4240 pro
2243 4165 2497 4222 omnibus
2526 4169 2771 4217 mortuus
2801 4168 2905 4223 est,
2939 4162 2996 4211 ul
3018 4156 3108 4224 qui
3139 4151 3327 4206 vivunt
3341 4148 3453 4218 jam

1865 4282 1975 4322 non
2000 4266 2101 4320 sibi
2132 4265 2339 4327 vivant,
2370 4259 2464 4313 sed
2491 4258 2539 4312 ei
2570 4255 2659 4326 qui
2688 4268 2785 4323 pro
2825 4251 2957 4321 ipsis
2988 4256 3235 4304 mortuus
3280 4251 3364 4300 est
3400 4250 3454 4297 et

1861 4358 2181 4417 resurrexit.
2212 4358 2397 4423 Itaque
2425 4366 2524 4407 nos
2546 4349 2708 4406 modo
2732 4344 2971 4421 [amodo]
3000 4341 3270 4400 neminem
3301 4338 3453 4392 novi-

1813 4490 1817 4495 -
1863 4467 1984 4509 mus
2010 4448 2305 4507 secundum
2344 4460 2584 4512 carnem,
2634 4441 2734 4497 etsi
2783 4450 3106 4496 noveramus
3154 4433 3449 4489 secundum

1864 4558 2083 4601 carnem
2112 4540 2410 4606 Christum,
2439 4539 2529 4592 sed
2552 4536 2663 4607 jam
2689 4548 2830 4588 nunc
2862 4546 2967 4585 non
3007 4527 3275 4584 novimus.
3303 4524 3457 4579 Certe

125 4619 404 4672 carnem’
429 4605 524 4661 sed
555 4621 895 4709 novémun’s'
926 4608 1331 4709 νθτυωίλξηθίξν
1364 4622 1423 4667 υί
1450 4615 1618 4670 Verbo
1646 4629 1755 4672 “0"
1788 4592 1844 4652 Β
1867 4637 1975 4709 jam
2005 4648 2150 4688 nunc
2183 4630 2336 4701 cujus
2365 4592 2585 4701 [cuivis]
2613 4630 2835 4694 apparet
2858 4626 3079 4690 propter
3105 4615 3458 4672 resurrectio-

133 4714 434 4772 premam,
484 4715 556 4757 ne
602 4702 722 4772 quis
748 4700 984 4759 afﬁrmet
1013 4721 1108 4774 per
1154 4706 1467 4763 abusionem
1518 4710 1757 4768 locutum

128 4799 177 4850 A
191 4791 513 4862 postolum,
532 4802 588 4847 ut
613 4807 708 4861 pro
723 4808 790 4849 eo
808 4795 1048 4867 quodest
1062 4798 1403 4867 putabamus,
1427 4800 1631 4858 diceret
1653 4816 1755 4858 no-

130 4898 453 4949 veramus,
480 4884 612 4940 illud
642 4885 807 4940 miror
834 4900 941 4941 non
966 4890 1246 4945 attendere
1274 4890 1521 4947 homines
1552 4907 1751 4961 caecos,

129 4978 230 5033 vel
267 4974 464 5053 potius
487 4990 595 5030 non
616 4976 787 5031 miror
813 4990 923 5032 non
952 4978 1137 5035 videre
1167 4994 1365 5047 caecos,
1390 4983 1512 5052 quia
1532 4983 1577 5038 si
1604 4983 1763 5039 Chri-

130 5081 269 5128 stus
304 5071 443 5127 ideo
468 5086 575 5127 non
605 5071 799 5128 habuit
827 5086 1073 5140 carnem,
1104 5073 1229 5145 quia
1272 5072 1409 5130 dixit
1448 5076 1758 5147 Apostolus,

124 5180 300 5221 nunc
322 5163 448 5235 jam
478 5179 587 5219 non
615 5179 674 5219 se
701 5178 862 5221 nosse
891 5165 1165 5222 Christum
1194 5166 1491 5224 secundum
1520 5184 1760 5239 carnem,

127 5275 253 5317 nec
286 5261 379 5316 illi
414 5259 722 5317 habuerunt
758 5276 974 5318 carnem
1009 5263 1077 5318 de
1106 5262 1299 5333 quibus
1331 5264 1386 5319 in
1424 5265 1614 5321 eodem
1648 5267 1768 5323 Ioco

123 5354 314 5411 dicit:
354 5354 541 5424 Itaque
571 5368 669 5409 nos
695 5356 889 5410 amodo
919 5358 1187 5415 neminem
1204 5357 1453 5414 novimus
1474 5361 1769 5417 secundum

124 5465 421 5507 carnem.
453 5448 639 5518 Neque
662 5451 805 5506 enim
835 5450 905 5506 de
933 5453 1052 5507 solo
1077 5450 1295 5510 Christo
1315 5453 1369 5508 id
1396 5456 1586 5511 volens
1610 5455 1769 5511 intel-

126 5542 271 5617 ligi,
307 5553 506 5614 posset
532 5544 740 5611 dicere,
772 5545 1043 5602 neminem
1068 5548 1314 5603 novimus
1338 5550 1631 5606 secundum
1654 5565 1774 5607 ear-

127 5654 285 5695 nem
328 5636 459 5711 [sed
496 5638 618 5708 quia
671 5638 886 5694 illorum
928 5654 1113 5696 secum
1161 5642 1325 5697 vitam
1370 5644 1603 5700 futuram
1649 5652 1771 5705 tau-

128 5746 336 5802 quam
373 5740 696 5801 prasentem
722 5731 1099 5798 meditabatur,
1130 5734 1221 5803 qui
1247 5746 1592 5806 resurgentes
1618 5752 1773 5792 com-

131 5826 583 5888 mutabuntur:
637 5824 886 5896 Amodo,
944 5828 1147 5902 inquit,
1199 5830 1470 5890 neminem
1524 5834 1771 5900 novimus

1867 4743 1992 4786 nem
2019 4725 2219 4781 Christi
2247 4724 2351 4778 hoc
2386 4721 2591 4775 dixisse
2637 4714 2950 4786 Apostolum
2977 4754 2993 4776 ,
3025 4709 3458 4783 quandoquidem

1868 4824 1972 4879 ista
1997 4821 2159 4877 verba
2188 4817 2318 4873 illud
2348 4813 2645 4885 prmcessit,
2671 4810 2839 4880 utqui
2869 4808 3071 4876 vivunt,
3094 4807 3203 4877 jam
3230 4818 3334 4859 non
3358 4800 3462 4857 sibi

1868 4915 2068 4978 vivant,
2105 4911 2199 4965 sed
2226 4911 2274 4965 ei
2303 4908 2391 4976 qui
2416 4919 2512 4975 pro
2541 4904 2672 4973 ipsis
2702 4911 2941 4958 mortuus
2960 4910 3044 4956 est
3064 4909 3118 4955 et
3146 4892 3463 4953 resurrexit.

1872 5005 2013 5074 Quid
2042 5012 2128 5058 est
2150 5001 2292 5056 enim
2322 4995 2465 5052 aliud
2498 5010 2604 5049 non
2631 4994 2754 5061 sibi,
2779 4993 2873 5051 sed
2906 4993 2982 5048 illi
3012 4993 3216 5056 vivant,
3273 4987 3374 5041 nisi
3406 4992 3465 5040 ut

1878 5114 1987 5153 non
2010 5094 2309 5151 secundum
2349 5104 2567 5145 carnem
2607 5088 2787 5142 vivant
2829 5088 2882 5141 in
2919 5101 3015 5155 spe
3048 5093 3383 5139 terrenorum
3416 5084 3467 5132 et

1877 5186 2306 5258 corruptibilium
2341 5184 2607 5238 bonorum
2627 5221 2642 5247 ,
2672 5182 2768 5237 sed
2797 5178 3094 5236 secundum
3123 5171 3371 5242 spiritum
3412 5169 3468 5223 in

1880 5298 1977 5353 spe
2001 5280 2417 5338 resurrectionis
2448 5295 2567 5349 quae
2593 5280 2702 5349 jam
2737 5292 2803 5331 ex
2831 5273 2968 5343 ipsis
2997 5270 3052 5324 in
3082 5266 3301 5322 Christo
3331 5262 3468 5317 facta

1844 5418 1847 5421 λ
1880 5375 2006 5432 est?
2033 5373 2217 5443 Itaque
2255 5386 2442 5427 eorum
2473 5387 2572 5442 pro
2596 5369 2788 5441 quibus
2816 5363 3064 5420 Christus
3096 5370 3338 5415 mortuus
3386 5364 3470 5411 est

1881 5479 1940 5527 et
1968 5468 2291 5531 resurrexit,
2320 5476 2375 5521 et
2399 5466 2489 5536 qui
2522 5465 2637 5535 jam
2674 5477 2780 5516 non
2811 5458 2943 5523 sibi,
2969 5456 3063 5511 sed
3117 5452 3195 5507 illi
3242 5450 3429 5505 vivunt
3451 5489 3466 5513 ,

1877 5562 2151 5620 neminem
2180 5559 2472 5616 secundum
2502 5569 2719 5613 carnem
2749 5550 3038 5621 Apostolus
3064 5554 3309 5610 noverat,
3343 5555 3468 5612 pro.

1880 5667 2001 5730 pter
2038 5670 2186 5726 spem
2217 5654 2411 5710 futurae
2440 5647 2854 5708 immortalitatis
2901 5645 2957 5700 in
3001 5642 3155 5715 cujus
3190 5645 3472 5707 exspecta—

1881 5751 2029 5807 tione
2057 5748 2328 5812 vivebant,
2353 5761 2471 5818 quze
2498 5744 2553 5799 in
2578 5741 2791 5799 Christo
2816 5738 2928 5810 jam
2952 5750 3060 5792 non
3090 5750 3234 5807 spes,
3261 5731 3355 5789 sed
3385 5744 3471 5789 res

1885 5854 2023 5902 erat.
2056 5843 2226 5912 Quem
2257 5842 2357 5901 etsi
2387 5846 2612 5898 noverat
2635 5836 2932 5895 secundum
2972 5848 3189 5892 carnem
3218 5844 3338 5889 cum
3374 5825 3469 5882 ad-
