3968 6390
602 354 708 410 667

1665 345 1731 400 Ι).
1762 340 2086 400 EUGYPPll
2114 338 2404 398 ABBATIS
2430 339 2754 398 AFRICANI
3749 347 3831 404 (35.5

599 468 705 522 huc
733 461 1025 520 moriturus
1048 468 1213 528 esset,
1251 459 1366 530 jam
1398 466 1576 514 tamen
1622 471 1730 513 non
1768 464 2007 524 noverat,
2059 456 2182 526 quia
2209 459 2260 522 Α
2285 454 2577 510 abundaret
2606 454 2796 524 gratia.
2822 454 2957 512 nino
2983 457 3231 514 similiter
3252 459 3381 516 alibi
3411 459 3580 516 dicit:
3610 461 3708 530 Qui
3753 481 3829 522 au-

600 575 721 617 eum
769 558 1129 614 resurrexisse
1172 563 1415 620 noverat,
1448 563 1502 609 et
1524 554 1664 608 ultra
1705 554 1756 609 ei
1800 564 2028 610 mortem
2075 568 2182 608 non

599 652 1016 714 dominaturam,
1043 657 1096 702 et
1120 647 1245 717 quia
1274 662 1461 702 omnes
1497 647 1546 700 in
1572 647 1667 702 illo
1693 647 1795 702 etsi
1836 645 2072 700 nondum
2100 662 2181 714 re,

599 745 709 818 jam
743 753 919 798 tamen
949 756 1045 810 Spe
1077 741 1180 794 hoc
1207 754 1414 794 sumus.
1440 738 1693 808 Sequitur
1719 747 1772 793 et
1800 737 1959 792 dicit:
1994 737 2052 793 Si
2081 752 2184 808 qua

601 841 765 912 igitur
797 839 851 894 in
899 836 1114 891 Christo
1144 849 1278 890 nova
1323 843 1589 902 creatura,
1626 841 1806 889 vetera
1837 833 2182 900 transierunt,

605 947 733 989 ecce
759 931 896 986 facta
924 938 1050 985 sunt
1077 924 1303 1003 [omnia]
1329 943 1487 994 nova,
1521 925 1699 981 omnia
1735 934 1916 981 autem
1960 941 2027 980 ex
2074 924 2184 981 Deo

601 1027 690 1098 qui
714 1024 1083 1081 reconciliavit
1109 1038 1206 1078 nos
1234 1023 1336 1078 sibi
1367 1038 1461 1090 per
1491 1021 1785 1077 Christum.
1818 1020 2004 1076 Omnis
2054 1033 2184 1090 ergo

600 1133 743 1173 nova
771 1126 1040 1181 creatura,
1073 1115 1126 1169 id
1152 1123 1235 1170 est
1274 1118 1500 1183 populus
1536 1113 1822 1168 innovatus
1860 1127 1954 1181 per
1994 1111 2174 1178 (idem,

602 1218 666 1263 ut
694 1208 889 1261 habeat
919 1204 1132 1260 interim
1165 1205 1216 1258 itt
1246 1219 1342 1274 spe
1370 1203 1512 1274 quod
1545 1204 1596 1258 in
1632 1219 1690 1258 re
1724 1214 1902 1272 postea
1941 1204 2187 1273 perlicia-

602 1310 710 1367 tur,
743 1300 796 1354 in
819 1299 1034 1353 Christo
1066 1298 1222 1352 habet
1248 1298 1357 1366 jam
1382 1295 1590 1368 [etiam]
1617 1298 1756 1366 quod
1786 1298 1841 1351 in
1883 1311 1942 1351 se
1977 1306 2179 1365 sperat.

600 1395 782 1462 Itaque
810 1407 950 1446 nunc
975 1401 1152 1446 vetera
1178 1393 1505 1446 transierunt
1525 1390 1818 1444 secundum
1856 1404 2030 1458 spem,
2062 1391 2181 1459 quia

601 1486 762 1542 modo
794 1484 905 1555 jam
947 1493 1167 1539 nonest
1207 1492 1421 1552 tempus
1469 1483 1676 1538 Veteris
1717 1483 2044 1538 Testamenti
2078 1498 2184 1553 quo

603 1581 901 1649 temporale
925 1588 1086 1649 atque
1108 1579 1325 1644 carnale
1360 1594 1578 1648 regnum
1617 1587 1954 1648 aspectetur
1984 1579 2179 1646 a'Deo,

601 1683 654 1728 et
680 1673 817 1727 facta
848 1681 972 1727 sunt
999 1672 1176 1725 omnia
1212 1687 1346 1725 nova
1391 1669 1684 1726 secundum
1728 1671 1972 1726 eamdem
2005 1687 2180 1741 spem,

603 1776 660 1822 ut
699 1782 922 1836 regnum
953 1767 1212 1820 oculorum
1237 1764 1323 1819 ubi
1349 1765 1490 1818 nulla
1527 1765 1631 1820 erit
1675 1780 1820 1820 mors
1857 1773 2019 1835 atque
2057 1779 2182 1819 cor-

2243 551 2251 561 ‘
2285 555 2392 602 tem
2434 549 2485 602 iu
2513 563 2674 604 carne
2702 558 2847 614 sunt,
2888 551 2998 606 Deo
3029 552 3240 622 placere
3279 569 3385 609 non
3416 565 3666 623 possunt.
3697 559 3756 615 Et
3779 577 3830 621 ne

2285 651 2497 714 putaret
2515 645 2791 714 quisquam
2810 660 2903 700 eos
2917 646 3092 702 dictos
3115 649 3203 716 qui
3226 649 3464 704 nondum
3491 653 3691 707 mortui
3710 666 3825 723 sunt,

2282 736 2465 790 statim
2490 737 2754 805 subjecit:
2782 737 2890 792 Vos
2915 747 3092 794 autem
3119 754 3227 794 non
3248 743 3377 796 estis
3410 743 3464 796 in
3489 757 3676 814 carne,
3696 750 3771 803 sed
3791 749 3829 807 in

2282 829 2496 897 spiritu,
2527 829 2580 883 id
2609 837 2713 895 est,
2746 830 2835 899 qui
2867 829 2920 884 in
2946 847 3043 900 spe
3071 833 3374 887 carnalium
3412 833 3678 891 bonorum
3715 852 3824 907 sunt,

2285 921 2396 977 Deo
2425 922 2636 992 placere
2660 938 2764 978 non
2790 933 3043 993 possunt;
3072 941 3168 980 viis
3187 935 3365 982 autem
3392 943 3501 983 non
3536 931 3668 984 estis
3699 933 3741 985 in
3757 948 3825 1000 spe

2283 1015 2603 1082 carnalium,
2636 1016 2730 1070 sed
2756 1017 2808 1070 itt
2833 1031 2926 1086 spe
2955 1017 3296 1086 spiritalium,
3329 1020 3380 1074 id
3409 1030 3496 1076 est
3525 1024 3676 1088 regni
3699 1025 3824 1078 mlo-

2287 1120 2428 1172 rum,
2458 1107 2546 1160 ubi
2571 1115 2624 1160 et
2648 1110 2821 1176 ipsum
2861 1123 3058 1175 corpus
3083 1123 3176 1177 per
3213 1110 3356 1164 illam
3406 1114 3765 1177 mutationem,
3789 1115 3823 1170 in

2283 1210 2382 1252 suo
2412 1199 2642 1266 quodam
2682 1213 2879 1268 genere
2910 1201 3151 1267 spiritale
3195 1203 3319 1267 erit,
3353 1201 3500 1272 quod
3551 1206 3700 1257 modo
3737 1210 3823 1260 ani-

2285 1288 2426 1343 male
2473 1298 2575 1344 est.
2612 1288 2914 1344 Seminatur
2942 1293 3086 1346 enim
3113 1307 3310 1361 corpus
3341 1295 3582 1350 animale
3613 1297 3748 1364 (sicut
3771 1300 3814 1352 ad

2287 1383 2592 1438 Corinthios
2625 1383 2765 1439 idem
2796 1386 2972 1456 dicit),
3008 1397 3253 1457 resurget
3289 1403 3490 1459 corpus
3519 1391 3755 1460 spiritale.
3778 1395 3818 1447 Si

2287 1491 2415 1544 ergo
2439 1478 2708 1532 neminem
2739 1493 2926 1534 eorum
2946 1479 3055 1547 jam
3080 1490 3302 1535 noverat
3327 1481 3627 1536 secundum
3653 1499 3817 1539 carnem

2288 1573 2595 1640 ApOstolus,
2651 1573 2739 1643 qui
2796 1582 3079 1642 propterea
3119 1574 3438 1630 dicebantur
3487 1589 3595 1630 non
3637 1592 3739 1632 esse
3779 1579 3815 1632 in

2286 1676 2468 1729 carne,
2532 1663 2654 1733 quia
2708 1679 2814 1719 non
2860 1673 3016 1720 erant
3068 1669 3118 1720 in
3169 1681 3268 1735 spe
3322 1681 3508 1721 rerum
3557 1670 3813 1732 carnalium,

2289 1756 2532 1826 quamvis
2569 1757 2743 1812 adhuc
2780 1760 3180 1828 corruptibilem
3211 1774 3433 1815 carnem
3483 1763 3816 1830 mortalemque

602 1862 780 1930 ruptio
807 1861 1128 1929 promissum
1156 1869 1450 1924 teneamus,
1487 1860 1540 1914 in
1573 1861 1966 1915 resurrectione
2002 1871 2184 1916 autem
2214 1846 2264 1911 Β
2292 1861 2599 1922 Ροΐιίιῐεηι,
2657 1862 2858 1918 quanto
2913 1855 3222 1924 expressius
3285 1854 3353 1908 de
3405 1855 3622 1909 Christo
3666 1855 3821 1908 dicem

604 1963 934 2010 mortuorum
968 1968 1072 2007 non
1093 1953 1204 2022 jam
1236 1953 1528 2007 secundum
1555 1967 1724 2024 spem,
1759 1954 1853 2008 sed
1881 1955 2176 2009 secundum

604 2063 742 2112 rem,
785 2053 841 2102 et
875 2053 1056 2100 vetera
1099 2045 1422 2112 transibunt,
1463 2061 1584 2098 cum
1631 2046 1841 2101 inimica
1896 2049 2188 2103 novissima

606 2140 910 2195 destruetur
940 2154 1105 2205 mors,
1136 2148 1190 2194 et
1217 2140 1348 2194 ﬁent
1377 2140 1557 2194 omnia
1581 2155 1750 2207 nova,
1778 2156 1898 2196 cum
1925 2142 2192 2210 corrupti-

610 2229 718 2285 bile
773 2230 874 2283 hoc
932 2228 1169 2284 induerit
1223 2229 1678 2299 incorruptionem
1721 2241 1776 2286 et
1825 2233 2050 2288 mortale
2091 2233 2192 2288 hoc

606 2319 840 2376 induerit
875 2321 1355 2376 immortalitatem.
1397 2322 1552 2390 Quod
1614 2324 1725 2392 jam
1770 2323 1966 2379 factum
2016 2335 2100 2380 est
2136 2326 2190 2381 in

607 2411 822 2468 Christo
849 2428 1006 2482 quem
1037 2413 1329 2468 semiudum
1360 2429 1505 2480 rem,
1532 2413 1644 2484 jam
1672 2429 1778 2469 non
1807 2425 2030 2470 noverat
2057 2416 2194 2470 Pau-

607 2506 688 2564 lus
709 2506 1005 2562 secundum
1035 2521 1276 2561 carnem.
1302 2507 1502 2562 Eorum
1535 2524 1664 2563 vero
1697 2525 1795 2578 pro
1816 2511 2008 2578 quibus
2043 2524 2192 2563 mor-

607 2611 730 2657 tuus
759 2611 842 2657 est
880 2609 938 2656 et
977 2603 1291 2667 resurrexit,
1324 2602 1558 2656 nondum
1589 2604 1883 2658 secundum
1910 2619 2020 2658 rem
2048 2644 2063 2670 ,
2097 2601 2193 2658 sed

493 2705 516 2724 κ
608 2700 905 2755 secundum
954 2714 1136 2765 spem,
1183 2698 1451 2752 neminem
1482 2706 1708 2753 noverat
1750 2698 2044 2754 secundum
2076 2712 2196 2752 car-

612 2808 768 2859 nem,
799 2793 923 2861 quia
949 2791 1089 2846 illius
1115 2792 1304 2858 gratia,
1329 2792 1468 2846 sicut
1491 2791 1632 2846 idem
1664 2792 1728 2846 ad
1755 2792 2019 2860 Ephesios
2041 2791 2192 2858 dicit,

609 2902 798 2944 sumus
838 2887 972 2940 salvi
1008 2887 1154 2940 lacti.
1189 2887 1318 2940 Nam
1348 2895 1402 2940 et
1441 2887 1556 2956 ipse
1585 2888 1734 2940 locus
1765 2885 1886 2938 huic
1913 2883 2197 2940 sententia:

608 2980 688 3036 sic
715 2989 990 3035 attestatur
1020 2998 1032 3032 :
1066 2980 1207 3034 Deus
1232 2989 1407 3033 autem
1430 3020 1445 3045 ,
1478 2980 1691 3048 inquit,
1721 2979 1810 3047 qui
1841 2978 1991 3033 dives
2019 2987 2101 3044 est
2136 2979 2193 3032 in

612 3073 1002 3142 misericordia,
1024 3081 1242 3142 propter
1268 3073 1486 3126 multam
1511 3072 1852 3126 dilectionem
1880 3087 1982 3140 qua
2012 3069 2198 3125 dilexit

615 3185 734 3236 nos,
763 3179 817 3224 et
843 3185 966 3225 cum
997 3182 1240 3224 essemus
1275 3168 1469 3222 mortui
1500 3167 1765 3236 peccatis,
1798 3165 2197 3220 conviviﬁcavit

2292 1943 2436 2015 quod
2465 1960 2584 1998 eum
2626 1945 2737 2016 jam
2780 1960 2884 2000 non
2925 1955 3149 2001 noverat
3196 1945 3489 2002 secundum
3531 1960 3741 2011 carnem,
3782 1945 3816 1998 in

2290 2040 2442 2106 cujus
2494 2053 2724 2108 corpore
2774 2041 2936 2094 etiam
2993 2054 3053 2095 re
3105 2040 3218 2110 ipsa
3273 2041 3379 2108 jam
3422 2039 3700 2111 perfectum
3739 2047 3820 2092 erat

2290 2131 2432 2200 quod
2457 2131 2536 2188 illi
2563 2133 2615 2186 in
2639 2145 2736 2202 spe
2765 2133 3086 2202 promissum
3116 2132 3407 2188 tenebant?

2870 2261 3098 2319 CAPUT
3140 2264 3299 2320 LVII.

2296 2352 2372 2408 De
2401 2371 2491 2409 sea:
2510 2354 2688 2410 diebus
2716 2355 2767 2409 in
2794 2355 2978 2410 Genesi
3001 2368 3046 2409 et
3069 2373 3157 2410 sea:
3177 2357 3430 2416 Motibus,
3456 2355 3526 2408 vel
3553 2355 3606 2407 de
3634 2356 3827 2423 conjuge

2366 2428 2501 2498 facta
2530 2444 2590 2480 ea:
2619 2428 2711 2481 viri
2745 2429 2903 2482 latere
2942 2430 3273 2495 dormientis,
3323 2443 3386 2481 ea:
3426 2427 3544 2480 libro
3579 2441 3646 2479 ιιι
3673 2437 3826 2477 contra

2366 2497 2445 2552 Fu
2453 2509 2641 2554 uatum.

2368 2609 2472 2663 Sex
2511 2610 2701 2665 diebus
2737 2609 2790 2664 itt
2833 2607 3026 2666 Genesi
3073 2613 3468 2666 consummavit
3505 2609 3638 2664 Deus
3687 2606 3816 2662 omnia

2298 2714 2464 2771 opera
2493 2717 2612 2767 sua,
2637 2711 2691 2757 et
2719 2705 2951 2773 septimo
2983 2701 3262 2774 requievit.
3288 2705 3393 2758 Sex
3429 2703 3662 2757 artatibus
3684 2702 3815 2755 llUlm-

2298 2808 2426 2848 num
2456 2809 2626 2864 genus
2658 2796 2710 2850 in
2757 2797 2859 2849 hoc
2888 2797 3087 2852 saeculo
3127 2811 3221 2866 per
3263 2797 3632 2850 successiones
3664 2803 3816 2859 tenipo-

2299 2903 2418 2942 rutn
2446 2891 2534 2946 Dei
2560 2905 2724 2958 opera
2745 2892 3054 2962 insigmunt.
3075 2892 3304 2958 Quarum
3337 2891 3512 2958 prima
3532 2899 3610 2943 est
3629 2888 3682 2941 ab
3695 2885 3816 2939 Adam

2301 2997 2467 3053 usque
2494 2985 2558 3039 ad
2589 2985 2733 3052 Noe;
2768 2988 2999 3041 secunda
3024 3001 3051 3040 a
3098 2985 3209 3040 Noe
3250 2997 3422 3055 usque
3476 2985 3546 3038 ad
3587 2981 3816 3044 Abraham;

2301 3077 2458 3130 tertia
2489 3077 2557 3130 ab
2588 3077 2854 3131 Abraham
2880 3092 3049 3147 usque
3077 3079 3142 3131 ad
3178 3077 3376 3143 David;
3424 3086 3613 3147 quarta
3644 3091 3670 3130 a
3703 3072 3819 3128 Dand

2300 3182 2472 3238 usque
2501 3170 2565 3223 ad
2614 3169 3137 3238 transmigratiouem
3177 3168 3491 3239 Babyloniae
3547 3169 3616 3241 [in
3652 3164 3820 3236 Babilo-

612 3278 711 3318 nos
758 3262 1006 3327 Christo,
1039 3261 1195 3330 cujus
1234 3260 1406 3330 gratia
1450 3274 1637 3314 sumus
1675 3258 1811 3312 salvi
1853 3257 1999 3312 facti.
2042 3257 2199 3326 Quod
2226 3240 2273 3305 ί)
2303 3263 2501 3335 niam];
2531 3265 2716 3333 quinta
2746 3264 2943 3319 deinde
2983 3278 3152 3332 usque
3185 3262 3252 3316 ad
3300 3240 3564 3317 humilem
3602 3261 3824 3315 adventum

612 3354 753 3408 enim
786 3353 872 3409 hic
899 3352 1073 3419 dixit,
1100 3351 1496 3408 conviviticavit
1521 3365 1618 3405 nos
1648 3348 1862 3405 Christo
1885 3393 1900 3417 ,
1935 3349 2037 3403 hoc
2063 3349 2202 3404 dixit

611 3446 678 3499 ad
702 3445 1044 3510 Corinthios,
1082 3453 1140 3500 ut
1164 3444 1256 3516 qui
1301 3445 1496 3499 vivunt
1528 3444 1639 3514 jam
1690 3458 1798 3499 non
1843 3440 1942 3496 sibi
1993 3440 2199 3509 vivant,

611 3537 706 3592 sed
737 3537 788 3592 ei
835 3539 924 3608 qui
965 3554 1062 3607 pro
1102 3537 1232 3606 ipsis
1267 3548 1512 3592 mortuus
1547 3545 1630 3592 est
1671 3545 1726 3591 et
1772 3537 2103 3601 resurrexit;
2146 3541 2203 3590 et

613 3632 757 3701 quod
798 3633 887 3687 hic
915 3633 1074 3698 dicit,
1106 3633 1262 3702 cujus
1310 3633 1478 3701 gratia
1522 3647 1712 3687 sumus
1740 3633 1875 3686 salvi
1916 3632 2066 3695 lacti,
2091 3631 2203 3700 jam

612 3724 758 3776 velut
782 3721 1071 3789 pedectum
1094 3723 1167 3776 sit
1189 3725 1423 3791 loquitur
1450 3724 1593 3790 quod
1621 3724 1674 3776 in
1702 3737 1796 3791 spe
1828 3732 1992 3778 tenet.
2025 3723 2159 3775 Nam
2180 3763 2199 3791 ,

619 3815 761 3884 quod
793 3815 955 3882 paulo
975 3823 1098 3868 ante
1119 3815 1560 3880 commemoravi,
1588 3815 1925 3883 apertissime
1955 3815 2082 3869 alibi
2121 3815 2203 3869 di-

618 3908 834 3978 cit,spe
873 3907 1018 3962 enim
1057 3906 1188 3961 salvi
1227 3906 1353 3960 iacti
1381 3921 1587 3959 sumus.
1619 3905 1728 3976 46
1756 3905 1988 3975 Ideoque
2029 3916 2083 3961 et
2118 3905 2206 3963 hic

615 4005 876 4073 sequitur,
901 4011 957 4058 et
987 4013 1235 4072 tanquam
1266 4001 1559 4072 perfectum
1583 4010 1864 4056 enumerat
1891 4001 2032 4071 quod
2062 4000 2206 4056 futu-

615 4114 734 4154 rum
763 4105 866 4153 est.
893 4098 958 4151 Et
987 4097 1166 4163 simul,
1192 4097 1384 4166 inquit,
1408 4095 1717 4162 suscitavit,
1746 4105 1800 4150 et
1823 4095 1982 4150 simul
2016 4096 2206 4153 sedere

615 4192 744 4248 fecit
772 4193 824 4247 in
861 4191 1174 4246 coelestibus
1208 4191 1262 4244 in
1305 4189 1525 4245 Christo
1563 4189 1711 4246 Jesu.
1751 4187 1910 4244 Certe
1963 4189 2106 4244 enim
2149 4188 2206 4245 in

615 4285 928 4341 ctnlestibus
950 4284 1199 4338 Christus
1238 4283 1352 4351 jam
1388 4282 1561 4348 sedet,
1593 4281 1836 4336 nondum
1865 4289 2039 4335 autem
2083 4297 2202 4350 nas,

618 4377 714 4430 sed
745 4378 870 4444 quia
895 4392 991 4443 spe
1030 4386 1176 4430 certa
1208 4376 1351 4446 quod
1390 4377 1627 4430 futurum
1673 4388 1756 4432 est
1784 4376 1894 4446 jam
1935 4384 2204 4445 tenemus,

621 4467 782 4522 simul
809 4468 1002 4523 sedere
1031 4482 1130 4522 nos
1153 4468 1289 4522 dixit
1315 4469 1367 4522 in
1399 4468 1726 4532 ctelestibus,
1759 4468 1995 4523 nondum
2028 4469 2079 4521 iit
2110 4484 2207 4523 no-

623 4559 726 4624 bis,
758 4560 855 4615 sed
887 4561 998 4630 jam
1032 4563 1083 4616 in
1112 4559 1206 4614 illo
1234 4576 1251 4614 :
1283 4574 1511 4628 namque
1550 4574 1617 4614 ne
1662 4568 1876 4627 putares
1911 4561 2020 4626 jam
2067 4573 2208 4616 nunc

2304 3357 2513 3411 Domini
2545 3358 2717 3411 nostri
2748 3356 2873 3413 Jesu
2913 3355 3150 3423 Christi;
3196 3364 3346 3410 seXta
3378 3369 3505 3425 qua:
3552 3366 3670 3408 nunc
3693 3355 3825 3420 agitur

2303 3448 2473 3502 donec
2512 3448 2768 3502 Excelsus
2809 3448 2989 3501 veniat
3033 3447 3098 3501 ad
3149 3446 3435 3516 judicium.
3481 3446 3690 3516 Septima
3725 3455 3825 3495 vero

2303 3541 2616 3610 intelligitur
2642 3541 2694 3594 in
2719 3540 2903 3610 requie
2929 3550 3233 3594 sanctorum
3263 3555 3368 3594 non
3401 3540 3456 3593 in
3492 3540 3586 3593 hac
3621 3538 3734 3597 vita,
3759 3531 3826 3585 sed

2304 3633 2357 3688 in
2381 3635 2504 3700 alia,
2530 3633 2618 3687 ubi
2661 3633 2798 3687 vidit
2836 3632 3258 3703 requiescentem
3295 3648 3581 3702 pauperem
3610 3630 3741 3683 dives
3767 3623 3830 3678 ille

2301 3738 2426 3780 cum
2453 3724 2592 3793 apud
2623 3722 2824 3778 inferos
2864 3731 3222 3794 torqueretur,
3259 3725 3346 3777 tibi
3379 3737 3482 3776 non
3522 3721 3576 3774 ﬁt
3614 3731 3830 3786 vespera,

2304 3819 2430 3887 quia
2465 3819 2642 3872 nullus
2670 3818 2742 3872 ibi
2771 3833 2948 3872 rerum
2976 3817 3219 3872 defectus
3248 3825 3351 3872 est.
3378 3816 3528 3870 Sexto
3563 3811 3642 3866 die
3670 3811 3718 3863 iu
3750 3807 3839 3862 Geo

2307 3913 2422 3968 nesi
2456 3912 2717 3967 formatur
2745 3913 2910 3967 homo
2940 3913 3006 3967 ad
3040 3911 3328 3982 imaginem
3375 3908 3465 3964 Dei
3488 3927 3500 3964 :
3525 3913 3666 3963 sexta
3706 3911 3840 3958 aetate

2305 4007 2488 4062 saeculi
2522 4008 2896 4062 manifestatur
2932 4007 3242 4063 reformatio
3285 4015 3502 4072 nostra,
3538 4003 3592 4058 in
3640 3999 3840 4056 novitate

2308 4097 2502 4154 mentis
2536 4098 2831 4154 secundum
2872 4098 3157 4168 imaginem
3201 4099 3319 4168 ejus
3369 4096 3468 4166 qui
3520 4096 3710 4151 creavit
3751 4103 3835 4154 nos,

2307 4189 2448 4244 sicut
2475 4189 2604 4245 dicit
2633 4189 2943 4258 Apostolus.
2982 4188 3068 4244 Fit
3100 4189 3215 4243 viro
3246 4188 3555 4244 dormiente
3589 4185 3761 4254 conjux
3793 4181 3837 4234 de

2310 4284 2497 4349 latere,
2531 4284 2587 4336 tit
2619 4281 2830 4337 Christo
2869 4283 3132 4338 moriente
3170 4279 3413 4337 Ecclesia
3455 4282 3526 4336 de
3562 4283 3838 4336 sacramertto

2310 4374 2602 4445 sanguinis,
2642 4373 2731 4443 qui
2771 4373 2839 4429 de
2882 4373 3054 4430 latere
3095 4373 3287 4428 mortui
3337 4369 3622 4441 proﬂuxit.
3665 4369 3838 4432 Vocatur

2311 4469 2420 4524 Eva
2451 4470 2579 4534 vita,
2613 4476 2784 4522 mater
2804 4467 3068 4533 vivorum,
3094 4481 3212 4538 qua!
3237 4463 3303 4520 de
3331 4465 3436 4520 viri
3464 4466 3551 4521 sui
3581 4461 3840 4520 lateret-acu

2313 4573 2423 4628 est;
2468 4569 2522 4616 et
2574 4561 2704 4616 dicit
2748 4561 3005 4617 Dominus
3042 4559 3096 4615 in
3141 4558 3478 4630 Evangelii):
3530 4561 3590 4618 Si
3639 4557 3736 4629 quis
3767 4563 3841 4606 non

621 4667 743 4707 esse
774 4654 1068 4722 perfectum
1101 4653 1244 4723 quod
1272 4654 1324 4707 in
1356 4667 1454 4720 spe
1478 4653 1550 4706 ita
1574 4651 1770 4706 dicitur
1797 4662 2045 4721 tanquam
2078 4668 2207 4722 per-
2234 4624 2290 4686 Β
2311 4655 2712 4711 manducaverit
2749 4669 2970 4710 carnem
3015 4668 3188 4711 meam
3232 4661 3290 4710 et
3332 4652 3544 4709 biberit
3595 4649 3841 4715 sanguinem

624 4743 822 4799 fectum
848 4747 936 4807 sit,
961 4754 1122 4814 atque
1154 4756 1210 4799 ut
1240 4745 1511 4814 intelligas
1541 4742 1717 4798 adhuc
1745 4742 2000 4809 futurum,
2025 4745 2207 4813 sequi-

624 4843 711 4891 tur
741 4845 798 4892 et
825 4836 956 4890 dicit
979 4855 998 4891 :
1025 4837 1094 4893 Ut
1131 4838 1436 4893 ostenderet
1464 4837 1516 4891 in
1556 4836 2058 4906 supervenientibus
2103 4852 2208 4892 sae-

623 4930 759 4986 culis
783 4929 1278 4998 superabundantcs
1301 4929 1513 4984 divitias
1538 4929 1725 4999 gratiae
1746 4943 1878 4992 suae,
1896 4929 1948 4983 in
1972 4930 2202 4985 veritate

2311 4762 2519 4811 meum,
2578 4761 2686 4801 non
2735 4745 2953 4801 habebit
3004 4745 3056 4799 itt
3107 4759 3169 4799 se
3211 4736 3396 4807 vitam,
3451 4753 3512 4798 et
3565 4740 3729 4796 omnia
3763 4743 3842 4802 qut

2311 4843 2421 4898 illic
2451 4841 2838 4911 intelliguntur,
2887 4839 3165 4895 enucleate
3200 4833 3627 4906 minutatimque
3658 4836 3844 4887 tractata.

2313 4933 2584 4988 Christum
2620 4943 2674 4989 et
2711 4931 3007 4988 Ecclesiam
3048 4931 3456 5001 praeloquuntur
3499 4928 3622 4980 sive
3661 4925 3708 4977 iit
3743 4913 3848 4971 bouis

626 5020 1008 5094 [benignitate]
1029 5038 1186 5091 super
1219 5037 1339 5089 nos,
1371 5023 1423 5076 in
1449 5022 1662 5078 Christo
1691 5021 1842 5078 Jesu.
1872 5022 2007 5077 llinc
2043 5031 2132 5077 est
2155 5028 2212 5076 et
2311 5027 2636 5082 Christianis
2663 5028 2779 5082 sive
2808 5027 2862 5082 in
2893 5025 3069 5081 malis.
3107 5023 3291 5093 Neque
3333 5020 3489 5075 enim
3537 5020 3730 5074 frustra
3762 5008 3855 5066 dixit

626 5116 756 5170 illud
784 5133 800 5169 :
827 5113 964 5170 Cum
993 5115 1139 5170 enim
1170 5128 1416 5170 essemus
1457 5114 1512 5168 in
1550 5129 1740 5181 carne,
1769 5115 2048 5185 passiones
2088 5127 2212 5183 pec-

624 5219 866 5263 catorum
898 5225 1017 5280 quin
1048 5225 1143 5279 per
1173 5209 1346 5279 legem
1376 5217 1503 5263 sunt
1540 5208 1902 5278 operahautur
1952 5210 2008 5264 in
2040 5223 2210 5262 mem-

627 5299 739 5356 bris
769 5303 970 5356 nostris
993 5311 1049 5357 ut
1078 5304 1308 5357 lructutn
1337 5300 1542 5356 ferrent
1565 5302 1749 5358 morti.
1779 5299 1854 5356 lta
1882 5302 2025 5356 enim
2054 5301 2208 5369 dixit,

625 5409 748 5448 cum
776 5409 1018 5450 essemus
1047 5395 1106 5450 in.
1124 5409 1310 5464 carne,
1335 5394 1484 5464 quasi
1501 5392 1614 5463 jam
1641 5409 1748 5449 non
1776 5402 1922 5449 esset
1946 5393 2000 5448 in
2025 5408 2204 5461 carne,

628 5487 770 5557 quod
792 5489 866 5542 ita
890 5488 1230 5557 intelligitur:
1252 5487 1383 5543 Cuttt
1407 5501 1652 5542 essemus
1681 5487 1734 5541 in
1767 5502 1861 5555 spe
1889 5502 2066 5541 rerum
2088 5502 2208 5542 car-

627 5583 847 5648 nalium,
882 5582 1094 5651 quando
1119 5582 1205 5638 lex
1227 5597 1348 5652 quae
1376 5580 1584 5648 impleri
1619 5594 1723 5634 non
1753 5588 1928 5649 potest
1957 5581 2057 5634 nisi
2109 5594 2205 5649 per

628 5673 950 5730 charitatem
990 5676 1288 5744 spiritalem
1335 5678 1402 5728 ad
1449 5675 1549 5728 hoc
1598 5688 1758 5742 super
1798 5687 1892 5728 eos
1937 5683 2075 5740 erat,
2115 5689 2207 5743 per

636 5771 1127 5835 prmvaricationem
1164 5778 1225 5824 ut
1267 5769 1564 5826 abundaret
1593 5769 1874 5834 delictum,
1908 5781 1968 5825 ut
2008 5779 2213 5840 postea,

2317 5121 2651 5191 Apostolus:
2705 5120 2874 5175 Adam
2929 5119 3020 5190 qui
3059 5124 3144 5172 est
3181 5115 3352 5169 forma
3389 5112 3595 5177 futuri,
3641 5121 3695 5166 ut
3743 5101 3859 5197 iliudi

2317 5213 2601 5283 Relittquet
2627 5213 2787 5267 homo
2811 5220 3010 5280 patrem
3034 5219 3088 5264 et
3110 5215 3334 5263 matrem
3357 5214 3410 5259 ct
3431 5202 3863 5259 adbznrebitutvn

2316 5317 2448 5368 suae,
2476 5312 2530 5358 et
2557 5309 2714 5358 erunt
2747 5301 2854 5356 duo
2881 5302 2933 5356 in
2963 5314 3124 5355 carne
3152 5312 3278 5352 una.
3316 5291 3738 5350 Sacramentum
3779 5285 3865 5336 huc.

2315 5396 2508 5466 inquit,
2541 5406 2790 5465 magnum
2815 5402 2930 5458 est;
2962 5406 3060 5462 ego
3084 5399 3261 5445 autem
3285 5387 3410 5442 dico
3437 5387 3496 5440 in
3533 5385 3752 5440 Christo
3774 5386 3815 5432 et
3836 5373 3873 5425 in

2318 5489 2597 5552 Ecclesia;
2653 5488 2773 5556 quis
2816 5486 2956 5541 enim
3012 5496 3117 5539 non
3167 5491 3459 5551 cognoscat
3518 5478 3787 5534 Christum
3831 5477 3875 5518 ρο

2317 5582 2478 5636 modo
2507 5580 2786 5650 reliquisse
2809 5579 3043 5644 Patrem,
3069 5576 3156 5648 qui
3181 5587 3302 5629 cum
3330 5572 3386 5627 in
3415 5570 3612 5625 forma
3642 5568 3732 5623 Dei
3752 5565 3879 5618 essu,

2317 5691 2421 5730 non
2446 5676 2681 5744 rapinam
2710 5674 3000 5729 arbitratus
3029 5681 3110 5726 est
3140 5684 3260 5725 esse
3289 5664 3520 5738 aequalis
3557 5667 3694 5727 Deo,
3719 5657 3802 5714 sed

2314 5770 2599 5838 metipsum
2631 5765 2927 5824 exinattivit
2963 5764 3187 5819 formam
3228 5761 3370 5816 servi
3417 5759 3715 5826 accipiens
3741 5793 3755 5818 ,
3794 5746 3891 5838 rein

639 5833 872 5920 revelato
896 5864 1044 5922 Novo
1071 5864 1448 5935 Testamento,
1483 5880 1580 5936 per
1610 5833 2218 5937 indulgentiam-super:-
2313 5833 2496 5934 quisse
2533 5863 2692 5920 etiam
2725 5869 2952 5918 matrem
2993 5869 3316 5929 synagogam
3364 5849 3702 5908 Iudaeorum
3747 5833 3891 5897 νειρεί
