3968 6390
128 315 221 377 669

1353 317 1785 380 ταεεωιωε.
1817 319 1971 378 CAP.
2001 320 2182 378 LVIII.

3287 325 3396 384 670

127 435 462 493 Testamento
524 437 809 496 carnaliter
854 438 1201 496 inhaerentem
1219 480 1234 508 ,
1286 447 1341 496 et
1407 439 1699 495 adhzesisso
1721 439 1778 505 Α
1802 436 1904 491 εείι
1923 443 1978 491 et
2000 435 2239 492 ostendit
2266 433 2528 502 Ecclesia,
2551 435 2810 508 quoniam
2840 438 3020 494 occiso
3047 438 3265 496 Christo
3293 442 3390 498 ad-

126 528 268 584 uxori
308 542 419 585 suae
467 537 666 586 sancta:
710 529 964 588 Ecclesia:
999 550 1012 588 :
1046 540 1103 587 ut
1149 545 1278 602 pace
1321 529 1460 586 Novi
1504 529 1696 585 Testa-

126 620 280 676 menti
308 629 492 677 essent
519 621 626 678 duo
654 623 708 678 in
756 638 918 680 carne
947 641 1071 680 una.
1106 623 1238 693 Quia
1278 638 1401 678 cum
1441 622 1514 677 sit
1558 621 1699 676 Deus

123 713 256 785 apud
283 713 497 771 Patrem
530 731 625 786 per
650 733 811 788 quem
854 717 978 774 facti
1024 732 1230 784 sumus,
1270 715 1446 774 factus
1477 725 1561 772 est
1603 729 1700 787 per

124 819 331 862 carnem
357 807 630 880 particeps
657 810 848 880 nosui,
874 819 931 866 ut
958 810 1104 867 illius
1134 811 1328 881 capitis
1354 825 1552 882 corpus
1578 822 1700 866 esse

123 913 413 971 possemus.

682 1031 913 1092 CAPUT
954 1033 1130 1092 LVIII.

120 1146 263 1212 Quod
285 1144 418 1220 Cain
454 1154 508 1220 et
549 1147 675 1202 Abel
716 1147 848 1202 duo:
889 1150 1105 1219 papulas
1137 1150 1487 1220 ﬁguraverint,
1521 1159 1570 1205 et
1611 1154 1700 1219 qui

179 1218 424 1272 occiderit
468 1217 597 1273 Cain
660 1231 850 1289 septem
891 1217 1426 1277 'uindictas'exsolvet
1458 1239 1478 1287 ;
1512 1225 1589 1277 vel
1626 1217 1701 1280 Vde

178 1289 330 1413 ἒὲθιῖο
353 1291 488 1413 qz‘od
519 1291 690 1414 70;?“
713 1290 854 1346 Deus
874 1292 928 1348 in
959 1291 1132 1361 Cain;
1168 1310 1232 1350 ea;
1260 1295 1434 1350 eodem
1470 1297 1600 1351 libra
1623 1313 1699 1353 xu

243 1377 274 1412 η
303 1377 358 1412 ra
433 1379 525 1414 aus
553 1380 580 1414 ll
643 1400 659 1414 .

243 1377 358 1413 mra
383 1377 416 1413 Γ
433 1377 659 1416 austum.

181 1471 370 1542 Itaque
401 1472 664 1529 occiditur
687 1473 820 1530 Abel
854 1475 1031 1531 minor
1064 1486 1188 1532 natu
1219 1491 1251 1533 a
1280 1477 1450 1534 fratre
1493 1479 1701 1550 majore
1742 1526 1753 1546 ,

114 1570 276 1619 natu:
309 1563 572 1618 occiditur
593 1564 859 1636 Christus,
891 1577 1050 1636 caput
1080 1568 1263 1638 populi
1293 1571 1513 1626 minoris
1547 1581 1698 1641 natu,

110 1671 136 1710 a
164 1655 366 1726 popqu
388 1655 696 1712 Iudaeorum
731 1657 934 1727 majore
960 1670 1108 1714 natu.
1138 1661 1233 1716 llle
1262 1661 1315 1716 in
1339 1676 1563 1733 campo,
1596 1665 1698 1720 iste

109 1746 158 1802 in
187 1745 453 1803 Calvarize
475 1747 615 1802 loco.
641 1748 939 1820 lnterrogat
967 1750 1106 1806 Deus
1127 1750 1283 1819 Cain,
1312 1768 1419 1807 non
1447 1763 1697 1823 tanquam

1802 527 1908 584 huc
1953 541 2210 598 operatur
2253 539 2523 585 terrenam
2573 529 3068 600 circumcisionem,
3117 545 3392 594 terrenum

1803 623 2116 690 sabbatum,
2151 632 2420 680 terrenum
2469 639 2716 698 azymum
2751 667 2765 691 ,
2825 633 3095 681 terrenum
3155 628 3389 696 pascha,

1801 731 1923 787 qua:
1953 713 2130 771 omnis
2159 725 2371 772 terrena
2399 719 2638 788 operatio
2661 717 2820 772 habet
2844 719 3106 772 occultam
3136 720 3389 778 virtutem

1803 807 2172 878 intelligendac
2202 808 2387 878 gratia:
2439 811 2671 876 Christi,
2707 826 2825 881 quae
2857 827 2963 865 non
2994 811 3148 866 datur
3189 811 3390 868 Iudaeis

1802 900 1856 955 in
1907 901 2181 970 impietate
2225 910 2281 955 et
2327 900 2644 957 infidelitate
2703 903 3209 971 perseverantibus,
3264 904 3390 972 quia

1806 989 1958 1046 Novo
1986 990 2336 1047 Testamento
2363 995 2597 1048 revelata
2627 1003 2740 1060 est,
2773 1005 2824 1049 et
2853 1010 2958 1049 non
2992 995 3390 1051 transeuntibus

1801 1087 1867 1141 ad
1897 1085 2214 1141 Dominum:
2251 1103 2355 1141 non
2386 1087 2464 1141 eis
2494 1087 2732 1141 aufertur
2761 1087 3112 1161 [auferretur]
3145 1090 3388 1143 velamen

1801 1181 1946 1252 quod
1977 1181 2029 1236 in
2071 1180 2304 1237 lectione
2341 1181 2550 1236 Veteris
2579 1183 2908 1237 Testamenti
2943 1195 3154 1251 manet,
3184 1185 3304 1253 quia
3336 1185 3390 1242 in

1803 1276 1921 1331 solo
1938 1276 2152 1332 Christo
2179 1286 2487 1343 evacuatur,
2522 1293 2624 1330 non
2658 1277 2768 1347 ipsa
2787 1279 2945 1332 lectio
2969 1278 3176 1334 Veteris
3202 1280 3391 1334 Testa-

1802 1373 1969 1428 menti
2009 1389 2127 1444 qua:
2159 1373 2320 1427 habet
2352 1372 2720 1428 abscoiiditam
2773 1374 3024 1428 virtutem
3052 1413 3067 1440 ,
3118 1373 3211 1428 sed
3246 1377 3389 1428 vcla-

1804 1483 1926 1521 men
1967 1483 2072 1537 quo
2100 1467 2475 1522 absconditur.
2518 1466 2671 1524 Unde
2701 1467 2915 1522 Christo
2946 1469 2997 1522 in
3022 1485 3178 1524 cruce
3208 1484 3388 1539 passo,

1803 1559 1984 1614 velum
2019 1560 2201 1630 templi
2232 1558 2564 1614 conscissum
2599 1568 2706 1624 est,
2736 1569 2793 1612 ut
2826 1575 2918 1628 per
2954 1559 3149 1614 Christi
3187 1561 3387 1629 pa~sio-

1803 1669 1925 1709 nem
1959 1655 2272 1710 revelentur
2301 1635 2507 1708 sEcreta
2539 1665 2997 1708 sacramentorum
3028 1655 3302 1720 fidelibus,
3325 1655 3391 1712 ad

1803 1747 2097 1802 bibendum
2126 1747 2244 1817 ejus
2291 1748 2606 1817 sanguinem
2638 1763 2732 1803 ore
2761 1759 2948 1816 aperto
2979 1749 3030 1801 in
3054 1749 3391 1804 confessione

110 1841 366 1914 ignorans
388 1856 511 1896 eum
543 1857 572 1896 a
601 1857 708 1913 quo
737 1842 928 1909 discat,
953 1844 1050 1899 sed
1083 1853 1330 1916 tanquam
1361 1847 1521 1915 judex
1546 1863 1696 1904 reum
1727 1834 1776 1896 B
1807 1839 2234 1894 transeuntibus.
2312 1839 2601 1909 Propterea
2654 1839 2884 1910 p0pulus
2930 1839 3018 1894 ille
3066 1840 3204 1894 sicut
3259 1839 3390 1896 Cain

106 1948 269 2004 quem
318 1935 526 2004 puniat,
572 1935 664 1991 ubi
712 1937 783 1990 sit
839 1935 1005 1992 frater
1056 1936 1193 2007 ejus.
1255 1938 1551 2008 Respondit
1607 1941 1697 1996 ille

112 2026 326 2082 nescire
356 2042 438 2094 se,
468 2041 566 2082 nec
591 2027 706 2098 ejus
735 2042 856 2084 esse
889 2044 947 2084 se
983 2030 1281 2086 custodem.
1316 2031 1494 2102 Usque
1523 2033 1699 2089 adhuc

101 2119 230 2188 quid
263 2120 420 2176 nobis
448 2120 776 2191 respondent
803 2121 996 2190 Judaei,
1023 2137 1142 2177 cum
1177 2137 1270 2179 eos
1298 2123 1389 2180 Dei
1424 2141 1574 2193 voce,
1596 2126 1696 2182 hoc

103 2222 186 2267 est
233 2221 540 2268 sanctarum
572 2214 971 2282 Scripturarum
1019 2195 1152 2272 Vtica
1196 2218 1588 2288 interrogamus
1630 2219 1699 2274 de

99 2301 352 2370 Christo,
399 2305 502 2358 nisi
555 2305 769 2359 nescire
807 2319 866 2361 se
908 2304 1179 2360 Christum
1231 2322 1390 2375 quem
1438 2310 1699 2364 dicimus?

98 2394 295 2449 Fallax
326 2396 468 2450 enim
495 2394 625 2450 Cain
661 2397 920 2466 ignoratio
971 2396 1282 2452 Judmorutn
1325 2409 1407 2453 est
1435 2399 1566 2454 falsa
1594 2417 1689 2456 ue-

93 2489 290 2557 gatio;
319 2496 503 2542 essent
533 2497 709 2541 autem
737 2489 834 2556 ipsi
864 2488 1260 2556 quodammodo
1289 2487 1486 2546 Christi
1523 2501 1702 2547 custo-

89 2581 223 2646 des,
255 2580 297 2633 si
327 2578 686 2634 Christianam
721 2581 880 2634 ﬁdem
909 2582 1156 2651 accipere
1183 2593 1237 2638 et
1288 2585 1560 2638 cuStodire
1608 2600 1701 2640 vo-

90 2675 349 2729 luissent.
396 2674 528 2728 Nam
561 2675 652 2744 qui
681 2675 915 2730 custodit
954 2676 1004 2729 in
1044 2676 1210 2731 corde
1253 2691 1353 2731 suo
1396 2677 1693 2744 Christum,

91 2782 209 2823 non
235 2766 361 2820 dicit
398 2766 542 2837 quod
565 2768 692 2821 Cain
718 2785 732 2821 :
765 2768 1009 2836 Nunquid
1039 2784 1138 2840 ego
1168 2779 1349 2824 custos
1375 2785 1495 2825 sum
1520 2770 1700 2826 fratris

93 2858 244 2913 mei?
276 2858 413 2912 Dicit
433 2858 575 2913 Deus
603 2859 667 2912 ad
691 2858 822 2914 Cain
845 2878 859 2914 :
889 2860 1025 2927 Quid
1052 2860 1264 2915 fecisti?
1289 2861 1402 2921 Vox
1425 2865 1702 2933 sanguinis

89 2953 289 3009 fratris
318 2953 392 3008 tui
427 2953 622 3009 clamat
647 2954 711 3008 ad
743 2969 827 3009 mc
851 2955 916 3010 de
950 2965 1112 3010 terra.
1159 2955 1250 3010 Sic
1272 2959 1446 3028 arguit
1475 2959 1526 3012 in
1557 2957 1700 3013 Scri-

89 3046 279 3117 pturis
307 3046 510 3101 sanctis
532 3062 633 3101 vox
677 3047 856 3102 divina
905 3049 1147 3106 Iudaeos.
1181 3049 1351 3106 Habet
1397 3052 1542 3106 enim
1587 3066 1700 3106 rna-

85 3157 261 3211 gnam
292 3154 478 3196 vocem
513 3140 709 3195 Christi
747 3141 963 3211 sanguis
1002 3141 1056 3196 in
1094 3150 1260 3210 terra,
1284 3159 1407 3198 cum
1444 3159 1510 3198 eo
1543 3159 1696 3200 acce-

1802 1933 1975 1985 adhuc
2003 1941 2260 2000 operatur
2309 1939 2507 1985 terram
2535 1971 2550 1996 ,
2583 1931 2759 1985 adhuc
2789 1939 3004 1986 exercet
3026 1933 3391 2000 Operationem

1802 2024 1935 2096 legis
1963 2025 2275 2089 carnaliter,
2309 2041 2426 2093 qua:
2460 2041 2564 2078 non
2595 2025 2646 2079 ei
2669 2025 2758 2079 dat
2789 2028 3039 2080 virtutem
3071 2039 3241 2088 suam,
3266 2025 3391 2093 quia

1807 2117 1858 2172 in
1889 2133 1951 2172 ea
1985 2133 2092 2172 non
2140 2117 2390 2186 intelligit
2418 2116 2644 2186 gratiam
2687 2117 2918 2183 Christi;
2949 2127 3227 2186 propterea
3255 2127 3308 2171 et
3336 2117 3391 2172 in

1803 2209 1916 2279 ipsa
1946 2220 2084 2265 terra
2113 2226 2270 2279 quam
2293 2208 2538 2263 Christus
2571 2207 2819 2278 portavit,
2841 2209 2889 2262 id
2915 2217 2996 2263 est
3020 2209 3070 2262 in
3093 2208 3208 2278 ejus
3231 2223 3392 2264 carne

1803 2303 1905 2371 ipsi
1938 2305 2144 2372 operati
2174 2312 2296 2355 sunt
2319 2303 2546 2356 salutem
2579 2311 2818 2354 nostram
2851 2301 3212 2370 erucifigeudo
3236 2301 3392 2356 Chri-

1804 2404 1948 2448 stum
1977 2435 1992 2460 ,
2026 2395 2114 2461 qui
2167 2403 2410 2447 mortuus
2451 2404 2534 2446 est
2574 2402 2792 2462 propter
2822 2393 3015 2447 delicta
3048 2403 3250 2446 nostra.
3283 2393 3391 2448 Nec

1804 2493 1883 2546 eis
1910 2493 2054 2546 dedit
2077 2493 2263 2546 eadem
2297 2503 2435 2546 terra
2463 2491 2717 2545 virtutem
2751 2506 2924 2557 suam,
2952 2490 3074 2560 quia
3101 2504 3206 2542 non
3232 2487 3390 2555 justi-

1804 2587 1946 2640 ficati
1979 2595 2107 2640 sunt
2136 2588 2334 2641 virtute
2365 2587 2774 2641 resurrectionis
2805 2586 2942 2654 ejus,
2971 2587 3059 2656 qui
3104 2583 3394 2642 re~urrevit

1807 2690 2024 2746 prepter
2051 2679 2492 2746 justilicationem
2525 2689 2785 2734 nostram.
2819 2679 2949 2745 Quia
2975 2678 3075 2734 etsi
3105 2677 3393 2732 cruciﬁxus

1803 2779 1887 2825 est
1918 2772 1968 2825 in
2003 2773 2334 2840 infirmitate,
2368 2773 2461 2828 sed
2492 2773 2628 2826 vivit
2657 2772 2709 2826 in
2741 2773 2936 2828 virtute
2963 2771 3077 2838 Dei,
3106 2773 3241 2826 sicut
3270 2769 3393 2828 dicit

1806 2865 2119 2933 Apostolus.
2148 2865 2272 2918 llec
2302 2881 2430 2937 ergo
2458 2875 2539 2920 est
2567 2867 2734 2920 virtus
2757 2876 2911 2921 terra:
2935 2866 3076 2921 illius
3097 2880 3255 2935 quam
3288 2879 3393 2921 non

1813 2959 2052 3010 ostendit
2097 2957 2278 3025 itnpiis
2327 2970 2380 3013 et
2429 2958 2747 3024 incredulis,
2783 2961 2925 3014 unde
2968 2973 3070 3013 nec
3111 2971 3393 3026 resurgens

1803 3051 1882 3104 eis
1908 3065 1937 3103 a
1965 3052 2160 3119 quibus
2192 3061 2308 3106 erat
2334 3052 2624 3107 cruciﬁxus
2650 3053 2939 3122 apparuit,
2975 3063 3226 3121 tanquam
3259 3050 3390 3106 Cain

1803 3146 2045 3214 omranti
2078 3155 2309 3214 terram,
2355 3156 2412 3202 ut
2451 3162 2672 3218 granum
2715 3147 2844 3203 illud
2870 3149 3248 3214 seminaretur,
3286 3162 3392 3201 non

87 3246 185 3304 pto
217 3233 294 3286 ab
322 3232 570 3304 omnibus
592 3232 843 3300 gentibus
867 3235 1228 3303 respondetur
1249 3237 1444 3292 Amen.
1476 3237 1599 3293 llaec
1613 3247 1697 3294 est
1722 3220 1770 3286 (ἶ
1801 3236 2094 3291 ostendens
2122 3238 2313 3293 eadem
2363 3247 2504 3294 terra
2535 3240 2764 3295 fructum
2819 3239 3038 3295 virtutis
3079 3254 3211 3293 sum.
3245 3239 3390 3305 Ουο-

86 3328 246 3380 clara
309 3341 412 3378 vox
470 3326 769 3394 sanguinis,
807 3342 966 3394 quam
1019 3331 1240 3397 sanguis
1283 3331 1398 3398 ipse
1439 3334 1698 3402 exprimit

86 3435 158 3475 ελ
191 3434 296 3473 ore
328 3418 563 3474 ﬁdelium
589 3423 779 3475 eodem
811 3422 1073 3490 sanguine
1102 3423 1525 3493 redemptorum.
1561 3427 1698 3482 Dicit

82 3513 240 3568 Dens
274 3512 341 3566 ad
372 3512 535 3566 Cain:
569 3512 634 3566 Et
664 3528 807 3567 nunc
850 3514 1169 3568 maledictus
1215 3524 1269 3570 tu
1309 3531 1340 3569 a
1387 3527 1527 3571 terra
1577 3535 1698 3588 qua:

87 3608 324 3677 aperuit
349 3623 410 3662 os
449 3622 607 3662 suum
656 3608 904 3676 accipere
941 3609 1258 3678 sanguinem
1296 3613 1479 3666 fratris
1518 3614 1593 3667 tui
1632 3614 1700 3668 de

79 3713 264 3753 mariu
292 3708 399 3765 tua,
431 3699 684 3769 quoniam
712 3699 1030 3767 operabcris
1060 3709 1289 3767 terram,
1323 3711 1380 3758 et
1412 3719 1516 3757 non
1559 3704 1696 3774 adji-

79 3792 204 3844 ciet
234 3793 491 3847 virtutem
523 3808 678 3847 suam
701 3791 830 3848 dare
861 3793 989 3848 tibi:
1015 3809 1237 3863 gemens
1259 3805 1312 3850 et
1332 3804 1566 3852 tremens
1589 3798 1698 3858 eris

75 3883 134 3938 in
175 3892 355 3939 terra.
386 3885 505 3939 Non
547 3884 683 3942 dixit
710 3885 992 3941 maledicta
1035 3895 1196 3950 terra,
1245 3887 1341 3942 sed
1380 3889 1698 3945 maledictus

73 3985 135 4027 tu
164 3988 202 4026 a
245 3983 412 4039 terra,
442 3990 562 4042 qua:
591 3977 802 4043 aperuit
828 3992 890 4031 os
923 3992 1076 4032 suum
1120 3979 1371 4046 excipere
1403 3980 1697 4054 [accipere]

61 4065 421 4132 sanguinem
453 4064 635 4118 fratris
669 4066 746 4120 tui
769 4067 836 4121 de
865 4082 1028 4120 manu
1060 4077 1174 4126 tua.
1206 4070 1520 4127 Maledictus
1549 4075 1694 4127 enim

59 4164 166 4210 est
234 4155 469 4224 populus
523 4155 776 4212 Judaicus
829 4157 1064 4213 infidelis
1111 4175 1142 4214 a
1205 4170 1368 4229 terra,
1410 4164 1462 4217 id
1503 4172 1588 4219 est
1629 4164 1700 4218 ab

64 4246 367 4315 Ecclesia,
391 4263 510 4318 quae
539 4250 750 4317 aperuit
792 4264 854 4303 os
891 4264 1051 4305 suum
1097 4252 1150 4305 in
1187 4253 1527 4309 confessione
1577 4268 1700 4322 pec-

66 4350 345 4394 catorum
397 4339 648 4406 accipere
726 4340 1042 4410 sanguinem
1117 4341 1343 4414 Christi,
1411 4345 1502 4414 qui
1548 4345 1697 4401 fusus

68 4429 286 4487 esP‘in
348 4431 727 4488 remissionem
769 4443 1114 4502 peccatorum
1161 4436 1232 4491 de
1290 4452 1451 4492 manu
1514 4454 1700 4508 perse-

69 4527 320 4590 cutoris,
351 4527 587 4582 nolentis
635 4543 758 4585 esse
784 4529 886 4584 sub
926 4532 1118 4599 gratia,
1169 4532 1266 4586 sed
1309 4533 1410 4588 sub
1456 4535 1592 4605 lege,
1640 4544 1698 4590 ut

1803 3331 1945 3385 niam
1969 3332 2301 3402 operabcris,
2328 3335 2522 3403 inquit,
2550 3342 2770 3400 terram,
2788 3344 2840 3389 et
2865 3349 2969 3387 non
2993 3333 3209 3401 adjiciet
3231 3333 3394 3387 virtu-

1803 3432 1912 3478 tem
1938 3437 2089 3476 suam
2117 3425 2247 3478 dare
2277 3425 2404 3490 tibi;
2427 3440 2648 3493 gemens
2676 3436 2728 3480 et
2760 3435 2991 3478 tremens
3017 3425 3127 3478 eris
3154 3424 3205 3477 in
3231 3434 3391 3480 terra.

1800 3515 1954 3569 Nunc
1981 3532 2107 3570 ecce
2139 3517 2258 3582 quis
2282 3533 2388 3570 non
2421 3517 2617 3580 videat,
2643 3519 2763 3586 quis
2787 3534 2890 3570 non
2919 3527 3171 3582 agnoscat
3200 3518 3252 3569 in
3282 3526 3390 3572 tota

1803 3615 1948 3660 terra
1977 3621 2296 3676 quacunque
2319 3608 2602 3674 dispersus
2630 3618 2711 3662 est
2742 3607 2834 3662 ille
2867 3607 3094 3676 populus
3117 3607 3391 3677 quomodo

1799 3707 1986 3769 gemat
2031 3713 2267 3754 mmroro
2314 3698 2500 3754 amissi
2531 3701 2701 3768 regni,
2732 3708 2787 3754 et
2817 3708 3011 3754 tremat
3059 3701 3251 3754 timore
3289 3699 3388 3754 sub

1806 3789 2289 3846 innumerabilibus
2344 3790 2553 3860 populis
2618 3790 2980 3846 Christianis?
3031 3791 3262 3859 Ideoque
3308 3804 3392 3848 re-

1805 3884 2024 3953 spondit
2051 3883 2181 3937 Cain
2214 3893 2268 3938 et
2293 3883 2462 3938 dixit:
2492 3883 2660 3953 Major
2686 3894 2770 3939 est
2799 3898 2958 3938 causa
2990 3899 3106 3939 mea
3130 3901 3144 3949 ;
3167 3883 3213 3938 si
3245 3883 3394 3952 ejicis

1803 3989 1890 4030 me
1922 3975 2084 4030 hodie
2113 3989 2142 4028 a
2174 3974 2303 4030 facie
2335 3984 2516 4043 terra},
2550 3984 2604 4029 et
2631 3989 2660 4027 a
2703 3975 2838 4030 facie
2870 3984 2957 4028 tua
2984 3975 3306 4038 abscondar,
3339 3984 3394 4030 et

1801 4081 1896 4122 ero
1924 4080 2146 4135 gemens
2172 4075 2228 4120 et
2257 4075 2495 4121 tremens
2521 4081 2683 4135 super
2712 4077 2940 4131 terram,
2975 4075 3026 4120 et
3056 4067 3188 4130 erit,
3217 4067 3393 4120 omnis

1802 4157 1894 4226 qui
1918 4157 2186 4211 invenerit
2217 4172 2326 4224 me,
2351 4157 2562 4212 occidet
2589 4171 2693 4210 me.
2728 4155 2863 4211 Vere
2881 4155 3002 4209 inde
3023 4155 3186 4224 gemit
3213 4166 3265 4208 et
3289 4164 3394 4211 tre-

1803 4249 1903 4302 mit
1935 4263 2004 4302 ne
2035 4287 2052 4314 ,
2084 4263 2250 4316 regno
2291 4249 2453 4302 etiam
2505 4258 2719 4303 terreno
2765 4247 3006 4317 perdito,
3056 4247 3155 4301 ista
3191 4246 3391 4303 visibili

1804 4350 1980 4394 morte
2007 4337 2309 4393 occidatur.
2343 4337 2491 4391 Ilanc
2521 4337 2650 4391 dicit
2681 4337 2939 4408 majorem
2969 4352 3204 4401 causam,
3231 4351 3390 4406 quam

1805 4434 1948 4488 illam
1977 4432 2115 4502 quod
2144 4434 2190 4485 ei
2225 4440 2364 4486 terra
2409 4448 2515 4488 non
2547 4431 2637 4486 dat
2664 4434 2912 4488 virtutem
2945 4450 3094 4490 suam
3120 4476 3135 4501 ,
3169 4449 3237 4488 ne
3277 4433 3390 4504 spi-

1804 4530 2033 4584 ritaliter
2078 4531 2341 4585 moriatur
2403 4548 2416 4584 :
2462 4531 2752 4585 carnaliter
2784 4531 2928 4585 enim
2984 4531 3143 4598 sapit,
3195 4540 3250 4585 et
3295 4529 3392 4585 ab-

71 4633 239 4680 esset
286 4620 354 4675 ab
400 4619 644 4675 Ecclesia
679 4623 1019 4689 maledictus,
1055 4623 1108 4678 id
1145 4634 1230 4680 est
1275 4633 1333 4679 ut
1361 4641 1484 4682 eum
1511 4601 1694 4683 viutel-
1723 4601 1778 4664 Ῑ)
1801 4622 1990 4677 scondi
2018 4639 2047 4677 a
2080 4622 2214 4678 facie
2239 4623 2350 4692 Dei,
2375 4623 2426 4678 id
2453 4634 2538 4679 est
2561 4624 2756 4679 iratum
2783 4623 2981 4678 habere
3015 4623 3203 4688 Deum,
3230 4637 3392 4694 grave

69 4715 289 4786 ligeret
332 4722 387 4768 et
424 4713 735 4768 ostenderet
783 4715 1020 4769 Ecclesia
1065 4717 1445 4786 maledictum,
1479 4718 1692 4774 dicente

69 4805 412 4875 Apusmlo:
486 4804 802 4874 Quicunque
872 4808 1017 4861 enim
1090 4823 1161 4863 ex
1235 4812 1488 4878 Operibus
1554 4812 1690 4882 legis

67 4907 208 4952 sunt
279 4894 385 4948 sub
430 4895 717 4950 maledicto
744 4905 870 4950 sunt
913 4899 1068 4966 legis.
1123 4900 1324 4955 Deinde
1353 4918 1476 4956 cum
1525 4903 1692 4960 dixis-

68 4997 192 5042 set:
248 4983 576 5040 Maledictus
619 4993 675 5038 tu
719 5000 748 5039 a
779 4996 919 5042 terra
944 5003 1062 5054 qua:
1081 4992 1290 5057 aperuit
1321 5007 1384 5046 os
1412 5008 1568 5049 suum
1601 5011 1690 5052 ac-

65 5080 271 5146 cipere
313 5075 625 5146 sanguinem
657 5076 835 5132 fratris
865 5078 938 5132 tui
967 5079 1036 5133 de
1065 5096 1227 5134 manu
1253 5091 1363 5147 tua,
1393 5099 1500 5138 non
1521 5087 1687 5142 dixit:

67 5169 361 5234 Quoniam
391 5168 702 5236 operabcris
731 5182 872 5235 eam,
893 5168 989 5224 sed
1015 5169 1118 5224 ait:
1145 5172 1408 5239 Quoniam
1431 5177 1693 5246 operabc-

64 5262 144 5313 ris
183 5271 431 5326 terram,
463 5269 518 5312 et
545 5273 651 5313 non
676 5259 892 5330 adjiciet
920 5261 1172 5317 virtutem
1208 5279 1360 5319 suam
1391 5265 1521 5322 dare
1573 5269 1688 5325 tibi.

61 5354 175 5426 5.7
213 5351 384 5409 Unde
412 5367 518 5406 non
543 5362 626 5408 est
656 5369 880 5409 necesse
899 5357 1144 5412 eamdem
1164 5367 1359 5414 terram
1383 5361 1686 5434 intelligere

64 5443 310 5516 Oper-ari
337 5441 466 5497 Cain
500 5460 618 5513 qua:
665 5446 872 5514 aperuit
905 5463 965 5503 os
994 5465 1148 5504 suum
1182 5452 1429 5522 accipere
1468 5456 1686 5524 sangui-

65 5554 202 5594 nem
241 5536 432 5590 fratris
463 5537 531 5591 de
561 5553 722 5595 manu
753 5537 887 5609 ejus.
921 5541 1025 5596 Sed
1083 5543 1206 5598 ideo
1247 5545 1566 5599 maledictus
1607 5546 1688 5601 in-

59 5635 352 5704 telligitur
396 5631 464 5686 ab
519 5631 617 5685 hac
663 5641 842 5699 terra,
875 5636 1126 5704 quoniam
1175 5653 1429 5710 operatur
1482 5653 1684 5700 terram

59 5741 191 5795 quae
239 5736 358 5778 non
403 5721 685 5796 [nondum]
717 5723 934 5794 adjiciet
963 5727 1216 5783 virtutem
1247 5746 1396 5787 suam
1425 5733 1554 5790 dare
1578 5737 1678 5791 illi.

58 5817 115 5874 ld
151 5824 286 5882 est,
321 5813 446 5872 ideo
477 5819 730 5888 populum
778 5818 1089 5875 Iudaeorum
1143 5825 1480 5884 maledictum
1513 5844 1679 5898 agno-

1802 4729 1909 4769 non
1935 4723 2107 4784 putat,
2141 4715 2245 4770 nisi
2269 4731 2336 4771 ne
2369 4718 2668 4772 inveniatur
2687 4727 2742 4772 et
2767 4716 3062 4773 occidatur.
3091 4716 3392 4774 Carnaliter

1796 4805 1938 4860 enim
1965 4805 2107 4876 sapit
2138 4814 2389 4874 tanquam
2434 4820 2665 4876 operaus
2714 4816 2910 4861 terram
2952 4807 3104 4876 cujus
3131 4808 3387 4864 virtutem

1801 4912 1906 4952 non
1957 4898 2172 4966 accipit.
2206 4897 2408 4967 Sapere
2439 4904 2618 4951 autem
2669 4898 2965 4953 secundum
2996 4913 3213 4956 carnem
3245 4913 3390 4954 mors

1797 5000 1896 5056 est,
1931 5006 2091 5060 quam
2122 4993 2211 5046 ille
2255 5005 2362 5044 non
2397 4989 2739 5061 intelligens,
2770 4991 2970 5047 amisso
3001 5009 3166 5063 regno
3188 4994 3387 5061 gemit,

1802 5093 1855 5138 et
1878 5084 2216 5152 corporalem
2249 5095 2477 5138 mortem
2509 5084 2709 5139 tremit.
2738 5083 2846 5140 Sed
2875 5086 3001 5155 quid
3033 5087 3080 5140 ei
3111 5083 3390 5152 respondit

1802 5175 1978 5230 Deus?
2006 5175 2123 5229 Non
2161 5175 2262 5240 sic,
2297 5177 2489 5246 inquit,
2522 5178 2698 5234 omnis
2720 5179 2811 5250 qui
2841 5178 3098 5234 occiderit
3125 5175 3254 5231 Cain
3297 5192 3387 5234 se-

1799 5281 1942 5338 ptem
1967 5269 2497 5338 vindictasexsolvet,
2528 5271 2581 5326 id
2604 5282 2686 5326 est
2711 5289 2818 5328 non
2841 5274 2921 5329 sic
2934 5270 3204 5341 quomodo
3225 5271 3386 5339 dicis,

1797 5377 1902 5417 non
1937 5365 2204 5433 corporali
2247 5376 2423 5422 morte
2450 5367 2691 5422 interibit
2715 5381 2887 5436 genus
2929 5365 3151 5434 impium
3194 5379 3388 5421 carna-

1795 5454 1925 5510 lium
1957 5454 2264 5511 Judmorum
2299 5472 2314 5512 :
2339 5457 2644 5529 quicunque
2671 5459 2820 5513 enim
2849 5471 2944 5512 eos
2973 5458 3041 5512 ita
3064 5457 3382 5525 perdiderit,

1795 5557 2002 5616 septem
2049 5547 2311 5603 vindictas
2353 5551 2638 5618 exsolvet,
2689 5548 2740 5603 id
2791 5558 2915 5614 est,
2944 5547 3152 5604 auferet
3195 5549 3265 5604 ab
3306 5548 3384 5606 eis

1795 5653 2001 5708 septem
2034 5640 2294 5696 vindictas
2345 5643 2540 5712 quibus
2570 5643 2769 5712 alligati
2817 5651 2941 5697 sunt
2990 5651 3210 5712 pr0pter
3259 5657 3385 5699 rea-

1793 5741 1904 5786 tum
1931 5733 2098 5788 occisi
2123 5732 2364 5802 Christi,
2393 5744 2451 5791 ut
2485 5737 2588 5791 hoc
2618 5745 2731 5790 toto
2760 5743 3002 5806 tempore
3028 5735 3169 5807 quod
3200 5745 3383 5806 septe-

1793 5829 1942 5884 nario
1962 5827 2172 5886 dierum
2200 5843 2429 5888 numero
2454 5829 2686 5888 volvitur
2702 5869 2718 5896 ,
2743 5829 2912 5900 magis
2933 5827 3057 5900 quia
3081 5844 3188 5884 non
3212 5829 3377 5885 inter
