3968 6390
648 344 746 397 671
1722 333 1783 385 D.
1806 327 2129 386 EUGYPPII
2158 327 2446 384 ABBATIS
2477 325 2800 384 AFRICANI
3355 388 3366 395 ο
3806 334 3877 389 57.3

639 463 687 517 it
727 475 861 530 gens
891 459 1106 525 Judaea,
1135 459 1264 512 satis
1307 462 1559 524 appareat
1609 451 1857 506 ﬁdelibus
1906 450 2230 506 Christianis
2261 453 2316 514 Α
2341 448 2400 501 fit
2431 448 2699 517 particeps
2728 446 2982 516 profanus
3010 447 3101 501 aut
3129 445 3355 517 quilibet
3385 460 3550 515 quem
3583 445 3667 502 fas
3709 464 3798 504 non
3821 468 3876 509 est

639 563 809 621 quam
841 549 1233 617 subiectionem
1279 551 1592 600 meruerunt
1617 541 1956 618 [meruerint]
2001 544 2089 612 qui
2137 557 2231 597 su-
2341 539 2479 596 fieri.
2513 540 2570 594 ln
2601 556 2706 610 quo
2733 549 2908 595 autem
2941 541 3134 594 horum
3158 539 3267 594 Deo
3295 539 3798 609 displicueritCain,
3822 547 3872 601 fa-

642 643 818 712 perbo
842 657 1006 712 regno
1029 641 1316 695 Dominum
1349 637 1754 694 interfecerunt.
1788 638 1856 692 Et
1880 638 2061 708 posuit
2090 637 2236 693 Deus
2337 631 2438 686 cile
2467 646 2572 687 non
2601 641 2777 702 potest
2797 630 3155 697 inveniri,sed
3178 629 3686 700 quoniamJoannes
3710 647 3869 704 aposto-

638 740 704 793 ‘jn
737 737 868 791 Cain
897 736 1125 805 signum,
1150 749 1219 788 ne
1249 749 1370 790 eum
1400 733 1608 789 occidat
1635 733 1811 788 omnis
1837 733 1925 802 qui
1949 733 2230 788 invenerit.
2338 725 2420 780 ius
2447 739 2566 779 cum
2591 724 2656 780 de
2686 725 2771 779 his
2793 724 3044 779 fratribus
3071 725 3419 793 loqueretur:
3450 723 3574 778 Non
3605 723 3734 780 sicut
3754 727 3863 792 Cain,

639 829 761 884 Hoc
808 842 996 882 revera
1045 827 1271 881 multum
1339 826 1586 882 mirabile
1649 836 1731 882 est
1779 827 2230 896 quemadmodum
2338 821 2533 890 inquit,
2567 821 2656 889 qui
2683 833 2748 874 ex
2774 818 3006 889 maligno
3037 824 3156 872 erat
3184 826 3238 872 et
3265 815 3464 872 occidit
3498 817 3715 873 fratrem
3735 834 3863 884 suum,

638 938 836 977 omnes
861 932 1048 991 gentes
1089 938 1209 992 qum
1237 937 1267 977 a
1300 922 1557 976 Romanis
1583 922 1877 992 subjugatae
1907 935 2031 981 sunt
2068 927 2123 980 in
2163 927 2238 983 ri-
2338 921 2392 967 εί
2421 913 2572 982 cuius
2603 913 2679 967 ι’θί
2707 913 2875 982 gratia
2921 910 3147 977 θεοίάίῑν
3178 909 3302 980 quia
3325 924 3496 979 09°”
3530 910 3673 966 iuius
3693 913 3860 981 maligni

637 1025 754 1069 tum
784 1015 1148 1070 Romanorum
1174 1031 1452 1071 sacrorum
1487 1016 1820 1081 transierint,
1858 1032 2030 1086 eaque
2060 1019 2225 1074 sacri-

2337 1003 2579 1070 fuerunt,
2631 1002 2808 1058 fratris
2853 1011 3030 1058 autem
3077 1002 3195 1071 ejus
3237 1001 3417 1070 justa,
3474 1001 3636 1056 datur
3697 1003 3859 1072 intelligi

638 1107 782 1177 iegia
811 1109 1144 1164 observanda
1171 1119 1223 1164 et
1251 1109 1569 1176 celebranda
1602 1110 1959 1180 susceperint,
1986 1127 2116 1181 gens
2140 1129 2225 1171 au-

2336 1106 2621 1169 pmpterea
2653 1099 2816 1155 Deum
2849 1112 2955 1152 non
2983 1095 3287 1167 respexisse
3311 1096 3365 1151 in
3395 1110 3604 1151 munus
3635 1094 3755 1165 ejus,
3779 1098 3855 1165 quia

639 1209 753 1254 tem
783 1200 990 1267 Judtea,
1022 1201 1136 1255 sive
1163 1200 1262 1254 sub
1286 1200 1509 1270 paganis
1538 1201 1774 1270 regibus,
1808 1201 1922 1257 sive
1949 1204 2049 1259 sub
2077 1203 2225 1262 Chri-

2338 1188 2442 1245 hoc
2483 1191 2600 1260 ipso
2629 1191 2769 1246 male
2820 1189 3130 1256 dividebat,
3179 1188 3314 1245 dans
3343 1188 3459 1244 Deo
3491 1189 3690 1258 aliquid
3730 1203 3852 1256 suum,

634 1293 854 1357 stianis,
890 1309 995 1347 non
1020 1293 1263 1348 amiserit
1285 1293 1496 1363 signum
1522 1294 1657 1364 legis
1684 1309 1795 1349 suae
1821 1311 1926 1366 quo
1953 1313 1981 1351 a
2023 1301 2234 1358 caeteris
2337 1280 2439 1336 Sibi
2469 1290 2646 1336 autem
2666 1323 2679 1346 ν
2713 1281 2947 1351 “ipsum
2968 1322 2982 1347 ν
3024 1280 3166 1352 quoa
3195 1295 3383 1335 omnes
3414 1281 3553 1335 ίθειί
3601 1290 3713 1334 sum
3744 1279 3854 1351 [θέω-

645 1385 894 1454 gentibus
918 1385 1236 1454 populisque
1266 1386 1609 1455 distinguitur
1634 1429 1648 1452 ,
1680 1396 1736 1441 et
1778 1389 1955 1444 omnis
1988 1391 2230 1460 impera-

633 1483 728 1527 tor
760 1473 840 1528 vel
872 1490 964 1529 rex
990 1478 1078 1544 qui
1111 1491 1204 1530 eos
1227 1476 1278 1529 in
1309 1491 1475 1545 regno
1495 1492 1593 1530 suo
1618 1478 1839 1543 invenit,
1868 1494 1989 1534 cum
2013 1483 2130 1550 ipso
2153 1484 2230 1538 si—

638 1582 748 1635 gno
780 1581 872 1620 eos
901 1567 1108 1621 invenit
1138 1582 1236 1622 nec
1267 1568 1490 1635 occidit,
1527 1568 1576 1622 id
1606 1580 1686 1627 cat
1713 1583 1818 1624 non
1849 1570 2010 1626 efficit
2038 1582 2094 1626 ut
2125 1589 2232 1630 non

639 1659 749 1712 sint
794 1657 964 1712 Judaei
993 1675 1005 1710 :
1036 1668 1182 1713 certo
1227 1659 1456 1728 quodam
1488 1670 1542 1715 et
1571 1662 1789 1730 proprio
1818 1676 1928 1717 suae
1979 1665 2231 1721 observa-

641 1750 801 1805 tionis
833 1753 985 1820 signo
1013 1768 1043 1805 a
1073 1762 1389 1807 caeterarum
1433 1754 1672 1821 gentium
1703 1758 2088 1813 communione
2116 1759 2230 1814 dis-

2335 1372 2482 1443 runt]
2511 1375 2600 1444 qui
2630 1389 2738 1430 non
2766 1375 2882 1441 Dei,
2904 1374 2998 1430 sed
3021 1389 3172 1429 suam
3195 1383 3470 1429 sectantes
3499 1376 3802 1436 voluntatem,
3821 1373 3852 1427 id

2336 1473 2420 1519 est
2450 1463 2560 1536 48
2588 1481 2697 1520 non
2725 1475 2873 1521 recto
2895 1465 2990 1521 sed
3021 1481 3278 1533 perverso
3301 1466 3471 1521 corde
3502 1466 3747 1526 viventes,
3767 1464 3850 1519 ofe-

2335 1569 2459 1613 runt
2509 1569 2684 1615 tamen
2713 1558 2824 1614 Deo
2851 1574 3046 1615 munus
3075 1573 3182 1630 quo
3214 1566 3398 1628 putant
3427 1574 3560 1613 eum
3601 1559 3788 1622 redimi,
3816 1569 3851 1610 ut

2333 1664 2520 1704 eorum
2551 1666 2655 1707 non
2687 1653 2978 1723 opituletur
3002 1653 3256 1707 sanandis
3301 1653 3495 1722 pravis
3525 1653 3848 1722 cupiditatibus.

2335 1743 2428 1797 sed
2451 1744 2747 1813 explendis.
2775 1744 2843 1800 Et
2879 1747 2979 1800 hoc
3007 1755 3090 1800 est
3122 1755 3349 1800 terrenae
3381 1747 3657 1817 proprium
3687 1747 3849 1800 civitatis

640 1842 810 1906 creti,
839 1842 942 1898 nisi
972 1843 1271 1912 quicunque
1302 1860 1488 1900 eorum
1520 1847 1586 1901 ad
1618 1844 1887 1902 Christum
1921 1851 2225 1921 transierit,

2337 1833 2502 1889 Deum
2549 1836 2631 1891 vel
2661 1836 2792 1892 deos
2822 1837 2998 1892 colere
3053 1856 3064 1890 :
3105 1836 3297 1907 quibus
3328 1837 3700 1907 adjuvantibus
3723 1847 3850 1907 mea

639 1937 826 2006 utjam
873 1951 978 1990 non
1011 1938 1314 1992 inveniatur
1341 1938 1494 2002 Cain,
1529 1953 1629 1994 nec
1668 1950 1825 1995 exeat
1853 1957 1882 1995 a
1915 1942 2049 1997 facie
2092 1942 2226 2012 Dei,

637 2044 745 2084 nec
775 2030 978 2086 habitet
1007 2031 1061 2085 in
1103 2040 1244 2086 terra
1276 2029 1461 2102 Nai‘m;
1491 2033 1634 2101 quod
1663 2033 1857 2088 dicitur
1886 2034 2229 2104 interpretari

645 2122 978 2186 commotio,
1030 2131 1220 2176 contra
1268 2123 1411 2192 quod
1461 2124 1658 2178 malum
1715 2125 1856 2181 Deus
1906 2137 2126 2198 rogatur
2175 2130 2228 2185 in

640 2210 886 2269 Psalmo:
919 2212 996 2268 Ne
1019 2213 1233 2269 dederis
1257 2214 1308 2267 in
1337 2225 1539 2269 motum
1570 2215 1733 2284 pedes
1757 2231 1926 2285 meos,
1959 2228 2014 2275 et
2039 2235 2230 2276 manus

638 2313 982 2373 peccatorum
1011 2319 1118 2360 non
1148 2315 1397 2360 moveant
1426 2321 1534 2362 me.

1229 2443 1457 2499 CAPUT
1498 2444 1633 2500 LIX.

634 2533 792 2598 Quod
819 2534 1033 2588 diversis
1078 2537 1246 2610 modis
1272 2538 1429 2610 possit
1474 2538 1727 2605 intelligi:
1761 2541 1823 2594 Si
1854 2553 1985 2596 recte
2015 2543 2224 2610 o/feras,

707 2615 841 2679 recte
866 2615 1036 2679 mitem
1063 2623 1166 2660 non
1193 2607 1417 2674 dividas,
1449 2611 1688 2679 peccasti,
1723 2627 1785 2664 ea:
1811 2613 1937 2666 libro
1964 2607 2119 2668 xv'de
2145 2607 2229 2672 Ci?

716 2678 873 2730 vitate
903 2676 1022 2730 Dei.

707 2769 842 2828 Cum
873 2771 1015 2827 Deus
1044 2773 1254 2830 locutus
1283 2783 1367 2830 est
1395 2775 1460 2830 ad
1500 2776 1633 2831 Cain
1673 2793 1738 2833 eo
1770 2793 1922 2833 more
1953 2793 2057 2848 quo
2105 2792 2228 2835 cum

638 2863 834 2932 primis
884 2863 1192 2920 hominibus
1233 2882 1325 2935 per
1369 2878 1671 2923 creaturam
1722 2870 2019 2938 subjectam
2084 2869 2230 2924 velut

639 2970 832 3010 eorum
863 2958 1044 3012 socius
1074 2957 1246 3012 forma
1264 2973 1497 3030 congrua
1527 2961 1867 3030 loquebatur,
1898 2961 2025 3030 quid
2046 2962 2093 3017 ei
2117 2976 2231 3031 pro-

634 3047 777 3102 fuit?
826 3048 1016 3104 Nonne
1065 3061 1382 3120 conceptum
1430 3053 1605 3108 scelus
1659 3054 1711 3107 in
1766 3054 2009 3108 necando
2065 3054 2230 3110 fratre

636 3141 801 3192 etiam
849 3149 969 3208 post
1000 3144 1224 3196 verbum
1274 3143 1470 3197 divina:
1520 3143 1907 3199 admonitionis
1958 3145 2228 3213 implait?

2336 1927 2389 1980 in
2414 1926 2654 1982 victoriis
2675 1936 2729 1983 et
2753 1943 2882 1996 pace
2917 1939 3150 1992 terrena,
3175 1943 3281 1984 non
3299 1928 3568 1986 charitale
3587 1930 3849 1992 consulendi,

2334 2018 2430 2074 sed
2459 2019 2774 2075 dominandi
2795 2021 3108 2091 cupiditate.
3145 2022 3276 2076 Boni
3307 2023 3512 2091 quippe
3539 2023 3602 2077 ad
3630 2025 3717 2076 hoc
3741 2031 3852 2075 utun-

2335 2119 2423 2164 tur
2468 2112 2668 2167 mundo
2700 2120 2758 2166 ut
2787 2112 3030 2176 fruantur
3063 2113 3171 2167 Deo
3198 2157 3212 2180 ,
3244 2112 3374 2167 mali
3419 2123 3590 2168 autem
3637 2122 3792 2168 contra
3816 2120 3852 2163 ut

2331 2202 2576 2256 fruantur
2601 2206 2799 2259 mundo
2831 2205 2906 2258 uti
2956 2204 3146 2259 volunt
3177 2189 3313 2269 Deo,
3341 2205 3428 2274 qui
3466 2214 3631 2259 tamen
3662 2218 3773 2258 eum
3796 2201 3856 2255 vel

2333 2308 2451 2348 esse
2479 2294 2560 2349 vel
2583 2310 2671 2350 res
2699 2296 2960 2352 humanas
2991 2311 3181 2352 curare
3202 2297 3312 2365 jam
3335 2296 3566 2359 credunt;
3597 2302 3708 2350 sunt
3733 2294 3855 2349 enim

2331 2387 2501 2442 multo
2521 2389 2816 2444 deteriores
2844 2389 2934 2458 qui
2957 2403 3025 2444 ne
3047 2389 3149 2443 hoc
3176 2389 3391 2458 quidem
3421 2387 3645 2443 credunt.
3665 2385 3855 2455 Cognito

2331 2479 2509 2550 itaque
2530 2479 2663 2535 Cain
2689 2481 2830 2551 quod
2853 2497 3012 2551 super
3039 2481 3157 2552 ejus
3180 2482 3424 2553 germani
3447 2478 3761 2544 sacrificium,
3781 2491 3847 2531 nec

2330 2588 2495 2643 super
2525 2590 2680 2630 suum
2708 2578 3007 2645 respexerit
3037 2574 3210 2640 Deus,
3255 2575 3444 2643 utique
3474 2573 3678 2627 fratrem
3702 2570 3840 2624 bonum

2332 2677 2569 2722 mutatus
2597 2669 2820 2733 imitari,
2841 2683 2946 2723 non
2971 2668 3141 2724 elatus
3170 2667 3354 2723 debuit
3379 2667 3636 2730 aemulari,
3662 2663 3736 2719 sed
3759 2676 3842 2715 con-

2332 2760 2574 2815 tristatus
2603 2770 2707 2829 est,
2758 2773 2813 2818 et
2851 2761 3085 2817 concidit
3111 2761 3286 2815 vultus
3313 2760 3455 2830 ejus.
3491 2759 3601 2814 Hoc
3639 2765 3839 2828 peccatum

2332 2854 2564 2909 maxime
2593 2856 2769 2924 arguit
2797 2855 2962 2920 Deus,
2999 2854 3267 2908 tristitiam
3298 2854 3362 2907 de
3395 2853 3618 2907 alterius
3651 2848 3839 2908 bonitate,

2328 2957 2385 3004 et
2409 2947 2510 3003 hoc
2549 2948 2761 3013 fratris;
2797 2947 2901 3002 hoc
2928 2948 3123 3017 quippe
3149 2945 3441 3016 ,arguendo
3469 2939 3768 3010 interrogavit
3785 2937 3840 2989 di-

2331 3053 2460 3093 cens
2493 3057 2505 3091 :
2537 3039 2711 3105 Quare
2743 3037 2985 3093 tristatus
3034 3051 3093 3091 es
3119 3077 3135 3102 ,
3183 3046 3237 3092 et
3280 3049 3450 3106 quare
3480 3032 3698 3089 concidit
3729 3027 3841 3081 iacies

2334 3133 2456 3186 tua?
2477 3132 2600 3201 quia
2627 3132 2770 3187 enim
2802 3130 2954 3186 fratri
2997 3129 3292 3196 invidebat,
3326 3129 3476 3184 Deus
3510 3126 3704 3181 videbat
3719 3130 3758 3176 et
3776 3121 3841 3172 hoc

638 3228 770 3284 Nam
802 3245 925 3285 cum
955 3235 1220 3289 sacrificia
1250 3235 1598 3290 discrevisset
1625 3235 1934 3301 amborum,
1986 3238 2037 3290 in
2083 3236 2222 3292 illius

2332 3223 2610 3293 arguebat.
2643 3223 2774 3277 Nam
2827 3222 3133 3277 hominibus
3177 3220 3370 3290 quibus
3421 3216 3754 3275 absconditum
3786 3216 3843 3264 est

638 3325 958 3393 respiciens,
991 3325 1148 3395 hujus
1189 3327 1689 3396 despiciens,quod
1738 3343 1844 3382 non
1872 3329 2221 3384 dubitandum

637 3426 726 3476 est
755 3422 990 3487 potuisse
1013 3420 1265 3488 cognosci
1289 3421 1443 3490 signo
1485 3421 1666 3491 aliquo
1695 3429 1984 3476 attestante
2004 3421 2221 3487 visibili,

634 3521 692 3568 et
720 3511 819 3568 hoc
851 3512 971 3567 ideo
1001 3511 1217 3568 fecisset
1244 3511 1384 3567 Deus
1405 3513 1528 3582 quia
1554 3514 1692 3567 mala
1714 3524 1867 3569 erant
1895 3528 2056 3582 opera
2083 3515 2220 3584 ejus,

634 3600 820 3655 fratris
851 3617 975 3656 vero
1005 3601 1122 3670 ejus
1152 3601 1290 3656 bona
1311 3644 1325 3668 ,
1378 3604 1727 3659 contristatus
1756 3613 1838 3658 est
1867 3603 2000 3658 Cain
2031 3604 2186 3658 valde
2206 3644 2220 3669 ,

635 3703 697 3748 et
716 3695 948 3746 concidit
972 3693 1132 3748 facies
1147 3694 1282 3762 ejus.
1304 3695 1393 3750 Sic
1414 3696 1558 3750 enim
1583 3699 1840 3766 scriptum
1863 3708 1974 3753 est:
1999 3699 2065 3752 Et
2085 3699 2225 3752 dixit

641 3782 786 3835 Deus
816 3782 883 3835 ad
910 3781 1041 3835 Cain
1077 3801 1090 3834 :
1118 3784 1294 3849 Quare
1318 3785 1486 3838 tristis
1509 3786 1679 3841 factus
1712 3803 1801 3852 es,
1837 3798 1887 3843 et
1913 3804 2077 3856 quare
2098 3803 2225 3844 con-

638 3873 772 3929 cidit
802 3874 966 3928 facies
1000 3882 1085 3928 tua
1109 3875 1130 3927 ?
1159 3874 1349 3931 Nonne
1378 3878 1421 3930 si
1449 3887 1595 3932 recte
1621 3879 1838 3949 oiieras,
1873 3892 2014 3936 recte
2043 3891 2224 3937 autem

640 3981 749 4021 non
780 3965 989 4020 dividas
1013 4009 1027 4034 ,
1065 3967 1296 4034 peccasti
1322 3968 1343 4019 ?
1371 3967 1587 4037 quiesce
1610 4010 1625 4035 ,
1659 3969 1724 4023 ad
1753 3979 1804 4024 te
1833 3972 1972 4025 enim
2003 3985 2228 4028 conver-

641 4060 726 4116 sio
749 4061 866 4129 ejus
885 4104 900 4131 ,
928 4070 979 4115 et
1012 4069 1066 4115 tu
1094 4042 1637 4117 dominaberisillius.
1667 4064 1722 4117 ln
1739 4063 1838 4119 hac
1863 4065 2225 4124 admonitione

637 4153 725 4208 vel
749 4154 952 4207 monitu
975 4169 1133 4222 quem
1167 4153 1309 4210 Deus
1334 4153 1555 4224 protulit
1577 4154 1643 4210 ad
1671 4155 1826 4223 Cain,
1858 4156 1986 4211 illud
2011 4158 2226 4227 quidem

639 4245 784 4314 quod
813 4245 1015 4298 dictum
1046 4254 1157 4311 est,
1189 4265 1207 4296 ‹
1228 4244 1416 4302 Nonne
1445 4247 1491 4301 si
1521 4257 1668 4304 recte
1699 4248 1922 4315 offeras,
1957 4261 2104 4306 recte
2131 4266 2228 4306 au-

639 4345 750 4390 tem
782 4351 887 4388 non
919 4337 1124 4391 dividas
1155 4339 1434 4405 peccasti?
1465 4358 1484 4391 ι
1521 4342 1644 4409 quia
1677 4355 1780 4395 non
1813 4341 1989 4398 elucet
2016 4358 2109 4399 cur
2139 4345 2226 4401 vel

639 4425 784 4480 unde
804 4427 874 4480 sit
897 4427 1127 4492 dictum,
1159 4430 1355 4484 multos
1387 4445 1576 4485 sensus
1607 4433 1812 4502 peperit
1838 4432 1955 4503 ejus
1985 4435 2229 4492 obscuri-

639 4528 756 4590 tas,
786 4537 903 4576 cum
959 4521 1256 4577 divinarum
1289 4522 1683 4592 Scripturarum
1714 4527 1941 4597 quisque
1973 4536 2228 4586 tractator

2331 3328 2425 3369 cor
2452 3314 2670 3369 alterius
2695 3354 2711 3380 ,
2733 3329 2855 3370 esse
2886 3323 3064 3384 posset
3085 3312 3391 3383 ambiguum
3423 3321 3480 3368 et
3506 3323 3699 3383 prorsus
3717 3306 3842 3358 incer-

2329 3414 2440 3462 tum
2471 3416 2648 3461 utrum
2673 3406 2760 3461 illa
2786 3407 3002 3464 tristitia
3027 3406 3414 3477 malignitatem
3444 3419 3616 3469 suam,
3645 3404 3684 3455 in
3702 3408 3846 3468 quase

2330 3500 2442 3556 Deo
2471 3499 2815 3569 displicuisse
2839 3500 3123 3566 didicerat,
3153 3514 3222 3553 an
3251 3498 3434 3553 fratris
3456 3498 3672 3552 doluerit
3693 3490 3849 3547 bonita-

2330 3603 2472 3658 tem,
2524 3609 2644 3663 quae
2692 3594 2800 3648 Deo
2829 3592 3028 3663 placuit
3055 3607 3176 3646 cum
3223 3594 3275 3645 in
3311 3589 3625 3646 sacrificium
3652 3585 3750 3654 ejus
3773 3594 3850 3635 res-

2331 3684 2572 3754 pexisset
2618 3682 2903 3754 [aspexit],
2938 3683 3032 3738 sed
3077 3683 3342 3737 rationem
3381 3679 3607 3736 reddens
3643 3677 3766 3731 Deus
3789 3686 3854 3724 cur

2331 3776 2448 3846 ejus
2475 3777 2798 3831 oblationem
2831 3777 3078 3846 accipere
3104 3775 3358 3842 noluerit,
3382 3786 3433 3829 ut
3460 3773 3555 3827 sibi
3581 3772 3688 3839 ipse
3714 3768 3857 3836 potius

2331 3869 2525 3922 merito
2539 3884 2698 3938 quam
2725 3868 2776 3924 ei
2793 3868 2958 3923 frater
2977 3869 3242 3922 immerito
3265 3867 3584 3937 displiceret,
3605 3876 3719 3917 cum
3743 3869 3859 3913 esset

2331 3961 2564 4031 injustus
2593 3977 2700 4018 non
2749 3972 2897 4017 recte
2926 3961 3247 4026 dividendo,
3277 3960 3378 4016 hoc
3407 3969 3488 4015 est
3513 3972 3614 4013 non
3641 3962 3773 4010 recte
3807 3949 3854 3999 vi-

2330 4053 2531 4120 vendo,
2558 4065 2611 4109 et
2641 4056 2893 4126 indignus
2915 4055 3068 4125 cujus
3096 4053 3484 4122 approbaretur
3512 4048 3720 4107 oblatio.
3739 4057 3854 4113 quam

2330 4157 2477 4204 esset
2506 4149 2756 4218 injustior
2783 4148 2925 4218 quod
2966 4147 3183 4202 fratrem
3206 4146 3408 4215 justum
3441 4142 3608 4214 gratis
3633 4137 3852 4194 occidisset

2334 4239 2583 4313 [odisset]
2631 4239 2906 4306 ostendit,
2954 4254 3062 4295 non
3107 4249 3286 4294 tamen
3325 4251 3452 4293 eum
3499 4235 3754 4290 dimittens
3775 4228 3850 4281 sine

2330 4333 2586 4389 mandato
2617 4344 2836 4401 sancto,
2867 4333 3013 4404 justo
3042 4342 3099 4389 et
3119 4333 3262 4388 bono
3293 4348 3308 4385 ε
3337 4331 3606 4398 Quiesce,
3630 4325 3788 4396 inquit,
3809 4317 3850 4370 ad

2330 4435 2384 4481 te
2411 4426 2553 4482 enim
2579 4427 2862 4482 conversio
2881 4427 3018 4497 ejus,
3046 4435 3098 4480 et
3121 4435 3175 4479 tu
3201 4421 3573 4478 dominaberis
3597 4419 3742 4474 illius.
3762 4411 3857 4466 Nun-

2332 4519 2459 4588 quid
2491 4518 2711 4575 fratris?
2735 4520 2892 4574 absit.
2917 4518 3082 4588 Cujus
3105 4518 3265 4587 igitur
3289 4518 3391 4570 nisi
3423 4515 3634 4585 peccati
3658 4512 3679 4564 ’ἒ
3701 4509 3859 4563 Dixerat

641 4612 936 4667 secundum
970 4613 1094 4669 fidei
1123 4614 1362 4684 regulam
1388 4615 1440 4669 id
1469 4627 1696 4670 conatur
1726 4596 2016 4688 exponere.
2060 4622 2225 4679 Recte

2334 4609 2478 4665 enim
2499 4649 2514 4675 ,
2547 4610 2807 4678 peccasti,
2843 4618 2955 4663 tum
2986 4607 3178 4662 deinde
3209 4605 3452 4661 addidit:
3484 4605 3737 4672 Quiesce,
3761 4596 3808 4650 ad
3830 4604 3860 4645 ιε

640 4705 840 4772 quippe
884 4705 1106 4762 offertur
1137 4708 1461 4764 sacriﬁcium
1504 4724 1624 4764 cum
1653 4710 1878 4766 offertur
1924 4713 2032 4767 Deo
2060 4729 2220 4780 vero,

638 4796 730 4852 cui
754 4797 838 4850 uni
873 4802 1242 4855 tantummodo
1288 4802 1701 4858 sacrificandum
1749 4813 1851 4860 est.
1882 4805 1996 4860 Non
2044 4817 2222 4864 autem

638 4901 788 4949 recte
810 4892 1060 4946 dividitur
1089 4896 1212 4948 dum
1245 4911 1350 4951 non
1392 4897 1770 4953 discernuntur
1797 4907 1943 4954 recte
1974 4900 2059 4954 vel
2085 4902 2220 4970 loca,

640 4987 729 5041 vel
761 4994 1027 5055 tempora,
1053 4987 1135 5042 vel
1165 5002 1251 5042 res
1281 4988 1412 5058 ipsa:
1462 5007 1581 5060 quae
1631 4991 1926 5047 offeruntur
1952 5037 1966 5060 ,
2000 4997 2083 5049 vel
2133 4998 2222 5065 qui

639 5079 817 5144 offert,
863 5088 919 5134 et
947 5080 1032 5134 cui
1063 5078 1303 5147 offertur,
1355 5081 1439 5137 vel
1474 5082 1527 5136 hi
1557 5083 1749 5152 quibus
1793 5085 1861 5139 ad
1893 5086 2220 5141 vescendum

640 5168 980 5224 distribuitur
1011 5169 1151 5239 quod
1184 5170 1418 5226 oblatum
1447 5183 1550 5240 est,
1582 5183 1639 5226 ut
1663 5173 1979 5229 divisionem
2012 5176 2099 5231 hic
2123 5176 2225 5232 dis-

634 5263 936 5319 cretionem
978 5264 1334 5335 intelligamus
1359 5307 1373 5334 ,
1407 5267 1518 5321 sive
1567 5281 1688 5322 cum
1722 5267 1946 5322 oﬂ'ertur
1977 5268 2068 5322 ubi
2118 5284 2223 5323 non

638 5364 883 5425 Oportet,
931 5365 1020 5410 aut
1050 5359 1190 5426 quod
1237 5370 1343 5411 non
1395 5357 1490 5422 ibi,
1522 5357 1615 5412 sed
1661 5356 1785 5410 alibi
1831 5366 2078 5424 Oportet,
2112 5359 2224 5414 sive

640 5461 764 5503 cum
787 5447 1014 5503 offertur
1043 5449 1255 5517 quando
1284 5463 1394 5501 non
1409 5458 1640 5516 oportet,
1675 5458 1765 5502 aut
1795 5447 1937 5516 quod
1970 5462 2075 5502 non
2099 5457 2223 5502 tunc

640 5541 736 5597 sed
760 5541 893 5594 alias
923 5548 1155 5608 oportet.
1172 5542 1286 5595 sive
1319 5555 1442 5594 cum
1475 5539 1525 5592 id
1549 5537 1771 5594 offertur
1800 5538 1941 5609 quod
1967 5555 2223 5610 nusquam

641 5641 697 5688 et
743 5647 1017 5700 nunquam
1067 5633 1276 5700 penitus
1332 5631 1549 5695 debuit,
1607 5632 1719 5686 sive
1767 5647 1888 5686 cum
1931 5633 2221 5697 electiora,

641 5722 746 5777 sibi
775 5724 1013 5792 ejusdem
1043 5725 1254 5792 generis
1282 5739 1460 5778 rerum
1497 5732 1641 5781 tenet
1691 5724 1856 5777 homo
1903 5739 2062 5792 quam
2104 5733 2227 5777 sunt

643 5829 709 5869 ea
742 5830 857 5883 quae
887 5815 1044 5871 offert
1075 5817 1204 5884 Deo,
1239 5817 1352 5873 sive
1381 5833 1500 5872 cum
1533 5818 1648 5886 ejus
1680 5816 1757 5873 rei
1789 5829 1909 5885 quae
1941 5815 2119 5871 oblata
2145 5824 2227 5871 est

2331 4703 2474 4756 enim
2506 4701 2788 4755 conversio
2811 4701 2948 4770 ejus,
2973 4709 3027 4755 et
3056 4709 3110 4754 tu
3138 4697 3509 4753 dominaberis
3541 4698 3706 4753 illius.
3732 4692 3860 4746 Potest

2328 4794 2543 4864 quidem
2570 4795 2638 4847 ita
2662 4793 2886 4864 intelligi
2909 4793 2975 4848 ad
2998 4793 3172 4862 ipsum
3201 4792 3480 4847 hominem
3504 4789 3858 4847 conversionem

2327 4903 2451 4945 esse
2476 4887 2671 4942 debere
2698 4888 2937 4957 peccati,
2969 4896 3029 4940 ut
3057 4885 3188 4940 nulli
3216 4885 3303 4940 alii
3329 4899 3494 4954 quam
3528 4883 3636 4937 sibi
3666 4881 3781 4936 sciat
3803 4873 3862 4926 tri-

2331 4981 2497 5037 buere
2538 4981 2736 5036 debere
2777 4980 2918 5048 quod
2974 4989 3182 5049 peccat.
3215 4977 3344 5032 Haec
3373 4976 3523 5032 enim
3560 4983 3651 5031 est
3693 4965 3867 5027 salubris

2333 5076 2662 5146 paenitentia:
2690 5074 2954 5129 medicina
2979 5084 3034 5129 et
3063 5074 3233 5128 venia:
3258 5074 3446 5142 petitio
3469 5088 3586 5127 non
3613 5072 3866 5130 incongrm.

2331 5179 2390 5224 ut
2419 5169 2508 5223 ubi
2530 5171 2620 5236 ait,
2657 5167 2721 5221 ad
2753 5177 2803 5223 te
2831 5167 2972 5222 enim
2997 5167 3282 5222 conversio
3303 5167 3438 5236 ejus,
3471 5180 3588 5221 non
3635 5156 3872 5217 subaudia-

2331 5273 2439 5325 tur,
2469 5265 2589 5331 erit,
2624 5263 2714 5316 sed
2743 5263 2831 5330 sit,
2866 5262 3228 5330 praecipientis
3257 5261 3560 5323 videlicet,
3593 5272 3704 5312 non
3735 5246 3876 5321 praedi-

2329 5359 2500 5413 centis
2547 5357 2726 5410 modo.
2762 5355 2923 5409 Tunc
2954 5355 3095 5409 enim
3127 5353 3504 5408 dominabitur
3533 5354 3768 5420 quisque
3791 5354 3881 5411 ρξε’

2331 5458 2452 5504 cato
2473 5493 2486 5515 ,
2518 5450 2562 5502 si
2592 5449 2642 5502 id
2669 5449 2768 5502 sibi
2801 5463 2903 5501 non
2941 5446 3277 5501 defendendo
3311 5444 3683 5514 praeposuerit
3710 5441 3884 5511 [prlil‘i'l'

2331 5539 2540 5609 suerit],
2588 5539 2677 5593 sed
2731 5538 3042 5606 paenitendo
3095 5536 3403 5606 subjecerit.
3458 5536 3726 5604 Alioquin
3769 5523 3890 5583 etil‘i

2329 5634 2525 5689 serviet
2567 5633 2880 5696 dominanti,
2933 5631 2976 5685 si
3011 5631 3370 5701 patrocinium
3423 5627 3748 5682 adhibuerit
3787 5621 3895 5673 accl-

2328 5726 2494 5781 denti.
2528 5726 2632 5781 Sed
2682 5733 2736 5776 ut
2785 5735 3060 5792 peccatum
3106 5721 3438 5790 intelligatur
3473 5707 3898 5784 cancupiscenlia

2328 5817 2442 5887 ipsa
2469 5813 2719 5882 carnalis,
2751 5811 2818 5869 de
2864 5827 2966 5882 qua
2997 5811 3130 5868 dicit
3174 5808 3463 5880 Apostolus
3499 5824 3514 5861 :
3547 5806 3704 5864 Caro
3731 5813 3900 5859 concu-
