3968 6390
93 455 185 518 675
1195 391 1206 414 Υ
1344 445 1786 508 THESAURUS.
1823 448 1980 506 CAP.
2011 443 2127 505 LX.

3257 446 3367 505 674

92 571 231 647 piscit
257 571 522 628 adversus
549 567 813 642 spiritum.
841 568 900 630 ln
929 568 1084 639 cujus
1113 568 1292 623 carnis
1320 569 1584 626 fructibus
1604 579 1660 626 et
1687 574 1740 633 Α
1765 570 1846 640 gis
1867 569 2172 624 admittitur
2183 581 2279 638 per
2290 568 2599 626 universum
2623 559 2810 625 orbem
2839 576 3102 627 terrarum
3123 569 3214 640 qui
3230 584 3363 638 qua-

91 664 326 721 invidiam
353 672 773 730 commemorat,
795 677 896 732 qua
919 662 1104 729 utique
1125 661 1258 716 Cain
1283 662 1660 717 stimulabatur

89 772 135 819 et
155 759 543 816 accendebatur
572 761 626 812 in
656 758 836 812 fratris
866 756 1112 820 exitium,
1153 755 1290 810 bene
1309 754 1662 812 subaudiatur

90 851 410 924 [subauditur
425 848 574 920 erit],
601 849 654 904 id
676 859 758 903 est
779 849 845 904 ad
877 857 927 904 te
940 849 1081 904 enim
1095 849 1381 904 conversio
1399 851 1517 920 ejus
1533 850 1662 918 erit,

85 954 130 998 et
143 942 572 998 tudominaberis
589 942 731 996 illius
747 960 760 1008 ;
776 957 898 998 cum
915 944 1058 998 enim
1078 954 1346 998 commota
1365 945 1522 998 fuerit
1539 959 1664 1014 pars

83 1038 184 1106 ipsa
223 1036 463 1091 carnalis
491 1050 648 1106 quam
671 1045 947 1105 peceatum
974 1035 1210 1104 appellat
1228 1036 1544 1105 Apostolus,
1571 1036 1663 1092 ubi

84 1125 236 1182 dicit:
280 1125 400 1181 Non
428 1141 528 1197 ego
555 1142 755 1196 operor
786 1127 950 1194 illud,
973 1127 1066 1183 sed
1099 1128 1240 1197 quod
1269 1127 1473 1182 habitat
1502 1127 1554 1182 in
1577 1143 1665 1185 me

81 1228 378 1289 peccatum:
409 1235 570 1290 quam
592 1229 800 1291 partem
828 1222 993 1276 animi
1027 1222 1192 1277 etiam
1240 1222 1546 1292 philosophi
1576 1223 1659 1278 di-

79 1321 191 1368 cunt
210 1327 339 1368 esse
362 1313 633 1381 vitiosam,
659 1329 766 1370 non
789 1329 907 1383 quae
931 1325 1168 1370 mentem
1197 1314 1392 1370 debeat
1423 1316 1662 1384 trahere,

77 1405 160 1460 sed
203 1404 296 1458 cui
324 1419 477 1459 mens
523 1405 720 1461 debeat
747 1405 1015 1474 imperare
1067 1421 1292 1477 eamque
1337 1407 1408 1462 ab
1467 1407 1665 1462 illicitis

77 1495 321 1564 operibus
341 1497 550 1552 ratione
575 1497 854 1552 cohibere.
884 1496 1016 1552 Cum
1041 1512 1171 1568 ergo
1201 1507 1470 1554 commota
1499 1497 1663 1554 fuerit

73 1587 130 1642 ad
156 1587 364 1658 aliquid
393 1604 670 1659 perperam
701 1588 1172 1659 committendum,
1203 1593 1246 1647 si
1278 1592 1586 1662 quiescatur
1613 1601 1668 1648 et

73 1681 508 1751 obtemperetur,
559 1683 773 1740 dicente
819 1686 1128 1754 Apostolo:
1181 1684 1260 1741 Ne
1312 1687 1667 1743 exhibueritis

69 1773 306 1827 membra
338 1784 516 1829 vestra
546 1788 691 1830 arma
721 1775 1017 1846 iniquitatis
1047 1785 1301 1847 peccato;
1332 1777 1397 1831 ad
1429 1787 1667 1834 mentem

66 1865 263 1918 domita
297 1875 351 1919 et
381 1867 521 1920 victa
545 1868 895 1932 convertitur,
921 1878 978 1922 ut
999 1867 1230 1923 subditae
1256 1869 1394 1923 ratio
1417 1868 1665 1925 domine-

1768 670 1889 716 tuor
1919 660 2160 730 partibus
2192 663 2518 719 continetur.
2546 663 2739 718 Decem
2767 663 2963 732 quippe
2992 670 3182 734 quater
3203 662 3365 718 ducta

1767 754 2118 824 quadraginta
2153 756 2305 810 fiunt.
2336 756 2463 811 Sive
2495 756 2585 812 ille
2615 765 2796 811 reatus
2824 756 2967 826 quod
2988 759 3054 810 ad
3086 756 3204 811 dies
3235 771 3364 826 per-

1769 844 1903 901 tinet
1928 861 1992 901 ex
2023 861 2204 902 rerum
2237 849 2626 917 prosperitate,
2659 849 2773 904 sive
2797 848 2939 918 quod
2973 849 3040 904 ad
3079 859 3266 903 noctes
3293 862 3364 903 ex

1769 956 1945 997 rerum
1968 942 2291 998 adversitate
2315 952 2622 1000 contractus
2644 945 2736 1013 sit,
2753 953 3090 1002 sacramento
3111 941 3367 1015 baptismi

1771 1034 2011 1090 cmlestis
2035 1034 2291 1090 abluitur.

2377 1146 2603 1204 CAPUT
2636 1147 2753 1208 LX.

1770 1236 1850 1291 De
1879 1239 2166 1308 septenario
2210 1238 2402 1307 requiei
2432 1250 2481 1292 et
2527 1241 2794 1294 octonario
2822 1241 3207 1296 resurrectionis
3259 1257 3363 1294 nu-

1840 1326 2000 1374 mero,
2043 1312 2120 1364 uel
2149 1312 2214 1363 de
2241 1311 2511 1364 emissione
2540 1314 2678 1364 corvi
2726 1321 2774 1364 et
2821 1313 3066 1366 columba:
3094 1329 3112 1366 :
3147 1313 3267 1366 item
3295 1327 3360 1365 ea:

1844 1380 1976 1434 libro
2023 1395 2094 1435 xu
2119 1389 2295 1434 contra
2317 1379 2593 1435 Faustum.

1843 1495 1912 1550 Et
1934 1495 2074 1565 quod
2101 1496 2389 1551 vicesimus
2411 1506 2462 1552 et
2485 1497 2744 1566 septimus
2757 1496 2872 1553 dies
2894 1500 3096 1554 mensis
3125 1513 3366 1554 comme-

1776 1598 2015 1642 moratur
2045 1589 2111 1642 ad
2137 1589 2380 1658 ejusdem
2400 1588 2739 1658 quadratum
2768 1591 3214 1660 significationem
3246 1607 3371 1661 per-

1775 1679 1929 1743 tinet,
1953 1695 2071 1748 qum
2085 1681 2197 1748 jam
2214 1696 2274 1735 ex
2298 1678 2398 1752 [in]
2414 1681 2686 1750 quadratis
2701 1681 2856 1752 lignis
2870 1683 3113 1751 exposita
3141 1696 3240 1738 est.
3259 1683 3374 1740 Sed

1773 1769 1864 1822 hic
1893 1770 2195 1825 evidentius
2239 1772 2362 1840 quia
2404 1787 2500 1826 nos
2541 1774 2605 1827 ad
2637 1788 2797 1828 omne
2829 1788 2964 1842 opus
2993 1775 3188 1828 bonum
3215 1790 3368 1844 para~

1777 1868 1859 1915 tos
1883 1901 1899 1928 ,
1929 1861 1982 1916 id
2014 1870 2098 1916 est
2127 1863 2525 1931 quodammodo
2552 1866 2968 1934 conquadratos,
3001 1867 3236 1922 Trinitas
3259 1882 3371 1937 per.

64 1963 161 2010 tur.
197 1955 320 2011 lloc
353 1958 612 2029 praecepit
644 1959 788 2016 Deus
817 1959 942 2016 huic
979 1961 1070 2031 qui
1101 1960 1310 2016 facibus
1340 1961 1556 2018 invidia
1584 1963 1665 2017 in-
1695 1975 1748 2037 Β
1775 1955 1886 2010 ﬁcit
1917 1957 1969 2010 in
1993 1958 2250 2012 memoria
2280 1973 2384 2028 qua
2406 1959 2573 2014 Deum
2602 1959 2910 2027 recolimus,
2943 1961 2994 2012 in
3021 1960 3378 2030 intelligentia

63 2049 432 2122 flammabatur
466 2055 519 2107 in
566 2053 790 2110 fratrem
818 2095 835 2123 ,
879 2065 934 2110 et
971 2070 1130 2124 quem
1175 2057 1434 2113 debuerat
1460 2057 1663 2115 imitari

60 2145 305 2212 cupiebat
332 2145 532 2200 auferri
568 2163 580 2200 :
628 2149 892 2215 Quiesce,
923 2150 1127 2219 inquit,
1162 2165 1356 2206 manus
1387 2167 1417 2205 a
1448 2153 1660 2209 scelere

58 2239 296 2306 contine,
325 2253 432 2294 non
460 2250 651 2312 regnet
677 2251 962 2312 peccatum
992 2244 1042 2298 in
1069 2245 1289 2300 mortali
1317 2252 1408 2300 tuo
1434 2259 1665 2314 corpore

53 2329 113 2383 ad
139 2332 508 2389 obediendum
531 2337 816 2392 desideriis
842 2339 988 2406 ejus;
1015 2352 1116 2394 nec
1137 2339 1399 2394 exhibeas
1421 2340 1663 2394 membra

51 2432 137 2477 tua
168 2424 484 2494 iniquitatis
526 2444 674 2482 arma
705 2439 964 2498 peccato,
1000 2429 1065 2483 ad
1114 2438 1164 2484 te
1195 2431 1342 2485 enim
1376 2431 1662 2486 conversio

46 2513 199 2581 ejus,
234 2515 361 2568 dum
394 2531 504 2570 non
531 2518 818 2586 adjuvatur
848 2519 1142 2574 relaxando
1162 2563 1174 2586 ,
1210 2521 1307 2576 sed
1333 2521 1664 2590 quiescendo

44 2607 328 2675 frenatur,
365 2617 419 2661 et
450 2617 504 2662 tu
537 2609 902 2665 dominaberis
925 2611 1090 2676 illius,
1123 2621 1179 2665 ut
1208 2627 1331 2667 eum
1361 2613 1665 2670 forinsecus

43 2714 154 2754 non
189 2701 528 2768 permittitur
555 2704 794 2772 operari,
827 2704 926 2758 sub
952 2713 1220 2774 potestate
1248 2707 1445 2760 mentis
1471 2723 1662 2776 regen-

48 2794 117 2847 tis
148 2803 212 2848 et
253 2793 633 2851 benevolentis
675 2805 953 2852 assuescat
982 2797 1146 2852 etiam
1193 2798 1522 2854 intrinsecus
1549 2814 1659 2855 non

45 2885 286 2941 moveri.
321 2886 534 2942 Dictum
575 2895 660 2942 est
694 2890 801 2943 tale
839 2889 1044 2959 aliquid
1078 2892 1131 2944 in
1163 2891 1354 2946 eodem
1385 2892 1566 2947 divino
1596 2893 1661 2947 li-

44 2979 142 3033 bro
168 3020 185 3046 ,
224 2989 284 3035 et
312 2979 381 3035 de
406 2981 631 3036 muliere
651 2982 869 3052 quando
900 2994 1019 3052 post
1046 2994 1322 3052 peccatum
1349 2986 1460 3040 Deo
1488 2985 1661 3054 inter-_

42 3081 286 3143 rogante
303 3081 462 3142 atque
477 3072 754 3142 judicante
775 3073 1137 3130 damnationis
1156 3076 1484 3131 sententiam
1514 3076 1658 3148 [sen-

42 3163 278 3235 tentias]
298 3174 645 3235 aeceperunt,
671 3165 725 3221 in
757 3175 1008 3236 serpente
1037 3167 1282 3224 diabolus
1305 3178 1359 3224 et
1389 3168 1442 3223 in
1466 3184 1528 3223 se
1569 3173 1656 3237 ip-

43 3255 120 3308 sis
173 3255 271 3308 illa
300 3267 354 3310 et
383 3257 627 3313 maritus.
660 3255 796 3312 Cum
829 3257 974 3312 enim
1022 3257 1250 3314 dixisset
1279 3259 1365 3313 ei:
1401 3259 1657 3331 Multipli-

1772 2065 1873 2120 qua
1905 2053 2305 2123 cognoscimus,
2352 2053 2404 2106 in
2453 2053 2725 2108 voluntate
2755 2069 2858 2124 qua
2889 2052 3166 2124 diligimus
3221 2072 3233 2106 :
3266 2054 3369 2107 tria

1774 2144 1919 2199 enim
1950 2153 2032 2199 ter
2064 2155 2116 2200 et
2145 2144 2250 2199 hoc
2281 2154 2362 2200 ter
2394 2145 2527 2200 fiunt
2559 2146 2742 2216 viginti
2775 2154 3005 2215 septem,
3040 2146 3128 2214 qui
3157 2154 3240 2200 est
3265 2160 3368 2199 nu-

1770 2241 1909 2296 meri
1945 2239 2165 2296 ternarii
2199 2240 2513 2310 quadratus.
2546 2241 2698 2306 Quod
2748 2242 2978 2309 septimo
3024 2253 3208 2295 mense
3248 2252 3376 2294 area

1770 2332 1910 2386 sedit
1933 2373 1946 2394 ,
1981 2334 2085 2387 hoc
2115 2341 2200 2388 est
2229 2333 2513 2402 requievit,
2543 2333 2608 2386 ad
2642 2333 2787 2386 illam
2819 2334 3103 2401 septimam
3131 2330 3371 2400 requiem

1771 2424 2090 2492 significatio
2123 2426 2372 2494 recurrit,
2398 2434 2452 2480 et
2494 2425 2617 2495 quia
2645 2425 2871 2494 perfecti
2898 2425 3268 2495 requiescunt,
3295 2423 3370 2478 ibi

1773 2530 1989 2585 quoque
2020 2517 2164 2570 illius
2187 2517 2526 2586 quadratum
2556 2531 2812 2572 numerus
2844 2517 3087 2571 iteratur.
3118 2515 3252 2569 Nam
3285 2515 3376 2568 vi,

1772 2610 1972 2664 resima
2005 2610 2236 2678 septima
2276 2609 2363 2664 die
2407 2610 2630 2664 secundi
2681 2610 2881 2664 mensis
2925 2608 3364 2663 commendatum

1773 2710 1856 2755 est
1900 2702 2002 2755 hoc
2046 2710 2463 2758 sacramentum.
2501 2703 2565 2756 Et
2608 2717 2792 2757 rursus
2830 2703 3085 2758 vicesima
3137 2701 3367 2770 septima

1771 2791 1859 2846 die
1911 2793 2124 2862 septimi
2157 2794 2360 2848 mensis
2391 2794 2578 2850 eadem
2623 2795 3021 2850 commendatio
3048 2796 3366 2850 confirmata

1770 2893 1875 2951 est,
1907 2900 2025 2940 cum
2067 2901 2191 2940 arca
2220 2887 2504 2957 requievit.
2538 2887 2692 2955 Quod
2733 2890 2878 2942 enim
2926 2888 3262 2958 promittitur
3313 2889 3367 2941 in

1770 2991 1886 3046 spe,
1915 2979 2017 3033 hoc
2039 2978 2326 3034 exhibetur
2352 2981 2402 3034 in
2423 2995 2501 3035 re.
2532 2981 2700 3035 Porro
2731 2983 2852 3050 quia
2880 2982 2993 3048 ipsa
3019 2981 3246 3050 septima
3274 2995 3365 3034 re-

1767 3072 1920 3141 quies
1950 3086 2071 3126 cum
2120 3082 2305 3127 octava
2351 3073 2742 3128 resurrectione
2784 3073 3166 3144 conjungitur(
3195 3087 3368 3142 neque

1768 3163 1913 3218 enim
1945 3163 2160 3219 reddito
2188 3179 2416 3234 corpore
2450 3165 2631 3220 finitur
2661 3167 2879 3237 requies
2907 3181 3027 3236 quae
3061 3173 3181 3236 post
3225 3165 3365 3220 hanc

1765 3255 1930 3310 vitam
1962 3257 2167 3326 excipit
2196 3266 2451 3322 sanctos,
2497 3257 2593 3313 sed
2644 3259 2819 3326 potius
2869 3266 3038 3312 totum
3090 3257 3362 3311 hominem

41 3361 175 3404 cans
203 3348 583 3420 multiplicabo
612 3351 858 3406 tristitias
889 3361 1007 3407 tuas
1038 3354 1368 3422 etgemitum
1399 3362 1571 3421 tuum,
1604 3362 1660 3411 et
1687 3350 1738 3418 C
1769 3362 1876 3403 non
1905 3349 2083 3403 adhuc
2109 3364 2206 3417 spe
2227 3392 2241 3414 ,
2284 3349 2378 3404 sed
2417 3349 2530 3417 jam
2571 3363 2630 3406 re
2678 3352 2814 3420 ipsa,
2857 3351 3003 3405 omni
3031 3366 3095 3405 ex
3126 3360 3275 3419 parte
3307 3359 3364 3404 et

39 3442 93 3494 in
122 3443 350 3498 tristitia
381 3445 557 3513 paries
589 3444 750 3510 filios,
783 3445 978 3501 deinde
1006 3445 1246 3500 addidit:
1297 3446 1364 3502 Et
1393 3446 1461 3503 ad
1484 3449 1659 3504 virum

38 3542 197 3589 tuum
230 3537 518 3592 conversio
558 3547 680 3604 tua,
720 3548 775 3593 et
803 3539 919 3608 ipse
963 3541 1036 3593 tui
1079 3538 1464 3596 dominabitur.
1505 3543 1661 3610 Quod

35 3625 256 3682 dictum
287 3637 373 3684 est
398 3629 466 3684 ad
492 3628 645 3684 :Cain
693 3630 764 3686 de
795 3638 1018 3700 peccato
1046 3631 1132 3686 vel
1165 3632 1232 3688 de
1263 3633 1454 3689 vitiosa
1483 3636 1662 3690 carnis

31 3721 498 3790 concupiscentia
525 3762 546 3792 ,
581 3723 685 3778 hoc
713 3723 818 3779 isto
849 3724 970 3779 loco
1009 3724 1077 3779 de
1109 3725 1410 3793 peccatriee
1443 3726 1656 3782 femina.

29 3811 136 3867 Ubi
183 3813 608 3886 intelligendum
652 3825 736 3872 est
771 3818 945 3872 virum
995 3817 1064 3872 ad
1112 3818 1402 3889 regendam
1433 3833 1660 3874 uxorem

1767 3441 1991 3510 spiritus
2017 3450 2072 3496 et
2100 3443 2345 3509 corporis
2373 3443 2606 3510 perfecta
2635 3443 2924 3498 immortali
2955 3443 3358 3514 [immortalita-

1767 3531 1860 3602 tis]
1900 3533 2075 3587 salute
2125 3540 2440 3586 renovatum
2488 3533 2541 3587 in
2600 3541 2814 3588 ceterum
2859 3533 2980 3587 vita:
3023 3533 3133 3604 49
3162 3546 3357 3587 munus

1768 3625 2028 3694 assumit)
2053 3641 2065 3690 ;
2096 3625 2217 3694 quia
2247 3639 2373 3695 ergo
2402 3627 2628 3695 septima
2660 3627 2869 3697 requies
2898 3642 3018 3682 cum
3047 3638 3232 3682 octava
3274 3642 3364 3682 re—

1769 3717 2106 3772 surrectione
2136 3717 2477 3788 conjungitur
2496 3760 2510 3784 ,
2538 3728 2592 3774 et
2633 3719 2736 3775 hoc
2764 3720 2816 3775 in
2842 3730 3178 3776 sacramento
3206 3735 3366 3791 rege-

1770 3811 2069 3866 nerationis
2101 3822 2319 3877 nostrze,
2353 3811 2404 3866 id
2430 3823 2512 3867 est
2542 3811 2594 3868 in
2640 3813 2906 3883 baptismo
2933 3814 3098 3868 altum
3143 3813 3365 3884 profun-

1770 3901 2005 3974 dumque
2035 3907 2351 3976 mysterium
2382 3915 2497 3963 est:
2529 3907 2834 3978 quindecim
2863 3909 3056 3963 cubitis
3083 3923 3365 3979 supercre-

1769 3996 1851 4050 vit
1874 4011 2010 4065 aqua
2038 3997 2306 4053 excedens
2348 3999 2682 4056 altitudinem
2730 4001 2992 4055 montium
3015 4042 3028 4066 ,
3063 4000 3117 4054 id
3150 4010 3232 4055 est
3263 4001 3366 4056 hoc

1769 4097 2168 4143 sacramentum
2215 4090 2549 4144 transcendit
2579 4106 2792 4144 omnem
2824 4091 3141 4159 sapientiam
3169 4106 3367 4157 super-

1773 4177 1986 4232 borum.
2019 4179 2238 4247 Septem
2268 4180 2463 4249 quippe
2493 4191 2548 4236 et
2589 4191 2711 4235 octo
2752 4181 3034 4250 conjuncta
3060 4182 3366 4250 quindecim

21 3907 236 3961 animo
251 3923 482 3963 carnem
509 3911 718 3979 regenti
734 3911 966 3966 similem
983 3926 1107 3967 esse
1135 3922 1415 3982 oportere;
1442 3923 1661 3983 propter

16 4000 178 4070 quod
212 3998 361 4054 dicit
403 4002 694 4068 Apostolus
722 4019 735 4055 :
767 4002 867 4068 Qui
896 4003 1070 4072 diligit
1100 4017 1321 4058 uxorem
1350 4017 1536 4071 suam,
1572 4019 1661 4060 se-

12 4092 220 4160 ipsum
255 4090 467 4158 diligit,
497 4105 658 4144 nemo
681 4092 822 4145 enim
855 4108 1088 4162 unquam
1117 4109 1336 4148 carnem
1364 4109 1514 4149 suam
1535 4095 1662 4150 odio

16 4183 261 4238 habuit.
301 4181 553 4237 Sananda
597 4183 748 4238 enim
797 4194 926 4240 sunt
970 4184 1090 4240 hate
1133 4185 1274 4240 sicut
1313 4196 1516 4253 nostra,
1552 4201 1659 4241 non

23 4280 175 4333 sicut
231 4275 414 4330 aliena
465 4277 792 4332 damnanda.
863 4277 971 4332 Sed
1011 4277 1139 4332 illud
1191 4278 1285 4334 Dei
1334 4289 1658 4349 praeceptum

25 4369 166 4424 Cain
206 4369 361 4422 sicut
389 4370 775 4438 praevaricator
798 4371 1008 4440 accepit
1031 4387 1045 4424 :
1068 4369 1438 4426 invalescente
1460 4372 1662 4443 quippe

31 4459 367 4516 invidentia;
392 4459 542 4524 vitio,
568 4460 786 4516 fratrem
817 4461 1098 4517 insidiatus
1121 4463 1337 4518 occidit.
1372 4463 1520 4519 Talis
1548 4475 1665 4520 erat

32 4563 287 4609 terrenae
314 4552 559 4608 conditor
582 4553 831 4608 civitatis.
867 4554 1148 4620 Quomodo
1174 4563 1353 4610 autem
1383 4555 1661 4625 signiﬁca-

31 4649 177 4701 verit
206 4646 382 4701 etiam
408 4644 625 4700 Iudaeos
650 4659 682 4698 a
706 4645 899 4716 quibus
920 4645 1170 4701 Christus
1199 4648 1407 4702 occisus
1433 4657 1516 4703 est
1541 4663 1663 4718 pas-

1773 4268 1938 4336 fiunt,
1970 4280 2025 4326 et
2052 4272 2173 4340 quia
2203 4273 2537 4344 septuaginta
2577 4289 2607 4328 a
2636 4285 2839 4344 septem
2867 4317 2881 4341 ,
2913 4283 2967 4332 et
2991 4277 3260 4346 octoginta
3293 4277 3362 4331 ab

1772 4371 1894 4418 octo
1931 4363 2366 4431 denominantur,
2399 4365 2685 4436 conjuncto
2718 4378 2943 4437 utroque
2973 4380 3199 4423 numero
3231 4382 3364 4422 cen-

1772 4465 1886 4513 tum
1934 4457 2314 4529 quinquaginta
2354 4459 2543 4516 diebus
2588 4462 2820 4518 exaltata
2872 4473 2955 4520 est
3007 4478 3174 4534 aqua,
3215 4478 3364 4518 eam-

1777 4553 1900 4610 dem
1941 4557 2096 4612 nobis
2138 4558 2522 4614 commendans
2563 4569 2724 4630 atque
2765 4561 3090 4616 confirmans
3123 4561 3375 4615 altitudi-

1775 4662 1895 4702 nem
1945 4649 2196 4719 baptismi
2227 4650 2281 4704 in
2314 4652 2683 4707 consecrando
2723 4666 2865 4706 novo
2919 4653 3155 4715 homine,
3186 4651 3252 4707 ad
3287 4661 3368 4707 te-

32 4747 118 4793 tor
149 4736 413 4793 omnium
448 4738 722 4792 hominum
748 4779 764 4807 ,
794 4753 954 4808 quem
985 4747 1171 4808 pastor
1196 4738 1376 4796 ovium
1407 4755 1661 4810 pecorum
1693 4745 1750 4806 D
1773 4739 2003 4794 nendam
2045 4742 2237 4811 quietis
2267 4752 2320 4798 et
2366 4745 2779 4800 resurrectionis
2829 4744 3010 4801 fidem.
3051 4745 3204 4813 Quod
3250 4754 3376 4815 post

29 4830 442 4903 praetigurabat
470 4830 646 4896 Abel,
676 4833 800 4900 quia
833 4831 885 4886 in
916 4832 1172 4902 allegoria
1218 4833 1531 4903 prepbetica
1574 4852 1663 4893 res

31 4943 135 4999 est,
188 4945 372 5004 parco
417 4944 561 4985 nunc
589 4928 810 4997 dicere,
843 4937 898 4986 et
940 4931 1187 5000 quaedam
1230 4931 1359 4989 hinc
1403 4935 1661 4992 adversus

29 5023 314 5080 Faustum
345 5023 701 5078 Manicheum
723 5023 924 5078 dixisse
945 5037 1033 5079 me
1061 5024 1244 5079 recolo
1273 5012 1491 5096 (Contra
1514 5027 1662 5081 Fau-

25 5126 188 5186 stum,
225 5115 337 5171 lib.
370 5115 494 5184 xu),
523 5115 666 5184 quod
693 5126 815 5186 post
840 5124 1048 5186 septem
1079 5115 1194 5172 dies
1221 5131 1290 5172 ex
1320 5133 1427 5186 quo
1456 5119 1665 5188 ingres-

25 5226 118 5266 sus
151 5209 286 5266 Noe
323 5210 374 5263 in
402 5224 584 5265 arcam
633 5209 832 5266 factum
865 5219 950 5266 est
986 5211 1278 5278 diluvium,
1325 5211 1447 5281 quia
1479 5212 1534 5268 in
1564 5228 1662 5282 spe

1773 4830 1889 4886 dies
1920 4833 2268 4904 quadraginta
2301 4836 2532 4890 emissus
2558 4849 2756 4892 corvus
2782 4877 2798 4904 ,
2829 4851 2934 4892 non
2965 4847 3046 4892 est
3072 4853 3323 4893 reversus
3351 4879 3370 4904 ,

1773 4934 1866 4980 aut
1905 4929 2058 4996 aquis
2092 4931 2276 4997 utique
2317 4930 2650 5000 interceptus
2675 4973 2691 4998 ,
2744 4941 2835 4988 aut
2873 4931 3050 5003 aliquo
3093 4947 3364 5002 superna-

1773 5025 1923 5072 tante
1962 5019 2222 5075 cadavere
2255 5020 2500 5090 illectus,
2545 5022 2810 5092 significat
2847 5025 3093 5081 homines
3136 5027 3368 5078 immun-

1772 5111 1901 5166 ditia
1932 5113 2241 5182 cupiditatis
2287 5117 2590 5172 teterrimos
2617 5158 2631 5184 ,
2665 5127 2719 5174 et
2762 5119 2831 5175 ob
2886 5121 2988 5174 hoc
3016 5120 3080 5172 ad
3134 5133 3197 5171 ea
3246 5131 3369 5185 quae

1770 5202 1900 5258 foris
1929 5213 2055 5259 sunt
2101 5206 2157 5261 in
2187 5205 2287 5263 hoc
2337 5209 2536 5266 mundo
2582 5211 2740 5266 nimis
2771 5210 3004 5266 intentos
3037 5250 3051 5273 ,
3084 5218 3176 5262 aut
3206 5207 3365 5262 reba-

24 5301 228 5355 futurze
281 5299 483 5367 quietis
521 5299 640 5372 [spe
670 5300 868 5357 futurae
895 5299 1118 5372 quietis]
1166 5315 1287 5370 quae
1317 5302 1548 5370 septimo
1571 5305 1659 5359 die

21 5393 352 5462 signiﬁcata
376 5401 461 5446 est
489 5391 845 5462 baptizamur;
875 5395 1018 5464 quod
1051 5402 1246 5462 praeter
1274 5408 1451 5449 arcam
1478 5397 1655 5452 omnis

23 5499 152 5539 caro
174 5499 362 5555 quam
395 5494 535 5540 terra
562 5486 898 5541 sustentabat
918 5485 1120 5541 diluvio
1151 5498 1468 5557 consumpta
1501 5487 1657 5560 [con-

19 5575 342 5648 summata]
375 5586 478 5643 est,
507 5579 629 5650 quia
664 5586 862 5648 praeter
892 5577 1151 5634 Ecclesiae
1180 5579 1490 5634 societatem
1513 5597 1657 5652 aqua

21 5667 328 5738 baptismi.
356 5671 604 5737 quamvis
632 5669 822 5724 eadem
845 5669 935 5732 sit,
961 5683 1064 5723 non
1089 5669 1258 5723 solum
1287 5685 1392 5726 non
1419 5672 1558 5725 valet
1584 5673 1655 5727 ad

19 5763 268 5817 salutem
300 5801 318 5825 ,
350 5763 444 5816 sed
477 5761 618 5817 valet
660 5763 835 5830 potius
865 5759 930 5815 ad
981 5760 1302 5829 perniciem;
1347 5763 1488 5830 quod
1519 5778 1652 5833 qua-

20 5854 290 5924 draginta
327 5851 517 5907 diebus
563 5863 615 5908 et
645 5852 993 5924 quadraginta
1043 5849 1288 5904 noctibus
1328 5850 1483 5920 pluit,
1523 5855 1650 5922 quia

18 5947 212 6005 omnis
235 5953 430 6003 reatus
457 5956 798 6015 peccatorum
821 5944 914 6018 qui
942 5943 1000 6004 in
1026 5941 1214 6003 decem
1240 5941 1534 6027 pmceptia
1566 5943 1648 6004 le-

1769 5299 1948 5367 ptizati
1968 5339 1984 5367 ,
2016 5309 2108 5355 aut
2137 5301 2206 5357 ab
2232 5302 2316 5358 his
2346 5319 2482 5374 quos
2514 5315 2708 5372 prmter
2731 5319 2940 5370 arcam,
2972 5304 3024 5358 id
3055 5312 3136 5356 est
3170 5311 3365 5370 prmter

1769 5391 2064 5449 Ecclesiam
2100 5395 2396 5465 baptismus
2438 5401 2655 5466 occidit,
2687 5399 2867 5454 seduci
2897 5407 2952 5453 et
2983 5399 3173 5451 teneri.
3207 5397 3358 5464 Quod

1765 5484 2012 5540 columba
2060 5489 2255 5543 emissa
2304 5505 2410 5545 non
2465 5491 2682 5546 inventa
2737 5492 2925 5560 requie
2971 5504 3189 5544 reversa
3240 5498 3364 5552 est,

1765 5577 2000 5632 ostendit
2041 5594 2135 5646 per
2164 5579 2369 5636 Novum
2402 5582 2808 5638 Testamentum
2862 5584 3105 5653 requiem
3159 5581 3364 5636 sanctis

1766 5669 1819 5722 in
1853 5669 1956 5724 hoc
1987 5671 2187 5726 mundo
2216 5687 2318 5726 non
2348 5687 2468 5728 esse
2492 5676 2834 5742 promissam,
2857 5683 2977 5744 post
3007 5675 3364 5744 quadraginta

1770 5761 1914 5816 enim
1945 5763 2060 5817 dies
2081 5764 2274 5818 emissa
2296 5775 2399 5830 est,
2433 5765 2522 5835 qui
2553 5780 2808 5820 numerus
2836 5767 3002 5822 vitam
3025 5783 3147 5836 qua:
3179 5768 3233 5822 in
3257 5767 3362 5822 hoc

1768 5859 1967 5912 mundo
1994 5859 2167 5928 agitur
2200 5860 2463 5927 significat
2493 5878 2506 5925 ;
2539 5858 2770 5929 denique
2818 5870 2936 5932 post
2975 5873 3180 5933 septem
3227 5862 3346 5919 dies

1766 5950 2015 6021 dimissa,
2093 5963 2310 6024 prepter
2361 5954 2504 6010 illam
2557 5955 2919 6023 septenariam
2970 5956 3340 6027 operationem
