3968 6390
552 362 662 433 O75

1638 362 1704 420 D.
1744 356 2070 419 EUGYPPII
2107 353 2399 413 ABBATIS
2436 350 2767 411 AFRICANI

3746 345 3839 394 σευ

560 491 886 565 spiritalem,
917 490 1076 545 olim
1114 487 1444 544 fructuosum
1486 483 1757 540 surculum
1799 478 2010 544 retulit,
2039 492 2147 549 quo
2173 477 2228 539 Δ
2252 472 2521 530 credidit»
2548 470 2694 526 Vidit
2739 464 3034 523 nuditatem
3070 459 3261 534 patris,
3306 456 3432 533 quia
3466 457 3755 514 consensit
3794 459 3838 513 in

556 584 885 661 signiﬁcaret
928 582 1215 637 nonnullos
1242 579 1405 635 etiam
1452 582 1608 632 extra
1640 574 1939 628 Ecclesiam
1970 569 2147 640 bapti-

558 689 731 749 zatos,
762 679 806 734 si
836 675 915 735 eis
944 674 1210 745 pinguedo
1241 689 1346 726 non
1378 668 1616 725 defuerit
1640 664 1942 729 cbaritatis,
1971 670 2150 732 poste-

559 773 706 831 riore
738 782 1013 840 tempore,
1044 766 1199 838 quasi
1232 777 1473 833 vespere,
1505 762 1559 816 in
1600 774 1694 815 ore
1736 755 2001 813 columba:
2030 763 2151 808 tan-

558 880 723 938 quam
752 866 805 918 in
836 861 1018 917 osculo
1048 859 1192 929 pacis
1217 898 1235 924 ,
1282 856 1351 911 ad
1392 854 1610 909 unitatis
1642 851 1952 906 societatem
1994 858 2154 916 posse

561 956 819 1029 perduci;
844 953 984 1024 quod
1002 961 1121 1021 post
1150 950 1282 1003 alios
1313 956 1523 1017 septem
1553 944 1670 999 dies
1692 942 1910 995 dimissa
1938 951 2153 993 reversa

558 1061 673 1103 non
703 1056 785 1101 est
808 1086 822 1111 ,
855 1043 1118 1113 signiﬁcat
1141 1041 1298 1094 ﬁnem
1326 1038 1531 1101 saeculi,
1558 1033 1771 1105 quando
1799 1030 1901 1087 erit
1934 1034 2154 1084 sancto-

558 1153 681 1196 rum
713 1138 925 1208 requies
956 1154 968 1190 :
1005 1151 1111 1190 non
1144 1136 1322 1189 adhuc
1350 1134 1401 1187 in
1434 1140 1776 1185 sacramento
1808 1124 1920 1196 spei
1950 1140 2057 1194 quo
2098 1122 2155 1176 in

561 1232 669 1287 hoc
698 1240 945 1303 tempore
988 1228 1333 1284 consociatur
1378 1224 1617 1279 Ecclesia
1644 1263 1660 1289 ,
1690 1219 1927 1291 quandiu
1959 1216 2159 1272 bibitur

563 1320 709 1393 quod
738 1320 804 1376 de
828 1320 1028 1374 Christi
1062 1320 1230 1373 latere
1259 1316 1519 1382 manavit,
1549 1311 1641 1368 sed
1668 1310 1779 1383 jam
1805 1311 1856 1364 in
1880 1310 2003 1379 ipsa
2032 1321 2157 1378 per-

564 1404 798 1472 fectione
842 1414 1030 1468 salutis
1064 1422 1316 1476 teternm,
1350 1424 1476 1464 cum
1524 1406 1766 1460 tradetur
1794 1416 2016 1473 regnum
2051 1399 2159 1455 Deo

563 1518 620 1567 et
647 1508 823 1574 Patri,
858 1515 917 1561 ut
948 1507 1000 1560 in
1033 1504 1122 1561 illa
1152 1502 1434 1576 perspicua
1462 1495 1918 1568 contemplatione
1949 1494 2159 1549 incom-

566 1600 842 1659 mutabilis
895 1599 1138 1656 veritatis
1170 1639 1185 1667 ,
1246 1597 1409 1653 nullis
1456 1591 1730 1667 mysteriis
1787 1588 2164 1661 corporalibus

569 1707 847 1766 egeamus.

1154 1822 1383 1881 CAPUT
1420 1820 1565 1881 LXI.

569 1922 651 1981 De
693 1921 957 1981 mandatis
1006 1918 1104 1974 Dci
1153 1920 1221 1973 ad
1266 1920 1382 1974 Noe
1416 1927 1531 1989 post
1568 1915 1842 1985 diluvium,
1879 1929 1945 1971 ea:
1986 1911 2167 1969 eodem

1006 1991 1134 2047 libro
1158 2006 1230 2046 xu
1259 1988 1441 2047 contra
1464 1988 1744 2045 Faustum.

647 2111 756 2168 Cur
782 2108 1033 2165 animalia
1075 2107 1319 2179 quamvis
1358 2113 1413 2164 et
1450 2104 1653 2161 munda
1708 2111 1763 2158 et
1808 2098 2082 2158 immunda
2112 2097 2169 2153 in

571 2218 701 2262 arca
726 2204 942 2270 fuerint,
968 2211 1145 2259 tamen
1166 2209 1287 2270 post
1311 2214 1591 2271 egressum
1620 2197 1690 2254 de
1720 2211 1845 2252 arca
1886 2210 1994 2255 non
2032 2193 2169 2248 olfe-

573 2306 763 2356 rantur
783 2299 890 2355 Deo
911 2302 963 2353 in
982 2295 1306 2352 sacriﬁcium
1326 2295 1426 2351 nisi
1447 2292 1676 2349 munda?
1693 2290 1832 2359 Quid
1849 2290 1949 2344 sibi
1973 2286 2171 2343 deinde

572 2393 707 2449 velit
726 2392 836 2447 Deo
853 2392 1107 2460 loquente
1123 2388 1189 2445 ad
1212 2388 1345 2456 Noe,
1369 2396 1425 2444 et
1440 2396 1690 2456 tanquam
1714 2398 1901 2439 rursus
1923 2381 1992 2436 ab
2011 2394 2174 2440 exor-

575 2484 667 2543 dio
693 2524 708 2551 ,
753 2487 880 2555 quia
920 2482 1105 2539 multis
1140 2481 1315 2539 modis
1344 2480 1540 2537 eadem
1570 2474 1860 2548 signiﬁcari
1888 2473 2175 2544 Oportebat

576 2577 804 2648 ﬁguram
832 2576 1107 2643 Ecclesiae,
1132 2573 1568 2641 commendante,
1583 2570 1725 2641 quod
1751 2569 2034 2639 progenies
2054 2567 2172 2636 ejus

577 2669 939 2738 bcnedicitur,
973 2669 1039 2726 ad
1062 2668 1387 2738 implendam
1433 2676 1661 2732 terram,
1690 2664 1833 2734 quod
1863 2663 2057 2717 dantur
2094 2660 2175 2717 eis

578 2762 633 2818 in
657 2778 836 2819 escam
866 2772 1059 2819 cuncta
1092 2761 1369 2827 animalia,
1411 2760 1553 2819 sicut
1588 2759 1644 2816 in
1680 2758 1778 2817 illo
1813 2756 1966 2813 disco
2012 2753 2174 2811 Petro

579 2854 777 2916 dicitur
807 2874 822 2914 :
853 2857 1026 2915 Nacta
1051 2864 1109 2914 et
1135 2855 1423 2915 manduca.

1159 2990 1391 3047 CAPUT
1438 2986 1600 3045 LXII.

870 3082 957 3141 Ne
974 3099 1094 3139 caro
1112 3099 1229 3137 cum
1249 3083 1504 3154 sanguine
1530 3075 1887 3133 manducetur.

651 3198 809 3269 Quod
834 3199 1010 3271 ejecto
1037 3198 1302 3268 sanguine
1324 3194 1588 3267 jubentur
1614 3190 1961 3255 manducare,
1978 3201 2047 3245 ne
2066 3194 2177 3242 vita

2256 580 2448 623 necem
2471 563 2671 621 Christi
2700 569 2755 618 et
2782 554 3051 614 nuntiavit
3100 552 3244 610 foras
3290 551 3577 607 fratribus.
3604 548 3713 604 Per
3732 563 3836 604 eum

2253 663 2453 735 quippe
2483 659 2878 715 manifestatum
2906 662 2989 708 est
3011 660 3067 707 et
3096 646 3495 722 quodammodo
3522 643 3835 715 publicatum

2253 755 2395 826 quod
2418 762 2535 810 erat
2564 754 2615 808 in
2640 748 2917 823 prophetia
2966 751 3265 809 secretum,
3316 740 3561 811 ideoque
3596 737 3656 792 ﬁt
3678 752 3839 794 servas

2258 847 2485 904 fratrum
2510 860 2749 900 suorum.
2780 838 2917 907 Quid
2947 848 3032 894 est
3061 837 3207 893 enim
3249 832 3393 889 aliud
3430 831 3711 899 hodieque
3732 845 3838 901 gens

2258 941 2374 1011 ipsa
2396 985 2410 1009 ,
2444 941 2546 996 nisi
2582 937 2824 1009 quzcdam
2855 932 3132 990 scriniaria
3158 928 3598 985 Christianorum
3628 926 3837 996 bajulsns

2259 1034 2459 1106 Legem
2494 1043 2547 1089 et
2570 1029 2938 1101 Prorihetasad
2968 1022 3361 1082 testimonium
3410 1020 3737 1075 assertionis
3764 1018 3835 1072 Ec-

2262 1127 2467 1195 clesize,
2495 1134 2554 1180 ut
2598 1139 2695 1179 nos
2743 1120 3072 1177 honoremus
3125 1132 3223 1188 per
3273 1121 3689 1172 sacramentum
3726 1110 3834 1181 quod

2258 1219 2471 1277 nuntiat
2494 1217 2580 1273 illa
2608 1231 2703 1286 per
2724 1212 2998 1270 litteram?
3025 1211 3196 1279 Quem
3246 1222 3352 1262 non
3403 1215 3600 1260 autem
3645 1202 3834 1259 excitet?

2259 1328 2419 1384 quem
2454 1325 2562 1366 non
2595 1308 2679 1364 vel
2711 1308 2967 1363 informet
2994 1304 3082 1360 vel
3125 1288 3409 1357 conﬁrmet
3437 1298 3497 1354 in
3539 1294 3695 1352 ﬁde?
3718 1294 3832 1363 Quod

2262 1405 2336 1461 ita
2371 1404 2762 1460 benedicuntur
2785 1401 2891 1456 duo
2918 1399 2997 1455 illi
3030 1398 3122 1469 qui
3164 1396 3465 1452 nuditatem
3506 1392 3686 1463 patris
3706 1392 3829 1445 boso-

2262 1506 2539 1563 raverunt,
2574 1497 2819 1568 quamvis
2848 1493 3048 1560 aversi,
3083 1490 3231 1546 velut
3274 1490 3472 1561 quibus
3507 1486 3712 1542 factum
3746 1498 3829 1539 sce-

2265 1595 2450 1651 leratre
2474 1594 2645 1647 vinea:
2676 1587 3035 1660 displicuerit.
3066 1582 3408 1649 Benedictus,
3459 1583 3662 1650 inquit,
3696 1578 3827 1632 Domi-

2268 1704 2370 1747 nus
2408 1690 2548 1743 Deus
2584 1686 2737 1743 Sem.
2774 1685 3090 1753 Quanquam
3131 1680 3273 1737 enim
3320 1678 3392 1733 sit
3442 1677 3599 1731 Deus
3638 1672 3826 1728 omnium

2269 1784 2539 1852 gentium,
2570 1774 2970 1849 quodammodo
2993 1783 3171 1828 tamen
3217 1768 3444 1842 proprio
3494 1765 3765 1827 vocabulo,
3792 1771 3827 1816 et

2193 1879 2244 1943 Β
2270 1874 2322 1927 in
2352 1871 2605 1943 ipsisjam
2625 1868 2873 1940 gentibus
2895 1867 3093 1922 dicitur
3116 1866 3255 1920 Deus
3279 1860 3476 1927 Israel;
3513 1866 3575 1915 et
3599 1859 3726 1912 unde
3755 1856 3827 1907 line

2266 1964 2469 2021 factum
2518 1972 2621 2030 est,
2654 1963 2757 2017 nisi
2791 1977 2858 2016 ex
2898 1959 3279 2017 benedictione
3319 1955 3555 2025 Japhet?
3586 1952 3640 2007 In
3669 1948 3829 2020 populo

2266 2058 2410 2115 enim
2443 2057 2683 2129 gentium
2717 2064 2884 2109 totum
2914 2052 3105 2108 orbem
3144 2059 3409 2105 terrarum
3442 2044 3720 2115 occupavit
3750 2041 3828 2094 Ec-

2268 2151 2454 2207 clesia.
2490 2150 2601 2205 iloc
2630 2161 2857 2220 prorsus
2885 2141 3351 2217 praznuntiabatur
3391 2152 3506 2193 cum
3538 2137 3792 2191 diceretur
3819 2147 3830 2181 :

2269 2245 2534 2328 Laetiﬁcat
2566 2247 2709 2303 Deus
2736 2244 2954 2318 Japhet,
2985 2250 3040 2298 et
3070 2239 3277 2295 habitet
3298 2238 3343 2293 in
3366 2232 3601 2291 domibus
3627 2230 3770 2286 Sem.

2850 2378 3079 2436 CAPUT
3110 2375 3295 2433 LXIII.

2271 2476 2349 2534 De
2399 2476 2662 2531 Abraham
2702 2481 2915 2531 exeunte
2966 2477 3033 2528 de
3053 2484 3195 2527 terra
3217 2486 3333 2533 sua,
3367 2464 3431 2518 de
3453 2461 3639 2531 Ioseph
3659 2458 3832 2534 vendita

2345 2558 2391 2613 et
2420 2550 2692 2613 honorato,
2735 2552 2796 2601 de
2813 2547 2955 2603 exitu
2995 2544 3211 2600 lsraelis
3254 2531 3326 2597 ex»
3368 2535 3621 2608 JEgyvto.
3670 2531 3827 2586 Contra

2343 2612 2599 2674 Faustum
2625 2612 2754 2673 libro
2783 2633 2880 2673 xu.

2349 2713 2627 2770 Christum
2660 2711 2840 2767 dicitis
2863 2708 2931 2763 ab
2981 2686 3291 2763 lsraeliiicis
3318 2699 3603 2774 pr0phetis
3623 2711 3714 2752 non
3735 2706 3821 2749 esse

2273 2806 2614 2878 praedictum,
2649 2802 2737 2859 cui
2762 2798 3108 2871 praedicendo
3137 2810 3325 2852 omnes
3355 2792 3466 2848 illa:
3499 2791 3692 2861 pagina:
3720 2783 3822 2853 vigi-

2274 2875 2406 2967 lant,
2433 2899 2476 2954 si
2506 2914 2598 2954 eas
2626 2895 2961 2969 perscrutari
2988 2893 3210 2963 pietate,
3237 2901 3400 2957 quam
3430 2883 3699 2953 exagitare
3720 2875 3823 2932 levi-

2275 3001 2386 3051 tate
2413 2991 2668 3048 malletis.
2693 2988 2825 3057 Quis
2856 2986 2997 3042 alius
3049 2984 3104 3039 in
3144 2979 3419 3037 Abraham
3467 2976 3602 3032 exiit
3640 2972 3820 3026 deterra

2275 3103 2371 3144 sua
2400 3097 2455 3143 et
2493 3084 2563 3141 de
2592 3082 2937 3153 cognatione,
2982 3084 3040 3133 ut
3073 3074 3216 3147 apud
3256 3079 3483 3129 exteros
3528 3070 3762 3123 ditaretur
3788 3068 3824 3115 et

2276 3181 2717 3250 locupletaretur,
2752 3174 2854 3230 nisi
2886 3171 3010 3245 qui,
3044 3170 3231 3226 relicta
3272 3176 3421 3223 terra
3462 3171 3522 3220 et
3561 3159 3825 3232 cognatione

657 3245 809 3269 ιιι-νυ·
836 3245 1008 3271 *νυν-ν
1037 3245 1302 3268 --η-ο--υ-
1324 3245 1579 3267 σ--ν-----
1615 3245 1664 3248 —-~
1753 3245 1765 3246 κ
1829 3245 1838 3246 κ
1947 3245 1960 3255 ,
2407 3245 2417 3250 -

582 3294 809 3366 pristina
838 3293 988 3364 quasi
1022 3291 1281 3347 suffocata
1312 3290 1366 3346 in
1418 3286 1753 3344 conscientia
1792 3292 2060 3350 teneatur,
2083 3280 2178 3337 sed
2202 3261 2251 3329 (ἶ
2279 3272 2590 3331 Judzeorum
2615 3312 2632 3340 ,
2661 3268 2805 3324 unde
2832 3263 3126 3321 secundum
3159 3274 3379 3317 carnem
3419 3269 3578 3312 natus
3603 3263 3694 3319 εει,
3719 3245 3828 3318 ερυά

2827 3361 2860 3366 _-
3227 3356 3238 3366 .
3288 3365 3291 3366 ,
3377 3360 3388 3366 -
3471 3354 3485 3363 -
3511 3352 3551 3366 n,
3620 3347 3695 3366 _.I
3727 3341 3828 3366 n-2-

582 3381 787 3440 habeat
818 3394 1071 3456 tanquam
1100 3381 1421 3439 effusionem
1450 3395 1547 3451 per
1583 3377 1999 3435 confessionem.
2028 3374 2182 3443 Quod

581 3482 964 3534 testamentum
997 3477 1177 3549 posuit
1204 3478 1344 3534 Deus
1366 3475 1509 3531 inter
1534 3488 1595 3531 se
1635 3482 1693 3528 et
1721 3471 1989 3539 homines,
2019 3481 2184 3540 atque

583 3586 802 3628 omnem
829 3576 1065 3628 animam
1095 3572 1271 3628 vivam
1300 3586 1369 3627 ne
1396 3568 1587 3642 perdat
1617 3582 1735 3624 eam
1757 3565 2182 3635 diluvio,arcum

584 3668 679 3737 qui
703 3677 926 3738 apparet
947 3668 1274 3737 inpubibus,
1306 3668 1397 3738 qui
1420 3680 1695 3737 nunquam
1722 3665 1825 3719 nisi
1844 3663 1913 3718 de
1945 3662 2062 3718 sole
2092 3678 2182 3719 re-

588 3761 865 3831 Spleudet.
918 3762 999 3816 llli
1042 3763 1185 3817 enim
1217 3778 1330 3817 non
1350 3770 1584 3829 pereunt
1612 3758 1820 3813 diluvio
1854 3756 2087 3825 separati
2115 3755 2183 3811 ab

589 3851 854 3918 Ecclesia,
885 3854 979 3922 qui
1010 3853 1067 3907 in
1096 3852 1382 3925 Prophetis
1412 3864 1468 3907 et
1519 3849 1770 3906 omnibus
1808 3850 2003 3905 divinis
2040 3848 2189 3905 Scri-

536 4018 543 4023 θ
589 3944 765 4015 pturis
817 3952 1071 4015 tanquam
1126 3945 1179 3999 in
1234 3944 1331 3999 Dei
1376 3942 1610 3999 nubibus
1649 3950 1949 4013 agnoscunt
1986 3940 2190 4007 Christi

589 4036 843 4109 gloriam,
870 4052 977 4092 nou
1010 4044 1260 4109 quierunt
1290 4051 1464 4093 suam.
1508 4033 1713 4090 Verum
1756 4047 1832 4089 ne
1872 4031 2188 4109 adoratores

589 4128 752 4200 hujus
781 4130 910 4187 solis
932 4131 1162 4202 amplius
1177 4130 1567 4195 intumescant,
1584 4126 1761 4183 sciant
1784 4126 1860 4182 ita
1888 4110 2188 4196 signiﬁcari

589 4222 864 4279 Christum
888 4222 1178 4292 aliquando
1207 4238 1303 4294 per
1329 4222 1526 4288 solem,
1546 4218 1685 4276 sicut
1714 4233 1808 4289 per
1832 4216 2069 4283 lennem,
2089 4230 2188 4286 per

593 4329 813 4384 agnum,
839 4331 933 4383 per
964 4315 1223 4385 lapidem,
1251 4314 1539 4385 cujusdam
1589 4310 1961 4367 similitudinis
1994 4324 2189 4381 causa,

592 4420 701 4462 non
731 4409 1074 4477 proprietatis
1104 4410 1429 4464 substantia.
1465 4407 1584 4464 Jam
1623 4422 1757 4463 vero
1786 4406 1916 4461 illud
1947 4405 2089 4476 quod
2118 4404 2189 4462 de

594 4496 748 4554 vinea
774 4515 932 4571 quam
976 4502 1236 4570 plantavit
1268 4500 1569 4556 inebriatus
1606 4498 1743 4567 Noe,
1769 4497 2000 4554 nudatus
2026 4505 2109 4552 est
2130 4495 2188 4553 in

598 4590 761 4648 domo
796 4610 913 4660 sua,
947 4596 1033 4652 cui
1073 4611 1181 4652 non
1221 4602 1478 4666 appareat
1516 4592 1763 4649 Christus
1800 4594 1855 4649 in
1891 4600 2052 4663 gente
2089 4604 2184 4646 sua

2283 3376 2474 3442 gentes
2515 3366 2594 3423 ita
2638 3361 2922 3435 prmpollet
2953 3368 3009 3414 et
3042 3356 3298 3429 praevalet
3332 3360 3397 3407 ut
3433 3347 3695 3405 videmus?
3725 3341 3831 3441 Qui:

2284 3430 2420 3518 alius
2449 3461 2501 3516 in
2526 3430 2672 3513 lsaac
2699 3430 2900 3526 lignum
2929 3450 3029 3507 sibi
3052 3454 3295 3520 portaret
3317 3440 3614 3517 [portabat]
3635 3436 3692 3492 ad
3704 3430 3833 3488 victi-

2284 3570 2453 3621 mam,
2487 3551 2588 3607 nisi
2620 3534 2712 3620 qui
2743 3559 2959 3603 crucem
2989 3541 3094 3598 sibi
3123 3540 3189 3595 ad
3224 3539 3531 3610 passionem
3554 3534 3663 3603 ipse
3690 3534 3831 3599 pona-

2284 3648 2395 3705 vit?
2425 3646 2557 3715 Quis
2586 3644 2723 3699 alius
2750 3641 2893 3695 aries
2932 3633 3301 3693 immolandus
3348 3631 3405 3686 in
3439 3642 3597 3701 vepre
3621 3622 3837 3681 cornibus

2286 3712 2614 3805 adhaerebat,
2648 3734 2752 3790 nisi
2785 3732 2873 3805 qui
2906 3730 3085 3788 crucis
3137 3724 3380 3798 patibulo
3422 3738 3513 3792 pro
3551 3718 3706 3774 nobis
3732 3712 3842 3768 olfe-

2285 3831 2487 3891 rendus
2509 3826 2862 3900 afﬁgebatur?
2901 3823 3032 3891 Quis
3078 3820 3216 3876 alius
3246 3819 3300 3873 in
3331 3814 3502 3885 angelo
3532 3824 3650 3866 cum
3690 3804 3847 3862 Iacob

2286 3924 2541 3995 luctatus,
2573 3899 2695 3979 cum
2714 3918 2815 3977 sibi
2843 3916 3219 3988 praevalentcm
3243 3910 3396 3984 quasi
3419 3906 3683 3963 leniorem
3708 3899 3845 3956 inﬁr-

2287 4021 2427 4077 mior
2478 3993 2758 4085 victusque
2805 4012 3089 4075 victorem,
3123 4006 3321 4079 partim
3368 3998 3655 4066 benedicit,
3683 3993 3844 4068 partim

2291 4110 2633 4170 latitudinem
2658 4106 2876 4162 femoris
2899 4104 3015 4175 ejus
3032 4102 3276 4157 claudam
3301 4095 3505 4162 reddit,
3525 4094 3624 4148 nisi
3640 4092 3724 4161 qui
3742 4100 3843 4157 pre-

2287 4209 2469 4267 valere
2496 4205 2781 4261 adversum
2812 4216 2872 4257 se
2903 4212 3093 4271 passus
3124 4194 3381 4267 populum
3414 4190 3585 4246 Israel
3625 4182 3842 4258 quosdam

2288 4302 2379 4375 qui
2398 4297 2755 4369 crediderunt
2790 4290 3066 4350 benedixit
3091 4290 3144 4345 in
3189 4287 3289 4356 eis,
3329 4281 3561 4339 latitudo
3599 4288 3762 4334 autem
3788 4272 3844 4325 fe-

2288 4366 2457 4452 moris
2494 4391 2665 4449 Jacob
2695 4388 2750 4445 in
2781 4382 3119 4442 multitudine
3144 4377 3376 4436 carnalis
3408 4374 3601 4447 populi
3622 4366 3841 4427 claudica-

2291 4490 2402 4546 vit?
2426 4488 2560 4556 Quis
2582 4484 2723 4541 alius
2750 4480 2889 4553 lapis
2911 4479 3115 4552 positus
3146 4474 3213 4530 ad
3243 4481 3400 4542 caput
3432 4470 3611 4526 Jacob
3637 4472 3693 4522 ut
3718 4456 3847 4516 nomi-

2291 4587 2458 4641 natim
2489 4576 2891 4653 quodammodo
2921 4572 3315 4642 exprimeretur
3342 4565 3513 4621 etiam
3558 4569 3737 4618 unctus
3759 4556 3849 4617 esi.
3946 4574 3947 4583 ι

605 4643 755 4648 μγ---
796 4643 913 4660 ---_,
951 4643 1033 4652 -_.
1073 4643 1181 4652 -.-_
1222 4643 1477 4666 7,---“
1526 4643 1763 4649 τ----η-
1892 4643 2050 4663 vv---
2092 4643 2182 4646 -m-
2508 4643 2523 4653 .

600 4685 828 4753 passus?
855 4686 1005 4743 Tunc
1027 4688 1171 4743 enim
1199 4686 1398 4742 nudata
1424 4693 1507 4743 est
1534 4684 1830 4740 mortalitas
1846 4684 2025 4740 carnis
2045 4682 2181 4753 ejus,
2214 4661 2268 4721 Ι)
2298 4678 2399 4735 nisi
2417 4684 2573 4745 caput
2604 4671 2709 4729 viri
2727 4664 3009 4726 Christus?
3038 4658 3170 4730 Quis
3214 4662 3356 4716 enim
3407 4654 3695 4711 (ηπῖείυπτ
3722 4643 3852 4704 ³⁸⁵ίῆ

597 4775 802 4834 ιυᾱωίε
838 4782 1184 4848 scandalum,
1224 4782 1476 4854 gentibus
1527 4778 1789 4846 stultitia,
1839 4778 1970 4849 ipsis
2015 4787 2195 4833 autem

596 4875 806 4928 vocatis
836 4873 1038 4930 Judaais
1070 4885 1123 4930 et
1149 4874 1423 4947 gentibus,
1456 4883 1710 4945 tanquam
1744 4854 1868 4929 Sem
1896 4881 1947 4925 et
1977 4868 2195 4940 Japhet,

598 4962 695 5019 Dei
720 4965 885 5020 virtus
907 4974 963 5023 et
980 4965 1074 5022 Dei
1101 4966 1390 5036 sapientia,
1407 4966 1532 5036 quia
1558 4966 1703 5037 quod
1721 4965 1942 5020 stultum
1963 4972 2049 5020 est
2074 4962 2190 5028 Dei,

597 5057 899 5123 sapientius
930 5067 1014 5114 est
1039 5072 1199 5128 quam
1231 5058 1503 5127 homines,
1533 5066 1589 5114 et
1617 5058 1761 5128 quod
1810 5057 2081 5112 infirmum
2108 5062 2194 5111 est

600 5148 717 5215 Dei,
747 5149 940 5204 fortius
964 5158 1050 5205 est
1087 5164 1249 5221 quam
1290 5148 1560 5207 homines.
1606 5149 1841 5206 Proinde
1880 5150 1934 5204 in
1981 5147 2194 5204 duobus

600 5240 725 5295 ﬁliis
753 5242 988 5298 maximo
1009 5252 1063 5299 et
1086 5243 1344 5313 minimo;
1368 5243 1478 5299 duo
1533 5243 1713 5314 populi
1768 5241 1999 5313 figurati,
2028 5254 2191 5295 unam

599 5346 805 5391 vestem
834 5352 862 5390 a
889 5348 1037 5409 tergo
1066 5346 1371 5409 portantes,
1412 5344 1811 5393 sacramentum
1844 5334 2052 5390 scilicet
2074 5333 2189 5402 jam

601 5431 889 5499 prteteritte
916 5440 1078 5503 atque
1102 5440 1391 5487 transacta:
1413 5429 1699 5486 dominica:
1722 5428 2011 5500 passionis,
2037 5427 2189 5481 nudi-

600 5530 765 5579 tatem
791 5525 960 5595 patris
983 5540 1157 5595 ueque
1184 5527 1483 5591 intuentur,
1517 5521 1641 5592 quia
1673 5522 1724 5576 in
1766 5518 1964 5575 Christi
2006 5533 2191 5574 necem

602 5631 708 5672 non
738 5617 1111 5686 consentiunt;
1158 5627 1213 5673 et
1241 5626 1421 5672 tamen
1454 5614 1719 5669 honorant
1741 5613 2046 5669 velamento
2079 5620 2195 5664 tan-

602 5722 761 5775 quam
792 5710 1025 5764 scientes
1050 5709 1195 5765 unde
1223 5711 1334 5767 sint
1362 5692 1495 5765 nati.
1546 5705 1753 5762 Medius
1795 5714 1973 5760 autem
2026 5703 2188 5770 ﬁlius,

605 5798 662 5853 id
687 5810 769 5857 est
797 5801 1023 5875 populus
1044 5800 1381 5873 Judteorum,
1412 5801 1535 5859 ideo
1563 5800 1797 5870 medius,
1820 5799 1940 5869 quia
1967 5812 2065 5853 nec
2088 5796 2193 5866 pri-

597 5912 805 5965 matum.
828 5909 1203 5981 apostolorum.
1227 5899 1403 5957 tenuit
1423 5939 1444 5966 ,
1476 5894 1577 5959 nec
1603 5897 1824 5955 ultimus
1855 5897 1907 5954 in
1939 5893 2201 5969 gentibus,

2300 4772 2369 4827 ab
2394 4741 2649 4826 unctione
2671 4758 2973 4835 appellari?
2993 4756 3092 4825 Qui
3115 4756 3274 4810 etiam
3299 4752 3402 4807 hoc
3425 4751 3618 4820 ipsum
3650 4748 3700 4801 in
3725 4741 3850 4835 Evan-

2299 4863 2442 4936 gelio
2469 4834 2925 4919 commemorans,
2962 4858 3018 4906 et
3043 4848 3111 4904 de
3154 4861 3213 4902 se
3239 4843 3532 4915 ﬁguratum
3566 4834 3856 4910 apertissime

2301 4934 2620 5020 testiﬁcans,
2646 4963 2771 5005 cum
2798 4944 3082 5017 quemdam
3107 4936 3496 4996 Nathanaelem
3525 4934 3859 4990 dixissent?!

2294 5049 2590 5107 lsraelitam
2622 5046 2673 5100 in
2704 5056 2811 5112 quo
2840 5038 2994 5096 dolus
3024 5048 3131 5092 non
3164 5041 3341 5100 esset,
3374 5037 3431 5087 et
3458 5043 3599 5086 cum
3632 5029 3747 5091 ille,
3778 5033 3862 5077 tan-

2292 5162 2451 5219 quam
2481 5142 2712 5214 lapidem
2745 5138 2892 5194 illum
2920 5135 3129 5191 habens
3149 5130 3219 5188 ad
3243 5137 3427 5201 caput,
3450 5129 3747 5184 confessus
3770 5132 3863 5177 eum

2293 5216 2414 5296 esse
2431 5236 2523 5313 [F.
2549 5232 2717 5306 esset}
2738 5232 2932 5288 Filium
2951 5229 3045 5285 Dei
3068 5235 3123 5285 et
3142 5242 3322 5297 regem
3342 5223 3535 5293 lsraef,
3564 5223 3672 5278 ista
3692 5216 3869 5275 confes-

2292 5334 2445 5389 sione
2469 5326 2867 5401 quodammodo
2888 5338 3094 5396 ungens
3119 5319 3375 5391 lapidem,
3398 5316 3451 5371 id
3473 5324 3571 5371 est
3589 5317 3765 5388 ipsum
3780 5319 3872 5364 esse

2295 5398 2559 5484 conﬁtens
2576 5422 2869 5482 Christum,
2887 5418 2959 5473 ibi
2983 5423 3287 5487 opportune
3301 5409 3575 5466 Dominus
3590 5410 3757 5466 etiam
3775 5398 3876 5459 illud
3931 5422 3947 5437 ·η

2299 5517 2744 5579 commemoravit
2757 5513 2899 5585 quod
2913 5512 3045 5567 vidit
3060 5508 3226 5566 Jacob
3244 5506 3331 5580 qui
3345 5522 3444 5577 per
3456 5503 3879 5560 benedictionem

2303 5615 2607 5686 appellatus
2619 5606 2901 5667 estlsrael.
2918 5606 3088 5661 Amen
3104 5603 3226 5657 dico
3239 5599 3415 5663 vobis,
3434 5598 3649 5667 inquit,
3662 5588 3887 5652 videbitis

2297 5710 2493 5764 ctelum
2511 5714 2755 5777 apertum
2776 5712 2827 5757 et
2851 5698 3075 5769 angelos
3098 5696 3189 5751 Dei
3209 5690 3579 5749 ascendentes
3600 5700 3661 5746 et
3687 5689 3890 5743 desceao

2298 5801 2487 5856 dentes
2503 5771 2664 5869 super
2687 5793 2877 5849 Filium
2906 5788 3158 5845 hominis.
3184 5786 3291 5858 50
3322 5784 3434 5838 Hoc
3456 5784 3615 5837 enim
3643 5777 3808 5837 Israel
3826 5771 3893 5827 vi-

2297 5894 2481 5963 derat,
2502 5868 2630 5951 cum
2646 5884 3052 5959 illumlapidem
3074 5880 3142 5942 ad
3168 5884 3331 5952 caput
3359 5875 3608 5936 habebat
3629 5886 3829 5934 atem
3854 5868 3896 5922 in
