3968 6390
832 331 841 337 ”
933 334 959 358 'I

500 363 602 420 6'19

1572 352 1639 408 ι).
1667 300 2309 409 ΕΗΟΥΡΡΠᾸΒΒᾹΤΙὸ
2335 350 2661 410 AFRICANI

3692 349 3796 409 680

500 481 553 537 in
574 474 841 533 frontibus
860 454 1073 545 populi,
1093 469 1165 527 ad
1183 466 1407 526 tutelam
1423 467 1634 525 salutis.
1655 466 1825 523 Datur
1843 468 1914 524 ibi
1944 469 2030 522 lex
2055 482 2085 521 ι.
2113 469 2166 528 Δ
2193 468 2422 538 probato
2451 476 2654 533 vetere,
2681 464 2821 537 quod
2852 464 3041 522 umbra
3063 470 3184 522 erat
3228 462 3393 521 futuri
3416 508 3432 535 ,
3464 463 3527 521 in
3558 464 3800 523 Domino

497 572 589 629 die
612 578 736 642 post
758 576 935 624 actum
966 566 1187 638 pascha,
1217 562 1367 620 venit
1411 562 1645 633 Spiritus
1673 569 1894 617 sanctus
1946 576 1977 615 ι.
2007 560 2096 616 die

500 674 628 737 post
656 662 872 719 Domini
904 660 1232 731 passionem.
1282 656 1487 711 Dicitur
1529 654 1641 710 illic
1669 656 1869 725 scripta
1898 654 1987 709 lex
2015 651 2097 708 di-

502 760 617 829 gito
638 757 756 822 Dei,
772 754 901 811 dicit
924 752 1183 808 Dominus
1206 750 1274 805 de
1295 750 1497 819 Spiritu
1520 757 1710 803 sancto
1738 765 1752 802 :
1775 748 1829 801 Si
1854 747 1907 800 in
1931 744 2097 815 digito

505 846 607 903 Dei
639 847 796 915 ejicio
824 843 1111 899 daemonia.
1144 840 1210 896 Et
1235 840 1431 895 clamat
1458 839 1720 905 Faustus,
1751 838 1922 893 oculis
1950 836 2099 891 clan-

507 941 607 1008 sis,
640 936 772 991 nihil
800 950 860 991 se
888 935 940 989 in
969 931 1299 1015 illis‘litteris
1328 931 1600 986 invenisse
1631 929 1774 999 quod
1803 927 1868 982 ad
1895 927 2096 983 Christi

506 1029 1023 1101 praenuntiationem
1064 1023 1369 1096 pertineatl
1401 1023 1537 1090 Quid
1569 1031 1751 1079 autem
1780 1024 1976 1078 mirum
1996 1065 2012 1091 ,
2052 1021 2099 1076 si

511 1123 703 1177 oculos
735 1120 931 1175 habeat
951 1119 1019 1173 ad
1049 1117 1355 1189 legendum,
1380 1124 1437 1171 et
1478 1130 1572 1170 cor
1597 1114 1666 1170 ad
1697 1113 2100 1183 intelligendum

508 1228 616 1269 non
649 1211 863 1278 habeat,
886 1211 975 1281 qui
1006 1210 1215 1279 positus
1245 1218 1372 1263 ante
1410 1207 1609 1262 ostium
1648 1206 1890 1261 clausum
1932 1204 2102 1261 divini

508 1306 727 1369 secreti,
763 1319 869 1360 non
895 1303 1002 1359 ﬁde
1032 1302 1250 1372 pietatis
1280 1302 1477 1372 pulsat,
1510 1301 1607 1356 sed
1648 1301 1881 1356 elatione
1909 1300 2099 1369 impie-

510 1397 644 1450 tatis
674 1393 940 1449 insultat?
969 1392 1129 1463 plane
1154 1393 1223 1447 ita
1253 1393 1432 1457 sit,ita
1462 1391 1575 1446 ﬁat.
1608 1390 1819 1446 Jnsmm
1852 1399 1936 1445 est
1954 1390 2099 1445 enim

512 1487 796 1542 claudatur
825 1485 1074 1556 superbis
1100 1484 1268 1555 janua
1299 1484 1528 1549 salutis;
1556 1493 1742 1538 veniat
1789 1491 2104 1538 mansuetus

512 1596 669 1650 quem
698 1579 857 1636 docet
898 1577 1157 1633 Dominus
1204 1578 1319 1633 vias
1368 1592 1511 1632 suas.
1558 1576 1749 1632 Videat
1776 1586 1829 1632 et
1857 1576 1972 1632 haec
1998 1575 2106 1630 illis

513 1672 568 1727 in
596 1671 770 1735 libris,
800 1681 853 1726 et
883 1678 1098 1735 caetera,
1134 1669 1219 1723 vel
1268 1669 1473 1734 omnia,
1530 1669 1614 1723 vel
1654 1668 1897 1739 quaedam
1928 1668 2105 1738 qualia

518 1765 704 1820 credat
726 1764 779 1818 in
802 1762 1086 1827 omnibus;
1109 1760 1290 1816 videat
1318 1759 1747 1817 introducentem
1770 1759 2027 1830 populum
2050 1759 2106 1813 in

2200 571 2385 617 nostro
2423 562 2550 617 Jesu
2580 561 2792 617 Christo
2841 567 3129 616 venturum
3160 560 3408 633 [regnum
3452 570 3516 617 et
3544 563 3799 619 sacerdo-

2197 652 2394 725 tium]?
2424 655 2612 711 Nonne
2658 656 2772 724 ipse
2803 653 2967 709 David
2989 693 3005 720 ,
3036 670 3155 710 cum
3197 669 3363 725 panes
3405 655 3795 724 propositionis

2198 746 2563 816 manducavit,
2587 746 2729 815 quod
2760 761 2867 802 non
2899 746 3095 804 licebat
3118 746 3450 801 manducare
3479 746 3595 801 nisi
3626 761 3795 803 sacer-

2200 842 2437 910 dotibus,
2466 842 2520 897 in
2553 856 2658 897 una
2678 855 2907 912 persona
2938 849 3225 909 utrumque
3253 839 3527 904 futurum,
3556 838 3615 893 id
3645 850 3727 894 est
3748 841 3793 895 in

2198 948 2308 990 uno
2339 933 2554 989 Christo
2580 934 2974 1005 Jesuregnum
3004 942 3058 989 et
3092 931 3453 989 sacerdotium
3508 932 3791 1002 ﬁguravit?

2200 1026 2391 1083 Nonne
2416 1042 2537 1083 cum
2568 1027 2755 1083 decem
2783 1026 2957 1082 tribus
2979 1041 3011 1082 a
3054 1027 3255 1097 templo
3299 1035 3582 1097 separata:
3611 1036 3794 1082 suntet

2200 1119 2321 1175 dua:
2350 1120 2648 1185 derelictae,
2683 1119 2813 1174 satis
2845 1118 3043 1174 indicat
3070 1118 3214 1189 quod
3242 1117 3311 1173 de
3340 1126 3453 1173 tota
3494 1117 3621 1187 ipsa
3650 1124 3791 1187 gente

2201 1213 2498 1283 Apostolus
2522 1213 2633 1268 ait:
2666 1212 2925 1284 Reliquiae
2950 1227 3048 1283 per
3075 1212 3396 1268 electionem
3419 1212 3627 1281 gratia:
3646 1211 3791 1266 salva

2202 1306 2360 1364 factae
2399 1308 2562 1363 sunt?
2594 1306 2838 1363 Pascitur
2878 1305 3025 1361 Elias
3069 1300 3314 1377 tempore
3362 1305 3531 1361 famis
3564 1318 3598 1359 a
3635 1304 3789 1360 corvis

2204 1415 2366 1457 mane
2396 1400 2742 1456 all‘erentibus
2779 1416 2972 1471 panem
2999 1409 3055 1458 et
3094 1401 3160 1456 ad
3185 1414 3474 1469 vesperam
3509 1413 3723 1466 carnes,
3746 1408 3790 1454 et

2205 1489 2483 1546 Manichaei
2519 1505 2624 1547 non
2654 1491 2961 1561 intelligunt
2990 1492 3045 1547 in
3074 1492 3179 1547 illis
3209 1491 3360 1546 libris
3382 1490 3695 1554 Christum,
3718 1490 3786 1545 cui

2207 1581 2602 1652 quodammodo
2632 1582 2859 1637 salutem
2890 1590 3130 1637 nostram
3169 1580 3436 1637 esurienti
3478 1580 3787 1637 conﬁtentur

2206 1683 2518 1744 peccatores
2548 1673 2706 1729 ﬁdem
2738 1673 3003 1743 primitias
3033 1673 3256 1743 spiritus
3296 1687 3444 1728 nunc
3491 1674 3783 1737 habentem,

2208 1766 2264 1820 in
2294 1764 2400 1821 ﬁne
2425 1774 2605 1821 autem
2636 1766 2785 1820 velut
2812 1765 2879 1819 ad
2908 1778 3183 1834 vesperam
3215 1764 3400 1820 saeculi
3430 1764 3604 1819 etiam
3637 1765 3787 1818 carnis

510 1867 718 1941 terram
748 1855 1145 1925 promissionis.
1175 1854 1356 1924 Neque
1375 1854 1521 1909 enim
1547 1854 1651 1909 hoc
1678 1863 1885 1909 temere
1905 1855 1973 1909 ab
1996 1854 2101 1945 ini-
2133 1845 2182 1906 Β
2208 1858 2679 1914 resurrectionem.
2724 1856 2952 1911 Mittitur
2981 1856 3128 1911 Elias
3168 1856 3473 1925 pascendus
3513 1856 3585 1911 ad
3623 1854 3789 1910 alieni-

516 1951 601 2006 tio
624 1948 943 2013 vocabatur,
977 1948 1070 2003 sed
1094 1961 1159 2002 ex
1191 1949 1305 2017 ipsa
1330 1947 1732 2017 dispensatione
1747 1948 1965 2002 nomine
1988 1946 2109 2002 mu-

508 2029 633 2097 tato
672 2044 827 2097 .lesus
873 2039 1178 2111 appellatus
1218 2047 1321 2094 est.
1372 2038 1562 2095 Videat
1609 2039 1822 2094 botrum
1858 2037 1928 2095 de
1970 2048 2111 2094 terra

520 2131 897 2204 promissionis
929 2132 981 2185 in
1009 2130 1159 2201 ligno
1197 2129 1544 2199 pendentem.
1579 2129 1770 2185 Videat
1800 2130 1854 2185 in
1896 2128 2112 2185 Jericho

521 2236 773 2293 tanquam
831 2224 882 2278 in
935 2223 1038 2278 hoc
1090 2223 1301 2278 mortali
1360 2223 1559 2279 saeculo
1611 2224 1993 2291 meretricem,
2044 2222 2111 2278 de

522 2319 768 2389 qualibus
798 2318 869 2373 ait
915 2317 1174 2373 Dominus
1217 2316 1359 2387 quod
1404 2318 1713 2386 praecedant
1762 2318 2025 2387 superbos
2056 2316 2112 2371 in

521 2426 691 2482 regno
719 2413 1003 2475 caelorum,
1036 2426 1130 2480 per
1162 2410 1452 2466 fenestram
1484 2412 1676 2465 domus
1703 2422 1817 2464 suae
1855 2418 2111 2479 tanquam

521 2521 622 2577 per
652 2520 713 2562 os
741 2506 986 2575 corporis
1012 2507 1093 2559 sui
1125 2517 1346 2560 coccum
1376 2504 1705 2569 mittentem,
1736 2500 1877 2572 quod
1905 2509 1988 2556 est
2009 2504 2114 2556 uti-

523 2614 629 2671 que
657 2598 934 2668 sanguinis
963 2598 1174 2666 signum
1201 2606 1423 2666 propter
1466 2596 1843 2651 remissionem
1871 2602 2116 2663 peccato-

520 2703 642 2751 rum
672 2690 913 2745 conﬁteri
944 2689 1010 2744 ad
1040 2688 1292 2744 salutem.
1348 2686 1540 2743 Videat
1585 2700 1769 2741 muros
1792 2685 1961 2755 ipsius
1981 2685 2121 2740 civi-

523 2783 681 2849 tatis,
727 2790 978 2852 tanquam
1027 2781 1355 2837 munitiones
1403 2779 1644 2835 mortalis
1688 2777 1871 2833 saeculi
1917 2776 2115 2847 septies

522 2875 849 2937 circumacta
879 2875 1214 2930 Testamenti
1264 2887 1413 2939 arca,
1455 2871 1739 2939 cecidisse,
1788 2871 1930 2925 sicut
1977 2883 2119 2924 nunc

521 2984 623 3044 per
662 2979 905 3039 tempora
958 2982 1079 3037 qua:
1130 2975 1334 3036 septem
1380 2965 1588 3020 dierum
1633 2962 2001 3018 vicissitudine
2038 2959 2119 3015 di-

524 3063 800 3129 labuntur,
853 3062 1260 3116 Testamentum
1307 3058 1401 3112 Dei
1458 3057 1653 3112 circuit
1705 3062 1876 3110 totum
1932 3054 2120 3109 orbem

530 3165 803 3210 terrarum
832 3194 849 3221 ,
896 3159 957 3205 ut
1008 3152 1062 3206 in
1117 3149 1224 3205 ﬁne
1271 3158 1575 3219 temporum
1632 3159 1779 3202 mors
1828 3143 2119 3199 novissima

528 3247 635 3327 δι
668 3246 879 3301 inimica
922 3244 1250 3311 destruatur,
1282 3251 1336 3299 et
1376 3258 1444 3297 ex
1494 3239 1782 3311 impiorum
1816 3237 2118 3308 perditione
2146 3222 2193 3288 C

531 3344 693 3396 unica
749 3341 972 3403 domus,
1027 3348 1276 3408 tanquam
1329 3335 1484 3390 unica
1527 3330 1797 3397 Ecclesia,
1845 3330 2121 3396 liberetur,

538 3432 798 3488 mundata
828 3429 1160 3500 turpitudine
1185 3423 1549 3483 fornicationis
1570 3421 1970 3493 perfenestram
1998 3432 2126 3475 con-

530 3523 786 3581 fessionis
831 3524 884 3578 in
927 3522 1185 3592 sanguine
1240 3516 1594 3575 remissionis.
1640 3513 1833 3569 Videat
1885 3523 2123 3582 tempora

530 3619 711 3688 primo
736 3616 1009 3683 Iudicum,
1060 3621 1249 3684 postea
1279 3611 1507 3681 Regum,
1538 3608 1676 3664 sicut
1714 3607 1819 3664 erit
1847 3607 2022 3677 primo
2041 3605 2126 3675 ju-

538 3709 768 3773 dicium,
801 3715 986 3775 postea
1011 3718 1259 3772 regnum,
1294 3706 1457 3772 inque
1478 3702 1607 3770 ipsis
1628 3698 1963 3768 temporibus
1985 3698 2127 3766 judi-

535 3813 661 3853 cum
691 3806 748 3852 et
775 3811 998 3862 regnum
1031 3795 1227 3849 iterum
1256 3802 1416 3862 atque
1444 3794 1635 3847 iterum
1667 3791 1852 3845 multis
1880 3797 1937 3845 et
1965 3789 2126 3845 variis

536 3887 717 3945 modis
743 3886 1019 3942 ChriStum
1068 3884 1475 3952 Ecclesiamqne
1504 3882 1742 3952 ﬁgurari.
1770 3881 1900 3949 Quis
1928 3888 2045 3936 erat
2072 3881 2126 3935 in

537 3979 769 4037 Samson
791 3978 1008 4033 obvium
1029 3976 1239 4032 leonem
1263 3988 1484 4041 necans,
1507 3988 1649 4041 cum,
1681 3972 1921 4043 petenda:
1946 3974 2127 4029 uxoris

534 4085 721 4139 causa,
766 4070 833 4126 ad
864 4068 1196 4140 alienigenas
1246 4066 1531 4133 tenderet,
1560 4065 1665 4120 nisi
1695 4065 1786 4136 qui
1828 4065 2124 4122 Ecclesiam

531 4178 823 4224 vocaturus
853 4181 921 4222 ex
948 4165 1195 4236 gentibus
1226 4164 1365 4220 dixit
1391 4182 1403 4218 :
1447 4161 1707 4231 Gaudete,
1738 4161 1863 4231 quia
1892 4175 1992 4231 ego
2023 4160 2124 4216 vici

535 4262 793 4319 sazculum
822 4261 845 4313 ?
875 4259 1009 4326 Quid
1042 4258 1144 4313 sibi
1173 4258 1286 4313 vult
1314 4258 1366 4311 in
1394 4271 1489 4312 ore
1535 4256 1705 4327 ipsius
1751 4254 1922 4310 leonis
1960 4252 2123 4310 occisi

536 4352 691 4411 favus
721 4361 1002 4407 extructus
1030 4392 1044 4415 ,
1078 4349 1179 4405 nisi
1227 4351 1351 4421 quia
1394 4364 1522 4406 ecce
1571 4346 1932 4419 conspicimus
1981 4345 2131 4420 leges

536 4442 687 4516 ipsas
731 4444 882 4513 regni
927 4443 1168 4507 terreni,
1214 4458 1333 4511 quae
1382 4442 1641 4498 adversus
1688 4442 1960 4498 Christum
2001 4452 2125 4497 ante

537 4535 892 4604 fremuerant,
940 4549 1081 4590 nunc
1120 4534 1228 4604 jam
1274 4543 1547 4604 perempta
1595 4533 1805 4590 feritate
1852 4534 2121 4590 dulcedini

539 4626 864 4696 evangelium
899 4625 1254 4695 praedicandrc
1283 4625 1446 4680 etiam
1476 4625 1805 4680 munimenta
1836 4626 2078 4695 praebere
2104 4625 2128 4680 ?

541 4716 680 4784 Quid
707 4716 878 4790 [Quae]
911 4726 995 4773 est
1024 4718 1115 4772 illa
1138 4718 1330 4773 mulier
1358 4718 1515 4788 plena
1540 4717 1769 4783 ﬁduciae,
1794 4719 1962 4773 hostis
1990 4726 2127 4773 tem-

540 4821 677 4877 pora
707 4808 851 4876 ligno
874 4810 1212 4880 transﬁgens,
1236 4810 1339 4865 nisi
1362 4810 1496 4865 ﬁdes
1519 4809 1772 4865 Ecclesia:
1792 4825 1949 4866 cruce
1972 4811 2129 4867 Chri-

543 4901 615 4958 sti
644 4915 810 4971 regna
854 4900 1051 4956 diaboli
1086 4903 1398 4971 perimens?
1427 4902 1567 4970 Quid
1598 4902 1765 4958 vellus
1795 4903 2122 4973 complutum

540 5007 672 5049 area
712 4993 877 5059 sicca,
927 5004 980 5048 et
1008 5002 1189 5062 postea
1228 4994 1495 5063 compluta
1525 5010 1647 5051 area
1701 4996 1846 5051 sicco
1892 4998 2124 5064 vellere,

538 5085 646 5141 nisi
678 5086 852 5155 primo
892 5099 995 5139 una
1042 5099 1172 5154 gens
1218 5085 1560 5141 Hebraeorum
1592 5086 1794 5142 habens
1823 5088 2033 5144 occulte
2072 5091 2127 5144 in

541 5180 743 5233 sanctis
770 5179 1088 5249 mysterium
1122 5177 1216 5234 Dei
1238 5178 1380 5249 quod
1403 5188 1487 5235 est
1510 5178 1775 5248 Christus,
1803 5196 1909 5252 quo
1926 5189 2131 5253 myste-

538 5271 624 5326 rio
656 5279 799 5330 totus
827 5272 972 5329 orbis
1000 5286 1198 5329 vacuus
1225 5274 1383 5329 erat?
1411 5274 1564 5331 Nunc
1592 5285 1769 5330 autem
1799 5276 1852 5329 in
1898 5274 2128 5332 manife-

539 5362 794 5431 statione,
836 5372 981 5421 totus
1009 5366 1156 5421 orbis
1184 5365 1236 5420 id
1268 5365 1453 5433 habet,
1488 5367 1571 5421 illa
1605 5376 1825 5422 vacuata
1856 5378 1958 5423 est.
1990 5368 2128 5436 Quid

538 5452 649 5525 jam
681 5470 861 5526 regum
892 5459 1245 5527 temporibus,
1271 5468 1327 5513 ut
1355 5457 1483 5513 inde
1505 5473 1671 5527 pauca
1699 5461 2126 5517 commemorer?

539 5564 723 5606 nonne
746 5552 823 5607 'ab
853 5552 970 5621 ipso
1012 5553 1236 5607 exordio
1260 5560 1646 5607 commutatum
1683 5554 2037 5609 sacerdotium
2069 5556 2124 5610 in

541 5642 847 5699 Samnelem
879 5646 1167 5715 reprobato
1196 5646 1338 5712 Heli,
1368 5657 1424 5701 et
1461 5654 1849 5701 commutatum
1896 5663 2117 5720 regnum

542 5732 600 5788 in
620 5734 787 5791 David
806 5737 1092 5806 reprobate
1114 5738 1301 5805 Saule,
1324 5740 1521 5793 clamat
1538 5740 1943 5808 praenuntiatori
1966 5742 2124 5813 [prte-

545 5827 801 5901 nuntiari]
824 5844 1025 5887 novum
1054 5834 1415 5889 sacerdotium
1460 5848 1762 5904 novumque
1787 5850 2008 5906 regnum
2032 5848 2121 5893 re-

2213 1963 2405 2019 genam
2430 1948 2645 2003 viduam
2672 1963 2792 2018 quae
2813 1947 3155 2014 volebatduo
3180 1947 3325 2017 ligna
3346 1948 3612 2018 colligere
3636 1950 3789 2019 prius-

2166 2071 2171 2076 -
2213 2055 2373 2111 quam
2420 2049 2752 2096 moreretur:
2798 2054 2907 2095 non
2939 2039 3027 2096 hic
3073 2039 3189 2095 solo
3232 2038 3364 2109 ligni
3412 2041 3657 2107 nomine,
3706 2039 3789 2095 sed

2214 2118 2629 2187 etiam'numero
2671 2132 2940 2202 lignorum
2981 2132 3192 2201 signum
3221 2132 3395 2187 crucis
3437 2133 3790 2202 exprimitur;

2214 2225 2551 2281 benedicitnr
2580 2225 2750 2280 farina
2774 2224 2891 2295 ejus
2922 2232 2977 2279 et
3001 2224 3202 2291 oleum,
3237 2223 3427 2279 fructus
3459 2233 3512 2279 et
3549 2224 3792 2278 hilaritas

2214 2317 2516 2386 charitatis,
2535 2334 2654 2388 quae
2676 2318 3024 2388 impenditur,
3052 2332 3158 2373 non
3180 2316 3373 2373 deﬁcit.
3395 2317 3623 2371 Hilarem
3645 2318 3789 2371 enim

2215 2412 2458 2466 datorem
2506 2410 2683 2481 diligit
2728 2411 2888 2466 Dens.
2926 2409 3105 2465 Eliseo
3149 2422 3348 2479 pueros
3375 2408 3713 2472 insultantes,
3745 2416 3795 2462 et

2216 2503 2517 2560 clamantes
2539 2544 2557 2572 ,
2595 2501 2793 2569 Calve,
2824 2502 3008 2557 calve!
3038 2500 3225 2557 bestia:
3262 2500 3587 2555 comedunt:
3620 2498 3793 2567 puerili

2217 2596 2440 2651 stultitia
2470 2594 2807 2663 perridentes
2836 2592 3110 2649 Christum
3142 2592 3195 2647 in
3246 2592 3369 2647 loco
3392 2591 3667 2647 Calvaria:
3695 2605 3789 2645 cru-

2217 2690 2435 2746 ciﬁxum
2478 2688 2649 2744 invasi
2675 2704 2705 2743 a
2731 2686 3065 2743 daemonibus
3110 2696 3359 2757 pereunt.
3401 2684 3573 2741 Mittit
3617 2685 3788 2739 Eliaerta

2219 2797 2316 2855 per
2347 2798 2567 2839 servum
2612 2781 2860 2838 baculum
2889 2795 3049 2851 super
3098 2790 3394 2851 mortuum,
3439 2790 3499 2835 et
3529 2793 3640 2835 non
3677 2777 3786 2835 reri-

2220 2878 2395 2941 viscit,
2428 2878 2580 2932 venit
2608 2877 2746 2947 ipse,
2784 2875 3064 2945 conjungit
3084 2884 3137 2930 et
3158 2882 3377 2943 coaptat
3402 2886 3469 2929 se
3492 2871 3658 2928 morti
3682 2871 3787 2940 ejus,

2221 2982 2275 3029 et
2323 2971 2598 3027 reviviscit
2629 2988 2644 3026 :
2676 2970 2828 3026 misit
2868 2984 3051 3025 sermo
3093 2968 3186 3023 Dei
3232 2968 3407 3039 legem
3462 2982 3565 3037 per
3610 2980 3786 3022 sertum

2222 3082 2400 3134 suum,
2428 3082 2529 3122 nec
2550 3067 2749 3138 proluit
2770 3064 2824 3120 in
2850 3062 3084 3134 peccatis
3106 3072 3320 3118 mortuo
3344 3062 3539 3133 generi
3569 3061 3787 3125 humano,

2225 3174 2347 3233 quae
2382 3172 2561 3215 tamen
2589 3172 2695 3214 non
2727 3158 2847 3212 sine
2872 3169 3034 3211 causa
3054 3155 3215 3209 missa
3237 3161 3341 3208 est.
3378 3152 3479 3207 Ille
3508 3154 3652 3209 enim
3680 3150 3786 3205 misit

2223 3256 2317 3327 qui
2356 3254 2519 3310 sciret
2562 3266 2681 3308 eam
2721 3252 2869 3320 prius
2904 3262 3026 3304 esse
3082 3245 3422 3303 mittendam.
3479 3244 3643 3301 Venit
3680 3244 3786 3313 ipse,

2225 3345 2584 3404 coniormavit
2611 3359 2672 3399 se
2696 3341 2851 3399 nobis
2879 3340 3052 3395 factus
3084 3338 3354 3410 particeps
3380 3338 3580 3393 mortis
3603 3344 3788 3398 nostra,

2225 3446 2281 3497 et
2304 3437 2555 3495 viviﬁcati
2581 3450 2785 3492 sumus.
2814 3434 2946 3488 Cum
2975 3430 3254 3489 securibus
3288 3431 3433 3500 ligna
3458 3429 3786 3491 caederentur,

2226 3533 2293 3590 de
2318 3532 2465 3601 ligno
2492 3529 2691 3585 ferrum
2708 3525 2965 3583 exsiliens
2991 3524 3045 3580 in
3074 3522 3396 3594 profundum
3416 3520 3659 3604 puminis
3676 3533 3789 3573 mer-

2226 3642 2343 3683 sum
2367 3636 2471 3693 est,
2497 3633 2656 3694 atque
2674 3622 2730 3678 in
2754 3622 2953 3693 lignum
2974 3620 3207 3691 desuper
3222 3618 3296 3675 ab
3317 3619 3501 3681 Eliseo
3520 3616 3793 3688 projectum

2228 3734 2507 3777 reversum
2555 3726 2657 3773 est.
2694 3715 2770 3770 lta
2815 3729 2937 3769 cum
2982 3713 3178 3782 impios
3224 3710 3438 3768 Judaeos
3469 3724 3571 3780 per
3617 3721 3799 3778 corpus

2227 3821 2447 3882 operata
2486 3807 2771 3881 praesentia
2799 3805 2999 3862 Christi
3032 3814 3289 3875 tanquam
3324 3803 3670 3859 infructuosas
3707 3815 3800 3853 ar-

2228 3906 2388 3961 bores
2417 3904 2680 3973 carderet,
2734 3901 2930 3973 quiade
2974 3900 3068 3955 illo
3118 3898 3354 3955 Joannes
3390 3895 3631 3964 dixerat,
3660 3894 3803 3948 Ecce

2226 3999 2432 4055 securis
2459 3997 2527 4052 ad
2570 3996 2778 4051 radices
2819 3996 3075 4051 arborum
3106 3995 3281 4065 posita
3311 4001 3417 4061 est,
3444 3991 3514 4046 ab
3541 3991 3622 4045 eis
3649 3989 3800 4045 inter-

2228 4091 2479 4147 veniente
2507 4088 2756 4159 passione
2784 4102 2981 4157 corpus
3034 4088 3206 4156 ipsum
3252 4085 3496 4141 deseruit
3540 4083 3597 4139 in
3626 4083 3799 4138 interni

2227 4181 2488 4253 profunda
2519 4178 2875 4243 descendens,
2900 4192 3008 4248 quo
3035 4176 3089 4232 in
3136 4177 3410 4247 sepultura
3459 4175 3691 4245 desuper
3714 4189 3797 4243 po-

2227 4272 2352 4339 sito,
2393 4284 2641 4340 tanquam
2684 4269 2751 4324 ad
2782 4268 3119 4324 manubrium
3152 4282 3309 4322 suum
3338 4268 3538 4337 spiritu
3566 4264 3797 4321 redeunte

2228 4370 2481 4425 surrexit.
2509 4366 2679 4433 Quam
2712 4364 2880 4418 multa
2909 4371 3247 4433 praeteream,
3275 4360 3563 4417 brevitatis
3591 4359 3798 4416 necessi-

2229 4470 2338 4517 tate
2364 4460 2709 4524 constrictus,
2740 4466 2940 4513 norunt
2977 4457 3066 4527 qui
3097 4456 3299 4529 legunt.
3326 4454 3448 4509 Jam
3482 4456 3601 4524 ipsa
3630 4458 3678 4507 in
3716 4452 3797 4504 Ba-

2232 4555 2502 4627 byloniam
2536 4551 2954 4622 transmigratio,
2987 4565 3095 4620 quo
3125 4551 3287 4606 etiam
3329 4548 3562 4616 Spiritus
3593 4547 3677 4601 Dei
3720 4557 3797 4611 per

2234 4648 2525 4704 Jeremiam
2571 4646 2884 4715 prophetam
2909 4643 3062 4713 jubet
3102 4650 3160 4697 ut
3198 4651 3424 4713 pergant
3450 4650 3510 4696 et
3540 4649 3693 4696 orent
3722 4651 3796 4707 pro

2234 4740 2313 4795 eis
2342 4737 2492 4807 ipsis,
2545 4736 2600 4791 in
2637 4750 2865 4805 quorum
2912 4750 3078 4805 regno
3108 4732 3549 4804 peregrinantur,
3582 4732 3721 4803 quod
3758 4730 3800 4784 in

2235 4831 2447 4889 illorum
2476 4845 2611 4901 pace
2638 4831 2801 4887 etiam
2830 4844 2933 4898 pax
2961 4837 3105 4884 esset
3132 4827 3379 4897 istorum,
3414 4835 3470 4882 et
3497 4826 3800 4882 aediﬁcarent

2234 4924 2455 4989 domos,
2491 4932 2547 4979 et
2571 4920 2911 4978 novellarent
2938 4922 3142 4987 vincas,
3174 4929 3228 4977 et
3263 4920 3586 4991 plantarent
3626 4922 3805 4977 hortos.

2236 5017 2355 5088 quis
2382 5031 2489 5072 non
2519 5024 2780 5086 agnoscat
2809 5014 2936 5086 quid
2960 5014 3383 5085 praeﬁguraverit
3410 5014 3505 5084 qui
3536 5014 3810 5069 attenderit

2231 5123 2390 5165 veros
2416 5108 2709 5173 lsraelitas,
2736 5108 2788 5162 in
2810 5108 3006 5177 quibus
3034 5106 3190 5162 dolus
3215 5121 3323 5162 non
3352 5117 3459 5175 est,
3492 5122 3597 5177 per
3620 5118 3812 5177 aposto-

2235 5202 2395 5257 licam
2444 5200 2905 5271 dispensationem
2954 5215 3076 5256 cnm
3127 5197 3438 5269 evangelico
3487 5208 3816 5255 sacramento

2236 5296 2304 5351 ad
2326 5310 2551 5367 regnum
2577 5294 2815 5365 gentium
2848 5295 3273 5365 transmigrasse.
3305 5293 3460 5350 Unde
3492 5296 3661 5350 nobis
3690 5297 3816 5363 Apo-

2235 5389 2425 5453 stolus,
2452 5394 2701 5457 tanquam
2719 5387 3009 5443 Jeremiam
3033 5387 3324 5457 replicans,
3346 5388 3518 5443 dicit:
3542 5388 3689 5445 Volo
3708 5401 3822 5457 ergo

2236 5482 2466 5547 primum
2498 5477 2717 5550 [primo]
2740 5480 2981 5535 omnium
3013 5480 3128 5536 lieri
3154 5479 3597 5551 deprecatioues,
3634 5481 3822 5554 gratia—

2233 5585 2351 5626 rum
2379 5572 2619 5627 actiones
2647 5586 2742 5641 pro
2763 5571 3010 5628 omnibus
3042 5572 3371 5638 hominibus,
3406 5588 3509 5642 pro
3538 5576 3759 5645 regibus
3780 5580 3829 5629 et

2235 5663 2320 5718 his
2348 5664 2437 5735 qui
2465 5663 2517 5719 in
2564 5666 2889 5723 sublimitate
2915 5675 3062 5736 sunt,
3104 5666 3179 5723 uti
3208 5668 3446 5738 quietam
3475 5680 3537 5725 et
3568 5670 3830 5741 tranquil-

2232 5756 2340 5811 lam
2372 5757 2533 5811 vitam
2564 5774 2786 5829 agamus
2819 5763 2870 5815 in
2903 5762 3049 5817 omni
3081 5762 3279 5833 pietate
3314 5772 3370 5819 et
3394 5764 3690 5848 charitate.
3726 5766 3833 5819 Hoc

2233 5846 2375 5907 enim
2398 5848 2597 5906 bonum
2625 5859 2679 5907 et
2705 5861 2985 5924 acceptum
3006 5864 3088 5913 est
3117 5868 3299 5913 coram
3324 5846 3613 5917 Salvatore
3646 5869 3836 5917 nostro
