  <div class='ocr_page' id='page_1' title='image "/cluster/home/n/w/nwhite01/storage/ocr_20150623/62/hvd.32044015706393/349.png"; bbox 0 0 3968 6390; ppageno 0'>
   <div class='ocr_carea' id='block_1_1' title="bbox 542 387 3816 471">
    <p class='ocr_par' dir='ltr' id='par_1_1' title="bbox 542 387 3816 471">
     <span class='ocr_line' id='line_1_1' title="bbox 542 387 3816 471; baseline -0.008 -6"><span class='ocrx_word' id='word_1_1' title='bbox 542 394 658 471; x_wconf 60' lang='lat' dir='ltr'><strong>es;</strong></span> <span class='ocrx_word' id='word_1_2' title='bbox 1295 406 1299 407; x_wconf 49' lang='grc' dir='ltr'><em>ν</em></span> <span class='ocrx_word' id='word_1_3' title='bbox 1620 394 1690 453; x_wconf 71' lang='lat' dir='ltr'><strong>o.</strong></span> <span class='ocrx_word' id='word_1_4' title='bbox 1714 390 2038 453; x_wconf 73' lang='lat' dir='ltr'><strong>BUGYPPH</strong></span> <span class='ocrx_word' id='word_1_5' title='bbox 2074 388 2365 454; x_wconf 64' lang='lat' dir='ltr'><strong>asserta</strong></span> <span class='ocrx_word' id='word_1_6' title='bbox 2391 388 2743 452; x_wconf 76' lang='lat' dir='ltr'><strong>AFRiCANi.</strong></span> <span class='ocrx_word' id='word_1_7' title='bbox 3715 387 3816 450; x_wconf 65' lang='grc' dir='ltr'><strong>εει</strong></span> 
     </span>
    </p>
   </div>
   <div class='ocr_carea' id='block_1_2' title="bbox 547 500 3815 585">
    <p class='ocr_par' dir='ltr' id='par_1_2' title="bbox 547 500 3815 585">
     <span class='ocr_line' id='line_1_2' title="bbox 547 500 3815 585; baseline -0.001 -13"><span class='ocrx_word' id='word_1_8' title='bbox 547 518 638 577; x_wconf 78' lang='lat' dir='ltr'><strong>rat</strong></span> <span class='ocrx_word' id='word_1_9' title='bbox 657 519 957 583; x_wconf 66' lang='lat' dir='ltr'><strong>maturo,</strong></span> <span class='ocrx_word' id='word_1_10' title='bbox 980 500 1559 585; x_wconf 45' lang='lat' dir='ltr'><strong>pocestuna&#39;pro&#39;nobis</strong></span> <span class='ocrx_word' id='word_1_11' title='bbox 1586 510 1733 580; x_wconf 85' lang='lat' dir='ltr'><strong>fecit,</strong></span> <span class='ocrx_word' id='word_1_12' title='bbox 1751 521 1808 567; x_wconf 92' lang='lat' dir='ltr'><strong>ut</strong></span> <span class='ocrx_word' id='word_1_13' title='bbox 1837 526 1934 567; x_wconf 89' lang='lat' dir='ltr'><strong>nos</strong></span> <span class='ocrx_word' id='word_1_14' title='bbox 1958 512 2128 567; x_wconf 87' lang='lat' dir='ltr'><strong>simus</strong></span> <span class='ocrx_word' id='word_1_15' title='bbox 2152 513 2207 576; x_wconf 75' lang='grc' dir='ltr'><strong>Α</strong></span> <span class='ocrx_word' id='word_1_16' title='bbox 2229 511 2284 567; x_wconf 88' lang='lat' dir='ltr'><strong>in</strong></span> <span class='ocrx_word' id='word_1_17' title='bbox 2306 525 2465 582; x_wconf 87' lang='lat' dir='ltr'><strong>paena</strong></span> <span class='ocrx_word' id='word_1_18' title='bbox 2494 508 2731 582; x_wconf 75' lang='lat' dir='ltr'><strong>peccati;</strong></span> <span class='ocrx_word' id='word_1_19' title='bbox 2768 508 2812 565; x_wconf 89' lang='lat' dir='ltr'><strong>si</strong></span> <span class='ocrx_word' id='word_1_20' title='bbox 2839 514 3017 577; x_wconf 84' lang='lat' dir='ltr'><strong>autem</strong></span> <span class='ocrx_word' id='word_1_21' title='bbox 3044 512 3198 581; x_wconf 90' lang='lat' dir='ltr'><strong>optas</strong></span> <span class='ocrx_word' id='word_1_22' title='bbox 3219 504 3350 565; x_wconf 87' lang='lat' dir='ltr'><strong>inde</strong></span> <span class='ocrx_word' id='word_1_23' title='bbox 3373 504 3628 577; x_wconf 82' lang='lat' dir='ltr'><strong>liberari,</strong></span> <span class='ocrx_word' id='word_1_24' title='bbox 3658 508 3815 569; x_wconf 88' lang='lat' dir='ltr'><strong>crede</strong></span> 
     </span>
    </p>
   </div>
   <div class='ocr_carea' id='block_1_3' title="bbox 548 602 3816 677">
    <p class='ocr_par' dir='ltr' id='par_1_3' title="bbox 548 602 3816 677">
     <span class='ocr_line' id='line_1_3' title="bbox 548 602 3816 677; baseline -0.001 -17"><span class='ocrx_word' id='word_1_25' title='bbox 548 603 758 677; x_wconf 78' lang='lat' dir='ltr'><strong>iustitia</strong></span> <span class='ocrx_word' id='word_1_26' title='bbox 788 604 883 668; x_wconf 75' lang='lat' dir='ltr'><strong>Dei</strong></span> <span class='ocrx_word' id='word_1_27' title='bbox 914 607 969 662; x_wconf 90' lang='lat' dir='ltr'><strong>iu</strong></span> <span class='ocrx_word' id='word_1_28' title='bbox 1001 606 1140 675; x_wconf 86' lang='lat' dir='ltr'><strong>ipso.</strong></span> <span class='ocrx_word' id='word_1_29' title='bbox 1170 604 1279 660; x_wconf 90' lang='lat' dir='ltr'><strong>Cur</strong></span> <span class='ocrx_word' id='word_1_30' title='bbox 1308 618 1436 674; x_wconf 84' lang='lat' dir='ltr'><strong>ergo</strong></span> <span class='ocrx_word' id='word_1_31' title='bbox 1458 604 1670 660; x_wconf 88' lang='lat' dir='ltr'><strong>timeret</strong></span> <span class='ocrx_word' id='word_1_32' title='bbox 1691 604 1920 676; x_wconf 76' lang='lat' dir='ltr'><strong>Moyses,</strong></span> <span class='ocrx_word' id='word_1_33' title='bbox 1950 605 2131 659; x_wconf 81' lang='lat' dir='ltr'><strong>dicere</strong></span> <span class='ocrx_word' id='word_1_34' title='bbox 2233 618 2331 676; x_wconf 91' lang='lat' dir='ltr'><strong>per</strong></span> <span class='ocrx_word' id='word_1_35' title='bbox 2353 605 2552 661; x_wconf 76' lang='lat' dir='ltr'><strong>divinae</strong></span> <span class='ocrx_word' id='word_1_36' title='bbox 2589 604 2867 673; x_wconf 72' lang='lat' dir='ltr'><strong>sententiae</strong></span> <span class='ocrx_word' id='word_1_37' title='bbox 2904 604 3161 675; x_wconf 72' lang='lat' dir='ltr'><strong>justitiam</strong></span> <span class='ocrx_word' id='word_1_38' title='bbox 3198 616 3264 659; x_wconf 84' lang='lat' dir='ltr'><strong>ex</strong></span> <span class='ocrx_word' id='word_1_39' title='bbox 3300 602 3691 659; x_wconf 88' lang='lat' dir='ltr'><strong>maledictione</strong></span> <span class='ocrx_word' id='word_1_40' title='bbox 3728 619 3816 658; x_wconf 80' lang='lat' dir='ltr'><strong>ve-</strong></span> 
     </span>
    </p>
   </div>
   <div class='ocr_carea' id='block_1_4' title="bbox 552 695 3813 773">
    <p class='ocr_par' dir='ltr' id='par_1_4' title="bbox 552 695 3813 773">
     <span class='ocr_line' id='line_1_4' title="bbox 552 695 3813 773; baseline -0 -20"><span class='ocrx_word' id='word_1_41' title='bbox 552 698 918 763; x_wconf 77' lang='lat' dir='ltr'><strong>maledictum,</strong></span> <span class='ocrx_word' id='word_1_42' title='bbox 935 698 1079 768; x_wconf 89' lang='lat' dir='ltr'><strong>quod</strong></span> <span class='ocrx_word' id='word_1_43' title='bbox 1101 698 1296 757; x_wconf 79' lang='lat' dir='ltr'><strong>Paulus</strong></span> <span class='ocrx_word' id='word_1_44' title='bbox 1317 712 1423 757; x_wconf 83' lang='lat' dir='ltr'><strong>non</strong></span> <span class='ocrx_word' id='word_1_45' title='bbox 1437 698 1614 753; x_wconf 83' lang='lat' dir='ltr'><strong>timuit</strong></span> <span class='ocrx_word' id='word_1_46' title='bbox 1632 697 1814 752; x_wconf 82' lang='lat' dir='ltr'><strong>dicere</strong></span> <span class='ocrx_word' id='word_1_47' title='bbox 1831 695 2133 766; x_wconf 82' lang='lat' dir='ltr'><strong>peccatum?</strong></span> <span class='ocrx_word' id='word_1_48' title='bbox 2233 699 2400 761; x_wconf 71' lang='lat' dir='ltr'><strong>pisse.</strong></span> <span class='ocrx_word' id='word_1_49' title='bbox 2419 696 2688 753; x_wconf 82' lang='lat' dir='ltr'><strong>COnﬁtere</strong></span> <span class='ocrx_word' id='word_1_50' title='bbox 2706 712 2834 767; x_wconf 85' lang='lat' dir='ltr'><strong>ergo</strong></span> <span class='ocrx_word' id='word_1_51' title='bbox 2852 696 3195 752; x_wconf 80' lang='lat' dir='ltr'><strong>maledictum</strong></span> <span class='ocrx_word' id='word_1_52' title='bbox 3218 696 3520 766; x_wconf 83' lang='lat' dir='ltr'><strong>suscepisse</strong></span> <span class='ocrx_word' id='word_1_53' title='bbox 3539 709 3645 773; x_wconf 83' lang='lat' dir='ltr'><strong>pro</strong></span> <span class='ocrx_word' id='word_1_54' title='bbox 3672 696 3813 753; x_wconf 86' lang='lat' dir='ltr'><strong>nobis</strong></span> 
     </span>
    </p>
   </div>
   <div class='ocr_carea' id='block_1_5' title="bbox 552 787 3813 860">
    <p class='ocr_par' dir='ltr' id='par_1_5' title="bbox 552 787 3813 860">
     <span class='ocr_line' id='line_1_5' title="bbox 552 787 3813 860; baseline -0.001 -15"><span class='ocrx_word' id='word_1_55' title='bbox 552 788 721 853; x_wconf 80' lang='lat' dir='ltr'><strong>Plane</strong></span> <span class='ocrx_word' id='word_1_56' title='bbox 749 790 852 851; x_wconf 86' lang='lat' dir='ltr'><strong>hoc</strong></span> <span class='ocrx_word' id='word_1_57' title='bbox 876 788 1142 860; x_wconf 79' lang='lat' dir='ltr'><strong>Propheta</strong></span> <span class='ocrx_word' id='word_1_58' title='bbox 1164 798 1218 844; x_wconf 89' lang='lat' dir='ltr'><strong>et</strong></span> <span class='ocrx_word' id='word_1_59' title='bbox 1250 789 1544 859; x_wconf 69' lang='lat' dir='ltr'><strong>praevidere</strong></span> <span class='ocrx_word' id='word_1_60' title='bbox 1562 788 1817 844; x_wconf 89' lang='lat' dir='ltr'><strong>debuitet</strong></span> <span class='ocrx_word' id='word_1_61' title='bbox 1844 787 2133 856; x_wconf 70' lang='lat' dir='ltr'><strong>praedicere</strong></span> <span class='ocrx_word' id='word_1_62' title='bbox 2232 806 2393 859; x_wconf 86' lang='lat' dir='ltr'><strong>quem</strong></span> <span class='ocrx_word' id='word_1_63' title='bbox 2421 790 2694 845; x_wconf 80' lang='lat' dir='ltr'><strong>conﬁteris</strong></span> <span class='ocrx_word' id='word_1_64' title='bbox 2731 798 3001 844; x_wconf 90' lang='lat' dir='ltr'><strong>mortuum</strong></span> <span class='ocrx_word' id='word_1_65' title='bbox 3031 802 3152 843; x_wconf 90' lang='lat' dir='ltr'><strong>esse</strong></span> <span class='ocrx_word' id='word_1_66' title='bbox 3191 802 3288 858; x_wconf 92' lang='lat' dir='ltr'><strong>pro</strong></span> <span class='ocrx_word' id='word_1_67' title='bbox 3319 787 3495 856; x_wconf 91' lang='lat' dir='ltr'><strong>nobis,</strong></span> <span class='ocrx_word' id='word_1_68' title='bbox 3527 801 3641 844; x_wconf 87' lang='lat' dir='ltr'><strong>nec</strong></span> <span class='ocrx_word' id='word_1_69' title='bbox 3686 788 3813 841; x_wconf 83' lang='lat' dir='ltr'><strong>aliud</strong></span> 
     </span>
    </p>
   </div>
   <div class='ocr_carea' id='block_1_6' title="bbox 552 878 3815 954">
    <p class='ocr_par' dir='ltr' id='par_1_6' title="bbox 552 878 3815 954">
     <span class='ocr_line' id='line_1_6' title="bbox 552 878 3815 954; baseline -0.002 -16"><span class='ocrx_word' id='word_1_70' title='bbox 552 894 773 954; x_wconf 86' lang='lat' dir='ltr'><strong>paratus</strong></span> <span class='ocrx_word' id='word_1_71' title='bbox 798 886 864 940; x_wconf 81' lang='lat' dir='ltr'><strong>ab</strong></span> <span class='ocrx_word' id='word_1_72' title='bbox 887 885 1154 945; x_wconf 64' lang='lat' dir='ltr'><strong>hmreticis</strong></span> <span class='ocrx_word' id='word_1_73' title='bbox 1175 899 1296 940; x_wconf 87' lang='lat' dir='ltr'><strong>cum</strong></span> <span class='ocrx_word' id='word_1_74' title='bbox 1331 885 1583 954; x_wconf 78' lang='lat' dir='ltr'><strong>Apostolo</strong></span> <span class='ocrx_word' id='word_1_75' title='bbox 1612 883 1958 953; x_wconf 84' lang='lat' dir='ltr'><strong>reprehendi.</strong></span> <span class='ocrx_word' id='word_1_76' title='bbox 1978 882 2134 950; x_wconf 82' lang='lat' dir='ltr'><strong>Quis-</strong></span> <span class='ocrx_word' id='word_1_77' title='bbox 2233 884 2539 951; x_wconf 81' lang='lat' dir='ltr'><strong>signiﬁcare</strong></span> <span class='ocrx_word' id='word_1_78' title='bbox 2579 882 2811 936; x_wconf 87' lang='lat' dir='ltr'><strong>voluisse</strong></span> <span class='ocrx_word' id='word_1_79' title='bbox 2837 880 3019 935; x_wconf 78' lang='lat' dir='ltr'><strong>Mosen</strong></span> <span class='ocrx_word' id='word_1_80' title='bbox 3059 894 3179 935; x_wconf 91' lang='lat' dir='ltr'><strong>cum</strong></span> <span class='ocrx_word' id='word_1_81' title='bbox 3211 878 3417 934; x_wconf 87' lang='lat' dir='ltr'><strong>diceret</strong></span> <span class='ocrx_word' id='word_1_82' title='bbox 3455 896 3467 931; x_wconf 86' lang='lat'>:</span> <span class='ocrx_word' id='word_1_83' title='bbox 3500 878 3815 933; x_wconf 80' lang='lat' dir='ltr'><strong>Maledictus</strong></span> 
     </span>
    </p>
   </div>
   <div class='ocr_carea' id='block_1_7' title="bbox 554 972 3813 1047">
    <p class='ocr_par' dir='ltr' id='par_1_7' title="bbox 554 972 3813 1047">
     <span class='ocr_line' id='line_1_7' title="bbox 554 972 3813 1047; baseline -0.003 -10"><span class='ocrx_word' id='word_1_84' title='bbox 554 975 674 1044; x_wconf 78' lang='lat' dir='ltr'><strong>quis</strong></span> <span class='ocrx_word' id='word_1_85' title='bbox 709 976 851 1031; x_wconf 81' lang='lat' dir='ltr'><strong>enim</strong></span> <span class='ocrx_word' id='word_1_86' title='bbox 881 976 1289 1046; x_wconf 85' lang='lat' dir='ltr'><strong>reprehenderit</strong></span> <span class='ocrx_word' id='word_1_87' title='bbox 1313 976 1634 1047; x_wconf 85' lang='lat' dir='ltr'><strong>Prophetam</strong></span> <span class='ocrx_word' id='word_1_88' title='bbox 1666 975 1866 1030; x_wconf 80' lang='lat' dir='ltr'><strong>dixisse</strong></span> <span class='ocrx_word' id='word_1_89' title='bbox 1910 975 2134 1029; x_wconf 85' lang='lat' dir='ltr'><strong>maledi-</strong></span> <span class='ocrx_word' id='word_1_90' title='bbox 2232 975 2407 1031; x_wconf 91' lang='lat' dir='ltr'><strong>omnis</strong></span> <span class='ocrx_word' id='word_1_91' title='bbox 2429 974 2517 1047; x_wconf 91' lang='lat' dir='ltr'><strong>qui</strong></span> <span class='ocrx_word' id='word_1_92' title='bbox 2535 974 2742 1045; x_wconf 85' lang='lat' dir='ltr'><strong>inligno</strong></span> <span class='ocrx_word' id='word_1_93' title='bbox 2756 974 3022 1043; x_wconf 91' lang='lat' dir='ltr'><strong>pependit.</strong></span> <span class='ocrx_word' id='word_1_94' title='bbox 3041 972 3412 1027; x_wconf 83' lang='lat' dir='ltr'><strong>Poterateniin</strong></span> <span class='ocrx_word' id='word_1_95' title='bbox 3432 972 3654 1039; x_wconf 87' lang='lat' dir='ltr'><strong>dicere,</strong></span> <span class='ocrx_word' id='word_1_96' title='bbox 3673 973 3813 1031; x_wconf 81' lang='lat' dir='ltr'><strong>male-</strong></span> 
     </span>
    </p>
   </div>
   <div class='ocr_carea' id='block_1_8' title="bbox 558 1056 3808 1138">
    <p class='ocr_par' dir='ltr' id='par_1_8' title="bbox 558 1056 3808 1138">
     <span class='ocr_line' id='line_1_8' title="bbox 558 1056 3808 1138; baseline -0.001 -17"><span class='ocrx_word' id='word_1_97' title='bbox 558 1076 704 1125; x_wconf 80' lang='lat' dir='ltr'><strong>ctum</strong></span> <span class='ocrx_word' id='word_1_98' title='bbox 724 1106 740 1133; x_wconf 88' lang='lat'><strong>,</strong></span> <span class='ocrx_word' id='word_1_99' title='bbox 771 1068 981 1138; x_wconf 76' lang='lat' dir='ltr'><strong>cogitur</strong></span> <span class='ocrx_word' id='word_1_100' title='bbox 1010 1068 1411 1138; x_wconf 80' lang='lat' dir='ltr'><strong>reprehendero</strong></span> <span class='ocrx_word' id='word_1_101' title='bbox 1442 1067 1753 1137; x_wconf 82' lang='lat' dir='ltr'><strong>Apostolum</strong></span> <span class='ocrx_word' id='word_1_102' title='bbox 1785 1066 1986 1122; x_wconf 75' lang='lat' dir='ltr'><strong>dixisse</strong></span> <span class='ocrx_word' id='word_1_103' title='bbox 2012 1080 2133 1135; x_wconf 89' lang='lat' dir='ltr'><strong>pec-</strong></span> <span class='ocrx_word' id='word_1_104' title='bbox 2233 1066 2407 1123; x_wconf 89' lang='lat' dir='ltr'><strong>dictus</strong></span> <span class='ocrx_word' id='word_1_105' title='bbox 2423 1070 2594 1122; x_wconf 91' lang='lat' dir='ltr'><strong>omnis</strong></span> <span class='ocrx_word' id='word_1_106' title='bbox 2619 1056 2880 1132; x_wconf 80' lang='lat' dir='ltr'><strong>mortalis,</strong></span> <span class='ocrx_word' id='word_1_107' title='bbox 2900 1074 2992 1121; x_wconf 89' lang='lat' dir='ltr'><strong>aut</strong></span> <span class='ocrx_word' id='word_1_108' title='bbox 3017 1065 3334 1120; x_wconf 87' lang='lat' dir='ltr'><strong>maledictus</strong></span> <span class='ocrx_word' id='word_1_109' title='bbox 3355 1066 3541 1133; x_wconf 87' lang='lat' dir='ltr'><strong>omnis</strong></span> <span class='ocrx_word' id='word_1_110' title='bbox 3573 1068 3808 1131; x_wconf 85' lang='lat' dir='ltr'><strong>moriens,</strong></span> 
     </span>
    </p>
   </div>
   <div class='ocr_carea' id='block_1_9' title="bbox 552 1161 2132 1233">
    <p class='ocr_par' dir='ltr' id='par_1_9' title="bbox 552 1161 2132 1233">
     <span class='ocr_line' id='line_1_9' title="bbox 552 1161 2132 1233; baseline -0.004 -12"><span class='ocrx_word' id='word_1_111' title='bbox 552 1170 755 1221; x_wconf 63' lang='lat' dir='ltr'><strong>Catum.</strong></span> <span class='ocrx_word' id='word_1_112' title='bbox 797 1161 928 1216; x_wconf 69' lang='lat' dir='ltr'><strong>Nam</strong></span> <span class='ocrx_word' id='word_1_113' title='bbox 966 1162 1150 1232; x_wconf 88' lang='lat' dir='ltr'><strong>utique</strong></span> <span class='ocrx_word' id='word_1_114' title='bbox 1191 1163 1530 1217; x_wconf 83' lang='lat' dir='ltr'><strong>maledictum</strong></span> <span class='ocrx_word' id='word_1_115' title='bbox 1562 1176 1744 1217; x_wconf 88' lang='lat' dir='ltr'><strong>comes</strong></span> <span class='ocrx_word' id='word_1_116' title='bbox 1785 1163 1987 1230; x_wconf 84' lang='lat' dir='ltr'><strong>peccati</strong></span> <span class='ocrx_word' id='word_1_117' title='bbox 2027 1169 2132 1233; x_wconf 88' lang='lat' dir='ltr'><strong>est,</strong></span> 
     </span>
    </p>
   </div>
   <div class='ocr_carea' id='block_1_10' title="bbox 553 1240 2138 1325">
    <p class='ocr_par' dir='ltr' id='par_1_10' title="bbox 553 1240 2138 1325">
     <span class='ocr_line' id='line_1_10' title="bbox 553 1240 2138 1325; baseline -0.003 -14"><span class='ocrx_word' id='word_1_118' title='bbox 553 1268 658 1311; x_wconf 80' lang='lat' dir='ltr'><strong>nec</strong></span> <span class='ocrx_word' id='word_1_119' title='bbox 686 1252 807 1308; x_wconf 86' lang='lat' dir='ltr'><strong>ideo</strong></span> <span class='ocrx_word' id='word_1_120' title='bbox 854 1254 1028 1324; x_wconf 74' lang='lat' dir='ltr'><strong>major</strong></span> <span class='ocrx_word' id='word_1_121' title='bbox 1076 1255 1277 1310; x_wconf 79' lang='lat' dir='ltr'><strong>invidia</strong></span> <span class='ocrx_word' id='word_1_122' title='bbox 1310 1264 1412 1322; x_wconf 89' lang='lat' dir='ltr'><strong>est,</strong></span> <span class='ocrx_word' id='word_1_123' title='bbox 1442 1255 1582 1325; x_wconf 90' lang='lat' dir='ltr'><strong>quod</strong></span> <span class='ocrx_word' id='word_1_124' title='bbox 1614 1255 1879 1309; x_wconf 87' lang='lat' dir='ltr'><strong>addiderit</strong></span> <span class='ocrx_word' id='word_1_125' title='bbox 1925 1254 2035 1307; x_wconf 91' lang='lat' dir='ltr'><strong>Deo</strong></span> <span class='ocrx_word' id='word_1_126' title='bbox 2080 1240 2138 1308; x_wconf 88' lang='lat' dir='ltr'><strong>ut</strong></span> 
     </span>
    </p>
   </div>
   <div class='ocr_carea' id='block_1_11' title="bbox 552 1344 2133 1417">
    <p class='ocr_par' dir='ltr' id='par_1_11' title="bbox 552 1344 2133 1417">
     <span class='ocr_line' id='line_1_11' title="bbox 552 1344 2133 1417; baseline -0.002 -16"><span class='ocrx_word' id='word_1_127' title='bbox 552 1344 798 1401; x_wconf 72' lang='lat' dir='ltr'><strong>diceret:</strong></span> <span class='ocrx_word' id='word_1_128' title='bbox 826 1345 1139 1404; x_wconf 73' lang='lat' dir='ltr'><strong>Maledictus</strong></span> <span class='ocrx_word' id='word_1_129' title='bbox 1159 1347 1270 1401; x_wconf 90' lang='lat' dir='ltr'><strong>Deo</strong></span> <span class='ocrx_word' id='word_1_130' title='bbox 1292 1346 1465 1400; x_wconf 86' lang='lat' dir='ltr'><strong>omnis</strong></span> <span class='ocrx_word' id='word_1_131' title='bbox 1494 1346 1582 1414; x_wconf 92' lang='lat' dir='ltr'><strong>qui</strong></span> <span class='ocrx_word' id='word_1_132' title='bbox 1613 1344 1863 1417; x_wconf 87' lang='lat' dir='ltr'><strong>pependit</strong></span> <span class='ocrx_word' id='word_1_133' title='bbox 1895 1344 1948 1399; x_wconf 90' lang='lat' dir='ltr'><strong>in</strong></span> <span class='ocrx_word' id='word_1_134' title='bbox 1972 1346 2133 1412; x_wconf 83' lang='lat' dir='ltr'><strong>ligno.</strong></span> 
     </span>
    </p>
   </div>
   <div class='ocr_carea' id='block_1_12' title="bbox 555 1434 2137 1508">
    <p class='ocr_par' dir='ltr' id='par_1_12' title="bbox 555 1434 2137 1508">
     <span class='ocr_line' id='line_1_12' title="bbox 555 1434 2137 1508; baseline -0.001 -15"><span class='ocrx_word' id='word_1_135' title='bbox 555 1434 673 1493; x_wconf 81' lang='lat' dir='ltr'><strong>Nisi</strong></span> <span class='ocrx_word' id='word_1_136' title='bbox 702 1439 847 1493; x_wconf 87' lang='lat' dir='ltr'><strong>enim</strong></span> <span class='ocrx_word' id='word_1_137' title='bbox 874 1440 1017 1495; x_wconf 86' lang='lat' dir='ltr'><strong>Deus</strong></span> <span class='ocrx_word' id='word_1_138' title='bbox 1045 1440 1249 1494; x_wconf 90' lang='lat' dir='ltr'><strong>odisset</strong></span> <span class='ocrx_word' id='word_1_139' title='bbox 1273 1447 1545 1508; x_wconf 82' lang='lat' dir='ltr'><strong>peccatum</strong></span> <span class='ocrx_word' id='word_1_140' title='bbox 1575 1446 1629 1492; x_wconf 93' lang='lat' dir='ltr'><strong>et</strong></span> <span class='ocrx_word' id='word_1_141' title='bbox 1650 1451 1874 1492; x_wconf 86' lang='lat' dir='ltr'><strong>mortem</strong></span> <span class='ocrx_word' id='word_1_142' title='bbox 1900 1446 2137 1491; x_wconf 90' lang='lat' dir='ltr'><strong>nostram</strong></span> 
     </span>
    </p>
   </div>
   <div class='ocr_carea' id='block_1_13' title="bbox 556 1522 2136 1602">
    <p class='ocr_par' dir='ltr' id='par_1_13' title="bbox 556 1522 2136 1602">
     <span class='ocr_line' id='line_1_13' title="bbox 556 1522 2136 1602; baseline -0.001 -17"><span class='ocrx_word' id='word_1_143' title='bbox 556 1544 669 1585; x_wconf 80' lang='lat' dir='ltr'><strong>non</strong></span> <span class='ocrx_word' id='word_1_144' title='bbox 699 1530 768 1585; x_wconf 90' lang='lat' dir='ltr'><strong>ad</strong></span> <span class='ocrx_word' id='word_1_145' title='bbox 812 1533 1202 1601; x_wconf 81' lang='lat' dir='ltr'><strong>suscipiendam</strong></span> <span class='ocrx_word' id='word_1_146' title='bbox 1230 1522 1390 1602; x_wconf 87' lang='lat' dir='ltr'><strong>atque</strong></span> <span class='ocrx_word' id='word_1_147' title='bbox 1435 1532 1716 1587; x_wconf 87' lang='lat' dir='ltr'><strong>delendam</strong></span> <span class='ocrx_word' id='word_1_148' title='bbox 1747 1530 1935 1585; x_wconf 85' lang='lat' dir='ltr'><strong>Filium</strong></span> <span class='ocrx_word' id='word_1_149' title='bbox 1983 1545 2136 1584; x_wconf 91' lang='lat' dir='ltr'><strong>suum</strong></span> 
     </span>
    </p>
   </div>
   <div class='ocr_carea' id='block_1_14' title="bbox 556 1621 2140 1695">
    <p class='ocr_par' dir='ltr' id='par_1_14' title="bbox 556 1621 2140 1695">
     <span class='ocr_line' id='line_1_14' title="bbox 556 1621 2140 1695; baseline 0 -19"><span class='ocrx_word' id='word_1_150' title='bbox 556 1624 819 1678; x_wconf 80' lang='lat' dir='ltr'><strong>mitteret.</strong></span> <span class='ocrx_word' id='word_1_151' title='bbox 835 1624 973 1692; x_wconf 87' lang='lat' dir='ltr'><strong>Quid</strong></span> <span class='ocrx_word' id='word_1_152' title='bbox 992 1640 1120 1695; x_wconf 83' lang='lat' dir='ltr'><strong>ergo</strong></span> <span class='ocrx_word' id='word_1_153' title='bbox 1134 1625 1328 1679; x_wconf 84' lang='lat' dir='ltr'><strong>mirum</strong></span> <span class='ocrx_word' id='word_1_154' title='bbox 1352 1623 1541 1679; x_wconf 89' lang='lat' dir='ltr'><strong>simale</strong></span> <span class='ocrx_word' id='word_1_155' title='bbox 1554 1623 1755 1678; x_wconf 90' lang='lat' dir='ltr'><strong>dictum</strong></span> <span class='ocrx_word' id='word_1_156' title='bbox 1774 1623 1986 1678; x_wconf 76' lang='lat' dir='ltr'><strong>est‘Deo</strong></span> <span class='ocrx_word' id='word_1_157' title='bbox 1997 1621 2140 1692; x_wconf 90' lang='lat' dir='ltr'><strong>quod</strong></span> 
     </span>
    </p>
   </div>
   <div class='ocr_carea' id='block_1_15' title="bbox 556 1708 2141 1773">
    <p class='ocr_par' dir='ltr' id='par_1_15' title="bbox 556 1708 2141 1773">
     <span class='ocr_line' id='line_1_15' title="bbox 556 1708 2141 1773; baseline 0.001 -4"><span class='ocrx_word' id='word_1_158' title='bbox 556 1715 671 1769; x_wconf 64' lang='lat' dir='ltr'><strong>om</strong></span> <span class='ocrx_word' id='word_1_159' title='bbox 699 1716 884 1771; x_wconf 75' lang='lat' dir='ltr'><strong>Deus?</strong></span> <span class='ocrx_word' id='word_1_160' title='bbox 912 1708 1085 1772; x_wconf 69' lang='lat' dir='ltr'><strong>Tanto</strong></span> <span class='ocrx_word' id='word_1_161' title='bbox 1112 1718 1254 1773; x_wconf 89' lang='lat' dir='ltr'><strong>enim</strong></span> <span class='ocrx_word' id='word_1_162' title='bbox 1286 1715 1538 1772; x_wconf 87' lang='lat' dir='ltr'><strong>libentius</strong></span> <span class='ocrx_word' id='word_1_163' title='bbox 1566 1717 1718 1771; x_wconf 91' lang='lat' dir='ltr'><strong>nobis</strong></span> <span class='ocrx_word' id='word_1_164' title='bbox 1741 1716 1903 1771; x_wconf 89' lang='lat' dir='ltr'><strong>donat</strong></span> <span class='ocrx_word' id='word_1_165' title='bbox 1922 1717 2141 1770; x_wconf 91' lang='lat' dir='ltr'><strong>immor-</strong></span> 
     </span>
    </p>
   </div>
   <div class='ocr_carea' id='block_1_16' title="bbox 557 1804 2138 1874">
    <p class='ocr_par' dir='ltr' id='par_1_16' title="bbox 557 1804 2138 1874">
     <span class='ocr_line' id='line_1_16' title="bbox 557 1804 2138 1874; baseline 0 -15"><span class='ocrx_word' id='word_1_166' title='bbox 557 1804 845 1872; x_wconf 82' lang='lat' dir='ltr'><strong>talitatem,</strong></span> <span class='ocrx_word' id='word_1_167' title='bbox 878 1820 1001 1874; x_wconf 73' lang='lat' dir='ltr'><strong>qum</strong></span> <span class='ocrx_word' id='word_1_168' title='bbox 1028 1807 1203 1861; x_wconf 80' lang='lat' dir='ltr'><strong>tutura</strong></span> <span class='ocrx_word' id='word_1_169' title='bbox 1242 1814 1329 1861; x_wconf 89' lang='lat' dir='ltr'><strong>est</strong></span> <span class='ocrx_word' id='word_1_170' title='bbox 1372 1804 1589 1860; x_wconf 88' lang='lat' dir='ltr'><strong>Christo</strong></span> <span class='ocrx_word' id='word_1_171' title='bbox 1638 1804 1907 1869; x_wconf 84' lang='lat' dir='ltr'><strong>veniente,</strong></span> <span class='ocrx_word' id='word_1_172' title='bbox 1937 1814 2138 1873; x_wconf 72' lang='lat' dir='ltr'><strong>quanto</strong></span> 
     </span>
    </p>
   </div>
   <div class='ocr_carea' id='block_1_17' title="bbox 2236 1154 3813 1230">
    <p class='ocr_par' dir='ltr' id='par_1_17' title="bbox 2236 1154 3813 1230">
     <span class='ocr_line' id='line_1_17' title="bbox 2236 1154 3813 1230; baseline -0.004 -16"><span class='ocrx_word' id='word_1_173' title='bbox 2236 1160 2330 1214; x_wconf 86' lang='lat' dir='ltr'><strong>sed</strong></span> <span class='ocrx_word' id='word_1_174' title='bbox 2350 1162 2450 1214; x_wconf 91' lang='lat' dir='ltr'><strong>hoc</strong></span> <span class='ocrx_word' id='word_1_175' title='bbox 2470 1167 2552 1213; x_wconf 88' lang='lat' dir='ltr'><strong>est</strong></span> <span class='ocrx_word' id='word_1_176' title='bbox 2570 1159 2710 1229; x_wconf 90' lang='lat' dir='ltr'><strong>quod</strong></span> <span class='ocrx_word' id='word_1_177' title='bbox 2727 1156 3235 1227; x_wconf 82' lang='lat' dir='ltr'><strong>asseritprOphetia,</strong></span> <span class='ocrx_word' id='word_1_178' title='bbox 3260 1156 3381 1227; x_wconf 84' lang='lat' dir='ltr'><strong>quia</strong></span> <span class='ocrx_word' id='word_1_179' title='bbox 3400 1154 3813 1230; x_wconf 76' lang='lat' dir='ltr'><strong>sciebatChristi</strong></span> 
     </span>
    </p>
   </div>
   <div class='ocr_carea' id='block_1_18' title="bbox 2236 1238 3809 1317">
    <p class='ocr_par' dir='ltr' id='par_1_18' title="bbox 2236 1238 3809 1317">
     <span class='ocr_line' id='line_1_18' title="bbox 2236 1238 3809 1317; baseline -0.003 -12"><span class='ocrx_word' id='word_1_180' title='bbox 2236 1260 2465 1305; x_wconf 76' lang='lat' dir='ltr'><strong>mortem</strong></span> <span class='ocrx_word' id='word_1_181' title='bbox 2493 1250 2544 1304; x_wconf 92' lang='lat' dir='ltr'><strong>in</strong></span> <span class='ocrx_word' id='word_1_182' title='bbox 2572 1263 2731 1304; x_wconf 88' lang='lat' dir='ltr'><strong>cruce</strong></span> <span class='ocrx_word' id='word_1_183' title='bbox 2763 1238 3072 1317; x_wconf 80' lang='lat' dir='ltr'><strong>pensurani,</strong></span> <span class='ocrx_word' id='word_1_184' title='bbox 3105 1256 3159 1303; x_wconf 93' lang='lat' dir='ltr'><strong>et</strong></span> <span class='ocrx_word' id='word_1_185' title='bbox 3187 1247 3395 1302; x_wconf 77' lang='lat' dir='ltr'><strong>futuros</strong></span> <span class='ocrx_word' id='word_1_186' title='bbox 3424 1247 3719 1315; x_wconf 64' lang='lat' dir='ltr'><strong>haereticos</strong></span> <span class='ocrx_word' id='word_1_187' title='bbox 3740 1250 3809 1316; x_wconf 86' lang='lat' dir='ltr'><strong>qui</strong></span> 
     </span>
    </p>
   </div>
   <div class='ocr_carea' id='block_1_19' title="bbox 2237 1339 3809 1411">
    <p class='ocr_par' dir='ltr' id='par_1_19' title="bbox 2237 1339 3809 1411">
     <span class='ocr_line' id='line_1_19' title="bbox 2237 1339 3809 1411; baseline -0.002 -14"><span class='ocrx_word' id='word_1_188' title='bbox 2237 1341 2479 1397; x_wconf 85' lang='lat' dir='ltr'><strong>dicerent</strong></span> <span class='ocrx_word' id='word_1_189' title='bbox 2508 1360 2519 1394; x_wconf 89' lang='lat'><strong>:</strong></span> <span class='ocrx_word' id='word_1_190' title='bbox 2557 1340 2816 1409; x_wconf 84' lang='lat' dir='ltr'><strong>Pependit</strong></span> <span class='ocrx_word' id='word_1_191' title='bbox 2839 1339 3053 1410; x_wconf 89' lang='lat' dir='ltr'><strong>quidem</strong></span> <span class='ocrx_word' id='word_1_192' title='bbox 3086 1340 3137 1394; x_wconf 93' lang='lat' dir='ltr'><strong>in</strong></span> <span class='ocrx_word' id='word_1_193' title='bbox 3173 1341 3336 1408; x_wconf 84' lang='lat' dir='ltr'><strong>ligno,</strong></span> <span class='ocrx_word' id='word_1_194' title='bbox 3369 1339 3467 1394; x_wconf 88' lang='lat' dir='ltr'><strong>sed</strong></span> <span class='ocrx_word' id='word_1_195' title='bbox 3490 1339 3686 1409; x_wconf 81' lang='lat' dir='ltr'><strong>specie</strong></span> <span class='ocrx_word' id='word_1_196' title='bbox 3703 1356 3809 1411; x_wconf 80' lang='lat' dir='ltr'><strong>qua-</strong></span> 
     </span>
    </p>
   </div>
   <div class='ocr_carea' id='block_1_20' title="bbox 2236 1422 3806 1519">
    <p class='ocr_par' dir='ltr' id='par_1_20' title="bbox 2236 1422 3806 1519">
     <span class='ocr_line' id='line_1_20' title="bbox 2236 1422 3806 1519; baseline 0 -25"><span class='ocrx_word' id='word_1_197' title='bbox 2236 1437 2385 1506; x_wconf 85' lang='lat' dir='ltr'><strong>dam,</strong></span> <span class='ocrx_word' id='word_1_198' title='bbox 2406 1453 2509 1493; x_wconf 92' lang='lat' dir='ltr'><strong>non</strong></span> <span class='ocrx_word' id='word_1_199' title='bbox 2535 1448 2593 1493; x_wconf 87' lang='lat' dir='ltr'><strong>ut</strong></span> <span class='ocrx_word' id='word_1_200' title='bbox 2617 1452 2745 1492; x_wconf 85' lang='lat' dir='ltr'><strong>vere</strong></span> <span class='ocrx_word' id='word_1_201' title='bbox 2773 1422 3094 1493; x_wconf 85' lang='lat' dir='ltr'><strong>moreretur.</strong></span> <span class='ocrx_word' id='word_1_202' title='bbox 3123 1437 3419 1493; x_wconf 89' lang='lat' dir='ltr'><strong>Clamando</strong></span> <span class='ocrx_word' id='word_1_203' title='bbox 3444 1454 3590 1519; x_wconf 77' lang='lat' dir='ltr'><strong>ergo</strong></span> <span class='ocrx_word' id='word_1_204' title='bbox 3617 1440 3806 1511; x_wconf 66' lang='lat' dir='ltr'><strong>Maledi-</strong></span> 
     </span>
    </p>
   </div>
   <div class='ocr_carea' id='block_1_21' title="bbox 2239 1530 3807 1617">
    <p class='ocr_par' dir='ltr' id='par_1_21' title="bbox 2239 1530 3807 1617">
     <span class='ocr_line' id='line_1_21' title="bbox 2239 1530 3807 1617; baseline 0.001 -31"><span class='ocrx_word' id='word_1_205' title='bbox 2239 1539 2374 1599; x_wconf 85' lang='lat' dir='ltr'><strong>ctus,</strong></span> <span class='ocrx_word' id='word_1_206' title='bbox 2404 1531 2536 1586; x_wconf 82' lang='lat' dir='ltr'><strong>nihil</strong></span> <span class='ocrx_word' id='word_1_207' title='bbox 2562 1530 2705 1586; x_wconf 85' lang='lat' dir='ltr'><strong>aliud</strong></span> <span class='ocrx_word' id='word_1_208' title='bbox 2732 1531 3002 1597; x_wconf 83' lang='lat' dir='ltr'><strong>clamavit,</strong></span> <span class='ocrx_word' id='word_1_209' title='bbox 3027 1531 3129 1586; x_wconf 87' lang='lat' dir='ltr'><strong>nisi</strong></span> <span class='ocrx_word' id='word_1_210' title='bbox 3156 1531 3280 1603; x_wconf 87' lang='lat' dir='ltr'><strong>quia</strong></span> <span class='ocrx_word' id='word_1_211' title='bbox 3303 1548 3429 1588; x_wconf 85' lang='lat' dir='ltr'><strong>vere</strong></span> <span class='ocrx_word' id='word_1_212' title='bbox 3453 1543 3705 1591; x_wconf 89' lang='lat' dir='ltr'><strong>mortuus</strong></span> <span class='ocrx_word' id='word_1_213' title='bbox 3724 1545 3807 1617; x_wconf 60' lang='lat' dir='ltr'><strong>est,</strong></span> 
     </span>
    </p>
   </div>
   <div class='ocr_carea' id='block_1_22' title="bbox 2238 1624 3805 1703">
    <p class='ocr_par' dir='ltr' id='par_1_22' title="bbox 2238 1624 3805 1703">
     <span class='ocr_line' id='line_1_22' title="bbox 2238 1624 3805 1703; baseline 0.002 -23"><span class='ocrx_word' id='word_1_214' title='bbox 2238 1625 2418 1680; x_wconf 81' lang='lat' dir='ltr'><strong>sciens</strong></span> <span class='ocrx_word' id='word_1_215' title='bbox 2448 1632 2674 1679; x_wconf 91' lang='lat' dir='ltr'><strong>mortem</strong></span> <span class='ocrx_word' id='word_1_216' title='bbox 2706 1624 2941 1689; x_wconf 81' lang='lat' dir='ltr'><strong>hominis</strong></span> <span class='ocrx_word' id='word_1_217' title='bbox 2963 1626 3281 1698; x_wconf 77' lang='lat' dir='ltr'><strong>peccatoris,</strong></span> <span class='ocrx_word' id='word_1_218' title='bbox 3308 1640 3471 1703; x_wconf 86' lang='lat' dir='ltr'><strong>quam</strong></span> <span class='ocrx_word' id='word_1_219' title='bbox 3501 1628 3627 1683; x_wconf 85' lang='lat' dir='ltr'><strong>sine</strong></span> <span class='ocrx_word' id='word_1_220' title='bbox 3648 1642 3805 1697; x_wconf 74' lang='lat' dir='ltr'><strong>pecca~</strong></span> 
     </span>
    </p>
   </div>
   <div class='ocr_carea' id='block_1_23' title="bbox 2240 1715 3803 1788">
    <p class='ocr_par' dir='ltr' id='par_1_23' title="bbox 2240 1715 3803 1788">
     <span class='ocr_line' id='line_1_23' title="bbox 2240 1715 3803 1788; baseline 0 -17"><span class='ocrx_word' id='word_1_221' title='bbox 2240 1724 2297 1771; x_wconf 92' lang='lat' dir='ltr'><strong>to</strong></span> <span class='ocrx_word' id='word_1_222' title='bbox 2325 1717 2438 1786; x_wconf 79' lang='lat' dir='ltr'><strong>ipse</strong></span> <span class='ocrx_word' id='word_1_223' title='bbox 2468 1717 2723 1783; x_wconf 63' lang='lat' dir='ltr'><strong>susct-pit,</strong></span> <span class='ocrx_word' id='word_1_224' title='bbox 2754 1715 2823 1771; x_wconf 86' lang='lat' dir='ltr'><strong>de</strong></span> <span class='ocrx_word' id='word_1_225' title='bbox 2864 1716 2956 1770; x_wconf 90' lang='lat' dir='ltr'><strong>illo</strong></span> <span class='ocrx_word' id='word_1_226' title='bbox 3000 1716 3286 1771; x_wconf 89' lang='lat' dir='ltr'><strong>maledicto</strong></span> <span class='ocrx_word' id='word_1_227' title='bbox 3325 1718 3642 1771; x_wconf 83' lang='lat' dir='ltr'><strong>venientem</strong></span> <span class='ocrx_word' id='word_1_228' title='bbox 3686 1719 3803 1788; x_wconf 78' lang='lat' dir='ltr'><strong>quod</strong></span> 
     </span>
    </p>
   </div>
   <div class='ocr_carea' id='block_1_24' title="bbox 2241 1805 3804 1876">
    <p class='ocr_par' dir='ltr' id='par_1_24' title="bbox 2241 1805 3804 1876">
     <span class='ocr_line' id='line_1_24' title="bbox 2241 1805 3804 1876; baseline 0.001 -16"><span class='ocrx_word' id='word_1_229' title='bbox 2241 1805 2440 1860; x_wconf 86' lang='lat' dir='ltr'><strong>dictum</strong></span> <span class='ocrx_word' id='word_1_230' title='bbox 2469 1815 2553 1862; x_wconf 88' lang='lat' dir='ltr'><strong>est</strong></span> <span class='ocrx_word' id='word_1_231' title='bbox 2585 1824 2597 1858; x_wconf 89' lang='lat'><strong>:</strong></span> <span class='ocrx_word' id='word_1_232' title='bbox 2630 1806 2686 1860; x_wconf 88' lang='lat' dir='ltr'><strong>Si</strong></span> <span class='ocrx_word' id='word_1_233' title='bbox 2716 1806 3023 1876; x_wconf 85' lang='lat' dir='ltr'><strong>tetigeritis,</strong></span> <span class='ocrx_word' id='word_1_234' title='bbox 3058 1816 3230 1860; x_wconf 89' lang='lat' dir='ltr'><strong>morte</strong></span> <span class='ocrx_word' id='word_1_235' title='bbox 3257 1806 3592 1863; x_wconf 87' lang='lat' dir='ltr'><strong>moriemini.</strong></span> <span class='ocrx_word' id='word_1_236' title='bbox 3626 1807 3703 1862; x_wconf 82' lang='lat' dir='ltr'><strong>Ad</strong></span> <span class='ocrx_word' id='word_1_237' title='bbox 3727 1809 3804 1862; x_wconf 74' lang='lat' dir='ltr'><strong>hoc</strong></span> 
     </span>
    </p>
   </div>
   <div class='ocr_carea' id='block_1_25' title="bbox 556 1888 3805 1977">
    <p class='ocr_par' dir='ltr' id='par_1_25' title="bbox 556 1888 3805 1977">
     <span class='ocr_line' id='line_1_25' title="bbox 556 1888 3805 1977; baseline 0 -27"><span class='ocrx_word' id='word_1_238' title='bbox 556 1895 961 1953; x_wconf 74' lang='lat' dir='ltr'><strong>misericordias</strong></span> <span class='ocrx_word' id='word_1_239' title='bbox 982 1898 1096 1951; x_wconf 88' lang='lat' dir='ltr'><strong>odit</strong></span> <span class='ocrx_word' id='word_1_240' title='bbox 1124 1906 1351 1953; x_wconf 78' lang='lat' dir='ltr'><strong>mortem</strong></span> <span class='ocrx_word' id='word_1_241' title='bbox 1380 1905 1617 1951; x_wconf 90' lang='lat' dir='ltr'><strong>nostram</strong></span> <span class='ocrx_word' id='word_1_242' title='bbox 1640 1912 1759 1966; x_wconf 70' lang='lat' dir='ltr'><strong>quae</strong></span> <span class='ocrx_word' id='word_1_243' title='bbox 1791 1898 1841 1951; x_wconf 90' lang='lat' dir='ltr'><strong>in</strong></span> <span class='ocrx_word' id='word_1_244' title='bbox 1871 1898 2015 1967; x_wconf 83' lang='lat' dir='ltr'><strong>ligno</strong></span> <span class='ocrx_word' id='word_1_245' title='bbox 2044 1912 2136 1977; x_wconf 85' lang='lat' dir='ltr'><strong>pe-</strong></span> <span class='ocrx_word' id='word_1_246' title='bbox 2164 1888 2218 1953; x_wconf 75' lang='grc' dir='ltr'><strong>Β</strong></span> <span class='ocrx_word' id='word_1_247' title='bbox 2244 1899 2472 1967; x_wconf 85' lang='lat' dir='ltr'><strong>pertinet</strong></span> <span class='ocrx_word' id='word_1_248' title='bbox 2501 1906 2554 1953; x_wconf 88' lang='lat' dir='ltr'><strong>et</strong></span> <span class='ocrx_word' id='word_1_249' title='bbox 2579 1911 2801 1969; x_wconf 86' lang='lat' dir='ltr'><strong>serpens</strong></span> <span class='ocrx_word' id='word_1_250' title='bbox 2832 1897 2921 1951; x_wconf 81' lang='lat' dir='ltr'><strong>ille</strong></span> <span class='ocrx_word' id='word_1_251' title='bbox 2950 1896 3002 1950; x_wconf 89' lang='lat' dir='ltr'><strong>in</strong></span> <span class='ocrx_word' id='word_1_252' title='bbox 3023 1896 3164 1965; x_wconf 81' lang='lat' dir='ltr'><strong>ligno</strong></span> <span class='ocrx_word' id='word_1_253' title='bbox 3191 1910 3511 1965; x_wconf 88' lang='lat' dir='ltr'><strong>suspensus,</strong></span> <span class='ocrx_word' id='word_1_254' title='bbox 3540 1913 3649 1968; x_wconf 88' lang='lat' dir='ltr'><strong>quo</strong></span> <span class='ocrx_word' id='word_1_255' title='bbox 3667 1898 3805 1967; x_wconf 61' lang='lat' dir='ltr'><strong>signi-</strong></span> 
     </span>
    </p>
   </div>
   <div class='ocr_carea' id='block_1_26' title="bbox 558 1987 2135 2057">
    <p class='ocr_par' dir='ltr' id='par_1_26' title="bbox 558 1987 2135 2057">
     <span class='ocr_line' id='line_1_26' title="bbox 558 1987 2135 2057; baseline 0.001 -16"><span class='ocrx_word' id='word_1_256' title='bbox 558 1987 744 2056; x_wconf 87' lang='lat' dir='ltr'><strong>pendit</strong></span> <span class='ocrx_word' id='word_1_257' title='bbox 769 1989 986 2044; x_wconf 81' lang='lat' dir='ltr'><strong>Christo</strong></span> <span class='ocrx_word' id='word_1_258' title='bbox 1013 1990 1294 2045; x_wconf 89' lang='lat' dir='ltr'><strong>moriente.</strong></span> <span class='ocrx_word' id='word_1_259' title='bbox 1327 1988 1478 2057; x_wconf 85' lang='lat' dir='ltr'><strong>Quod</strong></span> <span class='ocrx_word' id='word_1_260' title='bbox 1515 1998 1691 2044; x_wconf 89' lang='lat' dir='ltr'><strong>autem</strong></span> <span class='ocrx_word' id='word_1_261' title='bbox 1736 1988 1973 2043; x_wconf 86' lang='lat' dir='ltr'><strong>additum</strong></span> <span class='ocrx_word' id='word_1_262' title='bbox 2016 1999 2135 2054; x_wconf 85' lang='lat' dir='ltr'><strong>est,</strong></span> 
     </span>
    </p>
   </div>
   <div class='ocr_carea' id='block_1_27' title="bbox 564 2064 2140 2153">
    <p class='ocr_par' dir='ltr' id='par_1_27' title="bbox 564 2064 2140 2153">
     <span class='ocr_line' id='line_1_27' title="bbox 564 2064 2140 2153; baseline 0.003 -23"><span class='ocrx_word' id='word_1_263' title='bbox 564 2078 743 2137; x_wconf 83' lang='lat' dir='ltr'><strong>omnis</strong></span> <span class='ocrx_word' id='word_1_264' title='bbox 766 2121 781 2143; x_wconf 93' lang='lat'><strong>,</strong></span> <span class='ocrx_word' id='word_1_265' title='bbox 822 2087 882 2133; x_wconf 90' lang='lat' dir='ltr'><strong>ut</strong></span> <span class='ocrx_word' id='word_1_266' title='bbox 910 2079 1182 2135; x_wconf 78' lang='lat' dir='ltr'><strong>diceretur</strong></span> <span class='ocrx_word' id='word_1_267' title='bbox 1209 2064 1523 2135; x_wconf 82' lang='lat' dir='ltr'><strong>Maledictus</strong></span> <span class='ocrx_word' id='word_1_268' title='bbox 1553 2081 1729 2135; x_wconf 90' lang='lat' dir='ltr'><strong>omnis</strong></span> <span class='ocrx_word' id='word_1_269' title='bbox 1791 2081 1880 2149; x_wconf 90' lang='lat' dir='ltr'><strong>qui</strong></span> <span class='ocrx_word' id='word_1_270' title='bbox 1915 2082 1965 2135; x_wconf 91' lang='lat' dir='ltr'><strong>in</strong></span> <span class='ocrx_word' id='word_1_271' title='bbox 1996 2080 2140 2153; x_wconf 84' lang='lat' dir='ltr'><strong>ligno</strong></span> 
     </span>
    </p>
   </div>
   <div class='ocr_carea' id='block_1_28' title="bbox 476 2170 2142 2243">
    <p class='ocr_par' dir='ltr' id='par_1_28' title="bbox 476 2170 2142 2243">
     <span class='ocr_line' id='line_1_28' title="bbox 476 2170 2142 2243; baseline 0.001 -20"><span class='ocrx_word' id='word_1_272' title='bbox 476 2180 481 2183; x_wconf 73' lang='lat'><strong><em>‘</em></strong></span> <span class='ocrx_word' id='word_1_273' title='bbox 561 2170 816 2240; x_wconf 74' lang='lat' dir='ltr'><strong>pependit</strong></span> <span class='ocrx_word' id='word_1_274' title='bbox 840 2170 1202 2243; x_wconf 82' lang='lat' dir='ltr'><strong>{pependerit]</strong></span> <span class='ocrx_word' id='word_1_275' title='bbox 1223 2212 1238 2237; x_wconf 90' lang='lat'><strong>,</strong></span> <span class='ocrx_word' id='word_1_276' title='bbox 1269 2187 1375 2226; x_wconf 92' lang='lat' dir='ltr'><strong>non</strong></span> <span class='ocrx_word' id='word_1_277' title='bbox 1412 2186 1547 2227; x_wconf 88' lang='lat' dir='ltr'><strong>sane</strong></span> <span class='ocrx_word' id='word_1_278' title='bbox 1591 2172 1767 2226; x_wconf 80' lang='lat' dir='ltr'><strong>Moses</strong></span> <span class='ocrx_word' id='word_1_279' title='bbox 1800 2172 1976 2226; x_wconf 90' lang='lat' dir='ltr'><strong>minus</strong></span> <span class='ocrx_word' id='word_1_280' title='bbox 2006 2186 2142 2240; x_wconf 85' lang='lat' dir='ltr'><strong>prae-</strong></span> 
     </span>
    </p>
   </div>
   <div class='ocr_carea' id='block_1_29' title="bbox 561 2259 2143 2331">
    <p class='ocr_par' dir='ltr' id='par_1_29' title="bbox 561 2259 2143 2331">
     <span class='ocr_line' id='line_1_29' title="bbox 561 2259 2143 2331; baseline 0.001 -18"><span class='ocrx_word' id='word_1_281' title='bbox 561 2259 694 2314; x_wconf 65' lang='lat' dir='ltr'><strong>vidit</strong></span> <span class='ocrx_word' id='word_1_282' title='bbox 720 2260 880 2314; x_wconf 84' lang='lat' dir='ltr'><strong>etiam</strong></span> <span class='ocrx_word' id='word_1_283' title='bbox 908 2260 1084 2330; x_wconf 78' lang='lat' dir='ltr'><strong>iustos</strong></span> <span class='ocrx_word' id='word_1_284' title='bbox 1120 2261 1175 2315; x_wconf 91' lang='lat' dir='ltr'><strong>in</strong></span> <span class='ocrx_word' id='word_1_285' title='bbox 1206 2276 1364 2316; x_wconf 90' lang='lat' dir='ltr'><strong>cruce</strong></span> <span class='ocrx_word' id='word_1_286' title='bbox 1394 2259 1601 2316; x_wconf 80' lang='lat' dir='ltr'><strong>futuros</strong></span> <span class='ocrx_word' id='word_1_287' title='bbox 1620 2302 1634 2326; x_wconf 92' lang='lat'><strong>,</strong></span> <span class='ocrx_word' id='word_1_288' title='bbox 1662 2262 1753 2316; x_wconf 91' lang='lat' dir='ltr'><strong>sed</strong></span> <span class='ocrx_word' id='word_1_289' title='bbox 1789 2262 1926 2317; x_wconf 89' lang='lat' dir='ltr'><strong>bene</strong></span> <span class='ocrx_word' id='word_1_290' title='bbox 1953 2261 2143 2331; x_wconf 82' lang='lat' dir='ltr'><strong>praevi-</strong></span> 
     </span>
    </p>
   </div>
   <div class='ocr_carea' id='block_1_30' title="bbox 562 2354 2145 2429">
    <p class='ocr_par' dir='ltr' id='par_1_30' title="bbox 562 2354 2145 2429">
     <span class='ocr_line' id='line_1_30' title="bbox 562 2354 2145 2429; baseline -0.001 -16"><span class='ocrx_word' id='word_1_291' title='bbox 562 2354 642 2413; x_wconf 83' lang='lat' dir='ltr'><strong>dit</strong></span> <span class='ocrx_word' id='word_1_292' title='bbox 670 2356 956 2423; x_wconf 68' lang='lat' dir='ltr'><strong>haereticos</strong></span> <span class='ocrx_word' id='word_1_293' title='bbox 998 2372 1181 2413; x_wconf 82' lang='lat' dir='ltr'><strong>veram</strong></span> <span class='ocrx_word' id='word_1_294' title='bbox 1211 2367 1441 2414; x_wconf 92' lang='lat' dir='ltr'><strong>mortem</strong></span> <span class='ocrx_word' id='word_1_295' title='bbox 1492 2356 1704 2411; x_wconf 86' lang='lat' dir='ltr'><strong>Domini</strong></span> <span class='ocrx_word' id='word_1_296' title='bbox 1751 2365 2058 2429; x_wconf 77' lang='lat' dir='ltr'><strong>negaturos,</strong></span> <span class='ocrx_word' id='word_1_297' title='bbox 2088 2364 2145 2413; x_wconf 86' lang='lat' dir='ltr'><strong>et</strong></span> 
     </span>
    </p>
   </div>
   <div class='ocr_carea' id='block_1_31' title="bbox 561 2448 2141 2521">
    <p class='ocr_par' dir='ltr' id='par_1_31' title="bbox 561 2448 2141 2521">
     <span class='ocr_line' id='line_1_31' title="bbox 561 2448 2141 2521; baseline -0.001 -16"><span class='ocrx_word' id='word_1_298' title='bbox 561 2448 688 2505; x_wconf 87' lang='lat' dir='ltr'><strong>ideo</strong></span> <span class='ocrx_word' id='word_1_299' title='bbox 714 2450 952 2505; x_wconf 85' lang='lat' dir='ltr'><strong>volentos</strong></span> <span class='ocrx_word' id='word_1_300' title='bbox 994 2450 1064 2505; x_wconf 76' lang='lat' dir='ltr'><strong>ab</strong></span> <span class='ocrx_word' id='word_1_301' title='bbox 1094 2452 1197 2505; x_wconf 89' lang='lat' dir='ltr'><strong>hoc</strong></span> <span class='ocrx_word' id='word_1_302' title='bbox 1230 2451 1518 2507; x_wconf 84' lang='lat' dir='ltr'><strong>maledicto</strong></span> <span class='ocrx_word' id='word_1_303' title='bbox 1539 2450 1811 2505; x_wconf 81' lang='lat' dir='ltr'><strong>Christum</strong></span> <span class='ocrx_word' id='word_1_304' title='bbox 1838 2449 2141 2521; x_wconf 74' lang='lat' dir='ltr'><strong>seiungere,</strong></span> 
     </span>
    </p>
   </div>
   <div class='ocr_carea' id='block_1_32' title="bbox 560 2532 2146 2613">
    <p class='ocr_par' dir='ltr' id='par_1_32' title="bbox 560 2532 2146 2613">
     <span class='ocr_line' id='line_1_32' title="bbox 560 2532 2146 2613; baseline 0 -16"><span class='ocrx_word' id='word_1_305' title='bbox 560 2550 624 2598; x_wconf 87' lang='lat' dir='ltr'><strong>ut</strong></span> <span class='ocrx_word' id='word_1_306' title='bbox 652 2558 682 2597; x_wconf 92' lang='lat' dir='ltr'><strong>a</strong></span> <span class='ocrx_word' id='word_1_307' title='bbox 710 2542 901 2596; x_wconf 76' lang='lat' dir='ltr'><strong>mortis</strong></span> <span class='ocrx_word' id='word_1_308' title='bbox 919 2540 1083 2598; x_wconf 83' lang='lat' dir='ltr'><strong>etiam</strong></span> <span class='ocrx_word' id='word_1_309' title='bbox 1110 2532 1337 2598; x_wconf 72' lang='lat' dir='ltr'><strong>veritate</strong></span> <span class='ocrx_word' id='word_1_310' title='bbox 1367 2542 1732 2613; x_wconf 83' lang='lat' dir='ltr'><strong>sejungerent.</strong></span> <span class='ocrx_word' id='word_1_311' title='bbox 1757 2541 1813 2598; x_wconf 85' lang='lat' dir='ltr'><strong>Si</strong></span> <span class='ocrx_word' id='word_1_312' title='bbox 1844 2540 1987 2596; x_wconf 90' lang='lat' dir='ltr'><strong>enim</strong></span> <span class='ocrx_word' id='word_1_313' title='bbox 2019 2555 2146 2597; x_wconf 86' lang='lat' dir='ltr'><strong>vera</strong></span> 
     </span>
    </p>
   </div>
   <div class='ocr_carea' id='block_1_33' title="bbox 562 2633 2143 2700">
    <p class='ocr_par' dir='ltr' id='par_1_33' title="bbox 562 2633 2143 2700">
     <span class='ocr_line' id='line_1_33' title="bbox 562 2633 2143 2700; baseline -0.001 -11"><span class='ocrx_word' id='word_1_314' title='bbox 562 2635 651 2689; x_wconf 83' lang='lat' dir='ltr'><strong>illa</strong></span> <span class='ocrx_word' id='word_1_315' title='bbox 676 2649 823 2690; x_wconf 75' lang='lat' dir='ltr'><strong>mors</strong></span> <span class='ocrx_word' id='word_1_316' title='bbox 853 2644 1122 2700; x_wconf 83' lang='lat' dir='ltr'><strong>non-erat,</strong></span> <span class='ocrx_word' id='word_1_317' title='bbox 1154 2635 1357 2689; x_wconf 77' lang='lat' dir='ltr'><strong>nuilum</strong></span> <span class='ocrx_word' id='word_1_318' title='bbox 1399 2635 1744 2689; x_wconf 85' lang='lat' dir='ltr'><strong>maledictum</strong></span> <span class='ocrx_word' id='word_1_319' title='bbox 1769 2633 1984 2688; x_wconf 86' lang='lat' dir='ltr'><strong>Christo</strong></span> <span class='ocrx_word' id='word_1_320' title='bbox 2015 2649 2143 2689; x_wconf 84' lang='lat' dir='ltr'><strong>cru-</strong></span> 
     </span>
    </p>
   </div>
   <div class='ocr_carea' id='block_1_34' title="bbox 564 2728 2140 2799">
    <p class='ocr_par' dir='ltr' id='par_1_34' title="bbox 564 2728 2140 2799">
     <span class='ocr_line' id='line_1_34' title="bbox 564 2728 2140 2799; baseline -0.001 -16"><span class='ocrx_word' id='word_1_321' title='bbox 564 2728 721 2795; x_wconf 69' lang='lat' dir='ltr'><strong>ciﬁxi)</strong></span> <span class='ocrx_word' id='word_1_322' title='bbox 743 2729 999 2799; x_wconf 73' lang='lat' dir='ltr'><strong>pependit</strong></span> <span class='ocrx_word' id='word_1_323' title='bbox 1019 2730 1073 2784; x_wconf 86' lang='lat' dir='ltr'><strong>in</strong></span> <span class='ocrx_word' id='word_1_324' title='bbox 1104 2730 1270 2797; x_wconf 81' lang='lat' dir='ltr'><strong>ligno,</strong></span> <span class='ocrx_word' id='word_1_325' title='bbox 1293 2729 1417 2797; x_wconf 86' lang='lat' dir='ltr'><strong>quia</strong></span> <span class='ocrx_word' id='word_1_326' title='bbox 1445 2743 1547 2783; x_wconf 91' lang='lat' dir='ltr'><strong>nec</strong></span> <span class='ocrx_word' id='word_1_327' title='bbox 1569 2743 1697 2783; x_wconf 81' lang='lat' dir='ltr'><strong>vere</strong></span> <span class='ocrx_word' id='word_1_328' title='bbox 1723 2728 2014 2783; x_wconf 82' lang='lat' dir='ltr'><strong>cruciﬁxus</strong></span> <span class='ocrx_word' id='word_1_329' title='bbox 2039 2736 2140 2783; x_wconf 90' lang='lat' dir='ltr'><strong>est.</strong></span> 
     </span>
    </p>
   </div>
   <div class='ocr_carea' id='block_1_35' title="bbox 563 2818 2146 2892">
    <p class='ocr_par' dir='ltr' id='par_1_35' title="bbox 563 2818 2146 2892">
     <span class='ocr_line' id='line_1_35' title="bbox 563 2818 2146 2892; baseline -0.001 -16"><span class='ocrx_word' id='word_1_330' title='bbox 563 2818 672 2881; x_wconf 81' lang='lat' dir='ltr'><strong>Sed</strong></span> <span class='ocrx_word' id='word_1_331' title='bbox 700 2831 887 2883; x_wconf 83' lang='lat' dir='ltr'><strong>eontra</strong></span> <span class='ocrx_word' id='word_1_332' title='bbox 918 2823 1073 2892; x_wconf 88' lang='lat' dir='ltr'><strong>longe</strong></span> <span class='ocrx_word' id='word_1_333' title='bbox 1112 2820 1320 2876; x_wconf 73' lang='lat' dir='ltr'><strong>futuros</strong></span> <span class='ocrx_word' id='word_1_334' title='bbox 1358 2821 1639 2876; x_wconf 62' lang='lat' dir='ltr'><strong>hereticos</strong></span> <span class='ocrx_word' id='word_1_335' title='bbox 1686 2833 1845 2886; x_wconf 89' lang='lat' dir='ltr'><strong>quam</strong></span> <span class='ocrx_word' id='word_1_336' title='bbox 1891 2820 1959 2874; x_wconf 93' lang='lat' dir='ltr'><strong>de</strong></span> <span class='ocrx_word' id='word_1_337' title='bbox 1989 2820 2146 2889; x_wconf 86' lang='lat' dir='ltr'><strong>longe</strong></span> 
     </span>
    </p>
   </div>
   <div class='ocr_carea' id='block_1_36' title="bbox 564 2908 2205 2989">
    <p class='ocr_par' dir='ltr' id='par_1_36' title="bbox 564 2908 2205 2989">
     <span class='ocr_line' id='line_1_36' title="bbox 564 2908 2205 2989; baseline -0.002 -22"><span class='ocrx_word' id='word_1_338' title='bbox 564 2911 763 2967; x_wconf 80' lang='lat' dir='ltr'><strong>clamat</strong></span> <span class='ocrx_word' id='word_1_339' title='bbox 787 2912 984 2978; x_wconf 79' lang='lat' dir='ltr'><strong>Moses,</strong></span> <span class='ocrx_word' id='word_1_340' title='bbox 1015 2913 1133 2968; x_wconf 86' lang='lat' dir='ltr'><strong>sine</strong></span> <span class='ocrx_word' id='word_1_341' title='bbox 1153 2927 1313 2968; x_wconf 86' lang='lat' dir='ltr'><strong>causa</strong></span> <span class='ocrx_word' id='word_1_342' title='bbox 1346 2910 1796 2989; x_wconf 80' lang='lat' dir='ltr'><strong>tergiversamini,</strong></span> <span class='ocrx_word' id='word_1_343' title='bbox 1822 2910 2013 2980; x_wconf 89' lang='lat' dir='ltr'><strong>quibus</strong></span> <span class='ocrx_word' id='word_1_344' title='bbox 2036 2908 2147 2965; x_wconf 84' lang='lat' dir='ltr'><strong>dis-</strong></span> <span class='ocrx_word' id='word_1_345' title='bbox 2196 2932 2205 2941; x_wconf 62' lang='grc' dir='ltr'><strong><em>η</em></strong></span> 
     </span>
    </p>
   </div>
   <div class='ocr_carea' id='block_1_37' title="bbox 568 3001 2147 3071">
    <p class='ocr_par' dir='ltr' id='par_1_37' title="bbox 568 3001 2147 3071">
     <span class='ocr_line' id='line_1_37' title="bbox 568 3001 2147 3071; baseline 0.001 -15"><span class='ocrx_word' id='word_1_346' title='bbox 568 3001 734 3070; x_wconf 63' lang='lat' dir='ltr'><strong>plices</strong></span> <span class='ocrx_word' id='word_1_347' title='bbox 749 3003 950 3056; x_wconf 78' lang='lat' dir='ltr'><strong>veritas</strong></span> <span class='ocrx_word' id='word_1_348' title='bbox 964 3005 1153 3063; x_wconf 80' lang='lat' dir='ltr'><strong>mortis</strong></span> <span class='ocrx_word' id='word_1_349' title='bbox 1166 3003 1395 3057; x_wconf 80' lang='lat' dir='ltr'><strong>Christi:</strong></span> <span class='ocrx_word' id='word_1_350' title='bbox 1413 3003 1724 3057; x_wconf 73' lang='lat' dir='ltr'><strong>Maledictus</strong></span> <span class='ocrx_word' id='word_1_351' title='bbox 1741 3001 1919 3057; x_wconf 87' lang='lat' dir='ltr'><strong>omnis</strong></span> <span class='ocrx_word' id='word_1_352' title='bbox 1942 3002 2033 3071; x_wconf 91' lang='lat' dir='ltr'><strong>qui</strong></span> <span class='ocrx_word' id='word_1_353' title='bbox 2055 3016 2147 3071; x_wconf 88' lang='lat' dir='ltr'><strong>pe-</strong></span> 
     </span>
    </p>
   </div>
   <div class='ocr_carea' id='block_1_38' title="bbox 566 3090 2144 3161">
    <p class='ocr_par' dir='ltr' id='par_1_38' title="bbox 566 3090 2144 3161">
     <span class='ocr_line' id='line_1_38' title="bbox 566 3090 2144 3161; baseline -0.001 -14"><span class='ocrx_word' id='word_1_354' title='bbox 566 3092 754 3161; x_wconf 79' lang='lat' dir='ltr'><strong>pendit</strong></span> <span class='ocrx_word' id='word_1_355' title='bbox 778 3090 833 3146; x_wconf 90' lang='lat' dir='ltr'><strong>in</strong></span> <span class='ocrx_word' id='word_1_356' title='bbox 852 3093 1000 3161; x_wconf 73' lang='lat' dir='ltr'><strong>ligno</strong></span> <span class='ocrx_word' id='word_1_357' title='bbox 1025 3108 1039 3147; x_wconf 92' lang='lat'><strong>:</strong></span> <span class='ocrx_word' id='word_1_358' title='bbox 1068 3108 1174 3147; x_wconf 84' lang='lat' dir='ltr'><strong>non</strong></span> <span class='ocrx_word' id='word_1_359' title='bbox 1198 3093 1295 3147; x_wconf 80' lang='lat' dir='ltr'><strong>ille</strong></span> <span class='ocrx_word' id='word_1_360' title='bbox 1321 3102 1414 3147; x_wconf 89' lang='lat' dir='ltr'><strong>aut</strong></span> <span class='ocrx_word' id='word_1_361' title='bbox 1436 3093 1546 3159; x_wconf 80' lang='lat' dir='ltr'><strong>ilic,</strong></span> <span class='ocrx_word' id='word_1_362' title='bbox 1570 3096 1663 3148; x_wconf 88' lang='lat' dir='ltr'><strong>sed</strong></span> <span class='ocrx_word' id='word_1_363' title='bbox 1693 3093 1868 3148; x_wconf 89' lang='lat' dir='ltr'><strong>omnis</strong></span> <span class='ocrx_word' id='word_1_364' title='bbox 1894 3092 2144 3147; x_wconf 87' lang='lat' dir='ltr'><strong>omnino!</strong></span> 
     </span>
    </p>
   </div>
   <div class='ocr_carea' id='block_1_39' title="bbox 567 3182 2149 3256">
    <p class='ocr_par' dir='ltr' id='par_1_39' title="bbox 567 3182 2149 3256">
     <span class='ocr_line' id='line_1_39' title="bbox 567 3182 2149 3256; baseline 0.001 -18"><span class='ocrx_word' id='word_1_365' title='bbox 567 3182 821 3251; x_wconf 69' lang='lat' dir='ltr'><strong>Etiamne</strong></span> <span class='ocrx_word' id='word_1_366' title='bbox 846 3192 904 3238; x_wconf 89' lang='lat' dir='ltr'><strong>et</strong></span> <span class='ocrx_word' id='word_1_367' title='bbox 930 3183 1101 3243; x_wconf 70' lang='lat' dir='ltr'><strong>Filius</strong></span> <span class='ocrx_word' id='word_1_368' title='bbox 1128 3183 1225 3239; x_wconf 79' lang='lat' dir='ltr'><strong>Dei</strong></span> <span class='ocrx_word' id='word_1_369' title='bbox 1247 3184 1274 3238; x_wconf 68' lang='grc' dir='ltr'><strong><em>ο</em></strong></span> <span class='ocrx_word' id='word_1_370' title='bbox 1306 3185 1467 3240; x_wconf 87' lang='lat' dir='ltr'><strong>etiam</strong></span> <span class='ocrx_word' id='word_1_371' title='bbox 1494 3200 1736 3256; x_wconf 83' lang='lat' dir='ltr'><strong>prorsus.</strong></span> <span class='ocrx_word' id='word_1_372' title='bbox 1766 3186 1900 3241; x_wconf 78' lang='lat' dir='ltr'><strong>Nam</strong></span> <span class='ocrx_word' id='word_1_373' title='bbox 1931 3186 2033 3241; x_wconf 91' lang='lat' dir='ltr'><strong>hoc</strong></span> <span class='ocrx_word' id='word_1_374' title='bbox 2063 3191 2149 3241; x_wconf 83' lang='lat' dir='ltr'><strong>est</strong></span> 
     </span>
    </p>
   </div>
   <div class='ocr_carea' id='block_1_40' title="bbox 2241 1987 3804 2057">
    <p class='ocr_par' dir='ltr' id='par_1_40' title="bbox 2241 1987 3804 2057">
     <span class='ocr_line' id='line_1_40' title="bbox 2241 1987 3804 2057; baseline 0.002 -14"><span class='ocrx_word' id='word_1_375' title='bbox 2241 1988 2511 2055; x_wconf 79' lang='lat' dir='ltr'><strong>ﬁcaretur,</strong></span> <span class='ocrx_word' id='word_1_376' title='bbox 2542 2004 2649 2044; x_wconf 90' lang='lat' dir='ltr'><strong>non</strong></span> <span class='ocrx_word' id='word_1_377' title='bbox 2675 1988 2859 2044; x_wconf 79' lang='lat' dir='ltr'><strong>falsam</strong></span> <span class='ocrx_word' id='word_1_378' title='bbox 2893 1996 3119 2043; x_wconf 92' lang='lat' dir='ltr'><strong>mortem</strong></span> <span class='ocrx_word' id='word_1_379' title='bbox 3146 1987 3417 2044; x_wconf 89' lang='lat' dir='ltr'><strong>Christum</strong></span> <span class='ocrx_word' id='word_1_380' title='bbox 3462 1990 3700 2057; x_wconf 83' lang='lat' dir='ltr'><strong>ﬁnxisse,</strong></span> <span class='ocrx_word' id='word_1_381' title='bbox 3725 1990 3804 2047; x_wconf 85' lang='lat' dir='ltr'><strong>sed</strong></span> 
     </span>
    </p>
   </div>
   <div class='ocr_carea' id='block_1_41' title="bbox 2243 2082 3804 2154">
    <p class='ocr_par' dir='ltr' id='par_1_41' title="bbox 2243 2082 3804 2154">
     <span class='ocr_line' id='line_1_41' title="bbox 2243 2082 3804 2154; baseline 0.001 -17"><span class='ocrx_word' id='word_1_382' title='bbox 2243 2082 2390 2137; x_wconf 87' lang='lat' dir='ltr'><strong>illam</strong></span> <span class='ocrx_word' id='word_1_383' title='bbox 2433 2097 2614 2137; x_wconf 80' lang='lat' dir='ltr'><strong>veram</strong></span> <span class='ocrx_word' id='word_1_384' title='bbox 2660 2083 2714 2137; x_wconf 93' lang='lat' dir='ltr'><strong>in</strong></span> <span class='ocrx_word' id='word_1_385' title='bbox 2770 2083 2914 2151; x_wconf 80' lang='lat' dir='ltr'><strong>ligno</strong></span> <span class='ocrx_word' id='word_1_386' title='bbox 2966 2083 3227 2152; x_wconf 89' lang='lat' dir='ltr'><strong>passionis</strong></span> <span class='ocrx_word' id='word_1_387' title='bbox 3283 2098 3392 2139; x_wconf 68' lang='lat' dir='ltr'><strong>suae</strong></span> <span class='ocrx_word' id='word_1_388' title='bbox 3441 2085 3804 2154; x_wconf 82' lang='lat' dir='ltr'><strong>suspendisse,</strong></span> 
     </span>
    </p>
   </div>
   <div class='ocr_carea' id='block_1_42' title="bbox 2243 2174 3804 2249">
    <p class='ocr_par' dir='ltr' id='par_1_42' title="bbox 2243 2174 3804 2249">
     <span class='ocr_line' id='line_1_42' title="bbox 2243 2174 3804 2249; baseline 0.003 -20"><span class='ocrx_word' id='word_1_389' title='bbox 2243 2174 2297 2229; x_wconf 87' lang='lat' dir='ltr'><strong>in</strong></span> <span class='ocrx_word' id='word_1_390' title='bbox 2326 2188 2483 2244; x_wconf 89' lang='lat' dir='ltr'><strong>quam</strong></span> <span class='ocrx_word' id='word_1_391' title='bbox 2509 2190 2733 2243; x_wconf 88' lang='lat' dir='ltr'><strong>serpens</strong></span> <span class='ocrx_word' id='word_1_392' title='bbox 2755 2175 2848 2230; x_wconf 89' lang='lat' dir='ltr'><strong>ille</strong></span> <span class='ocrx_word' id='word_1_393' title='bbox 2874 2177 3141 2231; x_wconf 89' lang='lat' dir='ltr'><strong>hominem</strong></span> <span class='ocrx_word' id='word_1_394' title='bbox 3170 2176 3577 2231; x_wconf 81' lang='lat' dir='ltr'><strong>malesuadendo</strong></span> <span class='ocrx_word' id='word_1_395' title='bbox 3597 2178 3804 2249; x_wconf 78' lang='lat' dir='ltr'><strong>dejecit.</strong></span> 
     </span>
    </p>
   </div>
   <div class='ocr_carea' id='block_1_43' title="bbox 2243 2267 3801 2340">
    <p class='ocr_par' dir='ltr' id='par_1_43' title="bbox 2243 2267 3801 2340">
     <span class='ocr_line' id='line_1_43' title="bbox 2243 2267 3801 2340; baseline 0.001 -19"><span class='ocrx_word' id='word_1_396' title='bbox 2243 2267 2411 2334; x_wconf 88' lang='lat' dir='ltr'><strong>Quam</strong></span> <span class='ocrx_word' id='word_1_397' title='bbox 2442 2282 2621 2323; x_wconf 85' lang='lat' dir='ltr'><strong>veram</strong></span> <span class='ocrx_word' id='word_1_398' title='bbox 2666 2281 2893 2323; x_wconf 91' lang='lat' dir='ltr'><strong>mortem</strong></span> <span class='ocrx_word' id='word_1_399' title='bbox 2924 2269 3112 2322; x_wconf 90' lang='lat' dir='ltr'><strong>nolunt</strong></span> <span class='ocrx_word' id='word_1_400' title='bbox 3142 2268 3224 2322; x_wconf 88' lang='lat' dir='ltr'><strong>isti</strong></span> <span class='ocrx_word' id='word_1_401' title='bbox 3256 2267 3570 2337; x_wconf 83' lang='lat' dir='ltr'><strong>conspicere,</strong></span> <span class='ocrx_word' id='word_1_402' title='bbox 3600 2280 3653 2323; x_wconf 91' lang='lat' dir='ltr'><strong>et</strong></span> <span class='ocrx_word' id='word_1_403' title='bbox 3680 2271 3801 2340; x_wconf 84' lang='lat' dir='ltr'><strong>ideo</strong></span> 
     </span>
    </p>
   </div>
   <div class='ocr_carea' id='block_1_44' title="bbox 2244 2344 3806 2430">
    <p class='ocr_par' dir='ltr' id='par_1_44' title="bbox 2244 2344 3806 2430">
     <span class='ocr_line' id='line_1_44' title="bbox 2244 2344 3806 2430; baseline -0.001 -16"><span class='ocrx_word' id='word_1_404' title='bbox 2244 2375 2351 2415; x_wconf 89' lang='lat' dir='ltr'><strong>non</strong></span> <span class='ocrx_word' id='word_1_405' title='bbox 2374 2368 2629 2414; x_wconf 87' lang='lat' dir='ltr'><strong>sanantur</strong></span> <span class='ocrx_word' id='word_1_406' title='bbox 2656 2376 2684 2413; x_wconf 90' lang='lat' dir='ltr'><strong>a</strong></span> <span class='ocrx_word' id='word_1_407' title='bbox 2708 2375 2915 2416; x_wconf 88' lang='lat' dir='ltr'><strong>veneno</strong></span> <span class='ocrx_word' id='word_1_408' title='bbox 2937 2360 3226 2430; x_wconf 89' lang='lat' dir='ltr'><strong>serpentis,</strong></span> <span class='ocrx_word' id='word_1_409' title='bbox 3260 2360 3395 2414; x_wconf 83' lang='lat' dir='ltr'><strong>sicut</strong></span> <span class='ocrx_word' id='word_1_410' title='bbox 3418 2361 3471 2413; x_wconf 91' lang='lat' dir='ltr'><strong>in</strong></span> <span class='ocrx_word' id='word_1_411' title='bbox 3490 2375 3666 2414; x_wconf 84' lang='lat' dir='ltr'><strong>eremo</strong></span> <span class='ocrx_word' id='word_1_412' title='bbox 3688 2344 3806 2429; x_wconf 51' lang='lat' dir='ltr'><strong>qui?</strong></span> 
     </span>
    </p>
   </div>
   <div class='ocr_carea' id='block_1_45' title="bbox 2245 2452 3806 2523">
    <p class='ocr_par' dir='ltr' id='par_1_45' title="bbox 2245 2452 3806 2523">
     <span class='ocr_line' id='line_1_45' title="bbox 2245 2452 3806 2523; baseline 0 -16"><span class='ocrx_word' id='word_1_413' title='bbox 2245 2466 2455 2522; x_wconf 89' lang='lat' dir='ltr'><strong>cunque</strong></span> <span class='ocrx_word' id='word_1_414' title='bbox 2479 2452 2624 2507; x_wconf 90' lang='lat' dir='ltr'><strong>illum</strong></span> <span class='ocrx_word' id='word_1_415' title='bbox 2644 2452 2945 2507; x_wconf 87' lang='lat' dir='ltr'><strong>atlendcret</strong></span> <span class='ocrx_word' id='word_1_416' title='bbox 2965 2453 3275 2523; x_wconf 87' lang='lat' dir='ltr'><strong>sanabatur.</strong></span> <span class='ocrx_word' id='word_1_417' title='bbox 3302 2453 3487 2523; x_wconf 87' lang='lat' dir='ltr'><strong>itaque</strong></span> <span class='ocrx_word' id='word_1_418' title='bbox 3512 2452 3731 2508; x_wconf 77' lang='lat' dir='ltr'><strong>fatemur</strong></span> <span class='ocrx_word' id='word_1_419' title='bbox 3749 2454 3806 2508; x_wconf 87' lang='lat' dir='ltr'><strong>ab</strong></span> 
     </span>
    </p>
   </div>
   <div class='ocr_carea' id='block_1_46' title="bbox 2246 2542 3801 2619">
    <p class='ocr_par' dir='ltr' id='par_1_46' title="bbox 2246 2542 3801 2619">
     <span class='ocr_line' id='line_1_46' title="bbox 2246 2542 3801 2619; baseline 0.001 -20"><span class='ocrx_word' id='word_1_420' title='bbox 2246 2542 2511 2613; x_wconf 85' lang='lat' dir='ltr'><strong>imperitis</strong></span> <span class='ocrx_word' id='word_1_421' title='bbox 2526 2544 2631 2599; x_wconf 90' lang='lat' dir='ltr'><strong>dici</strong></span> <span class='ocrx_word' id='word_1_422' title='bbox 2651 2544 2795 2599; x_wconf 87' lang='lat' dir='ltr'><strong>aliud</strong></span> <span class='ocrx_word' id='word_1_423' title='bbox 2811 2559 2929 2599; x_wconf 90' lang='lat' dir='ltr'><strong>esse</strong></span> <span class='ocrx_word' id='word_1_424' title='bbox 2953 2544 3094 2615; x_wconf 81' lang='lat' dir='ltr'><strong>afﬁgi</strong></span> <span class='ocrx_word' id='word_1_425' title='bbox 3115 2546 3437 2615; x_wconf 82' lang='lat' dir='ltr'><strong>ligno,aliud</strong></span> <span class='ocrx_word' id='word_1_426' title='bbox 3464 2547 3519 2600; x_wconf 83' lang='lat' dir='ltr'><strong>in</strong></span> <span class='ocrx_word' id='word_1_427' title='bbox 3544 2547 3680 2616; x_wconf 80' lang='lat' dir='ltr'><strong>ligno</strong></span> <span class='ocrx_word' id='word_1_428' title='bbox 3699 2563 3801 2619; x_wconf 77' lang='lat' dir='ltr'><strong>pen-</strong></span> 
     </span>
    </p>
   </div>
   <div class='ocr_carea' id='block_1_47' title="bbox 2246 2634 3801 2707">
    <p class='ocr_par' dir='ltr' id='par_1_47' title="bbox 2246 2634 3801 2707">
     <span class='ocr_line' id='line_1_47' title="bbox 2246 2634 3801 2707; baseline 0.004 -17"><span class='ocrx_word' id='word_1_429' title='bbox 2246 2634 2398 2690; x_wconf 90' lang='lat' dir='ltr'><strong>dere.</strong></span> <span class='ocrx_word' id='word_1_430' title='bbox 2423 2635 2517 2691; x_wconf 90' lang='lat' dir='ltr'><strong>Sic</strong></span> <span class='ocrx_word' id='word_1_431' title='bbox 2542 2636 2682 2691; x_wconf 92' lang='lat' dir='ltr'><strong>enim</strong></span> <span class='ocrx_word' id='word_1_432' title='bbox 2709 2637 2923 2707; x_wconf 89' lang='lat' dir='ltr'><strong>quidam</strong></span> <span class='ocrx_word' id='word_1_433' title='bbox 2960 2646 3148 2707; x_wconf 91' lang='lat' dir='ltr'><strong>putant</strong></span> <span class='ocrx_word' id='word_1_434' title='bbox 3178 2639 3496 2693; x_wconf 86' lang='lat' dir='ltr'><strong>solvendam</strong></span> <span class='ocrx_word' id='word_1_435' title='bbox 3530 2656 3647 2696; x_wconf 81' lang='lat' dir='ltr'><strong>esse</strong></span> <span class='ocrx_word' id='word_1_436' title='bbox 3677 2642 3801 2697; x_wconf 83' lang='lat' dir='ltr'><strong>istam</strong></span> 
     </span>
    </p>
   </div>
   <div class='ocr_carea' id='block_1_48' title="bbox 2246 2730 3797 2802">
    <p class='ocr_par' dir='ltr' id='par_1_48' title="bbox 2246 2730 3797 2802">
     <span class='ocr_line' id='line_1_48' title="bbox 2246 2730 3797 2802; baseline 0.003 -18"><span class='ocrx_word' id='word_1_437' title='bbox 2246 2732 2627 2802; x_wconf 66' lang='lat' dir='ltr'><strong>quaestionem,</strong></span> <span class='ocrx_word' id='word_1_438' title='bbox 2664 2740 2722 2785; x_wconf 94' lang='lat' dir='ltr'><strong>ut</strong></span> <span class='ocrx_word' id='word_1_439' title='bbox 2758 2730 2949 2786; x_wconf 71' lang='lat' dir='ltr'><strong>ludam</strong></span> <span class='ocrx_word' id='word_1_440' title='bbox 2998 2732 3177 2787; x_wconf 90' lang='lat' dir='ltr'><strong>dicant</strong></span> <span class='ocrx_word' id='word_1_441' title='bbox 3201 2746 3231 2787; x_wconf 89' lang='lat' dir='ltr'><strong>a</strong></span> <span class='ocrx_word' id='word_1_442' title='bbox 3263 2732 3414 2788; x_wconf 81' lang='lat' dir='ltr'><strong>Mose</strong></span> <span class='ocrx_word' id='word_1_443' title='bbox 3456 2734 3797 2799; x_wconf 88' lang='lat' dir='ltr'><strong>maledictum,</strong></span> 
     </span>
    </p>
   </div>
   <div class='ocr_carea' id='block_1_49' title="bbox 2247 2822 3799 2898">
    <p class='ocr_par' dir='ltr' id='par_1_49' title="bbox 2247 2822 3799 2898">
     <span class='ocr_line' id='line_1_49' title="bbox 2247 2822 3799 2898; baseline 0.004 -24"><span class='ocrx_word' id='word_1_444' title='bbox 2247 2822 2339 2889; x_wconf 90' lang='lat' dir='ltr'><strong>qui</strong></span> <span class='ocrx_word' id='word_1_445' title='bbox 2365 2822 2555 2892; x_wconf 89' lang='lat' dir='ltr'><strong>laqueo</strong></span> <span class='ocrx_word' id='word_1_446' title='bbox 2581 2836 2641 2877; x_wconf 87' lang='lat' dir='ltr'><strong>se</strong></span> <span class='ocrx_word' id='word_1_447' title='bbox 2669 2824 2969 2893; x_wconf 88' lang='lat' dir='ltr'><strong>suspendit,</strong></span> <span class='ocrx_word' id='word_1_448' title='bbox 2993 2824 3141 2893; x_wconf 91' lang='lat' dir='ltr'><strong>quasi</strong></span> <span class='ocrx_word' id='word_1_449' title='bbox 3166 2822 3338 2893; x_wconf 87' lang='lat' dir='ltr'><strong>primo</strong></span> <span class='ocrx_word' id='word_1_450' title='bbox 3367 2824 3647 2898; x_wconf 89' lang='lat' dir='ltr'><strong>[primum]</strong></span> <span class='ocrx_word' id='word_1_451' title='bbox 3670 2839 3799 2880; x_wconf 59' lang='lat' dir='ltr'><strong>nare</strong></span> 
     </span>
    </p>
   </div>
   <div class='ocr_carea' id='block_1_50' title="bbox 2248 2915 3797 2987">
    <p class='ocr_par' dir='ltr' id='par_1_50' title="bbox 2248 2915 3797 2987">
     <span class='ocr_line' id='line_1_50' title="bbox 2248 2915 3797 2987; baseline -0.001 -16"><span class='ocrx_word' id='word_1_452' title='bbox 2248 2916 2358 2971; x_wconf 84' lang='lat' dir='ltr'><strong>rint</strong></span> <span class='ocrx_word' id='word_1_453' title='bbox 2382 2925 2557 2970; x_wconf 89' lang='lat' dir='ltr'><strong>utrum</strong></span> <span class='ocrx_word' id='word_1_454' title='bbox 2584 2931 2649 2970; x_wconf 92' lang='lat' dir='ltr'><strong>ex</strong></span> <span class='ocrx_word' id='word_1_455' title='bbox 2673 2915 2815 2987; x_wconf 86' lang='lat' dir='ltr'><strong>ligno</strong></span> <span class='ocrx_word' id='word_1_456' title='bbox 2854 2930 2922 2971; x_wconf 88' lang='lat' dir='ltr'><strong>an</strong></span> <span class='ocrx_word' id='word_1_457' title='bbox 2960 2929 3027 2970; x_wconf 87' lang='lat' dir='ltr'><strong>ex</strong></span> <span class='ocrx_word' id='word_1_458' title='bbox 3056 2915 3232 2986; x_wconf 83' lang='lat' dir='ltr'><strong>lapide</strong></span> <span class='ocrx_word' id='word_1_459' title='bbox 3273 2930 3333 2972; x_wconf 90' lang='lat' dir='ltr'><strong>se</strong></span> <span class='ocrx_word' id='word_1_460' title='bbox 3359 2918 3452 2972; x_wconf 88' lang='lat' dir='ltr'><strong>ille</strong></span> <span class='ocrx_word' id='word_1_461' title='bbox 3480 2918 3797 2987; x_wconf 80' lang='lat' dir='ltr'><strong>suspenderit.</strong></span> 
     </span>
    </p>
   </div>
   <div class='ocr_carea' id='block_1_51' title="bbox 2250 3007 3797 3080">
    <p class='ocr_par' dir='ltr' id='par_1_51' title="bbox 2250 3007 3797 3080">
     <span class='ocr_line' id='line_1_51' title="bbox 2250 3007 3797 3080; baseline -0.001 -16"><span class='ocrx_word' id='word_1_462' title='bbox 2250 3007 2358 3064; x_wconf 89' lang='lat' dir='ltr'><strong>Sed</strong></span> <span class='ocrx_word' id='word_1_463' title='bbox 2387 3024 2573 3064; x_wconf 88' lang='lat' dir='ltr'><strong>verum</strong></span> <span class='ocrx_word' id='word_1_464' title='bbox 2596 3018 2681 3065; x_wconf 89' lang='lat' dir='ltr'><strong>est</strong></span> <span class='ocrx_word' id='word_1_465' title='bbox 2704 3008 2845 3080; x_wconf 91' lang='lat' dir='ltr'><strong>quod</strong></span> <span class='ocrx_word' id='word_1_466' title='bbox 2875 3016 2929 3064; x_wconf 92' lang='lat' dir='ltr'><strong>et</strong></span> <span class='ocrx_word' id='word_1_467' title='bbox 2950 3008 3179 3063; x_wconf 87' lang='lat' dir='ltr'><strong>Faustus</strong></span> <span class='ocrx_word' id='word_1_468' title='bbox 3200 3012 3643 3064; x_wconf 76' lang='lat' dir='ltr'><strong>commemoravit</strong></span> <span class='ocrx_word' id='word_1_469' title='bbox 3660 3011 3797 3078; x_wconf 75' lang='lat' dir='ltr'><strong>Apos-</strong></span> 
     </span>
    </p>
   </div>
   <div class='ocr_carea' id='block_1_52' title="bbox 2250 3092 3799 3170">
    <p class='ocr_par' dir='ltr' id='par_1_52' title="bbox 2250 3092 3799 3170">
     <span class='ocr_line' id='line_1_52' title="bbox 2250 3092 3799 3170; baseline -0.003 -13"><span class='ocrx_word' id='word_1_470' title='bbox 2250 3101 2359 3157; x_wconf 91' lang='lat' dir='ltr'><strong>lum</strong></span> <span class='ocrx_word' id='word_1_471' title='bbox 2388 3117 2493 3155; x_wconf 89' lang='lat' dir='ltr'><strong>non</strong></span> <span class='ocrx_word' id='word_1_472' title='bbox 2521 3102 2698 3156; x_wconf 90' lang='lat' dir='ltr'><strong>sinere</strong></span> <span class='ocrx_word' id='word_1_473' title='bbox 2720 3092 2864 3155; x_wconf 80' lang='lat' dir='ltr'><strong>aliud</strong></span> <span class='ocrx_word' id='word_1_474' title='bbox 2893 3100 3190 3170; x_wconf 82' lang='lat' dir='ltr'><strong>intelligere</strong></span> <span class='ocrx_word' id='word_1_475' title='bbox 3208 3115 3366 3170; x_wconf 89' lang='lat' dir='ltr'><strong>quam</strong></span> <span class='ocrx_word' id='word_1_476' title='bbox 3392 3102 3463 3155; x_wconf 90' lang='lat' dir='ltr'><strong>de</strong></span> <span class='ocrx_word' id='word_1_477' title='bbox 3478 3100 3683 3156; x_wconf 82' lang='lat' dir='ltr'><strong>Christo</strong></span> <span class='ocrx_word' id='word_1_478' title='bbox 3704 3112 3799 3153; x_wconf 77' lang='lat' dir='ltr'><strong>esse</strong></span> 
     </span>
    </p>
   </div>
   <div class='ocr_carea' id='block_1_53' title="bbox 2253 3192 3797 3264">
    <p class='ocr_par' dir='ltr' id='par_1_53' title="bbox 2253 3192 3797 3264">
     <span class='ocr_line' id='line_1_53' title="bbox 2253 3192 3797 3264; baseline -0.005 -15"><span class='ocrx_word' id='word_1_479' title='bbox 2253 3196 2625 3264; x_wconf 75' lang='lat' dir='ltr'><strong>toprzetlictum</strong></span> <span class='ocrx_word' id='word_1_480' title='bbox 2651 3210 2667 3249; x_wconf 90' lang='lat'><strong>:</strong></span> <span class='ocrx_word' id='word_1_481' title='bbox 2690 3193 2783 3248; x_wconf 83' lang='lat' dir='ltr'><strong>sed</strong></span> <span class='ocrx_word' id='word_1_482' title='bbox 2809 3194 2929 3247; x_wconf 89' lang='lat' dir='ltr'><strong>talis</strong></span> <span class='ocrx_word' id='word_1_483' title='bbox 2954 3192 3220 3262; x_wconf 83' lang='lat' dir='ltr'><strong>imperitia</strong></span> <span class='ocrx_word' id='word_1_484' title='bbox 3242 3192 3625 3247; x_wconf 88' lang='lat' dir='ltr'><strong>nonnullorum</strong></span> <span class='ocrx_word' id='word_1_485' title='bbox 3645 3192 3797 3246; x_wconf 83' lang='lat' dir='ltr'><strong>catho-</strong></span> 
     </span>
    </p>
   </div>
   <div class='ocr_carea' id='block_1_54' title="bbox 570 3268 3803 3353">
    <p class='ocr_par' dir='ltr' id='par_1_54' title="bbox 570 3268 3803 3353">
     <span class='ocr_line' id='line_1_54' title="bbox 570 3268 3803 3353; baseline 0.002 -23"><span class='ocrx_word' id='word_1_486' title='bbox 570 3274 715 3344; x_wconf 73' lang='lat' dir='ltr'><strong>quod</strong></span> <span class='ocrx_word' id='word_1_487' title='bbox 744 3290 853 3331; x_wconf 81' lang='lat' dir='ltr'><strong>non</strong></span> <span class='ocrx_word' id='word_1_488' title='bbox 880 3275 1086 3334; x_wconf 72' lang='lat' dir='ltr'><strong>vultis:</strong></span> <span class='ocrx_word' id='word_1_489' title='bbox 1114 3276 1244 3332; x_wconf 82' lang='lat' dir='ltr'><strong>inde</strong></span> <span class='ocrx_word' id='word_1_490' title='bbox 1270 3277 1535 3348; x_wconf 70' lang='lat' dir='ltr'><strong>satagitis,</strong></span> <span class='ocrx_word' id='word_1_491' title='bbox 1565 3278 1691 3334; x_wconf 90' lang='lat' dir='ltr'><strong>inde</strong></span> <span class='ocrx_word' id='word_1_492' title='bbox 1721 3276 1998 3334; x_wconf 83' lang='lat' dir='ltr'><strong>seducitis.</strong></span> <span class='ocrx_word' id='word_1_493' title='bbox 2026 3277 2144 3332; x_wconf 91' lang='lat' dir='ltr'><strong>Dis-</strong></span> <span class='ocrx_word' id='word_1_494' title='bbox 2168 3268 2218 3336; x_wconf 80' lang='grc' dir='ltr'><strong>ϐ</strong></span> <span class='ocrx_word' id='word_1_495' title='bbox 2246 3288 2475 3351; x_wconf 60' lang='lat' dir='ltr'><strong>&quot;comm</strong></span> <span class='ocrx_word' id='word_1_496' title='bbox 2504 3287 2718 3349; x_wconf 79' lang='lat' dir='ltr'><strong>venatio</strong></span> <span class='ocrx_word' id='word_1_497' title='bbox 2766 3286 3178 3347; x_wconf 66' lang='lat' dir='ltr'><strong>Maniclmorum</strong></span> <span class='ocrx_word' id='word_1_498' title='bbox 3206 3292 3310 3345; x_wconf 73' lang='lat' dir='ltr'><strong>est.</strong></span> <span class='ocrx_word' id='word_1_499' title='bbox 3344 3283 3510 3347; x_wconf 78' lang='lat' dir='ltr'><strong>Tales</strong></span> <span class='ocrx_word' id='word_1_500' title='bbox 3550 3283 3679 3340; x_wconf 85' lang='lat' dir='ltr'><strong>enim</strong></span> <span class='ocrx_word' id='word_1_501' title='bbox 3713 3281 3803 3353; x_wconf 69' lang='lat'><strong>53</strong></span> 
     </span>
    </p>
   </div>
   <div class='ocr_carea' id='block_1_55' title="bbox 568 3366 2147 3442">
    <p class='ocr_par' dir='ltr' id='par_1_55' title="bbox 568 3366 2147 3442">
     <span class='ocr_line' id='line_1_55' title="bbox 568 3366 2147 3442; baseline 0.001 -19"><span class='ocrx_word' id='word_1_502' title='bbox 568 3366 737 3435; x_wconf 71' lang='lat' dir='ltr'><strong>plicat</strong></span> <span class='ocrx_word' id='word_1_503' title='bbox 757 3369 900 3425; x_wconf 82' lang='lat' dir='ltr'><strong>enim</strong></span> <span class='ocrx_word' id='word_1_504' title='bbox 920 3369 1073 3425; x_wconf 85' lang='lat' dir='ltr'><strong>vobis</strong></span> <span class='ocrx_word' id='word_1_505' title='bbox 1091 3370 1410 3426; x_wconf 77' lang='lat' dir='ltr'><strong>maledietus</strong></span> <span class='ocrx_word' id='word_1_506' title='bbox 1433 3385 1530 3442; x_wconf 89' lang='lat' dir='ltr'><strong>pro</strong></span> <span class='ocrx_word' id='word_1_507' title='bbox 1553 3369 1727 3438; x_wconf 89' lang='lat' dir='ltr'><strong>nobis,</strong></span> <span class='ocrx_word' id='word_1_508' title='bbox 1751 3371 1876 3441; x_wconf 90' lang='lat' dir='ltr'><strong>quia</strong></span> <span class='ocrx_word' id='word_1_509' title='bbox 1899 3370 2147 3439; x_wconf 79' lang='lat' dir='ltr'><strong>displicet</strong></span> 
     </span>
    </p>
   </div>
   <div class='ocr_carea' id='block_1_56' title="bbox 567 3460 2147 3529">
    <p class='ocr_par' dir='ltr' id='par_1_56' title="bbox 567 3460 2147 3529">
     <span class='ocr_line' id='line_1_56' title="bbox 567 3460 2147 3529; baseline -0.001 -12"><span class='ocrx_word' id='word_1_510' title='bbox 567 3465 811 3517; x_wconf 67' lang='grc' dir='ltr'>ιωιω</span> <span class='ocrx_word' id='word_1_511' title='bbox 858 3476 957 3529; x_wconf 81' lang='lat' dir='ltr'><strong>pm</strong></span> <span class='ocrx_word' id='word_1_512' title='bbox 1001 3461 1179 3517; x_wconf 78' lang='lat' dir='ltr'><strong>nobis.</strong></span> <span class='ocrx_word' id='word_1_513' title='bbox 1228 3462 1381 3516; x_wconf 70' lang='lat' dir='ltr'><strong>Tune</strong></span> <span class='ocrx_word' id='word_1_514' title='bbox 1407 3461 1553 3517; x_wconf 82' lang='lat' dir='ltr'><strong>enim</strong></span> <span class='ocrx_word' id='word_1_515' title='bbox 1601 3472 1753 3516; x_wconf 88' lang='lat' dir='ltr'><strong>extra</strong></span> <span class='ocrx_word' id='word_1_516' title='bbox 1802 3460 2147 3517; x_wconf 87' lang='lat' dir='ltr'><strong>maledictum</strong></span> 
     </span>
    </p>
   </div>
   <div class='ocr_carea' id='block_1_57' title="bbox 568 3550 2151 3613">
    <p class='ocr_par' dir='ltr' id='par_1_57' title="bbox 568 3550 2151 3613">
     <span class='ocr_line' id='line_1_57' title="bbox 568 3550 2151 3613; baseline -0.001 -4"><span class='ocrx_word' id='word_1_517' title='bbox 568 3550 712 3612; x_wconf 78' lang='lat' dir='ltr'><strong>Illius</strong></span> <span class='ocrx_word' id='word_1_518' title='bbox 738 3554 906 3609; x_wconf 72' lang='lat' dir='ltr'><strong>Adam</strong></span> <span class='ocrx_word' id='word_1_519' title='bbox 931 3554 981 3609; x_wconf 86' lang='lat' dir='ltr'><strong>si</strong></span> <span class='ocrx_word' id='word_1_520' title='bbox 1007 3564 1159 3611; x_wconf 87' lang='lat' dir='ltr'><strong>extra</strong></span> <span class='ocrx_word' id='word_1_521' title='bbox 1184 3556 1330 3611; x_wconf 85' lang='lat' dir='ltr'><strong>illius</strong></span> <span class='ocrx_word' id='word_1_522' title='bbox 1352 3566 1599 3613; x_wconf 86' lang='lat' dir='ltr'><strong>mortem.</strong></span> <span class='ocrx_word' id='word_1_523' title='bbox 1633 3555 1767 3611; x_wconf 79' lang='lat' dir='ltr'><strong>Cum</strong></span> <span class='ocrx_word' id='word_1_524' title='bbox 1800 3570 1930 3609; x_wconf 84' lang='lat' dir='ltr'><strong>vero</strong></span> <span class='ocrx_word' id='word_1_525' title='bbox 1953 3570 2019 3609; x_wconf 92' lang='lat' dir='ltr'><strong>ex</strong></span> <span class='ocrx_word' id='word_1_526' title='bbox 2052 3553 2151 3609; x_wconf 81' lang='lat' dir='ltr'><strong>ho-</strong></span> 
     </span>
    </p>
   </div>
   <div class='ocr_carea' id='block_1_58' title="bbox 568 3644 2152 3717">
    <p class='ocr_par' dir='ltr' id='par_1_58' title="bbox 568 3644 2152 3717">
     <span class='ocr_line' id='line_1_58' title="bbox 568 3644 2152 3717; baseline -0.001 -16"><span class='ocrx_word' id='word_1_527' title='bbox 568 3644 714 3705; x_wconf 77' lang='lat' dir='ltr'><strong>mine</strong></span> <span class='ocrx_word' id='word_1_528' title='bbox 732 3652 790 3703; x_wconf 76' lang='lat' dir='ltr'><strong>et</strong></span> <span class='ocrx_word' id='word_1_529' title='bbox 819 3661 917 3717; x_wconf 84' lang='lat' dir='ltr'><strong>pro</strong></span> <span class='ocrx_word' id='word_1_530' title='bbox 938 3646 1159 3703; x_wconf 82' lang='lat' dir='ltr'><strong>homine</strong></span> <span class='ocrx_word' id='word_1_531' title='bbox 1186 3656 1416 3705; x_wconf 78' lang='lat' dir='ltr'><strong>mortem</strong></span> <span class='ocrx_word' id='word_1_532' title='bbox 1465 3648 1700 3715; x_wconf 79' lang='lat' dir='ltr'><strong>suscepit</strong></span> <span class='ocrx_word' id='word_1_533' title='bbox 1738 3662 1806 3702; x_wconf 87' lang='lat' dir='ltr'><strong>ex</strong></span> <span class='ocrx_word' id='word_1_534' title='bbox 1831 3647 1927 3701; x_wconf 89' lang='lat' dir='ltr'><strong>illo</strong></span> <span class='ocrx_word' id='word_1_535' title='bbox 1973 3655 2026 3701; x_wconf 90' lang='lat' dir='ltr'><strong>et</strong></span> <span class='ocrx_word' id='word_1_536' title='bbox 2052 3660 2152 3714; x_wconf 91' lang='lat' dir='ltr'><strong>pro</strong></span> 
     </span>
    </p>
   </div>
   <div class='ocr_carea' id='block_1_59' title="bbox 568 3728 2150 3805">
    <p class='ocr_par' dir='ltr' id='par_1_59' title="bbox 568 3728 2150 3805">
     <span class='ocr_line' id='line_1_59' title="bbox 568 3728 2150 3805; baseline -0.005 -8"><span class='ocrx_word' id='word_1_537' title='bbox 568 3733 684 3801; x_wconf 83' lang='lat' dir='ltr'><strong>illo,</strong></span> <span class='ocrx_word' id='word_1_538' title='bbox 712 3735 873 3794; x_wconf 81' lang='lat' dir='ltr'><strong>etiam</strong></span> <span class='ocrx_word' id='word_1_539' title='bbox 897 3736 1263 3801; x_wconf 76' lang='lat' dir='ltr'><strong>maledictum,</strong></span> <span class='ocrx_word' id='word_1_540' title='bbox 1290 3736 1433 3805; x_wconf 89' lang='lat' dir='ltr'><strong>quod</strong></span> <span class='ocrx_word' id='word_1_541' title='bbox 1458 3728 1953 3801; x_wconf 77' lang='lat' dir='ltr'><strong>morticomitatur,</strong></span> <span class='ocrx_word' id='word_1_542' title='bbox 1981 3736 2150 3790; x_wconf 86' lang='lat' dir='ltr'><strong>susci-</strong></span> 
     </span>
    </p>
   </div>
   <div class='ocr_carea' id='block_1_60' title="bbox 568 3828 2152 3900">
    <p class='ocr_par' dir='ltr' id='par_1_60' title="bbox 568 3828 2152 3900">
     <span class='ocr_line' id='line_1_60' title="bbox 568 3828 2152 3900; baseline -0.003 -12"><span class='ocrx_word' id='word_1_543' title='bbox 568 3842 699 3900; x_wconf 65' lang='grc' dir='ltr'>ωε</span> <span class='ocrx_word' id='word_1_544' title='bbox 715 3846 828 3887; x_wconf 77' lang='lat' dir='ltr'><strong>non</strong></span> <span class='ocrx_word' id='word_1_545' title='bbox 846 3830 1170 3899; x_wconf 72' lang='lat' dir='ltr'><strong>dedignatus</strong></span> <span class='ocrx_word' id='word_1_546' title='bbox 1187 3838 1290 3895; x_wconf 82' lang='lat' dir='ltr'><strong>ost,</strong></span> <span class='ocrx_word' id='word_1_547' title='bbox 1310 3831 1470 3885; x_wconf 80' lang='lat' dir='ltr'><strong>etiam</strong></span> <span class='ocrx_word' id='word_1_548' title='bbox 1494 3830 1584 3885; x_wconf 68' lang='lat' dir='ltr'><strong>ille</strong></span> <span class='ocrx_word' id='word_1_549' title='bbox 1609 3845 1851 3898; x_wconf 87' lang='lat' dir='ltr'><strong>prorsus,</strong></span> <span class='ocrx_word' id='word_1_550' title='bbox 1876 3829 2037 3884; x_wconf 90' lang='lat' dir='ltr'><strong>etiam</strong></span> <span class='ocrx_word' id='word_1_551' title='bbox 2060 3828 2152 3883; x_wconf 86' lang='lat' dir='ltr'><strong>ille</strong></span> 
     </span>
    </p>
   </div>
   <div class='ocr_carea' id='block_1_61' title="bbox 568 3919 2154 3991">
    <p class='ocr_par' dir='ltr' id='par_1_61' title="bbox 568 3919 2154 3991">
     <span class='ocr_line' id='line_1_61' title="bbox 568 3919 2154 3991; baseline -0.001 -12"><span class='ocrx_word' id='word_1_552' title='bbox 568 3919 742 3979; x_wconf 80' lang='lat' dir='ltr'><strong>Filius</strong></span> <span class='ocrx_word' id='word_1_553' title='bbox 768 3922 865 3977; x_wconf 83' lang='lat' dir='ltr'><strong>Dei</strong></span> <span class='ocrx_word' id='word_1_554' title='bbox 888 3935 1108 3991; x_wconf 74' lang='lat' dir='ltr'><strong>semper</strong></span> <span class='ocrx_word' id='word_1_555' title='bbox 1134 3921 1290 3983; x_wconf 65' lang='lat' dir='ltr'><strong>visus</strong></span> <span class='ocrx_word' id='word_1_556' title='bbox 1312 3920 1369 3977; x_wconf 85' lang='lat' dir='ltr'><strong>in</strong></span> <span class='ocrx_word' id='word_1_557' title='bbox 1412 3935 1509 3977; x_wconf 89' lang='lat' dir='ltr'><strong>sua</strong></span> <span class='ocrx_word' id='word_1_558' title='bbox 1527 3921 1758 3991; x_wconf 70' lang='lat' dir='ltr'><strong>iustitia,</strong></span> <span class='ocrx_word' id='word_1_559' title='bbox 1794 3931 2037 3977; x_wconf 88' lang='lat' dir='ltr'><strong>mortuus</strong></span> <span class='ocrx_word' id='word_1_560' title='bbox 2056 3937 2154 3977; x_wconf 76' lang='lat' dir='ltr'><strong>au-</strong></span> 
     </span>
    </p>
   </div>
   <div class='ocr_carea' id='block_1_62' title="bbox 568 4012 2154 4084">
    <p class='ocr_par' dir='ltr' id='par_1_62' title="bbox 568 4012 2154 4084">
     <span class='ocr_line' id='line_1_62' title="bbox 568 4012 2154 4084; baseline 0.003 -17"><span class='ocrx_word' id='word_1_561' title='bbox 568 4019 679 4076; x_wconf 73' lang='lat' dir='ltr'><strong>tam</strong></span> <span class='ocrx_word' id='word_1_562' title='bbox 707 4019 929 4082; x_wconf 73' lang='lat' dir='ltr'><strong>propter</strong></span> <span class='ocrx_word' id='word_1_563' title='bbox 952 4012 1146 4077; x_wconf 80' lang='lat' dir='ltr'><strong>delicta</strong></span> <span class='ocrx_word' id='word_1_564' title='bbox 1173 4021 1379 4079; x_wconf 84' lang='lat' dir='ltr'><strong>nostra,</strong></span> <span class='ocrx_word' id='word_1_565' title='bbox 1406 4013 1461 4068; x_wconf 85' lang='lat' dir='ltr'><strong>in</strong></span> <span class='ocrx_word' id='word_1_566' title='bbox 1482 4027 1648 4071; x_wconf 77' lang='lat' dir='ltr'><strong>carne</strong></span> <span class='ocrx_word' id='word_1_567' title='bbox 1674 4023 1923 4084; x_wconf 84' lang='lat' dir='ltr'><strong>suscepta</strong></span> <span class='ocrx_word' id='word_1_568' title='bbox 1948 4028 2012 4069; x_wconf 84' lang='lat' dir='ltr'><strong>ex</strong></span> <span class='ocrx_word' id='word_1_569' title='bbox 2038 4029 2154 4084; x_wconf 84' lang='lat' dir='ltr'><strong>pue-</strong></span> 
     </span>
    </p>
   </div>
   <div class='ocr_carea' id='block_1_63' title="bbox 568 4100 2155 4179">
    <p class='ocr_par' dir='ltr' id='par_1_63' title="bbox 568 4100 2155 4179">
     <span class='ocr_line' id='line_1_63' title="bbox 568 4100 2155 4179; baseline 0 -16"><span class='ocrx_word' id='word_1_570' title='bbox 568 4120 643 4164; x_wconf 81' lang='lat' dir='ltr'><strong>na</strong></span> <span class='ocrx_word' id='word_1_571' title='bbox 670 4114 874 4172; x_wconf 80' lang='lat' dir='ltr'><strong>nostra,</strong></span> <span class='ocrx_word' id='word_1_572' title='bbox 904 4120 970 4162; x_wconf 83' lang='lat' dir='ltr'><strong>se</strong></span> <span class='ocrx_word' id='word_1_573' title='bbox 993 4123 1094 4179; x_wconf 80' lang='lat' dir='ltr'><strong>per</strong></span> <span class='ocrx_word' id='word_1_574' title='bbox 1118 4109 1227 4164; x_wconf 82' lang='lat' dir='ltr'><strong>hoc</strong></span> <span class='ocrx_word' id='word_1_575' title='bbox 1251 4108 1491 4164; x_wconf 79' lang='lat' dir='ltr'><strong>additum</strong></span> <span class='ocrx_word' id='word_1_576' title='bbox 1520 4118 1625 4175; x_wconf 86' lang='lat' dir='ltr'><strong>est,</strong></span> <span class='ocrx_word' id='word_1_577' title='bbox 1669 4100 1871 4176; x_wconf 87' lang='lat' dir='ltr'><strong>omnis,</strong></span> <span class='ocrx_word' id='word_1_578' title='bbox 1904 4122 1973 4163; x_wconf 90' lang='lat' dir='ltr'><strong>ne</strong></span> <span class='ocrx_word' id='word_1_579' title='bbox 1997 4106 2155 4163; x_wconf 83' lang='lat' dir='ltr'><strong>Chri-</strong></span> 
     </span>
    </p>
   </div>
   <div class='ocr_carea' id='block_1_64' title="bbox 570 4200 2153 4273">
    <p class='ocr_par' dir='ltr' id='par_1_64' title="bbox 570 4200 2153 4273">
     <span class='ocr_line' id='line_1_64' title="bbox 570 4200 2153 4273; baseline 0.001 -18"><span class='ocrx_word' id='word_1_580' title='bbox 570 4210 688 4267; x_wconf 79' lang='lat' dir='ltr'><strong>stus</strong></span> <span class='ocrx_word' id='word_1_581' title='bbox 718 4200 787 4255; x_wconf 90' lang='lat' dir='ltr'><strong>ad</strong></span> <span class='ocrx_word' id='word_1_582' title='bbox 812 4214 996 4256; x_wconf 67' lang='lat' dir='ltr'><strong>seram</strong></span> <span class='ocrx_word' id='word_1_583' title='bbox 1025 4210 1255 4259; x_wconf 79' lang='lat' dir='ltr'><strong>mortem</strong></span> <span class='ocrx_word' id='word_1_584' title='bbox 1283 4218 1390 4258; x_wconf 89' lang='lat' dir='ltr'><strong>non</strong></span> <span class='ocrx_word' id='word_1_585' title='bbox 1421 4203 1691 4273; x_wconf 87' lang='lat' dir='ltr'><strong>pertinere</strong></span> <span class='ocrx_word' id='word_1_586' title='bbox 1727 4201 2016 4267; x_wconf 87' lang='lat' dir='ltr'><strong>diceretur,</strong></span> <span class='ocrx_word' id='word_1_587' title='bbox 2049 4200 2093 4256; x_wconf 88' lang='lat' dir='ltr'><strong>si</strong></span> <span class='ocrx_word' id='word_1_588' title='bbox 2120 4214 2153 4256; x_wconf 88' lang='lat' dir='ltr'><strong>a</strong></span> 
     </span>
    </p>
   </div>
   <div class='ocr_carea' id='block_1_65' title="bbox 571 4286 2154 4366">
    <p class='ocr_par' dir='ltr' id='par_1_65' title="bbox 571 4286 2154 4366">
     <span class='ocr_line' id='line_1_65' title="bbox 571 4286 2154 4366; baseline -0.001 -19"><span class='ocrx_word' id='word_1_589' title='bbox 571 4288 883 4360; x_wconf 78' lang='lat' dir='ltr'><strong>maledicto,</strong></span> <span class='ocrx_word' id='word_1_590' title='bbox 929 4295 1074 4364; x_wconf 74' lang='lat' dir='ltr'><strong>quod</strong></span> <span class='ocrx_word' id='word_1_591' title='bbox 1115 4295 1274 4349; x_wconf 86' lang='lat' dir='ltr'><strong>morti</strong></span> <span class='ocrx_word' id='word_1_592' title='bbox 1317 4286 1662 4366; x_wconf 65' lang='lat' dir='ltr'><strong>coniunctum</strong></span> <span class='ocrx_word' id='word_1_593' title='bbox 1713 4305 1831 4360; x_wconf 85' lang='lat' dir='ltr'><strong>est,</strong></span> <span class='ocrx_word' id='word_1_594' title='bbox 1882 4293 2154 4364; x_wconf 85' lang='lat' dir='ltr'><strong>insipienti</strong></span> 
     </span>
    </p>
   </div>
   <div class='ocr_carea' id='block_1_66' title="bbox 573 4379 2157 4456">
    <p class='ocr_par' dir='ltr' id='par_1_66' title="bbox 573 4379 2157 4456">
     <span class='ocr_line' id='line_1_66' title="bbox 573 4379 2157 4456; baseline 0.001 -16"><span class='ocrx_word' id='word_1_595' title='bbox 573 4379 986 4443; x_wconf 62' lang='lat' dir='ltr'><strong>honoriﬁcentia</strong></span> <span class='ocrx_word' id='word_1_596' title='bbox 1020 4396 1388 4456; x_wconf 81' lang='lat' dir='ltr'><strong>separaretur.</strong></span> <span class='ocrx_word' id='word_1_597' title='bbox 1424 4388 1559 4454; x_wconf 82' lang='lat' dir='ltr'><strong>Quia</strong></span> <span class='ocrx_word' id='word_1_598' title='bbox 1603 4394 1780 4442; x_wconf 90' lang='lat' dir='ltr'><strong>autem</strong></span> <span class='ocrx_word' id='word_1_599' title='bbox 1825 4402 1893 4443; x_wconf 90' lang='lat' dir='ltr'><strong>ex</strong></span> <span class='ocrx_word' id='word_1_600' title='bbox 1928 4386 2157 4442; x_wconf 88' lang='lat' dir='ltr'><strong>veritate</strong></span> 
     </span>
    </p>
   </div>
   <div class='ocr_carea' id='block_1_67' title="bbox 572 4477 2155 4548">
    <p class='ocr_par' dir='ltr' id='par_1_67' title="bbox 572 4477 2155 4548">
     <span class='ocr_line' id='line_1_67' title="bbox 572 4477 2155 4548; baseline -0.001 -15"><span class='ocrx_word' id='word_1_601' title='bbox 572 4478 883 4547; x_wconf 64' lang='lat' dir='ltr'><strong>euangelica</strong></span> <span class='ocrx_word' id='word_1_602' title='bbox 932 4477 1109 4535; x_wconf 68' lang='lat' dir='ltr'><strong>ﬁdelis</strong></span> <span class='ocrx_word' id='word_1_603' title='bbox 1146 4485 1230 4534; x_wconf 88' lang='lat' dir='ltr'><strong>est</strong></span> <span class='ocrx_word' id='word_1_604' title='bbox 1254 4517 1270 4542; x_wconf 93' lang='lat'><strong>,</strong></span> <span class='ocrx_word' id='word_1_605' title='bbox 1306 4477 1560 4548; x_wconf 67' lang='lat' dir='ltr'><strong>intelligit</strong></span> <span class='ocrx_word' id='word_1_606' title='bbox 1586 4486 1695 4533; x_wconf 75' lang='lat' dir='ltr'><strong>um</strong></span> <span class='ocrx_word' id='word_1_607' title='bbox 1737 4493 1844 4533; x_wconf 91' lang='lat' dir='ltr'><strong>non</strong></span> <span class='ocrx_word' id='word_1_608' title='bbox 1871 4491 1993 4534; x_wconf 88' lang='lat' dir='ltr'><strong>esse</strong></span> <span class='ocrx_word' id='word_1_609' title='bbox 2022 4492 2155 4532; x_wconf 88' lang='lat' dir='ltr'><strong>con-</strong></span> 
     </span>
    </p>
   </div>
   <div class='ocr_carea' id='block_1_68' title="bbox 573 4568 2155 4639">
    <p class='ocr_par' dir='ltr' id='par_1_68' title="bbox 573 4568 2155 4639">
     <span class='ocr_line' id='line_1_68' title="bbox 573 4568 2155 4639; baseline 0 -14"><span class='ocrx_word' id='word_1_610' title='bbox 573 4571 851 4631; x_wconf 75' lang='lat' dir='ltr'><strong>tumeliam</strong></span> <span class='ocrx_word' id='word_1_611' title='bbox 865 4571 1067 4628; x_wconf 80' lang='lat' dir='ltr'><strong>Cltristi</strong></span> <span class='ocrx_word' id='word_1_612' title='bbox 1087 4586 1157 4628; x_wconf 84' lang='lat' dir='ltr'><strong>ex</strong></span> <span class='ocrx_word' id='word_1_613' title='bbox 1177 4584 1272 4627; x_wconf 87' lang='lat' dir='ltr'><strong>ore</strong></span> <span class='ocrx_word' id='word_1_614' title='bbox 1290 4568 1450 4639; x_wconf 60' lang='lat' dir='ltr'><strong>Mosi,</strong></span> <span class='ocrx_word' id='word_1_615' title='bbox 1477 4585 1599 4626; x_wconf 86' lang='lat' dir='ltr'><strong>cum</strong></span> <span class='ocrx_word' id='word_1_616' title='bbox 1625 4586 1748 4626; x_wconf 91' lang='lat' dir='ltr'><strong>eum</strong></span> <span class='ocrx_word' id='word_1_617' title='bbox 1771 4571 1906 4626; x_wconf 80' lang='lat' dir='ltr'><strong>dixit</strong></span> <span class='ocrx_word' id='word_1_618' title='bbox 1927 4569 2155 4626; x_wconf 85' lang='lat' dir='ltr'><strong>maledi-</strong></span> 
     </span>
    </p>
   </div>
   <div class='ocr_carea' id='block_1_69' title="bbox 2249 3364 3800 3443">
    <p class='ocr_par' dir='ltr' id='par_1_69' title="bbox 2249 3364 3800 3443">
     <span class='ocr_line' id='line_1_69' title="bbox 2249 3364 3800 3443; baseline -0.006 -8"><span class='ocrx_word' id='word_1_619' title='bbox 2249 3380 2428 3435; x_wconf 88' lang='lat' dir='ltr'><strong>solent</strong></span> <span class='ocrx_word' id='word_1_620' title='bbox 2447 3379 2719 3443; x_wconf 88' lang='lat' dir='ltr'><strong>insectari,</strong></span> <span class='ocrx_word' id='word_1_621' title='bbox 2749 3378 2885 3433; x_wconf 84' lang='lat' dir='ltr'><strong>tales</strong></span> <span class='ocrx_word' id='word_1_622' title='bbox 2914 3392 3026 3432; x_wconf 78' lang='lat' dir='ltr'><strong>suis</strong></span> <span class='ocrx_word' id='word_1_623' title='bbox 3055 3375 3281 3435; x_wconf 79' lang='lat' dir='ltr'><strong>fallaciis</strong></span> <span class='ocrx_word' id='word_1_624' title='bbox 3316 3376 3559 3443; x_wconf 88' lang='lat' dir='ltr'><strong>irretire,</strong></span> <span class='ocrx_word' id='word_1_625' title='bbox 3602 3374 3716 3429; x_wconf 81' lang='lat' dir='ltr'><strong>tales</strong></span> <span class='ocrx_word' id='word_1_626' title='bbox 3742 3364 3800 3425; x_wconf 86' lang='lat' dir='ltr'><strong>in</strong></span> 
     </span>
    </p>
   </div>
   <div class='ocr_carea' id='block_1_70' title="bbox 2251 3464 3805 3536">
    <p class='ocr_par' dir='ltr' id='par_1_70' title="bbox 2251 3464 3805 3536">
     <span class='ocr_line' id='line_1_70' title="bbox 2251 3464 3805 3536; baseline -0.005 -9"><span class='ocrx_word' id='word_1_627' title='bbox 2251 3485 2345 3527; x_wconf 89' lang='lat' dir='ltr'><strong>eos</strong></span> <span class='ocrx_word' id='word_1_628' title='bbox 2380 3470 2768 3536; x_wconf 89' lang='lat' dir='ltr'><strong>cecideramus,</strong></span> <span class='ocrx_word' id='word_1_629' title='bbox 2804 3468 2935 3523; x_wconf 91' lang='lat' dir='ltr'><strong>tales</strong></span> <span class='ocrx_word' id='word_1_630' title='bbox 2959 3468 3305 3532; x_wconf 60' lang='lat' dir='ltr'><strong>haeseramus,</strong></span> <span class='ocrx_word' id='word_1_631' title='bbox 3336 3466 3471 3521; x_wconf 90' lang='lat' dir='ltr'><strong>tales</strong></span> <span class='ocrx_word' id='word_1_632' title='bbox 3501 3484 3603 3522; x_wconf 92' lang='lat' dir='ltr'><strong>non</strong></span> <span class='ocrx_word' id='word_1_633' title='bbox 3628 3464 3805 3521; x_wconf 82' lang='lat' dir='ltr'><strong>viribus</strong></span> 
     </span>
    </p>
   </div>
   <div class='ocr_carea' id='block_1_71' title="bbox 2251 3557 3517 3631">
    <p class='ocr_par' dir='ltr' id='par_1_71' title="bbox 2251 3557 3517 3631">
     <span class='ocr_line' id='line_1_71' title="bbox 2251 3557 3517 3631; baseline -0.006 -11"><span class='ocrx_word' id='word_1_634' title='bbox 2251 3562 2474 3631; x_wconf 88' lang='lat' dir='ltr'><strong>nostris,</strong></span> <span class='ocrx_word' id='word_1_635' title='bbox 2504 3560 2599 3618; x_wconf 91' lang='lat' dir='ltr'><strong>sed</strong></span> <span class='ocrx_word' id='word_1_636' title='bbox 2630 3559 2725 3616; x_wconf 88' lang='lat' dir='ltr'><strong>Dei</strong></span> <span class='ocrx_word' id='word_1_637' title='bbox 2753 3558 3118 3615; x_wconf 89' lang='lat' dir='ltr'><strong>misericordia</strong></span> <span class='ocrx_word' id='word_1_638' title='bbox 3143 3557 3282 3613; x_wconf 92' lang='lat' dir='ltr'><strong>eruti</strong></span> <span class='ocrx_word' id='word_1_639' title='bbox 3310 3572 3517 3613; x_wconf 87' lang='lat' dir='ltr'><strong>sumus.</strong></span> 
     </span>
    </p>
   </div>
   <div class='ocr_carea' id='block_1_72' title="bbox 2832 3670 3256 3743">
    <p class='ocr_par' dir='ltr' id='par_1_72' title="bbox 2832 3670 3256 3743">
     <span class='ocr_line' id='line_1_72' title="bbox 2832 3670 3256 3743; baseline -0.009 -14"><span class='ocrx_word' id='word_1_640' title='bbox 2832 3671 3055 3729; x_wconf 89' lang='lat' dir='ltr'><strong>CAPUT</strong></span> <span class='ocrx_word' id='word_1_641' title='bbox 3092 3670 3256 3743; x_wconf 75' lang='lat' dir='ltr'><strong>va.</strong></span> 
     </span>
    </p>
   </div>
   <div class='ocr_carea' id='block_1_73' title="bbox 2253 3763 3812 3838">
    <p class='ocr_par' dir='ltr' id='par_1_73' title="bbox 2253 3763 3812 3838">
     <span class='ocr_line' id='line_1_73' title="bbox 2253 3763 3812 3838; baseline -0.005 -17"><span class='ocrx_word' id='word_1_642' title='bbox 2253 3767 2331 3824; x_wconf 86' lang='lat' dir='ltr'><strong>De</strong></span> <span class='ocrx_word' id='word_1_643' title='bbox 2366 3781 2421 3837; x_wconf 84' lang='lat' dir='ltr'><strong>eo</strong></span> <span class='ocrx_word' id='word_1_644' title='bbox 2458 3763 2598 3838; x_wconf 80' lang='lat' dir='ltr'><strong>quod</strong></span> <span class='ocrx_word' id='word_1_645' title='bbox 2636 3766 2710 3820; x_wconf 76' lang='lat' dir='ltr'><strong>ait</strong></span> <span class='ocrx_word' id='word_1_646' title='bbox 2749 3763 2936 3831; x_wconf 81' lang='lat' dir='ltr'><strong>Moses,</strong></span> <span class='ocrx_word' id='word_1_647' title='bbox 2964 3763 3183 3838; x_wconf 81' lang='lat' dir='ltr'><strong>_Videbis</strong></span> <span class='ocrx_word' id='word_1_648' title='bbox 3232 3763 3541 3838; x_wconf 44' lang='lat' dir='ltr'><strong>virentium</strong></span> <span class='ocrx_word' id='word_1_649' title='bbox 3579 3763 3812 3832; x_wconf 69' lang='grc' dir='ltr'><strong>ρεπᾷεπ-</strong></span> 
     </span>
    </p>
   </div>
   <div class='ocr_carea' id='block_1_74' title="bbox 2324 3834 3819 3963">
    <p class='ocr_par' dir='ltr' id='par_1_74' title="bbox 2324 3834 3819 3963">
     <span class='ocr_line' id='line_1_74' title="bbox 2324 3834 3819 3961; baseline -0.001 -72"><span class='ocrx_word' id='word_1_650' title='bbox 2324 3834 2443 3961; x_wconf 47' lang='grc' dir='ltr'><strong>ξω,</strong></span> <span class='ocrx_word' id='word_1_651' title='bbox 2470 3834 2523 3890; x_wconf 57' lang='grc' dir='ltr'><em>α</em></span> <span class='ocrx_word' id='word_1_652' title='bbox 2567 3852 2670 3891; x_wconf 79' lang='lat' dir='ltr'><strong>non</strong></span> <span class='ocrx_word' id='word_1_653' title='bbox 2711 3837 2884 3891; x_wconf 86' lang='lat' dir='ltr'><strong>credes</strong></span> <span class='ocrx_word' id='word_1_654' title='bbox 2926 3835 3040 3889; x_wconf 77' lang='lat' dir='ltr'><strong>vita:</strong></span> <span class='ocrx_word' id='word_1_655' title='bbox 3088 3844 3220 3904; x_wconf 65' lang='lat' dir='ltr'><strong>tum,</strong></span> <span class='ocrx_word' id='word_1_656' title='bbox 3250 3851 3312 3889; x_wconf 77' lang='lat' dir='ltr'><strong>ea:</strong></span> <span class='ocrx_word' id='word_1_657' title='bbox 3348 3834 3461 3887; x_wconf 83' lang='lat' dir='ltr'><strong>libro</strong></span> <span class='ocrx_word' id='word_1_658' title='bbox 3504 3844 3589 3886; x_wconf 81' lang='lat' dir='ltr'><strong>xvt</strong></span> <span class='ocrx_word' id='word_1_659' title='bbox 3630 3844 3819 3904; x_wconf 67' lang='lat' dir='ltr'><strong>contra</strong></span> 
     </span>
     <span class='ocr_line' id='line_1_75' title="bbox 2377 3918 2598 3963; baseline 0.005 -2"><span class='ocrx_word' id='word_1_660' title='bbox 2377 3918 2598 3963; x_wconf 75' lang='lat' dir='ltr'><strong>austum.</strong></span> 
     </span>
    </p>
   </div>
   <div class='ocr_carea' id='block_1_75' title="bbox 2322 3995 3819 4069">
    <p class='ocr_par' dir='ltr' id='par_1_75' title="bbox 2322 3995 3819 4069">
     <span class='ocr_line' id='line_1_76' title="bbox 2322 3995 3819 4069; baseline -0.002 -15"><span class='ocrx_word' id='word_1_661' title='bbox 2322 3998 2487 4067; x_wconf 89' lang='lat' dir='ltr'><strong>Quasi</strong></span> <span class='ocrx_word' id='word_1_662' title='bbox 2512 4013 2643 4055; x_wconf 83' lang='lat' dir='ltr'><strong>vero</strong></span> <span class='ocrx_word' id='word_1_663' title='bbox 2657 3997 2949 4069; x_wconf 86' lang='lat' dir='ltr'><strong>quidquam</strong></span> <span class='ocrx_word' id='word_1_664' title='bbox 2971 3997 3043 4054; x_wconf 88' lang='lat' dir='ltr'><strong>sit</strong></span> <span class='ocrx_word' id='word_1_665' title='bbox 3068 3995 3224 4069; x_wconf 82' lang='lat' dir='ltr'><strong>pejus</strong></span> <span class='ocrx_word' id='word_1_666' title='bbox 3247 3997 3390 4053; x_wconf 86' lang='lat' dir='ltr'><strong>inter</strong></span> <span class='ocrx_word' id='word_1_667' title='bbox 3412 3995 3688 4052; x_wconf 81' lang='lat' dir='ltr'><strong>maledicta</strong></span> <span class='ocrx_word' id='word_1_668' title='bbox 3709 4010 3819 4067; x_wconf 74' lang='lat' dir='ltr'><strong>qua:</strong></span> 
     </span>
    </p>
   </div>
   <div class='ocr_carea' id='block_1_76' title="bbox 2254 4090 3817 4162">
    <p class='ocr_par' dir='ltr' id='par_1_76' title="bbox 2254 4090 3817 4162">
     <span class='ocr_line' id='line_1_77' title="bbox 2254 4090 3817 4162; baseline -0.005 -10"><span class='ocrx_word' id='word_1_669' title='bbox 2254 4093 2455 4153; x_wconf 68' lang='lat' dir='ltr'><strong>Iudaeis</strong></span> <span class='ocrx_word' id='word_1_670' title='bbox 2497 4108 2592 4162; x_wconf 89' lang='lat' dir='ltr'><strong>pro</strong></span> <span class='ocrx_word' id='word_1_671' title='bbox 2632 4094 2826 4148; x_wconf 85' lang='lat' dir='ltr'><strong>merito</strong></span> <span class='ocrx_word' id='word_1_672' title='bbox 2869 4092 3115 4162; x_wconf 69' lang='lat' dir='ltr'><strong>superba</strong></span> <span class='ocrx_word' id='word_1_673' title='bbox 3155 4092 3445 4161; x_wconf 84' lang='lat' dir='ltr'><strong>impietatis</strong></span> <span class='ocrx_word' id='word_1_674' title='bbox 3489 4090 3817 4155; x_wconf 80' lang='lat' dir='ltr'><strong>acciderunt,</strong></span> 
     </span>
    </p>
   </div>
   <div class='ocr_carea' id='block_1_77' title="bbox 2255 4183 3817 4257">
    <p class='ocr_par' dir='ltr' id='par_1_77' title="bbox 2255 4183 3817 4257">
     <span class='ocr_line' id='line_1_78' title="bbox 2255 4183 3817 4257; baseline -0.002 -15"><span class='ocrx_word' id='word_1_675' title='bbox 2255 4202 2418 4257; x_wconf 86' lang='lat' dir='ltr'><strong>quam</strong></span> <span class='ocrx_word' id='word_1_676' title='bbox 2445 4186 2632 4242; x_wconf 86' lang='lat' dir='ltr'><strong>videre</strong></span> <span class='ocrx_word' id='word_1_677' title='bbox 2660 4185 2823 4240; x_wconf 88' lang='lat' dir='ltr'><strong>vitam</strong></span> <span class='ocrx_word' id='word_1_678' title='bbox 2850 4200 3026 4252; x_wconf 89' lang='lat' dir='ltr'><strong>suam,</strong></span> <span class='ocrx_word' id='word_1_679' title='bbox 3058 4185 3113 4241; x_wconf 90' lang='lat' dir='ltr'><strong>id</strong></span> <span class='ocrx_word' id='word_1_680' title='bbox 3135 4195 3218 4241; x_wconf 87' lang='lat' dir='ltr'><strong>est</strong></span> <span class='ocrx_word' id='word_1_681' title='bbox 3239 4185 3437 4240; x_wconf 80' lang='lat' dir='ltr'><strong>Filium</strong></span> <span class='ocrx_word' id='word_1_682' title='bbox 3469 4183 3565 4240; x_wconf 79' lang='lat' dir='ltr'><strong>Dei</strong></span> <span class='ocrx_word' id='word_1_683' title='bbox 3594 4185 3817 4256; x_wconf 80' lang='lat' dir='ltr'><strong>pendeo-</strong></span> 
     </span>
    </p>
   </div>
   <div class='ocr_carea' id='block_1_78' title="bbox 2255 4276 3817 4348">
    <p class='ocr_par' dir='ltr' id='par_1_78' title="bbox 2255 4276 3817 4348">
     <span class='ocr_line' id='line_1_79' title="bbox 2255 4276 3817 4348; baseline -0.001 -13"><span class='ocrx_word' id='word_1_684' title='bbox 2255 4288 2391 4348; x_wconf 88' lang='lat' dir='ltr'><strong>tcm,</strong></span> <span class='ocrx_word' id='word_1_685' title='bbox 2421 4288 2477 4335; x_wconf 85' lang='lat' dir='ltr'><strong>et</strong></span> <span class='ocrx_word' id='word_1_686' title='bbox 2504 4293 2613 4333; x_wconf 87' lang='lat' dir='ltr'><strong>non</strong></span> <span class='ocrx_word' id='word_1_687' title='bbox 2639 4277 2862 4334; x_wconf 82' lang='lat' dir='ltr'><strong>credere</strong></span> <span class='ocrx_word' id='word_1_688' title='bbox 2888 4279 3013 4334; x_wconf 85' lang='lat' dir='ltr'><strong>vitae</strong></span> <span class='ocrx_word' id='word_1_689' title='bbox 3038 4292 3168 4333; x_wconf 58' lang='lat' dir='ltr'><strong>suae.</strong></span> <span class='ocrx_word' id='word_1_690' title='bbox 3210 4276 3497 4333; x_wconf 71' lang='lat' dir='ltr'><strong>Ialedicta</strong></span> <span class='ocrx_word' id='word_1_691' title='bbox 3537 4279 3678 4334; x_wconf 82' lang='lat' dir='ltr'><strong>enim</strong></span> <span class='ocrx_word' id='word_1_692' title='bbox 3715 4289 3817 4333; x_wconf 67' lang='lat' dir='ltr'><strong>su</strong></span> 
     </span>
    </p>
   </div>
   <div class='ocr_carea' id='block_1_79' title="bbox 2258 4368 3817 4440">
    <p class='ocr_par' dir='ltr' id='par_1_79' title="bbox 2258 4368 3817 4440">
     <span class='ocr_line' id='line_1_80' title="bbox 2258 4368 3817 4440; baseline -0.002 -14"><span class='ocrx_word' id='word_1_693' title='bbox 2258 4385 2324 4426; x_wconf 87' lang='lat' dir='ltr'><strong>ex</strong></span> <span class='ocrx_word' id='word_1_694' title='bbox 2352 4369 2630 4440; x_wconf 87' lang='lat' dir='ltr'><strong>prophetia</strong></span> <span class='ocrx_word' id='word_1_695' title='bbox 2657 4368 2927 4437; x_wconf 89' lang='lat' dir='ltr'><strong>dicuntur,</strong></span> <span class='ocrx_word' id='word_1_696' title='bbox 2960 4383 3069 4424; x_wconf 86' lang='lat' dir='ltr'><strong>non</strong></span> <span class='ocrx_word' id='word_1_697' title='bbox 3105 4378 3233 4423; x_wconf 85' lang='lat' dir='ltr'><strong>sunt</strong></span> <span class='ocrx_word' id='word_1_698' title='bbox 3274 4369 3343 4423; x_wconf 86' lang='lat' dir='ltr'><strong>de</strong></span> <span class='ocrx_word' id='word_1_699' title='bbox 3383 4369 3533 4425; x_wconf 85' lang='lat' dir='ltr'><strong>malo</strong></span> <span class='ocrx_word' id='word_1_700' title='bbox 3572 4378 3701 4424; x_wconf 80' lang='lat' dir='ltr'><strong>voto</strong></span> <span class='ocrx_word' id='word_1_701' title='bbox 3734 4370 3817 4423; x_wconf 80' lang='lat' dir='ltr'><strong>im-</strong></span> 
     </span>
    </p>
   </div>
   <div class='ocr_carea' id='block_1_80' title="bbox 2258 4459 3819 4532">
    <p class='ocr_par' dir='ltr' id='par_1_80' title="bbox 2258 4459 3819 4532">
     <span class='ocr_line' id='line_1_81' title="bbox 2258 4459 3819 4532; baseline -0.003 -15"><span class='ocrx_word' id='word_1_702' title='bbox 2258 4462 2551 4532; x_wconf 86' lang='lat' dir='ltr'><strong>precantis,</strong></span> <span class='ocrx_word' id='word_1_703' title='bbox 2578 4461 2679 4521; x_wconf 83' lang='lat' dir='ltr'><strong>sed</strong></span> <span class='ocrx_word' id='word_1_704' title='bbox 2703 4462 2930 4532; x_wconf 63' lang='lat' dir='ltr'><strong>praescia</strong></span> <span class='ocrx_word' id='word_1_705' title='bbox 2958 4462 3151 4531; x_wconf 88' lang='lat' dir='ltr'><strong>spiritu</strong></span> <span class='ocrx_word' id='word_1_706' title='bbox 3171 4461 3565 4517; x_wconf 82' lang='lat' dir='ltr'><strong>denuntiantis.</strong></span> <span class='ocrx_word' id='word_1_707' title='bbox 3594 4460 3721 4515; x_wconf 74' lang='lat' dir='ltr'><strong>Nam</strong></span> <span class='ocrx_word' id='word_1_708' title='bbox 3744 4459 3819 4512; x_wconf 90' lang='lat' dir='ltr'><strong>illa</strong></span> 
     </span>
    </p>
   </div>
   <div class='ocr_carea' id='block_1_81' title="bbox 2257 4552 3817 4624">
    <p class='ocr_par' dir='ltr' id='par_1_81' title="bbox 2257 4552 3817 4624">
     <span class='ocr_line' id='line_1_82' title="bbox 2257 4552 3817 4624; baseline -0.005 -14"><span class='ocrx_word' id='word_1_709' title='bbox 2257 4568 2378 4624; x_wconf 67' lang='lat' dir='ltr'><strong>qua</strong></span> <span class='ocrx_word' id='word_1_710' title='bbox 2424 4554 2491 4609; x_wconf 92' lang='lat' dir='ltr'><strong>de</strong></span> <span class='ocrx_word' id='word_1_711' title='bbox 2534 4553 2679 4608; x_wconf 89' lang='lat' dir='ltr'><strong>malo</strong></span> <span class='ocrx_word' id='word_1_712' title='bbox 2718 4562 2845 4609; x_wconf 80' lang='lat' dir='ltr'><strong>voto</strong></span> <span class='ocrx_word' id='word_1_713' title='bbox 2884 4561 3012 4609; x_wconf 83' lang='lat' dir='ltr'><strong>sunt</strong></span> <span class='ocrx_word' id='word_1_714' title='bbox 3052 4552 3407 4623; x_wconf 85' lang='lat' dir='ltr'><strong>prohibentur</strong></span> <span class='ocrx_word' id='word_1_715' title='bbox 3435 4568 3564 4611; x_wconf 80' lang='lat' dir='ltr'><strong>cum</strong></span> <span class='ocrx_word' id='word_1_716' title='bbox 3610 4553 3817 4607; x_wconf 80' lang='lat' dir='ltr'><strong>dicitur:</strong></span> 
     </span>
    </p>
   </div>
   <div class='ocr_carea' id='block_1_82' title="bbox 574 4646 2149 4733">
    <p class='ocr_par' dir='ltr' id='par_1_82' title="bbox 574 4662 2149 4733">
     <span class='ocr_line' id='line_1_83' title="bbox 574 4662 2149 4733; baseline -0.001 -14"><span class='ocrx_word' id='word_1_717' title='bbox 574 4672 718 4719; x_wconf 77' lang='lat' dir='ltr'><strong>stum</strong></span> <span class='ocrx_word' id='word_1_718' title='bbox 745 4679 855 4725; x_wconf 77' lang='lat' dir='ltr'><strong>non</strong></span> <span class='ocrx_word' id='word_1_719' title='bbox 880 4678 947 4721; x_wconf 79' lang='lat' dir='ltr'><strong>ex</strong></span> <span class='ocrx_word' id='word_1_720' title='bbox 979 4665 1263 4720; x_wconf 81' lang='lat' dir='ltr'><strong>divinitate</strong></span> <span class='ocrx_word' id='word_1_721' title='bbox 1305 4662 1602 4733; x_wconf 74' lang='lat' dir='ltr'><strong>maiestatis</strong></span> <span class='ocrx_word' id='word_1_722' title='bbox 1645 4676 1778 4732; x_wconf 65' lang='lat' dir='ltr'><strong>sua,</strong></span> <span class='ocrx_word' id='word_1_723' title='bbox 1817 4664 1912 4719; x_wconf 89' lang='lat' dir='ltr'><strong>sed</strong></span> <span class='ocrx_word' id='word_1_724' title='bbox 1942 4678 2007 4718; x_wconf 87' lang='lat' dir='ltr'><strong>ex</strong></span> <span class='ocrx_word' id='word_1_725' title='bbox 2035 4678 2149 4718; x_wconf 83' lang='lat' dir='ltr'><strong>eon-</strong></span> 
     </span>
    </p>
   </div>
   <div class='ocr_carea' id='block_1_83' title="bbox 2254 4646 3823 4733">
    <p class='ocr_par' dir='ltr' id='par_1_83' title="bbox 2262 4646 3823 4713">
     <span class='ocr_line' id='line_1_84' title="bbox 2262 4646 3823 4713; baseline 0 -10"><span class='ocrx_word' id='word_1_726' title='bbox 2262 4646 2569 4703; x_wconf 75' lang='lat' dir='ltr'><strong>Benedicito</strong></span> <span class='ocrx_word' id='word_1_727' title='bbox 2612 4657 2667 4702; x_wconf 86' lang='lat' dir='ltr'><strong>et</strong></span> <span class='ocrx_word' id='word_1_728' title='bbox 2709 4647 2878 4703; x_wconf 87' lang='lat' dir='ltr'><strong>nolite</strong></span> <span class='ocrx_word' id='word_1_729' title='bbox 2914 4646 3260 4703; x_wconf 80' lang='lat' dir='ltr'><strong>maledicere.</strong></span> <span class='ocrx_word' id='word_1_730' title='bbox 3301 4646 3426 4702; x_wconf 65' lang='lat' dir='ltr'><strong>Haec</strong></span> <span class='ocrx_word' id='word_1_731' title='bbox 3473 4656 3661 4703; x_wconf 88' lang='lat' dir='ltr'><strong>autem</strong></span> <span class='ocrx_word' id='word_1_732' title='bbox 3699 4656 3823 4713; x_wconf 65' lang='lat'><strong>8390</strong></span> 
     </span>
    </p>
   </div>
   <div class='ocr_carea' id='block_1_84' title="bbox 573 4754 2151 4826">
    <p class='ocr_par' dir='ltr' id='par_1_84' title="bbox 573 4754 2151 4826">
     <span class='ocr_line' id='line_1_85' title="bbox 573 4754 2151 4826; baseline 0 -16"><span class='ocrx_word' id='word_1_733' title='bbox 573 4754 781 4811; x_wconf 63' lang='lat' dir='ltr'><strong>titione</strong></span> <span class='ocrx_word' id='word_1_734' title='bbox 802 4770 973 4824; x_wconf 68' lang='lat' dir='ltr'><strong>panic</strong></span> <span class='ocrx_word' id='word_1_735' title='bbox 999 4765 1219 4823; x_wconf 79' lang='lat' dir='ltr'><strong>nostrae,</strong></span> <span class='ocrx_word' id='word_1_736' title='bbox 1244 4770 1313 4812; x_wconf 87' lang='lat' dir='ltr'><strong>ex</strong></span> <span class='ocrx_word' id='word_1_737' title='bbox 1339 4770 1445 4826; x_wconf 88' lang='lat' dir='ltr'><strong>qua</strong></span> <span class='ocrx_word' id='word_1_738' title='bbox 1470 4756 1527 4809; x_wconf 90' lang='lat' dir='ltr'><strong>in</strong></span> <span class='ocrx_word' id='word_1_739' title='bbox 1556 4754 1700 4825; x_wconf 86' lang='lat' dir='ltr'><strong>ligno</strong></span> <span class='ocrx_word' id='word_1_740' title='bbox 1730 4768 2021 4825; x_wconf 85' lang='lat' dir='ltr'><strong>suspensus</strong></span> <span class='ocrx_word' id='word_1_741' title='bbox 2035 4764 2151 4823; x_wconf 86' lang='lat' dir='ltr'><strong>est;</strong></span> 
     </span>
    </p>
   </div>
   <div class='ocr_carea' id='block_1_85' title="bbox 574 4846 2155 4918">
    <p class='ocr_par' dir='ltr' id='par_1_85' title="bbox 574 4846 2155 4918">
     <span class='ocr_line' id='line_1_86' title="bbox 574 4846 2155 4918; baseline 0.001 -17"><span class='ocrx_word' id='word_1_742' title='bbox 574 4861 739 4918; x_wconf 78' lang='lat' dir='ltr'><strong>quam</strong></span> <span class='ocrx_word' id='word_1_743' title='bbox 770 4861 879 4902; x_wconf 81' lang='lat' dir='ltr'><strong>non</strong></span> <span class='ocrx_word' id='word_1_744' title='bbox 908 4855 993 4903; x_wconf 86' lang='lat' dir='ltr'><strong>est</strong></span> <span class='ocrx_word' id='word_1_745' title='bbox 1013 4849 1130 4902; x_wconf 89' lang='lat' dir='ltr'><strong>laus</strong></span> <span class='ocrx_word' id='word_1_746' title='bbox 1148 4846 1348 4904; x_wconf 71' lang='lat' dir='ltr'><strong>Christi</strong></span> <span class='ocrx_word' id='word_1_747' title='bbox 1370 4862 1436 4902; x_wconf 85' lang='lat' dir='ltr'><strong>ex</strong></span> <span class='ocrx_word' id='word_1_748' title='bbox 1460 4861 1557 4903; x_wconf 86' lang='lat' dir='ltr'><strong>ore</strong></span> <span class='ocrx_word' id='word_1_749' title='bbox 1574 4846 2009 4917; x_wconf 70' lang='lat' dir='ltr'><strong>Manichaeorum,</strong></span> <span class='ocrx_word' id='word_1_750' title='bbox 2033 4860 2155 4903; x_wconf 86' lang='lat' dir='ltr'><strong>cum</strong></span> 
     </span>
    </p>
   </div>
   <div class='ocr_carea' id='block_1_86' title="bbox 573 4937 2152 5012">
    <p class='ocr_par' dir='ltr' id='par_1_86' title="bbox 573 4937 2152 5012">
     <span class='ocr_line' id='line_1_87' title="bbox 573 4937 2152 5012; baseline -0.001 -17"><span class='ocrx_word' id='word_1_751' title='bbox 573 4955 698 4995; x_wconf 83' lang='lat' dir='ltr'><strong>eum</strong></span> <span class='ocrx_word' id='word_1_752' title='bbox 739 4948 999 5010; x_wconf 74' lang='lat' dir='ltr'><strong>negarent</strong></span> <span class='ocrx_word' id='word_1_753' title='bbox 1026 4937 1269 5012; x_wconf 79' lang='lat' dir='ltr'><strong>[negant]</strong></span> <span class='ocrx_word' id='word_1_754' title='bbox 1301 4953 1519 4995; x_wconf 84' lang='lat' dir='ltr'><strong>carnem</strong></span> <span class='ocrx_word' id='word_1_755' title='bbox 1561 4937 1819 4995; x_wconf 78' lang='lat' dir='ltr'><strong>habuisse</strong></span> <span class='ocrx_word' id='word_1_756' title='bbox 1853 4939 2152 5006; x_wconf 83' lang='lat' dir='ltr'><strong>mortalem,</strong></span> 
     </span>
    </p>
   </div>
   <div class='ocr_carea' id='block_1_87' title="bbox 573 5029 2158 5102">
    <p class='ocr_par' dir='ltr' id='par_1_87' title="bbox 573 5029 2158 5102">
     <span class='ocr_line' id='line_1_88' title="bbox 573 5029 2158 5102; baseline -0.004 -13"><span class='ocrx_word' id='word_1_757' title='bbox 573 5031 632 5089; x_wconf 80' lang='lat' dir='ltr'><strong>in</strong></span> <span class='ocrx_word' id='word_1_758' title='bbox 672 5045 776 5102; x_wconf 71' lang='lat' dir='ltr'><strong>qua</strong></span> <span class='ocrx_word' id='word_1_759' title='bbox 804 5042 996 5086; x_wconf 67' lang='lat' dir='ltr'><strong>uram</strong></span> <span class='ocrx_word' id='word_1_760' title='bbox 1043 5039 1269 5086; x_wconf 82' lang='lat' dir='ltr'><strong>mortem</strong></span> <span class='ocrx_word' id='word_1_761' title='bbox 1310 5029 1621 5100; x_wconf 68' lang='lat' dir='ltr'><strong>pateretur?</strong></span> <span class='ocrx_word' id='word_1_762' title='bbox 1649 5031 1771 5099; x_wconf 87' lang='lat' dir='ltr'><strong>quia</strong></span> <span class='ocrx_word' id='word_1_763' title='bbox 1800 5044 1867 5086; x_wconf 80' lang='lat' dir='ltr'><strong>ex</strong></span> <span class='ocrx_word' id='word_1_764' title='bbox 1910 5030 2003 5084; x_wconf 92' lang='lat' dir='ltr'><strong>illo</strong></span> <span class='ocrx_word' id='word_1_765' title='bbox 2032 5045 2158 5100; x_wconf 89' lang='lat' dir='ltr'><strong>pro-</strong></span> 
     </span>
    </p>
   </div>
   <div class='ocr_carea' id='block_1_88' title="bbox 574 5122 2155 5194">
    <p class='ocr_par' dir='ltr' id='par_1_88' title="bbox 574 5122 2155 5194">
     <span class='ocr_line' id='line_1_89' title="bbox 574 5122 2155 5194; baseline -0.001 -16"><span class='ocrx_word' id='word_1_766' title='bbox 574 5124 794 5194; x_wconf 76' lang='lat' dir='ltr'><strong>phetico</strong></span> <span class='ocrx_word' id='word_1_767' title='bbox 830 5122 1124 5179; x_wconf 70' lang='lat' dir='ltr'><strong>maledicto</strong></span> <span class='ocrx_word' id='word_1_768' title='bbox 1155 5123 1278 5178; x_wconf 79' lang='lat' dir='ltr'><strong>laus</strong></span> <span class='ocrx_word' id='word_1_769' title='bbox 1316 5122 1638 5194; x_wconf 76' lang='lat' dir='ltr'><strong>intelligitur</strong></span> <span class='ocrx_word' id='word_1_770' title='bbox 1684 5123 2037 5193; x_wconf 77' lang='lat' dir='ltr'><strong>humilitatis,</strong></span> <span class='ocrx_word' id='word_1_771' title='bbox 2088 5137 2155 5177; x_wconf 89' lang='lat' dir='ltr'><strong>ex</strong></span> 
     </span>
    </p>
   </div>
   <div class='ocr_carea' id='block_1_89' title="bbox 573 5211 2151 5285">
    <p class='ocr_par' dir='ltr' id='par_1_89' title="bbox 573 5211 2151 5285">
     <span class='ocr_line' id='line_1_90' title="bbox 573 5211 2151 5285; baseline -0.004 -11"><span class='ocrx_word' id='word_1_772' title='bbox 573 5214 681 5279; x_wconf 80' lang='lat' dir='ltr'><strong>isto</strong></span> <span class='ocrx_word' id='word_1_773' title='bbox 702 5216 959 5272; x_wconf 60' lang='lat' dir='ltr'><strong>heretico</strong></span> <span class='ocrx_word' id='word_1_774' title='bbox 978 5213 1131 5285; x_wconf 88' lang='lat' dir='ltr'><strong>quasi</strong></span> <span class='ocrx_word' id='word_1_775' title='bbox 1158 5212 1365 5269; x_wconf 78' lang='lat' dir='ltr'><strong>honore</strong></span> <span class='ocrx_word' id='word_1_776' title='bbox 1388 5214 1596 5269; x_wconf 84' lang='lat' dir='ltr'><strong>crimen</strong></span> <span class='ocrx_word' id='word_1_777' title='bbox 1614 5213 1860 5281; x_wconf 69' lang='lat' dir='ltr'><strong>obiicitur</strong></span> <span class='ocrx_word' id='word_1_778' title='bbox 1882 5211 2151 5268; x_wconf 75' lang='lat' dir='ltr'><strong>falsitatis.</strong></span> 
     </span>
    </p>
   </div>
   <div class='ocr_carea' id='block_1_90' title="bbox 490 5288 2159 5381">
    <p class='ocr_par' dir='ltr' id='par_1_90' title="bbox 490 5288 2159 5381">
     <span class='ocr_line' id='line_1_91' title="bbox 490 5288 2159 5381; baseline -0.003 -18"><span class='ocrx_word' id='word_1_779' title='bbox 490 5288 513 5381; x_wconf 48' lang='grc' dir='ltr'><strong>ᾧ</strong></span> <span class='ocrx_word' id='word_1_780' title='bbox 572 5307 634 5363; x_wconf 74' lang='lat' dir='ltr'><strong>Si</strong></span> <span class='ocrx_word' id='word_1_781' title='bbox 664 5320 794 5376; x_wconf 80' lang='lat' dir='ltr'><strong>ergo</strong></span> <span class='ocrx_word' id='word_1_782' title='bbox 823 5320 986 5377; x_wconf 84' lang='lat' dir='ltr'><strong>negas</strong></span> <span class='ocrx_word' id='word_1_783' title='bbox 1014 5304 1381 5371; x_wconf 84' lang='lat' dir='ltr'><strong>maledictum,</strong></span> <span class='ocrx_word' id='word_1_784' title='bbox 1412 5320 1543 5374; x_wconf 82' lang='lat' dir='ltr'><strong>nega</strong></span> <span class='ocrx_word' id='word_1_785' title='bbox 1582 5314 1886 5369; x_wconf 81' lang='lat' dir='ltr'><strong>mortuum;</strong></span> <span class='ocrx_word' id='word_1_786' title='bbox 1918 5304 1962 5356; x_wconf 86' lang='lat' dir='ltr'><strong>si</strong></span> <span class='ocrx_word' id='word_1_787' title='bbox 1994 5316 2159 5372; x_wconf 78' lang='lat' dir='ltr'><strong>negas</strong></span> 
     </span>
    </p>
   </div>
   <div class='ocr_carea' id='block_1_91' title="bbox 498 5396 2160 5469">
    <p class='ocr_par' dir='ltr' id='par_1_91' title="bbox 498 5396 2160 5469">
     <span class='ocr_line' id='line_1_92' title="bbox 498 5396 2160 5469; baseline -0.004 -12"><span class='ocrx_word' id='word_1_788' title='bbox 498 5412 503 5419; x_wconf 83' lang='lat'><strong>‘</strong></span> <span class='ocrx_word' id='word_1_789' title='bbox 577 5408 867 5466; x_wconf 77' lang='lat' dir='ltr'><strong>mortuum,</strong></span> <span class='ocrx_word' id='word_1_790' title='bbox 892 5414 1003 5454; x_wconf 87' lang='lat' dir='ltr'><strong>non</strong></span> <span class='ocrx_word' id='word_1_791' title='bbox 1020 5400 1128 5469; x_wconf 84' lang='lat' dir='ltr'><strong>jam</strong></span> <span class='ocrx_word' id='word_1_792' title='bbox 1154 5407 1348 5455; x_wconf 86' lang='lat' dir='ltr'><strong>contra</strong></span> <span class='ocrx_word' id='word_1_793' title='bbox 1368 5398 1574 5463; x_wconf 66' lang='lat' dir='ltr'><strong>ﬂosen,</strong></span> <span class='ocrx_word' id='word_1_794' title='bbox 1597 5397 1692 5451; x_wconf 85' lang='lat' dir='ltr'><strong>sed</strong></span> <span class='ocrx_word' id='word_1_795' title='bbox 1722 5406 1903 5451; x_wconf 85' lang='lat' dir='ltr'><strong>contra</strong></span> <span class='ocrx_word' id='word_1_796' title='bbox 1929 5396 2160 5466; x_wconf 64' lang='lat' dir='ltr'><strong>Apostoo</strong></span> 
     </span>
    </p>
   </div>
   <div class='ocr_carea' id='block_1_92' title="bbox 577 5487 2161 5552">
    <p class='ocr_par' dir='ltr' id='par_1_92' title="bbox 577 5487 2161 5552">
     <span class='ocr_line' id='line_1_93' title="bbox 577 5487 2161 5552; baseline -0.002 -6"><span class='ocrx_word' id='word_1_797' title='bbox 577 5502 659 5546; x_wconf 79' lang='lat' dir='ltr'><strong>los</strong></span> <span class='ocrx_word' id='word_1_798' title='bbox 686 5488 930 5545; x_wconf 80' lang='lat' dir='ltr'><strong>dimicas.</strong></span> <span class='ocrx_word' id='word_1_799' title='bbox 958 5488 1021 5545; x_wconf 81' lang='lat' dir='ltr'><strong>Si</strong></span> <span class='ocrx_word' id='word_1_800' title='bbox 1050 5498 1231 5544; x_wconf 81' lang='lat' dir='ltr'><strong>autem</strong></span> <span class='ocrx_word' id='word_1_801' title='bbox 1258 5487 1535 5544; x_wconf 78' lang='lat' dir='ltr'><strong>conﬁteris</strong></span> <span class='ocrx_word' id='word_1_802' title='bbox 1564 5494 1832 5541; x_wconf 84' lang='lat' dir='ltr'><strong>mortuum</strong></span> <span class='ocrx_word' id='word_1_803' title='bbox 1851 5526 1867 5552; x_wconf 92' lang='lat'><strong>,</strong></span> <span class='ocrx_word' id='word_1_804' title='bbox 1899 5487 2161 5543; x_wconf 80' lang='lat' dir='ltr'><strong>conﬁtere</strong></span> 
     </span>
    </p>
   </div>
   <div class='ocr_carea' id='block_1_93' title="bbox 580 5576 2157 5649">
    <p class='ocr_par' dir='ltr' id='par_1_93' title="bbox 580 5576 2157 5649">
     <span class='ocr_line' id='line_1_94' title="bbox 580 5576 2157 5649; baseline -0.002 -13"><span class='ocrx_word' id='word_1_805' title='bbox 580 5581 885 5649; x_wconf 79' lang='lat' dir='ltr'><strong>suscepisse</strong></span> <span class='ocrx_word' id='word_1_806' title='bbox 908 5593 1123 5649; x_wconf 65' lang='lat' dir='ltr'><strong>paean:</strong></span> <span class='ocrx_word' id='word_1_807' title='bbox 1151 5577 1358 5649; x_wconf 80' lang='lat' dir='ltr'><strong>peccati</strong></span> <span class='ocrx_word' id='word_1_808' title='bbox 1377 5576 1551 5634; x_wconf 79' lang='lat' dir='ltr'><strong>nostri</strong></span> <span class='ocrx_word' id='word_1_809' title='bbox 1574 5578 1688 5635; x_wconf 75' lang='lat' dir='ltr'><strong>sine</strong></span> <span class='ocrx_word' id='word_1_810' title='bbox 1703 5587 1923 5648; x_wconf 83' lang='lat' dir='ltr'><strong>peccato</strong></span> <span class='ocrx_word' id='word_1_811' title='bbox 1950 5586 2157 5633; x_wconf 90' lang='lat' dir='ltr'><strong>nostro.</strong></span> 
     </span>
    </p>
   </div>
   <div class='ocr_carea' id='block_1_94' title="bbox 580 5661 2167 5740">
    <p class='ocr_par' dir='ltr' id='par_1_94' title="bbox 580 5661 2167 5740">
     <span class='ocr_line' id='line_1_95' title="bbox 580 5661 2167 5740; baseline -0.001 -13"><span class='ocrx_word' id='word_1_812' title='bbox 580 5670 701 5727; x_wconf 69' lang='lat' dir='ltr'><strong>iam</strong></span> <span class='ocrx_word' id='word_1_813' title='bbox 723 5685 856 5727; x_wconf 73' lang='lat' dir='ltr'><strong>sese</strong></span> <span class='ocrx_word' id='word_1_814' title='bbox 888 5671 983 5726; x_wconf 67' lang='lat' dir='ltr'><strong>ubi</strong></span> <span class='ocrx_word' id='word_1_815' title='bbox 1021 5668 1177 5726; x_wconf 83' lang='lat' dir='ltr'><strong>audis</strong></span> <span class='ocrx_word' id='word_1_816' title='bbox 1203 5668 1675 5740; x_wconf 63' lang='lat' dir='ltr'><strong>ponampeeeati,</strong></span> <span class='ocrx_word' id='word_1_817' title='bbox 1720 5677 1810 5724; x_wconf 86' lang='lat' dir='ltr'><strong>aut</strong></span> <span class='ocrx_word' id='word_1_818' title='bbox 1836 5661 2167 5731; x_wconf 65' lang='lat' dir='ltr'><strong>ex,th</strong></span> 
     </span>
    </p>
   </div>
   <div class='ocr_carea' id='block_1_95' title="bbox 574 5759 2164 5831">
    <p class='ocr_par' dir='ltr' id='par_1_95' title="bbox 574 5759 2164 5831">
     <span class='ocr_line' id='line_1_96' title="bbox 574 5759 2164 5831; baseline -0.001 -12"><span class='ocrx_word' id='word_1_819' title='bbox 574 5763 759 5819; x_wconf 53' lang='lat' dir='ltr'><strong>ctione</strong></span> <span class='ocrx_word' id='word_1_820' title='bbox 781 5763 947 5823; x_wconf 77' lang='lat' dir='ltr'><strong>crede</strong></span> <span class='ocrx_word' id='word_1_821' title='bbox 972 5763 1305 5831; x_wconf 77' lang='lat' dir='ltr'><strong>venientem,</strong></span> <span class='ocrx_word' id='word_1_822' title='bbox 1331 5772 1425 5820; x_wconf 91' lang='lat' dir='ltr'><strong>aut</strong></span> <span class='ocrx_word' id='word_1_823' title='bbox 1454 5777 1522 5817; x_wconf 79' lang='lat' dir='ltr'><strong>ea</strong></span> <span class='ocrx_word' id='word_1_824' title='bbox 1565 5759 1962 5819; x_wconf 60' lang='lat' dir='ltr'><strong>maledictio“.</strong></span> <span class='ocrx_word' id='word_1_825' title='bbox 2000 5760 2062 5816; x_wconf 83' lang='lat' dir='ltr'><strong>Si</strong></span> <span class='ocrx_word' id='word_1_826' title='bbox 2093 5775 2164 5817; x_wconf 74' lang='lat' dir='ltr'><strong>ex</strong></span> 
     </span>
    </p>
   </div>
   <div class='ocr_carea' id='block_1_96' title="bbox 584 5851 2167 5925">
    <p class='ocr_par' dir='ltr' id='par_1_96' title="bbox 584 5851 2167 5925">
     <span class='ocr_line' id='line_1_97' title="bbox 584 5851 2167 5925; baseline -0.001 -15"><span class='ocrx_word' id='word_1_827' title='bbox 584 5851 953 5911; x_wconf 75' lang='lat' dir='ltr'><strong>benedictione</strong></span> <span class='ocrx_word' id='word_1_828' title='bbox 981 5855 1128 5919; x_wconf 78' lang='lat' dir='ltr'><strong>venit</strong></span> <span class='ocrx_word' id='word_1_829' title='bbox 1170 5870 1330 5925; x_wconf 66' lang='lat' dir='ltr'><strong>pana</strong></span> <span class='ocrx_word' id='word_1_830' title='bbox 1360 5855 1588 5925; x_wconf 79' lang='lat' dir='ltr'><strong>peccati,</strong></span> <span class='ocrx_word' id='word_1_831' title='bbox 1611 5864 1735 5924; x_wconf 87' lang='lat' dir='ltr'><strong>opta</strong></span> <span class='ocrx_word' id='word_1_832' title='bbox 1779 5868 1905 5911; x_wconf 85' lang='lat' dir='ltr'><strong>esse</strong></span> <span class='ocrx_word' id='word_1_833' title='bbox 1946 5868 2167 5923; x_wconf 73' lang='lat' dir='ltr'><strong>semper</strong></span> 
     </span>
    </p>
   </div>
   <div class='ocr_carea' id='block_1_97' title="bbox 2260 4737 3822 4809">
    <p class='ocr_par' dir='ltr' id='par_1_97' title="bbox 2260 4737 3822 4809">
     <span class='ocr_line' id='line_1_98' title="bbox 2260 4737 3822 4809; baseline -0.003 -13"><span class='ocrx_word' id='word_1_834' title='bbox 2260 4739 2605 4796; x_wconf 82' lang='lat' dir='ltr'><strong>inveniuntur</strong></span> <span class='ocrx_word' id='word_1_835' title='bbox 2635 4740 2691 4796; x_wconf 88' lang='lat' dir='ltr'><strong>in</strong></span> <span class='ocrx_word' id='word_1_836' title='bbox 2714 4753 2967 4795; x_wconf 79' lang='lat' dir='ltr'><strong>sermone</strong></span> <span class='ocrx_word' id='word_1_837' title='bbox 3008 4747 3347 4804; x_wconf 63' lang='lat' dir='ltr'><strong>nouorum,</strong></span> <span class='ocrx_word' id='word_1_838' title='bbox 3387 4739 3533 4794; x_wconf 76' lang='lat' dir='ltr'><strong>sicut</strong></span> <span class='ocrx_word' id='word_1_839' title='bbox 3575 4737 3822 4809; x_wconf 75' lang='lat' dir='ltr'><strong>apostolus</strong></span> 
     </span>
    </p>
   </div>
   <div class='ocr_carea' id='block_1_98' title="bbox 2262 4827 3828 4900">
    <p class='ocr_par' dir='ltr' id='par_1_98' title="bbox 2262 4827 3828 4900">
     <span class='ocr_line' id='line_1_99' title="bbox 2262 4827 3828 4900; baseline -0.005 -12"><span class='ocrx_word' id='word_1_840' title='bbox 2262 4832 2457 4891; x_wconf 80' lang='lat' dir='ltr'><strong>Paulus</strong></span> <span class='ocrx_word' id='word_1_841' title='bbox 2486 4849 2500 4885; x_wconf 88' lang='lat'><strong>:</strong></span> <span class='ocrx_word' id='word_1_842' title='bbox 2525 4830 2850 4898; x_wconf 80' lang='lat' dir='ltr'><strong>Alexander,</strong></span> <span class='ocrx_word' id='word_1_843' title='bbox 2874 4831 3068 4900; x_wconf 83' lang='lat' dir='ltr'><strong>inquit,</strong></span> <span class='ocrx_word' id='word_1_844' title='bbox 3097 4830 3319 4886; x_wconf 63' lang='lat' dir='ltr'><strong>ararius</strong></span> <span class='ocrx_word' id='word_1_845' title='bbox 3348 4831 3521 4885; x_wconf 73' lang='lat' dir='ltr'><strong>multa</strong></span> <span class='ocrx_word' id='word_1_846' title='bbox 3547 4831 3692 4886; x_wconf 77' lang='lat' dir='ltr'><strong>mala</strong></span> <span class='ocrx_word' id='word_1_847' title='bbox 3719 4827 3828 4883; x_wconf 72' lang='lat' dir='ltr'><strong>mihi</strong></span> 
     </span>
    </p>
   </div>
   <div class='ocr_carea' id='block_1_99' title="bbox 2262 4923 3827 5004">
    <p class='ocr_par' dir='ltr' id='par_1_99' title="bbox 2262 4923 3827 5004">
     <span class='ocr_line' id='line_1_100' title="bbox 2262 4923 3827 5004; baseline -0.004 -25"><span class='ocrx_word' id='word_1_848' title='bbox 2262 4924 2517 4993; x_wconf 87' lang='lat' dir='ltr'><strong>ostendit,</strong></span> <span class='ocrx_word' id='word_1_849' title='bbox 2546 4924 2733 5004; x_wconf 79' lang='lat' dir='ltr'><strong>reddet</strong></span> <span class='ocrx_word' id='word_1_850' title='bbox 2774 4923 2847 4979; x_wconf 76' lang='lat' dir='ltr'><strong>illi</strong></span> <span class='ocrx_word' id='word_1_851' title='bbox 2894 4923 3152 4979; x_wconf 87' lang='lat' dir='ltr'><strong>Dominus</strong></span> <span class='ocrx_word' id='word_1_852' title='bbox 3195 4925 3494 4980; x_wconf 86' lang='lat' dir='ltr'><strong>secundum</strong></span> <span class='ocrx_word' id='word_1_853' title='bbox 3525 4940 3693 4995; x_wconf 86' lang='lat' dir='ltr'><strong>opera</strong></span> <span class='ocrx_word' id='word_1_854' title='bbox 3730 4936 3827 4977; x_wconf 79' lang='lat' dir='ltr'><strong>sua.</strong></span> 
     </span>
    </p>
   </div>
   <div class='ocr_carea' id='block_1_100' title="bbox 2262 5015 3832 5091">
    <p class='ocr_par' dir='ltr' id='par_1_100' title="bbox 2262 5015 3832 5091">
     <span class='ocr_line' id='line_1_101' title="bbox 2262 5015 3832 5091; baseline 0.002 -18"><span class='ocrx_word' id='word_1_855' title='bbox 2262 5015 2399 5073; x_wconf 74' lang='lat' dir='ltr'><strong>Nam</strong></span> <span class='ocrx_word' id='word_1_856' title='bbox 2443 5024 2499 5072; x_wconf 89' lang='lat' dir='ltr'><strong>et</strong></span> <span class='ocrx_word' id='word_1_857' title='bbox 2541 5018 2670 5072; x_wconf 87' lang='lat' dir='ltr'><strong>illud</strong></span> <span class='ocrx_word' id='word_1_858' title='bbox 2714 5026 2969 5089; x_wconf 84' lang='lat' dir='ltr'><strong>tanquam</strong></span> <span class='ocrx_word' id='word_1_859' title='bbox 3014 5019 3381 5075; x_wconf 75' lang='lat' dir='ltr'><strong>stomachatus</strong></span> <span class='ocrx_word' id='word_1_860' title='bbox 3418 5029 3477 5074; x_wconf 79' lang='lat' dir='ltr'><strong>es</strong></span> <span class='ocrx_word' id='word_1_861' title='bbox 3520 5021 3832 5091; x_wconf 64' lang='lat' dir='ltr'><strong>indignam.</strong></span> 
     </span>
    </p>
   </div>
   <div class='ocr_carea' id='block_1_101' title="bbox 2264 5109 3838 5181">
    <p class='ocr_par' dir='ltr' id='par_1_101' title="bbox 2264 5109 3838 5181">
     <span class='ocr_line' id='line_1_102' title="bbox 2264 5109 3838 5181; baseline -0.001 -16"><span class='ocrx_word' id='word_1_862' title='bbox 2264 5110 2427 5165; x_wconf 89' lang='lat' dir='ltr'><strong>etiam</strong></span> <span class='ocrx_word' id='word_1_863' title='bbox 2469 5109 2610 5165; x_wconf 87' lang='lat' dir='ltr'><strong>male</strong></span> <span class='ocrx_word' id='word_1_864' title='bbox 2638 5119 2854 5178; x_wconf 87' lang='lat' dir='ltr'><strong>optasse</strong></span> <span class='ocrx_word' id='word_1_865' title='bbox 2901 5109 3111 5166; x_wconf 85' lang='lat' dir='ltr'><strong>videtur</strong></span> <span class='ocrx_word' id='word_1_866' title='bbox 3153 5112 3439 5181; x_wconf 79' lang='lat' dir='ltr'><strong>Apostolus</strong></span> <span class='ocrx_word' id='word_1_867' title='bbox 3470 5112 3735 5167; x_wconf 81' lang='lat' dir='ltr'><strong>:lltinam</strong></span> <span class='ocrx_word' id='word_1_868' title='bbox 3760 5110 3838 5163; x_wconf 69' lang='lat' dir='ltr'><strong>ab-</strong></span> 
     </span>
    </p>
   </div>
   <div class='ocr_carea' id='block_1_102' title="bbox 2263 5201 3844 5276">
    <p class='ocr_par' dir='ltr' id='par_1_102' title="bbox 2263 5201 3844 5276">
     <span class='ocr_line' id='line_1_103' title="bbox 2263 5201 3844 5276; baseline 0.001 -21"><span class='ocrx_word' id='word_1_869' title='bbox 2263 5201 2573 5257; x_wconf 85' lang='lat' dir='ltr'><strong>seindantur</strong></span> <span class='ocrx_word' id='word_1_870' title='bbox 2626 5203 2718 5271; x_wconf 89' lang='lat' dir='ltr'><strong>qui</strong></span> <span class='ocrx_word' id='word_1_871' title='bbox 2772 5218 2872 5259; x_wconf 87' lang='lat' dir='ltr'><strong>vos</strong></span> <span class='ocrx_word' id='word_1_872' title='bbox 2913 5203 3269 5259; x_wconf 82' lang='lat' dir='ltr'><strong>conturbant!</strong></span> <span class='ocrx_word' id='word_1_873' title='bbox 3319 5204 3473 5271; x_wconf 82' lang='lat' dir='ltr'><strong>Quod</strong></span> <span class='ocrx_word' id='word_1_874' title='bbox 3523 5206 3761 5276; x_wconf 69' lang='lat' dir='ltr'><strong>utique,</strong></span> <span class='ocrx_word' id='word_1_875' title='bbox 3804 5201 3844 5256; x_wconf 83' lang='lat' dir='ltr'><strong>si</strong></span> 
     </span>
    </p>
   </div>
   <div class='ocr_carea' id='block_1_103' title="bbox 2264 5295 3847 5366">
    <p class='ocr_par' dir='ltr' id='par_1_103' title="bbox 2264 5295 3847 5366">
     <span class='ocr_line' id='line_1_104' title="bbox 2264 5295 3847 5366; baseline 0.003 -17"><span class='ocrx_word' id='word_1_876' title='bbox 2264 5295 2573 5351; x_wconf 87' lang='lat' dir='ltr'><strong>consideres</strong></span> <span class='ocrx_word' id='word_1_877' title='bbox 2614 5310 2898 5366; x_wconf 80' lang='lat' dir='ltr'><strong>personam</strong></span> <span class='ocrx_word' id='word_1_878' title='bbox 2936 5296 3245 5365; x_wconf 84' lang='lat' dir='ltr'><strong>scribentis,</strong></span> <span class='ocrx_word' id='word_1_879' title='bbox 3277 5296 3447 5366; x_wconf 86' lang='lat' dir='ltr'><strong>magis</strong></span> <span class='ocrx_word' id='word_1_880' title='bbox 3472 5311 3603 5352; x_wconf 85' lang='lat' dir='ltr'><strong>eum</strong></span> <span class='ocrx_word' id='word_1_881' title='bbox 3641 5299 3847 5366; x_wconf 74' lang='lat' dir='ltr'><strong>elegan-</strong></span> 
     </span>
    </p>
   </div>
   <div class='ocr_carea' id='block_1_104' title="bbox 2266 5386 3852 5457">
    <p class='ocr_par' dir='ltr' id='par_1_104' title="bbox 2266 5386 3852 5457">
     <span class='ocr_line' id='line_1_105' title="bbox 2266 5386 3852 5457; baseline 0.001 -17"><span class='ocrx_word' id='word_1_882' title='bbox 2266 5386 2474 5441; x_wconf 89' lang='lat' dir='ltr'><strong>tissimo</strong></span> <span class='ocrx_word' id='word_1_883' title='bbox 2510 5387 2758 5457; x_wconf 83' lang='lat' dir='ltr'><strong>ambiguo</strong></span> <span class='ocrx_word' id='word_1_884' title='bbox 2796 5388 2933 5451; x_wconf 81' lang='lat' dir='ltr'><strong>bene</strong></span> <span class='ocrx_word' id='word_1_885' title='bbox 2964 5396 3181 5457; x_wconf 73' lang='lat' dir='ltr'><strong>optasse</strong></span> <span class='ocrx_word' id='word_1_886' title='bbox 3222 5388 3514 5457; x_wconf 75' lang='lat' dir='ltr'><strong>intelliges.</strong></span> <span class='ocrx_word' id='word_1_887' title='bbox 3545 5388 3693 5444; x_wconf 86' lang='lat' dir='ltr'><strong>Sunt</strong></span> <span class='ocrx_word' id='word_1_888' title='bbox 3717 5389 3852 5445; x_wconf 83' lang='lat' dir='ltr'><strong>enim</strong></span> 
     </span>
    </p>
   </div>
   <div class='ocr_carea' id='block_1_105' title="bbox 2265 5480 3856 5556">
    <p class='ocr_par' dir='ltr' id='par_1_105' title="bbox 2265 5480 3856 5556">
     <span class='ocr_line' id='line_1_106' title="bbox 2265 5480 3856 5556; baseline 0.002 -6"><span class='ocrx_word' id='word_1_889' title='bbox 2265 5480 2533 5556; x_wconf 67' lang='lat' dir='ltr'><strong>spadones</strong></span> <span class='ocrx_word' id='word_1_890' title='bbox 2570 5482 2662 5551; x_wconf 60' lang='lat' dir='ltr'><strong>qui</strong></span> <span class='ocrx_word' id='word_1_891' title='bbox 2690 5495 2753 5551; x_wconf 74' lang='lat' dir='ltr'><strong>ss</strong></span> <span class='ocrx_word' id='word_1_892' title='bbox 2781 5481 2926 5552; x_wconf 67' lang='lat' dir='ltr'><strong>ipsos</strong></span> <span class='ocrx_word' id='word_1_893' title='bbox 2969 5480 3317 5551; x_wconf 63' lang='lat' dir='ltr'><strong>absciderunt</strong></span> <span class='ocrx_word' id='word_1_894' title='bbox 3353 5490 3583 5550; x_wconf 63' lang='lat' dir='ltr'><strong>praeter</strong></span> <span class='ocrx_word' id='word_1_895' title='bbox 3630 5495 3856 5553; x_wconf 64' lang='lat' dir='ltr'><strong>rerum!</strong></span> 
     </span>
    </p>
   </div>
   <div class='ocr_carea' id='block_1_106' title="bbox 2264 5572 3862 5643">
    <p class='ocr_par' dir='ltr' id='par_1_106' title="bbox 2264 5572 3862 5643">
     <span class='ocr_line' id='line_1_107' title="bbox 2264 5572 3862 5643; baseline 0.003 -17"><span class='ocrx_word' id='word_1_896' title='bbox 2264 5575 2541 5627; x_wconf 81' lang='lat' dir='ltr'><strong>caelorum.</strong></span> <span class='ocrx_word' id='word_1_897' title='bbox 2592 5573 2747 5639; x_wconf 84' lang='lat' dir='ltr'><strong>Quod</strong></span> <span class='ocrx_word' id='word_1_898' title='bbox 2794 5573 2850 5628; x_wconf 90' lang='lat' dir='ltr'><strong>in</strong></span> <span class='ocrx_word' id='word_1_899' title='bbox 2892 5572 2978 5628; x_wconf 79' lang='lat' dir='ltr'><strong>his</strong></span> <span class='ocrx_word' id='word_1_900' title='bbox 3022 5587 3237 5643; x_wconf 85' lang='lat' dir='ltr'><strong>quoque</strong></span> <span class='ocrx_word' id='word_1_901' title='bbox 3276 5574 3462 5637; x_wconf 64' lang='lat' dir='ltr'><strong>sorbis</strong></span> <span class='ocrx_word' id='word_1_902' title='bbox 3505 5573 3752 5630; x_wconf 82' lang='lat' dir='ltr'><strong>Faustus</strong></span> <span class='ocrx_word' id='word_1_903' title='bbox 3782 5589 3862 5629; x_wconf 81' lang='lat' dir='ltr'><strong>sa-</strong></span> 
     </span>
    </p>
   </div>
   <div class='ocr_carea' id='block_1_107' title="bbox 2264 5667 3864 5739">
    <p class='ocr_par' dir='ltr' id='par_1_107' title="bbox 2264 5667 3864 5739">
     <span class='ocr_line' id='line_1_108' title="bbox 2264 5667 3864 5739; baseline 0.004 -18"><span class='ocrx_word' id='word_1_904' title='bbox 2264 5669 2503 5737; x_wconf 88' lang='lat' dir='ltr'><strong>puisset,</strong></span> <span class='ocrx_word' id='word_1_905' title='bbox 2534 5667 2580 5722; x_wconf 90' lang='lat' dir='ltr'><strong>si</strong></span> <span class='ocrx_word' id='word_1_906' title='bbox 2612 5668 2755 5739; x_wconf 89' lang='lat' dir='ltr'><strong>pium</strong></span> <span class='ocrx_word' id='word_1_907' title='bbox 2785 5668 3022 5739; x_wconf 84' lang='lat' dir='ltr'><strong>palatum</strong></span> <span class='ocrx_word' id='word_1_908' title='bbox 3052 5668 3121 5723; x_wconf 89' lang='lat' dir='ltr'><strong>ad</strong></span> <span class='ocrx_word' id='word_1_909' title='bbox 3163 5682 3317 5724; x_wconf 84' lang='lat' dir='ltr'><strong>escas</strong></span> <span class='ocrx_word' id='word_1_910' title='bbox 3356 5668 3675 5726; x_wconf 75' lang='lat' dir='ltr'><strong>dominicas</strong></span> <span class='ocrx_word' id='word_1_911' title='bbox 3724 5679 3864 5727; x_wconf 64' lang='lat' dir='ltr'><strong>attu«</strong></span> 
     </span>
    </p>
   </div>
   <div class='ocr_carea' id='block_1_108' title="bbox 2264 5759 3872 5835">
    <p class='ocr_par' dir='ltr' id='par_1_108' title="bbox 2264 5759 3872 5835">
     <span class='ocr_line' id='line_1_109' title="bbox 2264 5759 3872 5835; baseline 0.004 -21"><span class='ocrx_word' id='word_1_912' title='bbox 2264 5759 2441 5828; x_wconf 86' lang='lat' dir='ltr'><strong>lisset,</strong></span> <span class='ocrx_word' id='word_1_913' title='bbox 2484 5760 2564 5816; x_wconf 88' lang='lat' dir='ltr'><strong>sic</strong></span> <span class='ocrx_word' id='word_1_914' title='bbox 2590 5763 2732 5816; x_wconf 88' lang='lat' dir='ltr'><strong>enim</strong></span> <span class='ocrx_word' id='word_1_915' title='bbox 2776 5763 2956 5818; x_wconf 87' lang='lat' dir='ltr'><strong>sonuit</strong></span> <span class='ocrx_word' id='word_1_916' title='bbox 2984 5759 3215 5818; x_wconf 74' lang='lat' dir='ltr'><strong>fortasse</strong></span> <span class='ocrx_word' id='word_1_917' title='bbox 3241 5761 3442 5818; x_wconf 65' lang='lat' dir='ltr'><strong>Iudaeis</strong></span> <span class='ocrx_word' id='word_1_918' title='bbox 3470 5766 3621 5835; x_wconf 87' lang='lat' dir='ltr'><strong>quod</strong></span> <span class='ocrx_word' id='word_1_919' title='bbox 3653 5766 3872 5823; x_wconf 74' lang='lat' dir='ltr'><strong>dictum</strong></span> 
     </span>
    </p>
   </div>
   <div class='ocr_carea' id='block_1_109' title="bbox 2264 5852 3873 5926">
    <p class='ocr_par' dir='ltr' id='par_1_109' title="bbox 2264 5852 3873 5926">
     <span class='ocr_line' id='line_1_110' title="bbox 2264 5852 3873 5926; baseline 0.006 -18"><span class='ocrx_word' id='word_1_920' title='bbox 2264 5863 2368 5922; x_wconf 89' lang='lat' dir='ltr'><strong>est,</strong></span> <span class='ocrx_word' id='word_1_921' title='bbox 2396 5852 2618 5910; x_wconf 81' lang='lat' dir='ltr'><strong>Videbis</strong></span> <span class='ocrx_word' id='word_1_922' title='bbox 2655 5855 2820 5911; x_wconf 80' lang='lat' dir='ltr'><strong>vitam</strong></span> <span class='ocrx_word' id='word_1_923' title='bbox 2854 5864 3005 5914; x_wconf 77' lang='lat' dir='ltr'><strong>tuam</strong></span> <span class='ocrx_word' id='word_1_924' title='bbox 3044 5853 3385 5926; x_wconf 79' lang='lat' dir='ltr'><strong>pendentem,</strong></span> <span class='ocrx_word' id='word_1_925' title='bbox 3414 5864 3471 5913; x_wconf 92' lang='lat' dir='ltr'><strong>et</strong></span> <span class='ocrx_word' id='word_1_926' title='bbox 3506 5872 3621 5915; x_wconf 87' lang='lat' dir='ltr'><strong>non</strong></span> <span class='ocrx_word' id='word_1_927' title='bbox 3664 5860 3873 5917; x_wconf 79' lang='lat' dir='ltr'><strong>credes</strong></span> 
     </span>
    </p>
   </div>
  </div>
