3968 6390
546 435 652 493 687

1603 438 1665 492 D.
1712 435 2032 494 EUGYPPII
2063 436 2355 496 ABBATIS
2396 436 2746 496 AFRICANI.

3725 440 3826 498 688

546 549 774 620 pellatus
819 555 923 616 est,
951 547 1272 604 Februarius
1312 559 1342 600 a
1382 546 1609 604 Februis
1653 551 1818 605 sacris
1856 549 2128 618 Luperco-
2159 559 2211 617 Α
2236 563 2289 608 et
2314 563 2497 608 nostra
2520 552 2773 607 divinitus
2791 550 3150 607 dimittantUr.
3181 549 3335 618 Quod
3361 560 3546 606 autem
3575 551 3823 625 debetur,

544 658 684 700 rum.
710 642 881 696 Vultis
909 655 1034 712 ergo
1061 648 1122 694 ut
1147 649 1201 694 et
1221 655 1316 694 vos
1345 641 1598 697 dicamini
1631 644 1684 698 in
1717 659 1903 700 mense
1933 644 2122 699 Martio

544 736 763 792 Martem
791 732 1006 789 colere?
1035 732 1130 786 lllo
1157 733 1298 786 enim
1330 748 1513 789 mense
1540 735 1697 790 Bema
1733 747 1969 790 vestrum
1999 751 2122 790 cum

543 843 729 897 magna
759 825 1042 880 festivitate
1063 825 1367 878 celebratis.
1391 825 1446 880 Si
1473 835 1650 880 autem
1675 827 1827 880 vobis
1853 829 1906 880 in
1937 842 2124 881 mense

543 919 731 974 Martio
755 918 918 972 licere
939 916 1272 971 arbitramini
1297 918 1439 972 aliud
1466 919 1837 989 considerare,
1863 935 1967 974 non
1991 919 2127 973 Mar-

543 1025 673 1078 tem,
706 1028 801 1066 cur
843 1026 906 1066 ex
952 1011 1038 1066 die
1082 1012 1310 1080 septimo
1365 1014 1505 1082 quod
1553 1014 1835 1067 sabbatum
1876 1028 1903 1067 a
1942 1012 2125 1082 requie

538 1106 870 1163 nominatum
897 1113 999 1170 est,
1033 1103 1226 1158 divinis
1263 1102 1553 1174 Scripturis
1596 1104 1885 1160 Saturnum
1927 1105 2127 1173 impor-

539 1208 655 1253 tare
679 1196 976 1261 conamini,
1009 1196 1129 1264 quia
1159 1211 1278 1249 eum
1305 1196 1450 1250 diem
1479 1197 1695 1252 Saturni
1728 1206 1913 1267 gentes
1943 1195 2124 1263 appel—

537 1289 803 1345 laverunt.
833 1287 1034 1356 Nempe
1055 1287 1166 1356 jam
1197 1287 1392 1342 videtis
1421 1302 1543 1342 cum
1578 1298 1774 1358 quanta
1811 1291 2004 1356 pietate
2031 1289 2128 1342 de-

538 1382 730 1440 Iiretis.
765 1383 838 1436 De
865 1381 1142 1436 sacriﬁciis
1170 1388 1346 1435 autem
1377 1382 1715 1450 animalium,
1742 1383 1862 1449 quis
1889 1391 2129 1434 nostrum

537 1473 741 1530 nesciat
773 1473 940 1541 magis
969 1485 1033 1526 ea
1063 1484 1318 1539 perverso
1349 1473 1546 1540 populo
1571 1482 1929 1540 congruenter
1954 1471 2127 1539 impo-

537 1567 660 1632 sita,
691 1577 850 1634 quam
883 1563 992 1617 Deo
1016 1561 1344 1616 desideranti
1373 1562 1592 1616 oblata?
1622 1561 1728 1617 Sed
1757 1571 1933 1616 tamen
1966 1563 2126 1616 etiam

538 1658 591 1713 in
631 1657 713 1712 bis
744 1658 925 1726 ﬁgura:
966 1663 1161 1710 nostrae
1197 1655 1429 1722 fuerunt,
1459 1657 1580 1726 quia
1613 1665 1795 1711 nostra
1826 1656 2125 1723 mundatio,

538 1761 592 1808 et
621 1751 716 1806 Dei
750 1749 1076 1820 pr0pitiatio,
1108 1748 1263 1802 nobis
1289 1749 1406 1802 sine
1436 1748 1694 1818 sanguine
1723 1749 1866 1803 nulla
1895 1756 1997 1810 est,
2031 1745 2128 1800 sed

537 1845 749 1900 illarum
794 1844 1082 1911 ﬁgurarum
1133 1842 1330 1895 veritas
1383 1841 1628 1897 Christus
1675 1850 1779 1907 est,
1813 1841 1963 1910 cujus
2007 1854 2132 1893 san-

2231 648 2331 701 etsi
2365 647 2598 714 benigne
2627 645 2945 710 remittitur,
2983 660 3087 700 non
3121 653 3296 699 tamen
3327 645 3510 713 inique
3543 647 3821 714 repetitur,

2229 737 2324 792 sed
2347 738 2486 790 sicut
2519 737 2570 790 in
2599 735 2847 805 jurando,
2879 735 3040 789 etiam
3086 737 3174 804 qui
3207 751 3389 790 verum
3430 735 3586 804 jurat
3621 739 3824 806 propin-

2227 837 2355 899 quat
2399 828 2674 896 perjurio;
2726 827 2867 882 unde
2912 827 3067 896 longe
3113 828 3265 882 abest
3310 828 3399 896 qui
3448 829 3684 880 omnino
3733 843 3822 881 non

2226 921 2396 992 jurat,
2430 931 2483 975 et
2514 922 2758 991 quamvis
2805 936 2907 976 non
2942 930 3127 989 peccet
3169 922 3261 990 qui
3304 935 3490 974 verum
3541 919 3717 990 jurat,
3746 936 3820 974 re-

2231 1012 2426 1068 motior
2449 1022 2622 1067 tamen
2653 1029 2681 1066 a
2706 1021 2924 1082 peccato
2948 1021 3031 1068 est
3051 1015 3140 1082 qui
3172 1028 3277 1067 non
3305 1013 3449 1080 jurat
3475 1029 3489 1075 ;
3517 1013 3718 1065 maluit
3738 1027 3823 1066 nos

2231 1109 2488 1162 Dominus
2519 1117 2572 1162 et
2599 1123 2703 1162 non
2729 1108 2973 1177 jurantes
3001 1123 3107 1162 non
3139 1108 3392 1162 recedere
3416 1124 3448 1160 a
3474 1123 3648 1172 vero,
3677 1123 3818 1178 quam

2231 1215 2415 1256 verum
2451 1201 2695 1269 jurantes
2727 1200 3089 1268 proiiinquare
3146 1200 3421 1268 perjurio;
3465 1199 3626 1254 unde
3657 1200 3822 1254 admo-

2233 1295 2366 1348 nitio
2397 1309 2501 1348 non
2528 1292 2742 1361 jurandi
2778 1293 3118 1347 conservatio
3158 1303 3242 1346 est
3284 1307 3312 1346 a
3356 1302 3594 1361 peccato
3627 1292 3823 1361 perjurii

2235 1387 2306 1440 ita
2338 1401 2458 1440 cum
2492 1393 2677 1455 peccet
2708 1385 2794 1453 qui
2827 1399 2920 1454 per
2955 1383 3458 1438 immoderationem
3491 1383 3700 1452 injuste
3729 1384 3821 1436 vult

2233 1475 2514 1542 vindicari,
2556 1491 2660 1529 non
2706 1485 2896 1544 peccet
2942 1483 3119 1528 autem
3162 1475 3252 1543 qui
3302 1473 3522 1528 modum
3579 1475 3821 1529 adhibens

2229 1568 2374 1639 juste
2405 1569 2517 1622 vult
2549 1567 2842 1630 vindicari,
2874 1568 3133 1621 remotior
3163 1581 3193 1618 a
3223 1577 3446 1635 peccato
3479 1568 3702 1635 injusta:
3726 1571 3817 1620 rin-

2245 1662 2402 1715 dicta:
2444 1661 2533 1729 qui
2565 1675 2668 1714 nou
2721 1661 2833 1714 vult
2861 1661 3083 1713 omnino
3123 1658 3402 1713 vindicari.
3450 1659 3658 1713 Peccat
3697 1662 3814 1715 enim

2235 1754 2325 1823 qui
2375 1754 2548 1822 exigit
2602 1753 2744 1806 ultra
2790 1752 3070 1817 debitum,
3121 1766 3227 1805 non
3277 1761 3467 1818 peccat
3512 1762 3697 1806 autem
3741 1753 3815 1820 qui

2237 1844 2406 1914 exigit
2433 1843 2701 1906 debitum;
2735 1843 2827 1897 sed
2859 1843 3022 1896 tutius
3049 1842 3206 1912 longe
3228 1852 3312 1896 est
3337 1857 3367 1895 a
3396 1853 3626 1909 peccato
3655 1842 3812 1912 injusti

521 1938 696 2008 guine
736 1933 998 2002 redempti
1045 1940 1099 1988 et
1141 1933 1379 1987 mundati
1423 1947 1628 1988 sumus.
1676 1933 1807 1987 Nam
1849 1933 1902 1987 in
1942 1931 2129 2001 ﬁguris
2160 1941 2207 1998 Β
2237 1933 2511 1990 exactoris
2542 1937 2632 2004 qui
2685 1935 2905 1989 omnino
2943 1951 3053 1988 non
3103 1935 3269 2004 exigit
3308 1934 3575 2001 debitum,
3614 1950 3813 2004 praeser-

538 2029 872 2097 eloquiorum
903 2026 1227 2092 divinorum,
1252 2032 1307 2079 et
1335 2033 1519 2079 taurus
1562 2025 1738 2080 dictus
1769 2035 1877 2091 est,
1910 2034 2127 2094 propter

538 2120 818 2173 veritatem
868 2114 1166 2187 [virtutem]
1197 2116 1394 2182 crucis,
1436 2117 1589 2184 cujus
1636 2117 1890 2172 cornibus
1936 2117 2128 2185 impios

538 2210 830 2275 ventilavit,
860 2218 916 2265 et
944 2210 1084 2264 aries
1134 2218 1353 2279 propter
1391 2209 1711 2265 innocentiae
1744 2211 2126 2280 principatum,

538 2313 593 2361 et
635 2303 813 2358 hircus
838 2342 854 2369 ,
887 2309 1104 2372 propter
1147 2301 1551 2356 similitudinem
1593 2303 1769 2357 carnis
1819 2303 2042 2371 peccati,
2073 2309 2130 2355 ut

538 2400 608 2457 de
655 2408 874 2469 peccato
921 2398 1204 2452 damnaret
1249 2404 1526 2466 peccatum
1566 2415 1577 2449 :
1616 2405 1670 2451 et
1711 2397 1757 2450 si
1795 2397 1937 2466 quod
1985 2395 2128 2450 aliud

536 2489 787 2547 sacriﬁcii
831 2503 1000 2559 genus
1039 2488 1349 2557 expressius
1388 2489 1926 2556 commemoraveris,
1963 2490 2016 2542 in
2064 2503 2129 2543 eo

534 2598 750 2657 quoque
778 2582 874 2637 tibi
898 2582 1172 2636 Christum
1211 2581 1586 2650 prophetatum
1619 2596 1740 2636 esse
1787 2581 2124 2635 monstrabo.

535 2681 798 2750 Quocirca
832 2679 945 2732 sive
971 2676 1328 2740 circumcisio,
1362 2675 1475 2730 sive
1507 2675 1813 2741 sabbatum,
1841 2677 1952 2729 sive
1977 2673 2131 2728 diﬁc-

533 2773 706 2830 rentia
735 2771 998 2836 ciborum,
1024 2772 1140 2825 sive
1174 2768 1472 2824 immolatio
1511 2767 1920 2833 sacriﬁciorum,
1949 2767 2127 2820 omnia

533 2867 650 2921 haec
679 2864 862 2935 figurat
889 2870 1091 2918 nostra:
1125 2861 1340 2915 fuerunt
1371 2868 1426 2916 et
1456 2859 1776 2930 prophetiae,
1809 2872 1941 2928 quas
1973 2858 2131 2913 Chri-

534 2971 647 3016 stus
676 2974 784 3014 non
833 2956 1067 3018 solvere,
1103 2955 1198 3010 sed
1235 2953 1528 3023 adimplere
1567 2953 1734 3017 venit,
1763 2965 1888 3007 cum
1915 2963 1978 3006 ea
2007 2964 2128 3020 qua

535 3053 621 3108 his
651 3048 1145 3122 praenuntiabantur
1173 3045 1430 3115 implevit.

1074 3180 1302 3238 CAPUT
1341 3179 1575 3236 LXVIII.

536 3294 692 3372 Quod
732 3299 954 3356 Oculum
1000 3315 1091 3372 pro
1133 3297 1279 3351 oculo
1319 3295 1529 3372 non__a_it
1572 3291 2037 3372 contrarium-Qui
2079 3300 2124 3344 le

599 3373 905 3447 pncussgit
941 3361 1009 3426 ἐπ’
1037 3370 1269 3424 dextram
1309 3366 1594 3434 maxillam,
1624 3374 1745 3431 etc.,
1773 3379 1839 3418 ea:
1869 3361 1996 3417 libro
2029 3378 2119 3416 x1x

607 3441 787 3502 contra
808 3441 1081 3498 Faustum.

599 3558 718 3616 1am
761 3572 890 3613 vero
915 3555 1046 3612 illud
1072 3553 1216 3624 quod
1258 3552 1495 3623 antiquis
1525 3551 1727 3607 dictum
1758 3557 1864 3616 est,
1893 3547 2121 3603 Oculum

529 3663 630 3723 pro
658 3649 836 3713 oculo,
862 3647 1076 3702 dentem
1119 3660 1216 3714 pro
1257 3645 1441 3712 dente,
1472 3643 1745 3712 quomodo
1791 3649 2119 3698 contrarium

529 3740 695 3795 habet
735 3737 878 3806 quod
910 3737 985 3790 ait
1017 3736 1296 3799 Dominus,
1330 3735 1443 3803 Ego
1471 3742 1650 3787 autem
1679 3733 1800 3786 dico
1841 3732 1989 3785 vobis
2019 3746 2124 3785 non

529 3831 786 3887 resistere
805 3826 968 3888 malo,
991 3825 1086 3879 sed
1111 3826 1155 3878 si
1183 3825 1302 3892 quis
1325 3835 1378 3877 te
1405 3821 1738 3892 percusserit
1763 3822 1816 3875 in
1848 3821 2123 3875 maxillam

530 3923 828 3985 dexteram,
860 3916 1038 3987 praebe
1075 3924 1131 3971 et
1175 3913 1248 3969 illi
1288 3914 1550 3969 alteram:
1600 3913 2031 3984 quandoquidem
2071 3922 2126 3968 et

527 4013 662 4069 illud
710 4012 987 4081 antiquum
1042 4007 1109 4063 ad
1155 4005 1526 4076 reprimendas
1582 4006 1829 4060 flammas
1879 3994 2123 4059 odiorum

527 4105 978 4173 saevientiumque
1011 4100 1397 4156 immoderatos
1427 4100 1638 4154 animos
1670 4098 2021 4153 refrenandos
2051 4099 2122 4152 ita

529 4211 857 4272 praeceptum
887 4198 1014 4252 est?
1044 4197 1175 4265 Quis
1206 4197 1348 4250 enim
1380 4193 1595 4248 tandem
1646 4193 1800 4249 facile
1839 4200 2121 4248 contentus

527 4302 616 4348 est
659 4302 866 4346 tantum
898 4305 1167 4359 reponere
1195 4289 1448 4343 vindicta:
1491 4296 1751 4357 quantum
1787 4288 1993 4355 accepit
2039 4288 2121 4341 in-

525 4383 724 4455 juriae?
755 4383 943 4436 Nonne
969 4382 1211 4435 videmus
1252 4380 1498 4434 homines
1536 4381 1726 4435 leviter
1754 4379 1914 4435 laesos
1942 4380 2121 4435 moliri

526 4475 752 4543 cedem,
785 4474 938 4530 sitire
967 4474 1316 4544 sanguinem,
1347 4474 1549 4543 vixque
1581 4476 1821 4530 invenire
1862 4477 1916 4530 in
1962 4477 2120 4530 malis

525 4565 731 4621 inimici
763 4565 904 4620 unde
949 4562 1246 4619 satientur?
1283 4564 1412 4629 Quis
1462 4577 1637 4632 pugno
1685 4579 1971 4633 percussus
2013 4580 2119 4621 non

527 4663 619 4708 aut
643 4654 843 4723 judicia
863 4655 1096 4708 concitat
1126 4655 1182 4706 in
1207 4652 1606 4706 damnationem
1633 4653 1748 4721 ejus
1773 4656 1862 4724 qui
1895 4670 2116 4723 percus-

2234 2029 2327 2083 tim
2360 2043 2426 2082 ne
2459 2038 2683 2098 cogatur
2727 2037 2782 2081 et
2830 2027 2945 2096 ipse
2993 2026 3220 2082 reddere
3268 2025 3506 2080 debitum
3536 2027 3607 2079 ab
3653 2041 3715 2081 eo
3738 2025 3813 2094 qui

2234 2119 2435 2173 nullum
2467 2118 2630 2173 debet
2660 2117 2922 2173 debitum.

2789 2276 3014 2332 CAPUT
3053 2274 3242 2330 LXIX.

2237 2370 2504 2436 Quomodo
2548 2371 2938 2441 intelligendum
2967 2370 3034 2423 sit
3061 2370 3195 2422 illud
3244 2367 3463 2441 Apostoli
3494 2383 3510 2441 ς
3541 2365 3806 2441 ιῃΑᾳιιὶδιιι

2311 2443 2451 2495 Deus
2483 2441 2659 2494 sazculi
2699 2439 2853 2511 liuin
2897 2441 3171 2493 excwcavit
3210 2450 3401 2492 mentes
3428 2439 3731 2505 inﬁdelium,
3759 2455 3806 2490 ea

2307 2516 2437 2568 libro
2469 2529 2557 2567 ιιι
2589 2509 2776 2564 contra
2804 2509 3082 2564 Faustum.

2307 2628 2594 2698 Apostolus
2625 2627 2699 2680 ait
2725 2643 2738 2680 :
2767 2626 2908 2680 Deus
2937 2625 3120 2679 saeculi
3152 2623 3315 2694 hujus
3347 2627 3642 2678 excaecavit
3672 2638 3800 2676 meu-

2233 2731 2314 2779 tes
2362 2721 2678 2776 inﬁdelium.
2728 2719 2898 2786 Quam
2945 2720 3159 2788 quidem
3207 2719 3535 2773 sententiam
3589 2719 3803 2788 plerique

2233 2825 2477 2880 nostrum
2541 2814 2613 2868 ita
2661 2813 3042 2883 distinguunt,
3085 2822 3143 2865 ut
3193 2811 3360 2866 Deum
3413 2827 3605 2866 verum
3653 2811 3801 2864 dicant

2233 2921 2535 2964 excaecasse
2566 2905 2866 2961 inﬁdelium
2901 2913 3128 2960 mentes.
3171 2903 3308 2959 Cum
3341 2905 3494 2960 enim
3529 2905 3731 2974 legerint
3755 2904 3799 2954 in

2234 3002 2427 3072 quibus
2475 3001 2639 3063 Deus,
2685 2999 3019 3069 suspendunt
3047 2998 3586 3068 pronuntiationem,
3619 3013 3675 3052 ac
3701 3007 3798 3050 tunc

2235 3095 2489 3162 inferunt,
2517 3094 2698 3149 saeculi
2731 3093 2891 3162 hujus
2921 3093 3214 3147 excaecavit
3244 3101 3460 3146 mentes
3495 3091 3800 3146 inﬁdelium:

2233 3191 2355 3260 quia
2387 3199 2441 3244 et
2468 3189 2511 3243 si
2544 3188 2615 3244 ita
2653 3202 2758 3241 non
2786 3186 3120 3254 distinguant
3143 3182 3521 3256 [distinguas],
3552 3185 3643 3239 sed
3667 3197 3798 3251 expo-

2235 3283 2399 3340 nendi
2430 3282 2598 3353 gratia
2627 3283 2698 3338 ita
2739 3281 3028 3336 verborum
3053 3279 3298 3334 ordinem
3345 3287 3560 3334 mutent
3591 3273 3800 3348 [mutas],

2227 3381 2278 3434 in
2311 3376 2505 3446 quibus
2537 3374 2680 3430 Deus
2725 3372 3014 3428 exetecavit
3059 3381 3264 3426 mentes
3314 3371 3616 3426 inﬁdelium
3641 3366 3802 3424 saeculi

2228 3471 2406 3540 hujus,
2438 3470 2579 3525 idem
2623 3469 2714 3538 qui
2766 3470 2819 3523 in
2867 3467 2956 3522 illa
2996 3466 3344 3521 distinctione
3391 3478 3588 3519 sensus
3630 3463 3798 3516 elucet.

2228 3565 2410 3619 Potest
2446 3562 2588 3617 enim
2641 3561 2802 3615 etiam
2865 3559 2987 3612 talis
3033 3555 3279 3626 operatio
3331 3569 3434 3624 qua
3486 3562 3802 3608 exctecantur

2229 3667 2436 3712 mentes
2464 3653 2763 3709 inﬁdelium
2811 3651 3104 3707 secundum
3137 3648 3427 3719 quemdam
3457 3647 3667 3701 modum
3699 3658 3802 3713 per-

2228 3751 2399 3803 tinerc
2429 3747 2495 3802 ad
2541 3761 2726 3801 verum
2773 3745 2962 3810 Deum,
2991 3743 3132 3813 quod
3167 3757 3273 3796 non
3307 3741 3428 3794 facit
3471 3738 3683 3800 malitia,
3717 3736 3805 3790 sed

2222 3837 2453 3907 justitia,
2489 3838 2629 3891 sicut
2660 3835 2800 3890 idem
2842 3833 3040 3889 Paulus
3077 3831 3205 3887 alibi
3243 3831 3400 3888 dicit:
3425 3826 3662 3895 Nunquid
3691 3826 3804 3878 ini-

2229 3943 2367 3998 quus
2415 3928 2575 3993 Deus,
2607 3929 2694 3997 qui
2749 3925 2909 3980 infert
2942 3924 3267 3979 iram?ltem
3313 3921 3447 3976 alibi.
3495 3917 3629 3986 Quid
3675 3931 3807 3986 ergo

2227 4020 2491 4085 dicemus,
2523 4020 2717 4090 inquit,
2737 4017 2986 4086 Nunquid
3018 4015 3273 4085 iniquitas
3298 4009 3422 4087 [est]
3449 4011 3583 4082 apud
3606 4008 3810 4064 Deum?

2226 4113 2399 4168 Absit.
2453 4112 2628 4167 Moses
2677 4111 2820 4165 enim
2873 4108 3006 4164 dicit
3047 4127 3056 4159 :
3100 4107 3396 4161 Miserebor
3438 4105 3524 4159 cui
3571 4103 3805 4156 misertus

2225 4206 2420 4274 fuero,
2466 4215 2519 4261 et
2565 4201 2992 4258 misericordiam
3048 4199 3315 4267 praestabo
3372 4195 3460 4252 cui
3515 4197 3804 4250 misericors

2230 4300 2400 4354 fuero.
2435 4296 2570 4352 Cum
2607 4311 2735 4365 ergo
2782 4292 3132 4364 praemisisset
3173 4289 3314 4360 quod
3347 4290 3667 4344 inconcusse
3698 4287 3803 4340 reti-

2224 4387 2459 4443 nendum
2490 4395 2594 4450 est,
2627 4401 2730 4438 non
2755 4398 2877 4438 esse
2899 4381 3234 4451 iniquitatem
3257 4379 3400 4449 apud
3427 4379 3598 4433 Deum
3618 4419 3632 4442 ,
3666 4373 3803 4444 paulo

2225 4489 2349 4549 post
2377 4477 2592 4532 attende
2614 4475 2740 4546 quid
2766 4474 2941 4528 dicat:
2967 4473 3020 4528 Si
3047 4483 3226 4527 autem
3253 4471 3444 4526 volens
3471 4470 3616 4525 Deus
3641 4478 3800 4523 osten-

2225 4572 2354 4626 dere
2400 4571 2556 4637 iram,
2591 4579 2644 4624 et
2688 4570 3064 4623 demonstrare
3115 4569 3414 4634 potentiam
3447 4579 3625 4628 suam,
3648 4559 3800 4615 attulit

2225 4664 2277 4718 in
2310 4663 2472 4718 multa
2524 4661 2776 4728 patientia
2809 4673 2934 4714 vasa
2987 4661 3079 4712 irae
3132 4673 3250 4726 qua:
3306 4656 3548 4726 perfecta
3596 4663 3712 4710 sunt
3751 4654 3797 4706 in

524 4745 692 4801 serit?
722 4756 834 4810 aut,
868 4746 911 4799 si
944 4746 1060 4815 ipse
1084 4757 1427 4815 repercutere
1454 4746 1614 4810 velit,
1647 4755 1813 4799 totum
1845 4747 2116 4803 hominem
2145 4734 2196 4793 D
2225 4755 2597 4826 perditionem,
2629 4762 2682 4808 et
2711 4762 2769 4807 ut
2799 4761 2950 4808 notas
2991 4753 3190 4807 faceret
3214 4751 3431 4805 divitias
3463 4751 3650 4820 gloria:
3678 4761 3796 4810 suae,

523 4841 570 4897 si
601 4856 707 4894 non
740 4842 900 4894 etiam
933 4839 1040 4893 telo
1067 4839 1247 4906 aliquo
1277 4848 1516 4908 arrepto,
1549 4838 1738 4907 pugnis
1767 4839 2112 4910 calcibusque

519 4933 837 4990 contundit?
876 4931 1011 4986 Huic
1052 4933 1212 5001 igitur
1251 4932 1618 4987 immoderata:
1664 4947 1727 4986 ac
1776 4948 1872 5001 per
1899 4932 2000 4988 hoc
2028 4933 2112 4988 in-

516 5026 677 5096 justaa
707 5023 897 5080 ultioni
925 5024 1010 5077 lex
1053 5022 1258 5091 justum
1289 5023 1505 5076 modum
1558 5023 1745 5092 ﬁgens,
1781 5039 1993 5092 ptenam
2028 5035 2111 5079 ta-

516 5117 677 5172 lionis
723 5115 992 5182 instituit,
1036 5113 1137 5167 hoc
1185 5120 1267 5167 est
1306 5121 1365 5167 ut
1403 5114 1612 5182 qualem
1662 5116 1888 5184 quisque
1932 5115 2115 5170 intulit

516 5211 767 5280 injuriam
792 5251 808 5276 ,
852 5210 958 5264 tale
999 5206 1320 5276 supplicium
1368 5207 1581 5275 pendat.
1614 5206 1846 5262 Proinde
1893 5209 2107 5262 oculum

514 5319 614 5374 pro
644 5305 821 5368 oculo,
853 5304 1068 5358 dentem
1103 5317 1199 5370 pro
1228 5301 1388 5355 dente
1408 5341 1421 5366 ,
1455 5317 1562 5354 non
1593 5301 1785 5366 fomes,
1813 5301 1908 5355 sed
1954 5302 2107 5358 limes

513 5395 714 5450 furoris
739 5404 843 5458 est,
876 5410 981 5449 non
1015 5402 1071 5448 ut
1099 5393 1150 5447 id
1181 5392 1321 5462 quod
1357 5393 1587 5461 sopitum
1615 5403 1731 5447 erat
1760 5393 1884 5448 hinc
1911 5409 2106 5450 accen-

512 5485 750 5549 deretur,
781 5484 876 5539 sed
908 5498 974 5538 ne
1016 5483 1068 5538 id
1115 5482 1256 5552 quod
1301 5482 1524 5536 ardebat
1552 5483 1688 5536 ultra
1717 5483 2105 5541 extenderetur

511 5578 815 5647 impositus.
841 5576 934 5631 Est
955 5577 1097 5630 enim
1120 5574 1365 5645 quaedam
1392 5573 1535 5643 justa
1564 5573 1818 5642 vindicta,
1844 5576 2101 5647 justeque

510 5676 738 5730 debetur
777 5672 826 5728 ei
857 5671 945 5742 qui
995 5670 1156 5724 fuerit
1189 5673 1379 5739 passus
1419 5667 1690 5736 injuriam.
1728 5667 1879 5725 Unde
1909 5672 2096 5741 utique

510 5783 634 5824 cum
667 5765 992 5835 ignoscimus
1024 5765 1090 5818 de
1130 5773 1315 5817 nostro
1345 5761 1743 5832 quodammodo
1778 5761 1898 5832 jure
1928 5765 2093 5835 largi-

511 5873 662 5921 mur;
693 5859 835 5912 unde
877 5859 1036 5911 etiam
1077 5854 1253 5910 debita
1294 5855 1574 5919 dicuntur,
1606 5871 1724 5924 qua:
1767 5854 1818 5910 in
1851 5859 2092 5913 oratione

510 5949 782 6007 dominica
832 5950 1141 6008 humanitus
1184 5949 1458 6006 dimittere
1500 5966 1815 6021 monemur,
1849 5964 1904 6010 ut
1935 5953 2087 6009 nobis

2220 4848 2274 4902 in
2306 4861 2431 4900 vasa
2465 4845 2845 4900 misericordiae
2873 4860 2992 4914 quae
3024 4844 3418 4914 prmparavitin
3442 4844 3798 4912 gloriam,etc.

2220 4939 2379 4994 Certe
2411 4938 2496 4992 hic
2548 4937 2693 4992 nullo
2735 4936 2896 4990 modo
2924 4937 3031 4989 dici
3083 4943 3262 5004 potest
3292 4935 3457 4988 alium
3497 4935 3665 4990 Deum
3696 4946 3802 4986 esse

2224 5035 2312 5103 qui
2349 5033 2580 5088 ostendit
2628 5034 2763 5087 iram
2792 5042 2846 5087 et
2875 5031 3212 5086 demonstrat
3241 5030 3543 5098 potentiam
3590 5044 3734 5084 suam
3760 5028 3802 5079 in

2223 5127 2364 5182 vasis
2409 5142 2527 5196 quae
2576 5125 2809 5196 perfecta
2852 5135 2977 5178 sunt
3021 5123 3087 5178 ad
3139 5122 3532 5192 perditionem,
3563 5132 3618 5176 et
3657 5121 3802 5173 alium

2217 5221 2306 5289 qui
2338 5219 2570 5274 ostendit
2597 5218 2812 5272 divitias
2839 5232 2962 5271 suas
2990 5217 3041 5270 in
3070 5216 3212 5270 vasis
3243 5214 3658 5270 misericordiae.
3683 5212 3805 5266 Nam

2211 5329 2372 5367 unum
2405 5313 2759 5381 eumdemque
2785 5312 2950 5365 Deum
2977 5310 3176 5378 facere,
3203 5318 3493 5378 utrumque
3516 5307 3804 5376 apostolica

2210 5402 2455 5456 doctrina
2485 5411 2793 5456 attestatur.
2849 5401 2984 5454 llinc
3013 5411 3096 5455 est
3144 5407 3196 5454 et
3225 5399 3355 5454 illud
3386 5417 3396 5449 :
3447 5397 3683 5468 Propter
3714 5397 3810 5448 hoc

2209 5495 2425 5549 tradidit
2472 5496 2589 5550 illos
2621 5497 2768 5550 Deus
2800 5496 2853 5548 in
2885 5494 3352 5563 concupiscentias
3382 5492 3569 5547 cordis
3602 5505 3807 5547 eorum.

2208 5585 2262 5640 in
2309 5586 2698 5641 immunditiam
2729 5628 2743 5652 ,
2793 5595 2850 5641 ut
2898 5585 3240 5641 contumeliis
3293 5584 3534 5639 afﬁciant
3581 5597 3810 5653 corpora

2205 5694 2298 5734 sua
2351 5682 2400 5734 in
2441 5681 2776 5750 semetipsis;
2811 5689 2866 5734 et
2914 5680 3072 5750 paulo
3105 5687 3265 5748 post:
3313 5678 3613 5748 Propterea
3647 5676 3811 5732 tradi-

2201 5772 2280 5826 dit
2321 5774 2443 5828 illos
2486 5775 2628 5828 Deus
2661 5774 2709 5827 in
2745 5773 3024 5843 passiones
3072 5773 3410 5842 ignominiaa;
3462 5773 3595 5827 item
3654 5771 3816 5840 paulo

2199 5878 2318 5935 post
2349 5888 2359 5922 :
2389 5869 2456 5922 Et
2485 5869 2735 5937 quoniam
2770 5884 2876 5923 non
2910 5869 3271 5937 probaverunt
3313 5865 3488 5920 Deum
3518 5866 3726 5920 habere
3755 5866 3814 5918 in

2196 5958 2437 6014 notitiam
2471 5956 2729 6028 [notitia],
2769 5959 2986 6015 tradidit
3039 5958 3156 6015 illos
3209 5958 3346 6012 Deus
3397 5957 3453 6010 in
3505 5960 3813 6025 reprobuna
