3968 6390
180 405 286 461 689

1365 408 1799 467 THESAURUS.
1838 410 1992 466 CAP.
2026 413 2214 468 LXXI.

3361 414 3463 478 (590

177 533 420 574 sensum.
467 520 603 576 Ecce
652 523 922 591 quoodo
955 537 1112 578 verus
1146 523 1285 578 Deus
1313 526 1566 594 etjustus
1592 539 1765 579 excae-
1792 527 2177 597 Aadjungitur
2223 526 2381 596 hujus
2431 525 2642 591 saeculi,
2706 525 2758 580 id
2811 535 2891 582 est
2941 526 3221 583 hominum
3269 527 3463 597 impio-

176 623 264 668 cat
291 623 499 670 mentes
557 616 893 671 infidelium?
936 617 1118 687 Neque
1160 619 1302 672 enim
1337 634 1570 688 unquam
1598 618 1648 672 in
1682 619 1765 672 his

174 711 419 780 Apostoli
451 712 622 767 verbis
642 729 764 783 qua:
791 715 1207 768 commemoravi
1235 757 1248 778 ,
1274 716 1409 770 alius
1440 715 1580 770 Deus
1611 716 1766 770 intel-

170 804 351 859 lectus
371 815 456 859 est
478 821 637 874 quam
665 807 757 862 ille
787 808 876 877 qui
901 807 1094 861 Filium
1119 824 1274 862 suum
1301 809 1444 862 misit
1462 808 1726 863 dicentem
1750 825 1764 862 :

171 893 231 948 In
257 895 516 963 judicium
542 897 664 950 veni
693 898 745 950 in
778 898 916 952 hunc
942 900 1222 966 mundum,
1251 910 1307 953 ut
1330 901 1418 968 qui
1444 916 1550 955 non
1580 900 1768 956 vident

173 987 410 1047 rideant,
443 999 496 1042 et
525 992 616 1058 qui
645 990 830 1044 vident
858 992 987 1044 caeci
1018 991 1166 1045 fiant.
1220 991 1354 1046 Nam
1403 1001 1456 1046 et
1504 993 1591 1046 hic
1639 993 1768 1047 satis

163 1093 395 1149 apparet
439 1083 709 1137 mentibus
759 1083 1020 1150 ﬁdelium,
1052 1086 1322 1154 quomodo
1354 1085 1494 1140 Deus
1523 1094 1764 1139 excaecet

168 1182 381 1228 mentes
412 1175 733 1229 infidelium.
766 1177 1030 1234 Praecedit
1070 1181 1212 1233 enim
1260 1179 1461 1248 aliquid
1498 1179 1766 1234 occultum

163 1268 225 1322 in
255 1269 499 1334 occultis,
531 1269 620 1324 ubi
651 1271 792 1326 Deus
822 1274 930 1342 agit
971 1273 1138 1345 [agat]
1162 1275 1520 1344 justissimum
1540 1289 1766 1330 examen

163 1359 351 1429 iudicii
380 1362 486 1428 sui,
514 1370 572 1415 ut
601 1366 954 1432 quorumdam
1003 1378 1209 1421 mentes
1241 1373 1604 1431 cxcaecentur,
1635 1382 1765 1434 quo-

161 1453 416 1506 rumdam
476 1454 865 1520 illuminentur,
912 1457 999 1511 cui
1050 1459 1330 1513 verissime
1375 1458 1576 1513 dictum
1630 1467 1764 1512 est:

163 1543 376 1600 Iudicia
409 1555 496 1601 tua
524 1549 751 1618 abyssus
777 1549 965 1614 multa,
999 1549 1152 1619 cujus
1179 1550 1559 1619 profunditatis
1599 1551 1766 1619 impe-

163 1637 494 1692 netrabilem
541 1641 880 1696 altitudinem
923 1641 1206 1710 Apostolus
1256 1642 1550 1697 admiratus
1590 1643 1764 1697 excla-

165 1743 284 1786 mat
330 1751 340 1783 :
386 1733 430 1788 0
471 1735 696 1790 altitudo
743 1736 1048 1792 divitiarum
1093 1738 1374 1807 sapientia:
1423 1749 1476 1792 et
1525 1739 1764 1793 scientia:

165 1825 290 1890 Dei,
321 1842 483 1896 quam
529 1829 897 1885 inscrutabilia
942 1841 1067 1885 sunt
1112 1830 1309 1900 judicia
1350 1832 1486 1900 ejus,
1517 1840 1620 1887 etc.
1655 1831 1762 1888 Vos

1871 634 2014 682 rum,
2068 635 2172 673 non
2203 621 2304 674 nisi
2346 621 2397 673 in
2441 619 2542 673 hoc
2583 619 2780 674 saeculo
2825 618 3024 674 ﬂorere
3049 620 3350 675 volentium
3379 635 3462 674 se-

1870 711 2102 764 cundum
2135 712 2274 779 quod
2304 711 2518 775 dicitur,
2555 719 2608 765 et
2653 709 2852 764 malum
2893 725 3109 775 secum,
3149 710 3288 764 sicut
3334 709 3463 764 scri-

1875 810 2021 870 ptum
2048 813 2129 857 cst
2153 845 2167 868 ,
2200 813 2257 856 ut
2288 803 2552 858 eximeret
2582 817 2680 857 nos
2707 801 2774 858 de
2803 802 3056 872 praesenti
3084 802 3284 857 saeculo
3312 802 3463 857 mali-

1870 908 1994 963 gno.
2050 894 2179 947 Tale
2219 895 2361 948 enim
2401 904 2485 950 est
2509 905 2562 949 et
2591 894 2720 948 illud
2752 913 2762 946 :
2796 895 3031 960 Quorum
3077 895 3217 949 Deus
3249 902 3460 960 venter,

1871 986 1974 1040 nisi
2001 995 2144 1041 esset
2173 987 2240 1040 ibi
2273 1003 2499 1057 quorum
2533 989 2676 1042 nullo
2713 989 2874 1044 modo
2909 989 3133 1053 diceret,
3171 989 3310 1044 Deus
3335 1005 3461 1044 ven-

1874 1087 1978 1145 ter,
2007 1093 2106 1132 nec
2138 1079 2190 1131 in
2245 1078 2460 1132 Psalino
2502 1080 2764 1135 daemonia
2811 1088 3034 1150 possent
3076 1081 3148 1134 dii
3195 1080 3455 1150 appellari

1872 1170 1976 1225 nisi
2006 1171 2297 1226 adderetur
2323 1173 2561 1241 gentium
2592 1173 2878 1229 datmonia.
2905 1173 2996 1229 Sic
3023 1174 3165 1228 enim
3197 1173 3458 1242 scriptum

1871 1273 1990 1320 est:
2026 1263 2291 1330 Quoniam
2325 1265 2397 1318 (1ιὶ
2427 1266 2668 1334 gentium
2696 1265 2986 1322 daauionia.
3023 1267 3120 1320 Hic
3151 1277 3329 1321 autem
3360 1281 3460 1320 nec

1872 1355 2014 1412 Deus
2046 1356 2202 1425 hujus
2232 1357 2437 1424 saeculi,
2471 1373 2569 1412 nec
2591 1375 2817 1426 quorum
2849 1360 2990 1414 Deus
3022 1368 3228 1426 venter,
3262 1373 3362 1414 nec
3387 1357 3460 1413 dii

1870 1445 2128 1520 gentium,
2160 1450 2254 1504 sed
2291 1451 2613 1519 simpliciter
2651 1451 2884 1518 positum
2925 1461 3027 1514 est,
3065 1452 3206 1506 Deus
3252 1462 3458 1521 tempe-

1871 1523 2007 1596 ravit
2036 1557 2250 1610 corpus.
2281 1543 2371 1611 qui
2398 1557 2504 1596 non
2534 1551 2710 1612 potest
2740 1542 2961 1612 intelligi
2987 1543 3088 1596 nisi
3113 1542 3253 1597 Deus
3284 1558 3450 1597 verus

1871 1633 2114 1687 omnium
2145 1643 2373 1688 creator.
2409 1633 2498 1687 illa
2526 1634 2670 1688 enim
2696 1648 2816 1689 cum
2848 1633 3235 1704 vituperatione
3265 1635 3452 1689 dicun-

1873 1735 1978 1788 tur,
2036 1725 2136 1779 hoc
2175 1735 2351 1779 autem
2395 1740 2515 1779 cum
2563 1725 2719 1779 laude
2757 1725 2954 1778 dictum
3006 1735 3121 1788 est;
3169 1726 3269 1778 nisi
3321 1725 3459 1778 forte

1871 1820 2040 1876 Deum
2075 1831 2406 1891 temperasse
2447 1836 2643 1890 corpus
2669 1837 2773 1874 non
2801 1819 3155 1888 dispositione
3185 1821 3458 1874 membro-

164 1926 348 1970 autcm
392 1932 496 1973 non
547 1921 739 1974 valetis
785 1921 995 1977 discere
1046 1922 1400 1994 [discernere]
1431 1925 1560 1993 quid
1609 1924 1768 1979 faciat
1797 1917 1845 1979 Β
1874 1935 2014 1987 Tum.
2060 1923 2159 1973 hoc
2190 1929 2273 1974 εει
2322 1919 2632 1973 fabricando
2669 1926 2723 1972 ει
2751 1915 3132 1978 construendo.
3183 1914 3279 1968 sed
3320 1916 3458 1968 mix—

160 2008 314 2066 Dens
345 2009 629 2077 beneﬁcio,
661 2013 790 2080 quid
835 2013 1058 2082 judicio,
1089 2015 1213 2085 quia
1257 2026 1311 2070 et
1356 2030 1385 2068 a
1417 2015 1581 2071 corde
1611 2025 1667 2071 et
1696 2018 1764 2070 ab

159 2124 266 2165 ore
295 2121 476 2166 vestro
507 2113 664 2182 longe
693 2123 775 2168 est
807 2114 1115 2183 psalterium
1147 2123 1407 2181 nostrum,
1432 2115 1518 2168 ubi
1550 2115 1760 2170 dicitur:

163 2202 591 2260 Misericordiam
621 2217 678 2262 et
703 2207 960 2276 judicium
992 2209 1217 2262 cantabo
1257 2209 1373 2272 tibi,
1409 2209 1652 2264 Domine.

649 2317 782 2412 '55
829 2340 1054 2395 CAPUT
1099 2340 1261 2395 Lxx.

166 2425 249 2480 De
287 2446 345 2483 eo
375 2431 512 2498 quod
543 2431 614 2483 ait
645 2432 779 2483 idem
811 2434 1120 2498 Apostolus,
1155 2432 1292 2483 Deus
1325 2433 1623 2497 temperarit
1654 2447 1769 2484 cor-

240 2517 367 2568 ‘pus,
400 2517 463 2552 ea:
490 2503 664 2553 eodem
695 2502 827 2554 libro
856 2518 944 2554 XXI
977 2512 1154 2553 contra
1178 2499 1449 2554 Faustum.

256 2593 394 2646 Dicit
425 2593 714 2661 Apostolus
749 2612 758 2644 :
798 2595 937 2648 Deus
967 2595 1285 2662 temperavit
1313 2609 1527 2662 corpus,
1561 2604 1616 2647 et
1641 2593 1770 2648 dicit

168 2684 286 2739 .iste
328 2684 445 2748 ὕλη,
476 2699 580 2739 non
613 2685 776 2740 Deus.
808 2686 943 2753 Quid
970 2685 1145 2755 aptius
1171 2685 1450 2758 [apertius]
1483 2686 1564 2741 his
1590 2686 1769 2741 inimi-

164 2773 320 2829 citiis
350 2785 474 2829 ante
504 2778 915 2831 anathemandis
947 2791 1106 2845 quam
1137 2777 1412 2832 refellendi
1442 2787 1564 2834 sunt
1589 2779 1768 2849 [quam

161 2865 533 2937 refellendis].
575 2866 840 2936 Numquid
870 2877 927 2922 et
957 2869 1042 2922 hic
1072 2868 1360 2934 Apostolus
1381 2883 1497 2922 cum
1545 2869 1766 2937 diceret,

169 2956 344 3026 Deus,
371 2958 572 3012 addidit
605 2961 766 3027 hujus
795 2959 1018 3014 saeculi?
1049 2959 1150 3013 Ubi
1181 2959 1338 3012 etiam
1363 2958 1408 3013 si
1439 2961 1559 3028 quis
1587 2961 1770 3016 diabo-

168 3050 289 3104 lum
334 3049 661 3106 intellexerit
704 3066 978 3107 excaecare
1022 3061 1229 3106 mentes
1285 3051 1605 3118 infidelium,
1662 3066 1768 3106 non

168 3156 447 3212 negamus
486 3145 643 3198 malis
688 3143 1048 3210 suasionibus,
1081 3144 1271 3214 quibus
1304 3145 1389 3214 qui
1428 3145 1768 3200 consentiunt

161 3233 398 3305 justitia:
448 3236 626 3292 lumen
661 3237 930 3301 amittunt,
988 3238 1095 3292 Deo
1132 3237 1458 3293 retribuente
1489 3240 1627 3308 quod
1651 3238 1768 3308 jus-

1871 2013 2017 2068 tione
2059 2013 2192 2068 lucis
2237 2029 2348 2067 sua:
2395 2015 2620 2067 Faustus
2665 2012 2942 2081 intelligit,
2987 2019 3046 2064 ut
3084 2012 3288 2064 scilicet
3337 2009 3452 2062 haec

1871 2107 2110 2160 membra
2135 2105 2201 2158 ita
2231 2105 2479 2158 distincta
2509 2116 2559 2158 et
2591 2104 2761 2158 locata
2795 2104 2903 2156 suis
2929 2101 3145 2156 sedibus
3188 2100 3328 2154 alter
3354 2113 3456 2167 po-

1870 2197 2034 2252 suerit
2074 2198 2162 2266 qui
2196 2197 2294 2252 hoc
2326 2198 2618 2252 fabricavit.
2669 2199 2809 2252 Deus
2836 2207 3017 2250 autem
3054 2195 3330 2250 miscendo
3364 2193 3458 2248 bo-

1869 2293 2092 2345 nitatem
2123 2307 2294 2355 suam,
2329 2291 2485 2358 hujus
2517 2291 2731 2343 fabrica:
2763 2291 3019 2342 malitiam
3053 2286 3456 2354 temperaverit.

1872 2384 2096 2438 Talibus
2126 2384 2267 2436 enim
2301 2383 2494 2437 fabulis
2536 2382 2768 2450 pueriles
2797 2381 3001 2434 animas
3046 2379 3330 2442 hebetant,
3362 2377 3459 2432 sed

1871 2491 2044 2544 neque
2076 2475 2177 2528 hoc
2200 2489 2293 2529 eos
2323 2474 2600 2543 possidere
2631 2474 2812 2546 [posse
2840 2473 3042 2541 dicere]
3073 2472 3315 2542 permisit
3335 2471 3459 2528 sub-

1872 2568 2095 2622 venieus
2143 2568 2282 2620 Deus
2333 2566 2565 2635 parvulis
2611 2579 2706 2634 per
2754 2579 2846 2618 ora
2897 2572 3225 2618 sanctorum.
3284 2560 3459 2614 Habes

1873 2659 2015 2713 enim
2045 2669 2097 2712 et
2129 2658 2286 2724 paulo
2313 2658 2579 2726 superius,
2617 2658 2756 2710 Deus
2785 2657 2960 2724 posuit
2990 2654 3228 2708 membra
3277 2654 3458 2720 singu-

1873 2751 1981 2804 lum
2023 2749 2271 2818 quodque
2313 2750 2544 2820 [singula
2592 2745 2840 2818 quaeque]
2890 2762 3076 2801 eorum
3127 2745 3182 2799 in
3231 2757 3458 2812 corpore

1873 2854 2033 2914 prout
2062 2846 2250 2897 voluit.
2285 2844 2418 2910 Quis
2446 2845 2552 2912 jam
2587 2859 2693 2897 non
2735 2842 2992 2909 intelligat
3031 2838 3324 2895 secundum
3357 2836 3457 2890 hoc

1872 2939 2073 2993 dictum
2118 2938 2285 2992 Deum
2332 2946 2746 3006 temperatorem
2787 2935 3028 3001 corporis
3058 2933 3181 2996 sui,
3213 2928 3356 3000 quod
3389 2942 3457 2982 ex

1871 3034 2056 3087 multis
2079 3031 2334 3087 membris
2359 3047 2553 3101 corpus
2580 3029 2885 3095 fabricavit,
2915 3027 3094 3081 officia
3120 3025 3456 3081 diversorum

1871 3143 2093 3198 operum
2125 3131 2177 3184 in
2207 3127 2426 3183 unitatis
2452 3141 2712 3196 compage
2741 3123 3096 3180 servantibus.

2439 3260 2666 3317 CAPUT
2717 3259 2899 3314 LXXI.

316 3336 423 3381 es"
473 3327 598 3382 Haec
625 3329 802 3382 omnia
849 3329 1075 3400 ιεαίωυε
1115 3329 1167 3383 in
1200 3330 1494 3399 scripturis
1533 3333 1755 3386 δθηθίίδο
1789 3309 1836 3373 C
1871 3352 2124 3420 Exemplo
2165 3353 2382 3404 Abrahm
2412 3353 2624 3404 cclantis
2665 3353 2936 3418 coniugem
2979 3348 3122 3420 docet
3160 3352 3216 3398 ut
3251 3343 3458 3420 quando

164 3415 314 3471 Nam
345 3427 399 3474 et
439 3419 566 3474 illud
598 3420 798 3474 dictum
841 3432 922 3475 est
963 3422 1029 3474 de
1074 3421 1385 3474 seductione
1430 3421 1764 3476 extrinsecus

169 3512 477 3565 Veniente:
513 3510 701 3567 Timeo
732 3527 799 3566 ne
829 3515 966 3566 sicut
997 3528 1219 3583 serpens
1261 3513 1421 3567 Evam
1463 3514 1674 3568 seduxit
1713 3515 1764 3568 in

166 3603 414 3657 Versutia
436 3619 552 3667 sua,
588 3605 656 3658 ita
687 3616 1099 3672 corrumpantur
1129 3616 1336 3660 mentes
1358 3615 1552 3660 vestra:
1580 3621 1608 3658 a
1640 3607 1767 3660 sim-

165 3692 420 3760 plicitate
464 3705 518 3749 et
544 3696 794 3750 castitate
819 3713 938 3759 quae
984 3708 1066 3750 est
1103 3697 1152 3750 in
1186 3697 1415 3752 Christo.
1459 3697 1555 3751 Cui
1593 3697 1768 3750 simile

167 3793 266 3838 est
299 3803 313 3837 :
345 3785 706 3857 Corrumpunt
754 3803 934 3842 mores
980 3787 1149 3843 bonos
1189 3789 1452 3856 colloquia
1503 3790 1658 3842 mala.
1706 3787 1769 3840 Et

170 3875 314 3929 illud
342 3879 483 3946 quod
517 3887 572 3931 et
598 3877 698 3932 sibi
744 3881 967 3948 quisque
1011 3880 1264 3934 seductor
1310 3879 1378 3932 sit
1407 3897 1418 3931 :
1447 3879 1544 3946 Qui
1586 3888 1765 3934 autem

161 3976 327 4036 putat
362 3984 484 4022 esse
511 3983 570 4022 se
598 3968 798 4036 aliquid
827 3985 950 4024 cum
982 3971 1112 4025 nihil
1145 3973 1234 4035 sit,
1269 3974 1502 4038 seipsum
1536 3971 1765 4033 seducit,

161 4070 232 4116 et
265 4062 397 4114 illud
433 4062 500 4114 de
533 4062 626 4116 Dei
654 4063 883 4116 vindicta
915 4065 1052 4132 quod
1095 4079 1251 4133 supra
1283 4065 1766 4118 commemoravit:

165 4151 429 4207 Tradidit
461 4154 582 4208 illos
615 4155 756 4208 Deus
788 4157 839 4209 in
873 4158 1158 4224 reprobum
1189 4173 1401 4211 sensum
1421 4202 1434 4225 ,
1487 4167 1544 4211 ut
1572 4157 1772 4211 faciant

163 4259 300 4314 qm:
334 4259 438 4296 non
474 4245 840 4298 conveniunt:
876 4245 947 4300 ita
975 4255 1028 4299 et
1065 4246 1117 4299 in
1152 4247 1428 4300 veteribus
1458 4247 1609 4300 libris
1641 4261 1765 4300 cum

159 4334 549 4407 praedixisset,
588 4334 727 4389 Deus
752 4343 978 4390 mortem
1023 4351 1128 4390 non
1161 4335 1306 4401 fecit,
1337 4350 1436 4390 nec
1478 4337 1690 4390 laetatur
1717 4337 1770 4390 in

163 4427 481 4502 perditione
528 4429 810 4494 vivorum,
859 4430 1018 4499 paulo
1082 4438 1241 4500 post:
1288 4429 1526 4496 Invidia,
1578 4428 1769 4498 inquit,

163 4520 377 4577 diaboli
409 4534 555 4574 mors
593 4521 812 4574 intravit
844 4522 898 4574 in
931 4522 1115 4576 orbem
1147 4531 1405 4576 terrarum
1434 4539 1447 4585 ;
1481 4531 1534 4576 et
1563 4535 1766 4587 rursus,

1942 3415 2089 3478 habet
2121 3425 2268 3475 homo
2297 3426 2432 3488 quod
2469 3424 2623 3489 faciat
2653 3438 2753 3476 non
2798 3415 2950 3473 tentet
2994 3419 3191 3481 Deum,
3229 3431 3292 3468 ea:
3330 3415 3458 3467 libro

1944 3511 2058 3549 xxu
2086 3503 2263 3547 contra
2290 3493 2557 3545 Faustum.

1948 3609 2095 3662 Dicet
2123 3608 2340 3675 aliquis:
2374 3607 2480 3658 Cur
2506 3619 2612 3658 non
2644 3604 2819 3672 potius
2847 3603 2914 3658 de
2943 3602 3054 3655 Deo
3082 3615 3180 3654 suo
3211 3600 3281 3652 ita
3314 3612 3457 3668 pric-

1872 3701 2101 3768 sumpsit
2127 3697 2395 3751 Abraham
2423 3707 2477 3750 ut
2510 3696 2661 3750 fateri
2706 3711 2808 3750 nou
2843 3695 3054 3749 timeret
3079 3707 3324 3747 uxorem.
3357 3690 3458 3744 Ne-

1872 3806 1976 3861 que
2007 3787 2300 3862 [nunquid]
2333 3788 2474 3842 euim
2511 3787 2651 3842 Deus
2701 3786 2770 3840 ab
2811 3786 2900 3840 illo
2932 3801 3036 3838 non
3071 3791 3282 3854 poterat
3313 3795 3458 3835 mor-

1873 3891 1980 3937 tem
2012 3873 2276 3950 repellere
2307 3896 2464 3950 quam
2510 3879 2752 3942 timebat,
2805 3893 3034 3947 eumque
3065 3892 3186 3932 cum
3230 3874 3458 3944 conjuge

1871 3993 1968 4034 sua
2015 3979 2080 4031 ab
2121 3978 2266 4029 omni
2300 3975 2535 4041 pernicie
2589 3976 2638 4028 in
2685 3975 2772 4028 illa
2808 3972 3240 4041 peregrinatione
3271 3967 3454 4031 tutari,

1872 4078 1931 4122 ut
1974 4082 2073 4122 nec
2103 4082 2235 4120 uxor
2273 4066 2410 4133 ejus,
2437 4065 2675 4132 quamvis
2705 4072 2847 4117 esset
2876 4063 3256 4128 pulcherrima,
3288 4073 3458 4127 appe-

1876 4171 2078 4215 teretur
2108 4161 2173 4212 ab
2195 4157 2393 4226 aliquo,
2428 4171 2526 4210 nec
2561 4165 2776 4224 propter
2804 4155 2968 4216 illam,
2997 4154 3084 4208 ille
3115 4151 3272 4224 [ipse]
3305 4166 3460 4206 neca-

1875 4252 2067 4306 retur?
2097 4250 2314 4304 Poterat
2348 4262 2478 4301 sane
2511 4247 2610 4300 hoc
2648 4246 2871 4300 efficere
2903 4245 3066 4299 Deus.
3117 4243 3248 4312 Quis
3290 4243 3359 4296 ita
3392 4241 3461 4297 sit

1875 4341 2097 4396 demens
2130 4349 2186 4394 ut
2217 4341 2318 4393 hoc
2342 4339 2541 4408 neget?
2569 4337 2674 4393 Sed
2705 4339 2750 4392 si
2783 4338 3142 4407 interrogatus
3163 4335 3457 4402 Abraham,

1875 4433 2021 4489 illam
2070 4433 2316 4486 feminam
2359 4431 2618 4485 indicaret
2665 4429 2995 4504 [indicasset]
3046 4443 3288 4495 uxorem,
3331 4427 3461 4482 duas

1877 4541 1966 4581 res
1991 4525 2220 4580 tuendas
2240 4525 2601 4580 committeret
2632 4525 2761 4589 Deo,
2789 4534 2842 4578 et
2870 4538 3020 4578 suam
3044 4525 3227 4587 vitam,
3251 4531 3304 4577 et
3329 4536 3456 4576 con-

165 4611 246 4666 de
283 4612 393 4679 ipsa
420 4618 591 4663 morte
621 4625 688 4664 ne
718 4624 776 4665 se
808 4610 1050 4666 homines
1069 4623 1218 4666 extra
1247 4614 1456 4681 culpam
1481 4622 1764 4682 ponerent.

1875 4619 2015 4690 jugis
2055 4619 2389 4689 pudicitiam.
2438 4619 2676 4673 Pertinet
2719 4628 2896 4672 autem
2928 4617 2993 4671 ad
3035 4631 3218 4671 sanam
3267 4615 3460 4670 doctriv

164 4702 335 4772 lmpii
370 4710 546 4757 autem
588 4703 838 4757 manibus
864 4711 918 4756 et
943 4704 1144 4769 verbis,
1173 4703 1367 4773 inquit,
1403 4704 1768 4759 accersierunt
1792 4695 1849 4755 Β
1875 4727 2000 4766 nam
2031 4721 2089 4766 ιη
2119 4711 2331 4779 quando
2361 4711 2520 4766 habet
2547 4711 2688 4779 quod
2734 4709 2891 4764 faciat
2921 4709 3079 4764 homo
3119 4723 3222 4763 non
3254 4716 3461 4761 tentare

161 4796 365 4857 illam,
419 4805 475 4850 et
523 4795 894 4850 existimantes
943 4797 1089 4850 illam
1134 4799 1358 4852 amicam
1406 4798 1760 4855 defluxerunt.

161 4887 321 4947 Alibi
348 4897 526 4942 autem
556 4904 570 4941 :
603 4887 749 4941 Bona
781 4895 834 4942 et
873 4887 1034 4952 mala,
1076 4889 1182 4942 vita
1211 4897 1265 4943 et
1292 4904 1455 4953 mors,
1488 4890 1686 4944 divitize
1715 4902 1768 4945 et

162 4987 470 5054 paupertas
502 4995 529 5032 a
560 4979 787 5033 Domino
815 4979 926 5034 Deo
956 4987 1100 5033 sunt.
1136 4980 1232 5034 Hic
1271 4982 1566 5049 perturbati
1588 4981 1766 5036 homi-

163 5089 278 5129 nes
325 5087 430 5125 non
473 5071 795 5140 intelligunt,
843 5073 894 5126 in
941 5089 1047 5126 uno
1087 5073 1386 5144 eodemque
1417 5091 1580 5141 Opere
1628 5078 1767 5131 malo

164 5181 287 5221 non
341 5174 523 5233 postea
569 5173 932 5234 consequente
988 5166 1091 5220 alia
1136 5183 1254 5236 qua:
1319 5167 1596 5221 manifesta
1642 5169 1767 5232 erit,

162 5260 270 5314 sed
305 5259 530 5325 quadam
574 5258 830 5312 continuo
873 5260 1167 5314 comitante
1199 5259 1454 5323 vindicta,
1503 5260 1646 5313 aliud
1678 5275 1768 5315 ve-

163 5355 304 5407 nire
329 5349 396 5404 de
428 5351 624 5404 astutia
655 5352 952 5417 suadentis,
986 5353 1127 5406 aliud
1160 5353 1226 5406 de
1256 5351 1488 5419 nequitia
1515 5351 1766 5419 volentis,

165 5443 328 5499 aliud
373 5443 439 5497 de
481 5443 692 5512 justitia
738 5445 1030 5512 punientis.
1067 5446 1200 5500 Cum
1233 5445 1478 5499 diabolus
1508 5444 1762 5513 suggerit,

169 5536 349 5590 homo
373 5535 660 5601 consentit,
687 5534 828 5589 Deus
851 5535 1071 5591 deserit.
1101 5536 1361 5602 Quocirca
1391 5537 1444 5590 in
1471 5551 1633 5604 opere
1657 5551 1765 5589 ma-

169 5629 262 5692 lo,
309 5627 360 5681 id
404 5635 487 5680 est
514 5629 877 5682 excazcatione
908 5629 1231 5695 infidelium,
1281 5630 1324 5683 si
1356 5629 1684 5698 intelligatur
1715 5638 1768 5684 et

170 5718 432 5774 diabolus
460 5729 676 5789 propter
697 5720 955 5774 suadendi
979 5719 1384 5788 malignitatem,
1402 5731 1459 5774 ut
1483 5723 1560 5776 sic
1579 5721 1767 5776 distin-

91 5817 101 5830 ‘
173 5819 382 5881 guatur
412 5810 550 5866 Deus
581 5811 736 5881 hujus
768 5811 950 5867 saeculi
971 5853 986 5878 ,
1036 5826 1143 5866 non
1185 5811 1316 5866 mihi
1345 5813 1554 5868 videtur
1583 5813 1770 5868 absur-

173 5901 338 5960 dum.
365 5900 546 5972 Neque
576 5905 716 5960 cnim
741 5903 855 5962 sine
886 5903 1251 5964 additamento
1273 5903 1464 5962 dicitur
1489 5906 1625 5962 Deus
1648 5921 1768 5964 cum

1875 4804 2089 4878 [tentet]
2121 4803 2406 4858 Dominum
2441 4803 2608 4857 Deum
2651 4819 2826 4856 suum.
2871 4803 3050 4872 Neque
3094 4801 3236 4856 enim
3270 4810 3320 4853 et
3349 4799 3461 4864 ipse

1878 4897 2129 4951 Salvator
2169 4912 2274 4950 non
2322 4903 2532 4964 poterat
2563 4895 2698 4948 tueri
2739 4894 3030 4963 discipulos
3071 4907 3217 4958 suos,
3271 4890 3460 4957 quibus

1874 4996 2054 5042 tamen
2103 4987 2178 5040 ait
2208 5005 2219 5038 :
2255 4987 2311 5040 Si
2344 4999 2440 5039 vos
2473 4987 2736 5053 persecuti
2767 4986 2965 5041 fuerint
3005 4987 3059 5039 in
3090 4999 3192 5038 una
3221 4983 3460 5044 civitate,

1871 5078 2043 5146 fugite
2068 5077 2120 5130 in
2151 5077 2345 5138 aliam;
2375 5077 2526 5142 cujus
2556 5077 2634 5131 rei
2683 5077 2830 5146 prior
2868 5075 3177 5143 exemplum
3210 5072 3456 5141 praebuit.

1877 5169 2010 5222 Nam
2065 5183 2186 5223 cum
2266 5178 2579 5235 potestatem
2641 5170 2862 5225 haberet
2931 5167 3162 5238 ponendi
3226 5165 3459 5218 animant

1875 5276 2052 5327 suam,
2082 5276 2180 5315 nec
2205 5277 2323 5316 eam
2349 5273 2571 5332 poneret
2597 5263 2698 5316 nisi
2728 5277 2849 5316 cum
2874 5262 3050 5325 vellet,
3085 5260 3138 5313 in
3169 5257 3460 5328 Egyptum

1877 5364 2053 5408 tamen
2105 5356 2276 5410 infans
2325 5357 2661 5424 portantibus
2725 5353 3036 5424 parentibus
3091 5351 3225 5419 fugit
3257 5367 3269 5402 :
3300 5359 3354 5402 ct
3397 5349 3461 5400 ad

1875 5444 2016 5499 diem
2060 5446 2250 5500 festum
2299 5462 2405 5500 non
2441 5447 2739 5511 evidenter,
2791 5445 2884 5498 sed
2926 5445 3153 5498 latenter
3198 5439 3461 5503 ascendit,

1875 5549 1996 5589 cum
2023 5537 2153 5588 alias
2184 5538 2356 5604 palam
2405 5537 2714 5606 loqueretur
2746 5535 2948 5590 Judzeis
2988 5533 3361 5600 irascentibus,
3409 5542 3461 5587 et

1877 5625 2250 5681 inimicissimo
2286 5627 2465 5681 animo
2505 5628 2845 5682 audientibus
2887 5640 2986 5682 nec
3013 5635 3193 5680 tamen
3231 5623 3456 5679 valenti-

1875 5721 1976 5774 bus
2022 5721 2072 5774 in
2117 5735 2237 5774 eum
2278 5721 2491 5775 mittere
2538 5733 2751 5784 manus,
2799 5721 2924 5789 quia
2967 5719 3201 5774 nondum
3243 5727 3460 5773 venerat

1879 5817 2008 5872 hora
2057 5817 2206 5886 ejus,
2254 5833 2361 5873 non
2416 5817 2567 5886 cujus
2615 5817 2761 5871 horae
2807 5816 3128 5872 necessitate
3179 5823 3460 5885 cogeretur

1876 5912 2032 5976 mori,
2073 5911 2166 5967 sed
2208 5909 2360 5980 cujus
2403 5909 2548 5966 horae
2585 5909 2982 5980 opportunitate
3025 5907 3332 5978 dignaretur
3366 5917 3456 5967 oc-
