3968 6390
1626 327 1657 334 ν.

507 414 616 484 est

1563 417 1630 473 υ.
1671 401 1989 471 ευργρριι
2030 344 2333 463 Αθθλτις
2357 392 2679 459 AFRICANI

3693 388 3796 446 692

506 540 637 600 cidl.
665 526 766 611 Qut
797 544 927 613 ergo
956 534 1129 611 palam
1168 522 1413 593 docendo
1440 539 1495 589 et
1523 528 1797 603 arguendo
1828 533 1883 582 et
1910 534 2089 579 tamen
2118 522 2173 582 Δ
2196 517 2319 611 quis
2357 516 2573 571 tandem
2619 515 2879 613 amaverit
2906 514 2959 569 in
2990 512 3243 613 operibus
3272 508 3497 613 iustitia
3549 507 3800 613 laborem

509 635 850 692 inimicorum
879 634 1081 689 rabiem
1110 626 1296 684 valere
1318 627 1370 682 in
1403 639 1463 681 se
1484 623 1683 694 aliquid
1715 634 1819 675 non
1844 616 2090 683 sinendo,

508 726 609 785 Dei
631 725 1031 785 demonstrabat
1060 726 1403 793 potestatem,
1454 718 1594 772 idem
1630 724 1806 771 tamen
1842 708 2095 782 fugiendo

509 822 567 878 et
596 819 809 876 latténdo
832 816 1066 871 hominis
1096 813 1413 869 OSIendebat
1437 806 1780 885 [instruebat]
1814 803 2097 859 infirmita-

509 911 642 968 tem.
670 910 735 967 ne
760 908 861 983 [ut]
889 910 1055 963 Deum
1080 914 1291 962 tentare
1312 902 1503 959 audeat
1530 900 1743 971 quando
1773 899 1931 951 habet
1957 895 2099 966 quod

462 1019 466 1023 '
513 1002 695 1068 faciat,
722 1008 782 1054 ut
811 999 951 1069 quod
980 996 1175 1054 cavere
1197 1003 1413 1067 Oportet
1434 992 1645 1049 evadat.
1671 992 1853 1059 Neque
1879 991 2020 1045 enim
2044 992 2101 1043 et

507 1093 783 1167 apestolus
811 1090 1010 1147 Paulus
1039 1091 1425 1162 desperaverat
1447 1087 1782 1157 adjutorium
1808 1080 2102 1153 protectio-

507 1199 740 1256 nemque
783 1184 1038 1252 divinam,
1075 1184 1343 1253 [idemque
1391 1180 1694 1251 perdiderat
1739 1178 1959 1247 quando
2007 1190 2103 1245 per

505 1290 723 1335 murum
755 1278 808 1331 in
835 1285 1019 1347 sporta
1045 1276 1345 1331 submissus
1382 1283 1485 1339 est,
1519 1281 1577 1329 ut
1607 1274 1944 1327 inimicorum
1990 1278 2105 1324 ma-

509 1386 615 1429 nus
655 1372 937 1442 eﬂugeret.
968 1371 1089 1427 Non
1121 1386 1252 1441 ergo
1297 1372 1352 1426 in
1386 1370 1554 1426 Deum‘
1589 1385 1694 1425 non
1727 1365 1997 1424 credendo
2026 1366 2104 1421 sic

510 1466 668 1538 fugit,
718 1466 810 1523 sed
842 1466 1009 1522 Deum’
1063 1477 1275 1523 tentare
1305 1465 1594 1520 metuendo
1626 1464 1817 1537 [Deum
1853 1458 2105 1532 tentaret]

511 1557 562 1617 si
586 1557 771 1630 fugere
796 1556 1079 1627 voluisset,
1105 1573 1226 1615 cum
1256 1558 1337 1614 sic
1366 1557 1551 1628 fugere
1580 1552 1863 1628 potuisset.

1066 1736 1298 1794 CAPUT
1336 1733 1545 1792 LXXII.

517 1833 657 1902 Quid
677 1846 848 1890 rerum
863 1832 1198 1905 ﬁguraverittt
1225 1843 1447 1905 quatuor
1474 1847 1655 1888 uxores
1681 1828 1866 1902 Iacob,
1896 1846 1960 1887 ex
1989 1827 2106 1885 eod.

1050 1906 1140 1960 lib.
1172 1916 1349 1961 contra
1376 1903 1568 1959 Faust.

587 2014 841 2075 Refutato
869 2019 1098 2076 crimine
1126 2020 1266 2090 quod
1298 2019 1535 2077 nefarius
1584 2034 1739 2076 error
1781 2019 2002 2089 objecit,
2036 2017 2105 2075 de

514 2114 656 2172 libro
698 2124 757 2170 ttt
798 2128 1079 2185 possumus
1124 2116 1502 2187 mysteriorum
1552 2130 1759 2172 secreta
1812 2120 2101 2188 rimeinur,

517 2207 899 2278 pulsemusque
930 2206 1053 2263 lidei
1098 2210 1312 2277 pietate,
1352 2219 1409 2263 ut
1444 2210 1599 2264 nobis
1627 2211 1899 2280 aperiatur
1930 2227 1956 2262 a
1994 2208 2103 2264 Do-

516 2301 686 2369 mino,
720 2300 845 2369 quid
881 2314 1061 2357 rerum
1103 2301 1449 2373 figuraverint
1490 2313 1721 2373 quatuor
1762 2304 1878 2360 ista:
1910 2318 2105 2361 uxores

513 2391 701 2460 Jacob,
748 2398 973 2467 quarum
1022 2396 1141 2452 dua:
1195 2397 1397 2463 liberte,
1445 2398 1563 2452 duae
1609 2397 1819 2453 ancillae
1868 2394 2103 2454 fuerunt.

514 2486 776 2543 Videmus
819 2489 964 2543 enim
992 2492 1308 2559 Apostolum
1345 2492 1397 2545 in
1434 2491 1599 2547 libera
1628 2502 1680 2546 et
1710 2493 1927 2559 ancilla,
1974 2506 2107 2563 quas

515 2577 708 2634 habuit
737 2580 1031 2645 Abraham,
1060 2582 1168 2636 duo
1200 2590 1518 2639 testamenta
1552 2585 1867 2655 intelligere.
1899 2583 2003 2641 Sed
2034 2584 2108 2639 ibi

514 2671 574 2727 in
617 2686 723 2727 una
750 2680 806 2727 et
835 2687 939 2727 una
969 2672 1178 2729 facilius
1207 2683 1430 2743 appatet
1455 2677 1596 2746 quod
1631 2676 1847 2741 dicitur,
1892 2674 1978 2732 hic
2009 2691 2105 2731 au-

515 2769 625 2818 tem
648 2762 771 2818 dum
802 2772 926 2820 sunt
954 2772 1008 2821 et
1033 2764 1173 2831 duae,
1204 2764 1401 2824 dl-inde
1424 2766 1492 2821 ibi
1516 2769 1724 2824 ancillae
1752 2769 1893 2823 [ilius
1923 2769 2108 2824 exiite-

402 2876 413 2887 κ
516 2852 760 2922 fedatur,
800 2856 889 2912 hic
919 2870 1049 2913 vero
1071 2858 1386 2913 ancillarum
1420 2859 1513 2915 lilii
1542 2862 1703 2915 simul
1731 2876 1853 2916 cum
1886 2858 2009 2915 filiis
2038 2859 2107 2914 li-

515 2944 769 3003 berorum
803 2960 1000 3004 terram
1044 2951 1481 3020 repromissionis
1512 2954 1810 3031 accipiunt,
1844 2953 1988 3007 unde
2022 2951 2111 3009 hic

518 3042 875 3110 proculdubio
925 3045 1071 3098 aliud
1126 3042 1327 3113 aliquid
1375 3046 1731 3114 signiﬁcatur.
1792 3049 2110 3116 Quanquam

518 3132 664 3186 enim
706 3134 838 3189 duas
877 3135 1076 3190 liberas
1124 3148 1321 3192 usores
1361 3137 1530 3193 Jacob
1569 3140 1633 3194 ad
1665 3141 1869 3194 Novum
1919 3139 2109 3194 Testa-

519 3232 787 3295 mentum,
817 3243 925 3297 quo
955 3228 1008 3282 in
1042 3228 1342 3285 libertatem
1372 3233 1545 3285 vocati
1576 3246 1787 3299 sumus,
1809 3233 2111 3288 existimem

2196 608 2471 666 actionum
2501 621 2658 679 atque
2690 608 3039 681 paSsionum?
3069 607 3187 679 quis
3217 614 3337 662 eam
3362 605 3539 658 vitam
3578 610 3801 671 proritet

2197 707 2430 772 seipsam
2463 699 2797 772 expetiverit,
2840 703 2981 756 sicut
3027 714 3129 755 nec
3157 697 3322 754 lacub
3358 696 3550 763 Liam,
3600 696 3698 751 sed
3728 696 3801 750 ta-

2202 811 2325 851 meti
2355 796 2458 851 sibi
2502 805 2659 849 nocte
2687 796 3019 863 supposuam
3053 792 3105 847 in
3140 804 3291 846 usum
3328 789 3650 860 generandi
3694 803 3796 844 am-

2202 891 2390 960 plexus
2432 898 2489 943 et
2534 886 2911 943 fecunditatem
2946 885 3063 955 ejus
3092 892 3346 955 erpertus
3383 890 3496 939 est.
3549 884 3797 939 Dominus
3864 880 3868 882 ⁷

2201 985 2344 1039 enim
2373 996 2493 1039 eam
2519 983 2639 1053 quia
2671 994 2765 1053 per
2787 982 3017 1048 seipsam
3050 979 3196 1048 diligi
3226 992 3331 1033 non
3357 986 3610 1047 poterat,
3642 979 3793 1047 primo

2202 1086 2262 1132 nt
2309 1077 2375 1130 ad
2425 1076 2626 1130 Rachel
2685 1075 3062 1145 perveniretur
3107 1072 3329 1127 tolerari
3377 1071 3543 1127 fecit.
3611 1070 3795 1126 Deinde

2204 1181 2423 1241 propter
2469 1170 2608 1223 ﬁlios
2656 1166 3073 1224 commendavit.
3122 1168 3196 1221 lta
3239 1174 3365 1221 vero
3420 1165 3790 1237 unusquisque

2204 1264 2352 1318 utilis
2387 1263 2478 1319 Dei
2518 1270 2703 1318 servus
2743 1262 2843 1317 sub
2885 1262 3239 1317 dealbatiOnis
3274 1270 3641 1330 peccatorum
3685 1276 3789 1316 suu-

2206 1372 2325 1411 rum
2374 1357 2540 1427 gratia
2583 1356 2936 1421 constitutus,
2984 1353 3111 1424 quid
3156 1354 3300 1408 aliud
3345 1354 3398 1408 in
3429 1369 3541 1408 sua
3588 1371 3790 1411 conver-

2207 1451 2360 1505 sione
2418 1449 2704 1503 meditatus
2755 1448 2874 1503 est?
2926 1448 3053 1517 quid
3112 1446 3256 1502 aliud
3305 1447 3469 1502 corde
3538 1449 3787 1517 gestavit?

2208 1540 2336 1611 quid
2366 1541 2508 1595 aliud
2539 1542 2809 1596 adamavit
2833 1540 2933 1596 nisi
2962 1540 3261 1595 doctrinam
3284 1539 3618 1607 sapientiae?
3639 1542 3784 1608 Quam

2212 1634 2457 1704 plerique
2484 1646 2541 1687 se
2568 1633 2858 1701 adepturus
2881 1642 2935 1687 et
2954 1618 3303 1703 percepturos
3327 1642 3529 1703 putant
3546 1635 3718 1689 statim
3742 1643 3786 1689 ut

2209 1740 2271 1781 se
2298 1728 2349 1779 in
2382 1735 2586 1796 septem
2618 1727 2901 1797 praeceptis
2933 1727 3066 1799 legis
3096 1727 3440 1782 exercuerim
3465 1768 3482 1795 ,
3521 1744 3643 1798 qua:
3677 1737 3785 1783 sunt

2212 1818 2281 1874 de
2309 1820 2599 1875 dilectione
2622 1822 2872 1891 proximi,
2901 1832 2967 1875 tte
2995 1821 3244 1890 cuiquam
3275 1821 3479 1876 homini
3518 1834 3780 1888 noceatur,

2139 1908 2190 1977 Β
2217 1913 2267 1968 id
2298 1923 2402 1983 est,
2442 1914 2654 1970 Honora
2690 1923 2891 1983 patrem
2919 1926 2973 1970 et
2996 1924 3243 1980 matrem,
3274 1913 3390 1969 Nan
3423 1917 3782 1985 maechaberis,

2208 2008 2324 2064 Non
2377 2010 2611 2075 occides,
2654 2009 2771 2064 Non
2815 2008 3099 2074 furaberis,
3154 1998 3269 2063 Non
3329 2009 3521 2065 falsum
3565 2013 3781 2065 testimo-

2208 2116 2355 2155 n-um
2388 2100 2561 2167 dices,
2606 2100 2722 2155 Non
2764 2102 3116 2166 concupisces
3162 2114 3387 2156 uxorem
3426 2102 3656 2171 proximi
3689 2102 3779 2159 tui.‘

2209 2194 2419 2261 Quibus
2469 2200 2727 2263 quantum
2781 2195 3017 2259 potuerit
3065 2193 3394 2259 observatis,
3444 2204 3774 2262 posteaquam

2212 2286 2418 2341 homini
2443 2302 2538 2353 pro
2561 2285 2846 2352 concupita
2867 2296 2921 2340 et
2943 2296 3157 2353 sperata
3181 2286 3513 2353 pulcherrima
3536 2285 3762 2339 delectae

2211 2378 2358 2451 tipne
2388 2377 2652 2432 doctrina:
2683 2392 2778 2446 per
2809 2378 3134 2432 tentationes
3164 2378 3360 2440 varias,
3388 2378 3527 2445 quasi
3554 2393 3645 2448 per
3673 2377 3773 2432 bn-

2205 2468 2293 2537 jus
2316 2468 2495 2523 saeculi
2524 2480 2757 2531 noctem,
2786 2469 3069 2523 tolerantia
3102 2467 3299 2523 laboris
3323 2467 3619 2532 adhaeserit,
3644 2468 3777 2524 velut

2210 2576 2309 2630 pro
2337 2562 2539 2619 Rachel
2571 2561 2663 2615 Lia
2689 2561 2961 2629 inopinata
2991 2561 3281 2631 conjunma
3309 2562 3402 2627 sit,
3434 2570 3489 2616 et
3512 2561 3647 2616 hanc
3668 2578 3770 2616 sus-

2211 2656 2347 2709 tinet
2388 2664 2445 2708 ut
2476 2653 2543 2706 ad
2575 2654 2723 2707 illam
2768 2656 3049 2721 perveniat
3085 2654 3132 2709 si
3180 2666 3595 2725 perseveranter
3636 2662 3768 2721 amat,

2210 2748 2450 2817 acceptis
2480 2747 2606 2801 aliis
2643 2756 2849 2815 septem
2898 2748 3220 2817 praeceptis,
3268 2763 3333 2803 ac
3367 2750 3414 2804 si
3459 2752 3508 2803 ei
3550 2750 3766 2804 dicatur:

2212 2841 2367 2897 Servi
2396 2840 2530 2895 alios
2562 2849 2768 2910 septem
2802 2853 2974 2895 annos
3015 2854 3112 2910 pro
3142 2840 3348 2897 Rachel
3370 2882 3383 2901 ,
3422 2849 3483 2896 ut
3512 2841 3584 2896 sit
3610 2853 3768 2908 pauper

2211 2936 2425 3005 spiritu,
2454 2936 2625 3000 mitis,
2657 2935 2869 3006 lugens,
2894 2933 3160 3002 esuriens,
3190 2936 3495 3005 sitiensque
3522 2936 3756 3004 justitiam,

2212 3029 2555 3097 misericors,
2611 3026 2800 3083 mundi
2847 3027 3046 3090 cordis,
3102 3027 3381 3096 pacificus.
3439 3027 3614 3083 Vellet
3654 3026 3765 3081 enim

2214 3120 2398 3187 homo,
2424 3119 2469 3174 si
2496 3119 2611 3173 lieri
2640 3126 2820 3187 posset
2846 3118 2965 3173 sine
2990 3117 3101 3172 ulla
3131 3116 3417 3172 tolerantia
3442 3118 3652 3180 laboris,
3676 3129 3769 3185 qua

2214 3217 2267 3269 in
2308 3214 2523 3283 agendo
2564 3210 2925 3281 patiendoque
2974 3211 3349 3281 amplectenda
3389 3203 3768 3283 [amplectenda]

519 3318 812 3390 pertinere,
860 3334 968 3375 non
1010 3329 1186 3377 tamen
1239 3322 1441 3378 frustra
1473 3324 1593 3379 duae
1640 3335 1785 3391 sunt,
1829 3326 1931 3381 nisi
1970 3324 2107 3383 forte

2216 3314 2321 3372 est,
2354 3304 2534 3359 statim
2563 3305 2627 3359 ad
2661 3304 2900 3373 pulchrae
2924 3314 3085 3372 atque
3124 3303 3377 3373 perlecta:
3404 3318 3504 3375 sap
3526 3305 3671 3359 entia:
3688 3301 3751 3355 de

517 3412 663 3481 quod
695 3410 844 3485 [quia
891 3413 946 3468 id
990 3413 1157 3487 quod]
1190 3417 1241 3470 in
1278 3416 1572 3485 Scripturis
1620 3418 1827 3473 adverti
1870 3428 1923 3474 et
1961 3420 2109 3475 inve-

518 3502 623 3557 niri
656 3511 851 3573 potest,
886 3506 1007 3562 dua:
1037 3509 1161 3563 vita:
1204 3509 1362 3565 nobis
1393 3511 1446 3565 in
1478 3508 1673 3566 Christi
1708 3527 1936 3582 corpore
1975 3528 2111 3582 pra:-

518 3597 808 3655 dicantur:
842 3615 944 3655 una
996 3606 1310 3672 temporalis
1358 3606 1413 3660 in
1462 3621 1567 3675 qua
1617 3606 1961 3673 laboramus;
2008 3606 2111 3662 alia

521 3701 756 3757 interna,
808 3694 862 3748 in
917 3710 1020 3764 qua
1075 3697 1489 3753 delectationem
1549 3700 1642 3755 Dei
1681 3703 2113 3770 contetnplamur

523 3784 1075 3858 [contemplabimur].
1128 3790 1289 3845 Istam
1350 3792 1607 3847 Dominus
1652 3795 1923 3862 passione,
1964 3795 2112 3850 illam

522 3878 920 3933 resurrectione
951 3881 1265 3937 declaravit.
1307 3882 1619 3940 Admonent
1664 3898 1761 3940 nos
1801 3887 1866 3939 ad
1900 3887 2001 3943 hoc
2035 3888 2113 3942 in-

524 3971 872 4041 telligendum
902 3972 1120 4029 illarum
1166 3975 1329 4031 etiam
1371 3978 1586 4032 nomina
1628 3976 1971 4035 feminarum.
2030 3981 2115 4036 Di-

522 4072 654 4121 cunt
693 4065 836 4120 enim
865 4066 1009 4136 quod
1040 4067 1134 4122 Lia
1166 4069 1551 4140 interpretetur
1580 4070 1875 4139 Laborans,
1911 4072 2115 4129 Rachel

521 4169 703 4215 autem
735 4159 926 4216 Visum
954 4160 1309 4232 principium,
1344 4163 1458 4219 sive
1485 4164 1711 4220 verbum
1743 4180 1806 4220 ex
1833 4181 1939 4235 quo
1968 4166 2117 4221 vide-

522 4260 611 4308 tur
638 4254 984 4323 principium.
1030 4248 1188 4310 Actio
1221 4272 1350 4327 ergo
1379 4257 1629 4313 humanae
1666 4258 2117 4329 mortalitatisque

526 4341 921 4414 [mortalisque]
950 4347 1094 4411 vitae,
1120 4348 1175 4401 in
1206 4364 1309 4415 qua
1340 4350 1568 4407 vivimus
1600 4366 1671 4406 ex
1712 4352 1817 4407 ilde
1844 4354 2008 4407 multa
2040 4354 2116 4407 la-

524 4434 741 4488 boriosa
788 4446 951 4502 Opera
1001 4434 1286 4506 facientes,
1338 4439 1527 4496 incerti
1576 4454 1681 4511 quo
1720 4445 1868 4499 exitu
1921 4458 2115 4514 prove-

527 4525 681 4579 niant
718 4525 785 4581 ad
832 4527 1122 4584 utilitatem
1166 4540 1355 4585 eorum
1394 4535 1590 4602 quibus
1637 4538 1919 4593 eonsulere
1968 4538 2118 4593 volu-

528 4634 650 4674 mus
672 4660 688 4686 ,
722 4622 834 4691 ipsa
862 4630 949 4678 est
992 4622 1085 4679 Lia
1117 4626 1265 4695 prior
1292 4632 1429 4682 uxor
1455 4629 1654 4695 Jacob,
1696 4645 1759 4687 ac
1800 4644 1893 4701 per
1923 4632 2027 4689 ho'c
2064 4643 2120 4690 et

2215 3408 2367 3462 licias
2399 3406 2711 3476 pervenire,
2757 3404 2854 3459 sed
2902 3406 3005 3461 hoc
3047 3420 3152 3460 non
3201 3414 3382 3473 potest
3421 3406 3479 3459 in
3522 3390 3647 3459 terra
3672 3415 3769 3456 rno-

2216 3503 2493 3557 rienttum.
2530 3500 2643 3555 Hoc
2674 3499 2816 3554 enim
2848 3497 3060 3553 videtur
3092 3499 3399 3569 signiﬁcare
3435 3500 3574 3570 quod
3602 3498 3771 3553 dictum

2216 3601 2302 3648 est
2332 3592 2399 3646 ad
2429 3592 2619 3645 Iacob:
2650 3590 2765 3644 Non
2788 3600 2871 3645 est
2897 3591 3063 3644 moris
3086 3592 3138 3645 in
3165 3590 3288 3645 loco
3316 3602 3522 3655 nostra,
3548 3598 3602 3645 ut
3625 3591 3773 3644 minor

2217 3685 2386 3739 nubat
2414 3685 2726 3754 priusquam
2751 3682 2944 3752 major,
2971 3683 3094 3752 quia
3126 3699 3235 3738 non
3259 3684 3486 3739 absurde
3513 3685 3676 3751 major
3694 3696 3775 3751 ap-

2222 3780 2474 3848 pellatur,
2506 3793 2626 3846 quae
2669 3786 2913 3847 tempore
2944 3778 3088 3847 prior
3109 3785 3215 3832 est.
3261 3777 3406 3831 Prior
3428 3782 3505 3829 est
3530 3780 3701 3827 autem
3723 3774 3776 3827 in

2223 3878 2371 3924 recta
2404 3868 2641 3923 hominis
2678 3868 2983 3924 eruditione
3028 3868 3184 3923 labor
3221 3866 3461 3937 Operandi
3490 3880 3601 3935 qua:
3636 3864 3771 3932 iusta

2217 3970 2364 4029 sunt,
2393 3976 2550 4031 quam
2580 3960 2829 4030 voluptas
2861 3960 3189 4031 intelligendi
3226 3976 3346 4029 qua:
3373 3974 3491 4015 vera
3518 3965 3662 4013 sunt.
3699 3955 3776 4012 Ad

2219 4055 2323 4110 hoc
2344 4055 2489 4110 valet
2514 4054 2656 4125 quod
2687 4055 2944 4123 scriptum
2968 4062 3053 4109 est
3079 4072 3092 4106 :
3126 4051 3440 4123 Coneupisti
3466 4050 3775 4120 sapientiam,

2225 4164 2384 4205 serva
2414 4148 2687 4213 mandata,
2720 4160 2775 4204 et
2804 4149 3064 4204 Dominus
3102 4148 3307 4217 praebet
3336 4147 3483 4203 illam
3509 4147 3621 4201 tibi.
3650 4145 3777 4200 Man-

2219 4241 2344 4296 data
2381 4242 2566 4310 utique
2598 4238 2839 4312 [quippe]
2875 4240 2941 4295 ad
2968 4240 3230 4311 justitiam
3264 4241 3587 4309 pertinenia
3609 4280 3623 4303 ,
3648 4237 3779 4307 justi-

2230 4335 2359 4390 tiam
2390 4343 2571 4390 autem
2603 4348 2726 4404 quae
2750 4349 2817 4389 ex
2847 4335 2952 4390 ﬁde
2980 4344 3063 4390 est
3087 4376 3103 4399 ,
3131 4350 3252 4405 quae
3288 4335 3435 4390 inter
3464 4336 3779 4390 tentationum

2220 4430 2425 4486 incerta
2456 4440 2724 4496 versattIr,
2755 4438 2814 4485 ut
2838 4430 2929 4501 pie
2956 4431 3226 4486 credendo
3253 4430 3403 4500 quod
3452 4429 3680 4486 nondum
3717 4427 3778 4481 iu-

2221 4522 2413 4591 telligit
2458 4521 2621 4577 etiam
2677 4523 3047 4593 intelligentiae
3100 4523 3355 4578 meritum
3431 4532 3771 4594 consequatur.

2220 4614 2487 4681 Quantum
2526 4616 2669 4671 enim
2713 4617 2857 4672 valet
2884 4618 3025 4687 quod
3057 4618 3217 4673 modo
3241 4620 3658 4675 commemoravi
3682 4627 3777 4672 esse

528 4714 759 4771 inﬁrmis
798 4720 968 4773 oculis
1011 4719 1178 4776 fuisse
1224 4728 1699 4778 commemoratur.
1751 4724 2110 4794 Cugitationes

2224 4709 2480 4776 scriptum
2514 4709 2868 4779 :Concupisti
2915 4710 3272 4779 sapientiam,
3318 4725 3479 4767 serva
3534 4711 3773 4771 mandata,

529 4810 675 4863 enim
708 4812 1013 4866 murtalium'
1055 4814 1257 4871 timida:
1284 4822 1341 4871 et
1371 4817 1479 4889 56
1507 4816 1725 4873 incertae
1768 4818 2116 4887 providentiae

527 4908 750 4966 nostrae,
783 4915 906 4971 spes
941 4917 1069 4959 vero
1098 4912 1317 4964 aeternae
1360 4910 1827 4978 cuntempla‘tionis
1873 4913 1965 4970 Dei
2016 4915 2116 4971 ba-

528 4989 666 5049 bens
697 4999 899 5049 certam
927 5000 981 5050 et
1010 4995 1383 5058 delectabilem
1428 5003 1836 5076 intelligentiam
1877 5011 2118 5067 veritatis

529 5087 644 5158 ipsa
694 5095 779 5145 est
816 5089 1039 5147 Rachel.
1078 5091 1228 5150 Unde
1270 5096 1431 5151 etiam
1477 5097 1675 5155 dicitur
1716 5100 1853 5157 bona
1899 5103 2035 5160 facie
2064 5113 2121 5161 et

531 5183 753 5253 pulchra
785 5187 996 5255 specie,
1048 5186 1187 5243 hanc
1216 5190 1362 5246 enim
1405 5202 1550 5248 amat
1576 5196 1753 5251 omnis
1784 5198 1867 5264 pie
1909 5201 2115 5254 studio-

530 5289 644 5341 sus,
678 5286 731 5332 et
756 5289 977 5348 prepler
1006 5278 1143 5335 hanc
1172 5282 1342 5337 servit
1368 5285 1560 5354 gratiae
1607 5287 1721 5353 Dei,
1754 5304 1857 5358 qua
1899 5302 2121 5359 peccata

532 5379 737 5435 nostra,
766 5380 818 5425 et
849 5370 893 5425 si
926 5374 1123 5429 iuerint
1150 5374 1287 5431 sicut
1312 5376 1561 5433 fmnicutn
1594 5379 1967 5456 [Plitenicium]
1998 5392 2119 5441 tun-

530 5477 690 5531 quam
725 5464 817 5518 nix
844 5465 1263 5526 dealbabuntur.
1297 5470 1479 5527 Laban
1509 5474 1709 5544 quippe
1738 5475 2119 5547 interpretatur

532 5554 807 5611 dealbatio
838 5558 922 5612 ‘rui
955 5563 1179 5617 servivit
1208 5560 1376 5618 Jactib
1412 5573 1627 5633 propter
1659 5566 1859 5623 Rachel
1896 5587 1909 5623 :
1942 5586 2119 5638 neque

531 5648 674 5702 enim
727 5663 787 5704 se
830 5651 1053 5722 quisque
1105 5658 1373 5711 convertit
1426 5658 1525 5712 sub
1570 5659 1741 5728 gratia
1785 5661 2120 5719 remissionis

531 5752 875 5813 peccatorum
922 5751 1127 5806 servire
1161 5749 1407 5820 iustitiae,
1441 5753 1541 5808 nisi
1572 5760 1631 5808 ut
1670 5754 1848 5824 quiete
1878 5757 2021 5811 vivat
2063 5757 2120 5815 in

537 5838 720 5904 verbo,
750 5857 816 5897 ex
843 5859 951 5915 quo
979 5844 1194 5903 videtur
1218 5850 1537 5921 principium
1563 5852 1705 5922 quod
1730 5862 1811 5908 est
1834 5853 2009 5921 Deus;
2040 5871 2120 5912 er-

534 5941 605 6000 go
634 5934 850 6003 propter
880 5928 1080 5997 Rachel
1113 5956 1219 5998 non
1252 5953 1471 6021 propter
1504 5944 1654 6003 Liam
1683 5947 1936 6006 servitur.
1981 5948 2118 6010 Nam

2224 4808 2280 4856 et
2303 4801 2557 4856 Dominus
2580 4802 2785 4871 praebet
2814 4802 2954 4856 illam
2988 4804 3119 4867 tibi;
3155 4804 3357 4857 tantum
3389 4808 3445 4857 et
3476 4798 3607 4859 illud
3638 4801 3781 4856 valere

2225 4892 2496 4948 arbitror:
2532 4892 2644 4947 Nisi
2677 4893 3037 4958 credideritis,
3070 4900 3177 4949 non
3208 4894 3545 4965 intelligetis,
3578 4904 3637 4951 tit
3660 4892 3783 4963 justi-

2226 4986 2299 5039 tia
2330 4983 2396 5040 ad
2423 4984 2605 5056 fidem,
2652 4986 2719 5041 ad
2750 4987 3064 5057 sapientiam
3086 4994 3215 5043 vero
3245 4987 3609 5060 intelligentia
3651 4984 3785 5059 perti-

2226 5092 2357 5133 nere
2387 5078 2812 5138 demonSIretur.
2865 5080 3093 5137 Proinde
3133 5082 3186 5138 in
3217 5082 3303 5139 bis
3346 5085 3437 5154 qui
3472 5084 3697 5155 ﬂagrant
3730 5083 3789 5136 in-

2225 5173 2372 5243 genti
2400 5186 2584 5228 amore
2618 5168 2917 5243 perSpicuae
2941 5174 3204 5241 Veritatis,
3249 5176 3356 5231 rion
3388 5185 3474 5232 est
3507 5177 3790 5248 improbau-

2227 5265 2354 5320 dum
2404 5264 2661 5328 studium,
2704 5266 2799 5321 sed
2844 5267 2912 5322 ad
2957 5266 3203 5323 ordinem
3253 5270 3650 5334 revocandum,
3691 5276 3739 5323 ut
3768 5281 3792 5320 ι

2226 5364 2333 5421 ﬁde
2381 5364 2597 5434 incipiat
2649 5372 2704 5420 et
2751 5364 2906 5422 bonis
2954 5366 3195 5422 moribus
3248 5366 3486 5423 enitatur
3534 5368 3797 5438 pervenire

2227 5474 2333 5528 quo
2362 5457 2589 5513 intendit
2616 5457 2852 5531 [tendit].
2889 5457 2943 5514 in
2973 5474 3038 5515 eo
3060 5458 3255 5530 quippe
3286 5476 3394 5532 quo
3430 5472 3684 5518 versatur
3708 5462 3797 5515 vir-

2227 5560 2313 5607 tus
2341 5562 2423 5607 est
2452 5552 2738 5617 laboriosa,
2772 5551 2826 5607 in
2870 5566 2936 5608 eo
2961 5568 3093 5609 vero
3130 5551 3272 5623 quod
3317 5556 3521 5624 appetit
3553 5556 3799 5611 luminosa

2226 5646 2510 5714 sapientia.
2560 5645 2697 5713 Quid
2727 5660 2860 5713 opus
2889 5652 2999 5712 cst,
3030 5646 3226 5717 inquit,
3277 5642 3502 5703 credere
3531 5650 3679 5721 quod
3706 5661 3801 5704 non

2225 5737 2358 5793 mihi
2385 5736 2725 5792 ostenditur?
2751 5726 3096 5793 manifestum
3124 5730 3344 5807 aliquod
3372 5740 3595 5795 verbum
3630 5752 3803 5811 prome
3844 5796 3849 5809 ,

2223 5848 2330 5903 quo
2357 5832 2566 5889 videam
2589 5847 2767 5888 rerum
2797 5833 3036 5889 omnium
3069 5833 3410 5903 principium.
3444 5826 3503 5890 ld
3534 5838 3679 5890 enim
3706 5840 3801 5900 est,

2224 5924 2281 5984 in
2308 5926 2451 5999 quod
2478 5926 2717 5987 maxime
2744 5940 2807 5984 ac
2832 5926 3082 5999 primitus
3110 5926 3404 5985 inardescit
3430 5927 3648 6000 [inquit,
3670 5921 3804 5997 quod
