3968 6390
175 404 260 463 697
1355 406 1785 466 THESAURUS.
1825 409 1976 468 CAP.
2017 411 2228 469 LXXV.

3312 417 3439 472 698'

173 532 237 579 cst
258 521 619 578 exonerandas
647 522 873 578 sarcinis
905 522 1207 588 laboriosis,
1241 539 1304 578 ex
1330 525 1521 593 quibus
1552 525 1726 580 Eccle—
1753 530 1807 589 Α
1832 527 2060 584 Canticis
2109 531 2440 586 canticorum
2492 547 2688 602 sponsa
2735 537 2822 591 illa
2873 537 3112 620 Ecclesia
3148 543 3264 603 est,
3296 553 3416 606 qute

172 616 251 669 site
288 613 514 670 laudata:
545 614 597 667 in
636 613 870 669 Cantieis
909 615 1268 681 canticorum,
1317 616 1507 672 dentes
1551 627 1731 673 essent

172 705 299 760 velut
327 721 454 774 grex
473 705 840 761 detonsarum.
872 707 988 762 Jam
1016 707 1251 762 Thamar
1279 708 1517 764 habitum
1540 719 1727 776 mutet,

169 813 272 852 nam
312 807 367 852 et
395 807 733 853 commutatis
759 799 1141 868 interpretatur
1163 799 1432 865 Thamar,
1463 801 1557 856 sed
1588 802 1640 856 in
1669 815 1732 858 ea

166 905 369 959 prorsus
393 905 584 944 nomen
613 890 987 947 amaritudinis
1013 892 1256 964 maneat]:
1283 907 1387 947 non
1416 891 1558 947 illius
1581 909 1730 948 ama-

167 981 405 1037 ritudinis
429 981 481 1036 in
515 998 619 1051 qua
649 982 878 1038 Domino
907 981 976 1038 l‘el
1019 983 1361 1049 ministravit,
1387 985 1479 1040 sed
1509 984 1648 1040 illius
1675 985 1732 1041 in

163 1094 250 1149 qua
281 1079 472 1135 Petrus
496 1095 675 1136 amare
699 1081 880 1148 ﬂevit;
926 1096 1048 1136 nam
1076 1091 1133 1137 et
1148 1082 1284 1138 Juda
1313 1083 1500 1140 Latine
1519 1085 1729 1140 confes-

162 1171 231 1226 sio
254 1181 358 1226 est.
388 1173 720 1228 Conlessioni
749 1190 877 1245 ergo
897 1175 1198 1230 amaritudo
1215 1175 1502 1233 misceatur
1525 1186 1582 1232 ut
1602 1192 1729 1233 vera

161 1265 468 1333 poenitentia
511 1265 880 1336 praesignetur.
915 1266 1022 1322 lIac
1055 1268 1365 1338 poenitentia
1404 1271 1511 1342 58
1537 1269 1728 1325 fecun-

157 1356 306 1413 datur
334 1358 592 1426 Ecclesia,
609 1359 662 1414 in
691 1361 940 1416 omnibus
963 1361 1210 1431 gentibus
1231 1362 1538 1418 constituta.
1563 1363 1731 1432 Opor-

158 1450 292 1505 tebat
311 1453 454 1504 enim
480 1450 752 1507 Christum
786 1453 927 1523 pati,
955 1463 1011 1509 et
1052 1469 1333 1525 resurgere
1355 1455 1509 1510 tertia
1539 1454 1645 1520 die,
1677 1464 1733 1510 et

155 1541 426 1610 praedicari
462 1542 514 1596 in
549 1546 765 1600 nomine
805 1545 923 1614 ejus
955 1546 1321 1614 pmnitentiam
1361 1555 1416 1602 et
1461 1546 1730 1602 remissio-

154 1650 269 1691 nem
307 1647 640 1706 peccatorum
688 1654 782 1708 per
811 1654 998 1695 omnes
1026 1649 1212 1707 gentes
1249 1639 1622 1710 incipientibus
1661 1640 1730 1696 ab

151 1733 503 1789 Ilierusalem.
536 1734 666 1790 Nam
697 1745 751 1792 et
792 1737 906 1807 ipse
939 1737 1149 1794 habitus
1180 1740 1517 1795 meretricius
1537 1782 1551 1804 ,
1595 1755 1730 1796 con-

149 1823 311 1881 fessio
342 1838 676 1895 peccatorum
705 1838 806 1885 est.
843 1830 1049 1901 Typnm
1096 1834 1293 1902 quippe
1315 1831 1425 1903 jam
1475 1833 1729 1890 Ecclesia:

1836 631 2058 676 vocatur
2087 633 2276 693 puteus
2305 641 2457 695 aqua:
2484 628 2620 682 vivae
2641 670 2654 694 ,
2683 637 2738 684 et
2764 630 2887 686 huic
2927 640 3085 702 puteo
3123 638 3414 704 septenarii

1834 717 2042 770 numeri
2073 732 2266 772 nomen
2301 721 2352 773 in
2387 720 2615 788 Spiritus
2643 724 2812 778 sancti
2853 724 3242 796 signiﬁcatione
3279 743 3414 783 con-

1828 808 2069 878 jungitur
2095 820 2312 879 propter
2329 824 2380 867 et
2404 813 2665 868 rationem
2690 813 3044 873 Pentecosten
3087 834 3190 888 quo
3237 819 3326 875 die
3346 820 3416 876 de
3449 803 3455 890 ἶ

1833 901 1972 958 etclo
2020 901 2216 956 missus
2262 902 2494 971 Spiritus
2517 916 2736 962 sanctus
2768 909 2931 963 venit.
2975 908 3051 965 De
3100 912 3417 981 septimanis

1831 995 1971 1052 enim
2004 1006 2253 1050 constare
2293 999 2540 1053 eumdem
2589 999 2782 1056 festum
2824 1003 2964 1058 diem
2996 1003 3179 1060 Tobie
3207 1022 3419 1076 quoque

1832 1088 2105 1158 Scriptura
2155 1097 2402 1144 testatur.
2454 1092 2536 1147 Ad
2591 1093 2944 1164 quadraginta
2997 1112 3190 1152 novem
3241 1106 3417 1154 autem

1833 1179 1975 1250 quod
2006 1190 2087 1235 est
2126 1182 2324 1250 septies
2351 1193 2558 1250 septem
2589 1201 2753 1239 unum
2800 1187 3049 1256 additur,
3091 1205 3196 1258 quo
3243 1190 3419 1244 unitas

1833 1274 2257 1329 commendatur.
2310 1273 2367 1330 In
2418 1274 2518 1330 bac
2563 1279 2770 1333 ratione
2818 1281 2946 1335 vivit
2990 1282 3282 1350 apostolica
3332 1284 3421 1337 illa

1833 1368 2101 1421 sententia
2135 1386 2146 1420 :
2177 1367 2493 1423 sufferentes
2522 1369 2770 1438 invicem,
2805 1370 2857 1427 in
2883 1373 3171 1429 dilectione
3200 1374 3420 1429 studen-

1835 1468 1918 1515 tes
1939 1475 2157 1516 servare
2183 1463 2442 1518 unitatem
2472 1462 2706 1534 Spiritus
2731 1464 2784 1518 in
2814 1465 3029 1522 vinculo
3056 1468 3220 1535 pacis.
3267 1469 3419 1522 Dono

1836 1551 2016 1621 itaque
2047 1553 2296 1621 spiritali,
2332 1554 2432 1609 hoc
2474 1564 2557 1610 est
2586 1558 2915 1626 septenario,
2955 1559 3093 1615 facta
3129 1571 3211 1616 est
3241 1561 3423 1616 Eccle-

1833 1645 1911 1699 sia
1935 1655 2128 1716 puteus
2160 1648 2442 1712 satietatis,
2468 1648 2590 1718 quia
2626 1648 2796 1705 factus
2824 1661 2905 1706 est
2933 1652 2988 1706 in
3013 1667 3074 1708 ea
3108 1654 3224 1708 fons
3267 1668 3421 1724 aqua:

1834 1734 2075 1790 salientis
2106 1735 2157 1789 in
2186 1738 2350 1791 vitam
2395 1749 2673 1804 aeternam,
2707 1756 2866 1810 quem
2898 1742 2985 1809 qui
3033 1742 3276 1799 habuerit
3316 1759 3422 1799 non

1835 1827 1980 1882 sitiet
2000 1827 2054 1881 in
2083 1836 2367 1883 aeternum.
2395 1827 2552 1884 Urias
2576 1845 2704 1886 vero
2726 1832 2816 1901 qui
2843 1832 3018 1887 fuerat
3040 1835 3263 1890 maritus
3284 1835 3421 1904 ejus.

147 1919 283 1988 gerit
313 1917 575 1986 Thamar,
606 1935 674 1976 ex
709 1921 958 1991 gentibus
981 1934 1241 1989 evocatae,
1261 1924 1454 1979 sedens
1476 1939 1597 1980 cum
1624 1924 1725 1979 hoc
1754 1923 1803 1985 B
1829 1922 1958 1990 quid
1988 1921 2131 1975 aliud
2175 1937 2332 1992 quam
2375 1923 2647 1977 diabolum
2691 1925 2924 1979 nominis
2969 1925 3055 1979 sui
3100 1925 3424 1994 interpreta-

146 2009 329 2066 habitu
357 2014 422 2067 ad
450 2023 658 2083 portam
674 2014 824 2069 Enan
849 2016 934 2071 vel
963 2015 1158 2082 Enain,
1181 2017 1322 2086 quod
1347 2017 1726 2087 interpretator

143 2102 335 2160 fontes.
387 2105 637 2163 Cucurrit
682 2110 823 2164 enim
856 2111 1002 2164 velut
1040 2125 1238 2166 cervus
1262 2111 1327 2164 ad
1364 2111 1538 2166 fontes
1565 2127 1728 2182 aqua-

141 2209 258 2250 rum
284 2199 564 2267 pervenire
588 2201 654 2255 ad
687 2216 888 2257 semem
923 2203 1176 2271 Abrahae,
1210 2204 1320 2258 illic
1348 2219 1377 2257 a
1406 2220 1510 2259 non
1537 2219 1726 2274 cogno-

138 2301 324 2344 scente
346 2289 564 2356 letatur,
608 2292 731 2362 quia
763 2293 828 2348 de
859 2294 945 2348 illa
977 2295 1292 2365 praedictum
1341 2306 1461 2350 est:
1499 2297 1728 2365 Populus

144 2394 307 2449 quem
339 2396 445 2436 non
472 2385 697 2452 cognovi
741 2385 962 2439 servivit
1013 2388 1162 2442 mihi.
1195 2389 1487 2458 Accepitin
1520 2391 1729 2445 occulto

137 2474 397 2527 annulum
429 2515 444 2538 ,
474 2479 670 2531 monile
715 2487 770 2532 et
818 2480 1066 2550 virgam:
1123 2481 1402 2536 vocatione
1453 2484 1726 2552 signatur,

131 2562 520 2633 justiﬁeatione
595 2568 910 2637 decoratur,
980 2572 1368 2640 gloriﬁcatione
1438 2575 1725 2629 exaltatur.

132 2655 287 2722 Quos
314 2658 455 2712 enim
488 2659 914 2728 przedestinavit,
950 2661 1071 2717 illos
1100 2673 1155 2718 et
1181 2665 1415 2731 vocavit,
1469 2680 1603 2734 quos
1630 2681 1728 2720 au-

130 2755 242 2802 tem
272 2751 482 2803 vocavit
511 2791 527 2816 ,
558 2751 674 2805 illos
705 2752 1117 2822 etjustilicavit,
1153 2765 1206 2811 et
1239 2772 1369 2825 quos
1395 2757 1725 2827 justiﬁeavit,

131 2836 264 2893 illos
291 2850 343 2892 et
363 2839 694 2908 gloriﬁcavit.
724 2841 832 2898 Sed
859 2843 972 2898 hac
998 2853 1056 2898 ut
1079 2845 1186 2900 dixi
1208 2847 1380 2901 adhuc
1409 2847 1460 2900 in
1493 2851 1723 2916 occulto,

131 2931 228 2986 ubi
256 2930 316 2985 ﬁt
345 2943 398 2988 et
425 2936 710 3004 conceptio
738 2946 937 2991 sanctae
955 2938 1242 2994 ubertatis.
1277 2940 1503 2996 Mittitur
1546 2954 1724 2998 autem

127 3025 438 3095 promissus
459 3028 644 3084 haedus
673 3038 924 3100 tanquam
951 3034 1243 3099 meretrici,
1264 3034 1446 3090 haedus
1461 3037 1726 3106 exproba—

125 3117 206 3172 tio
240 3121 478 3186 peccati,
531 3137 627 3192 per
651 3125 898 3180 eumdem
947 3125 1304 3182 Odolamitem
1341 3137 1595 3199 tanquam
1644 3131 1724 3185 in-

123 3223 444 3281 crepantem
471 3223 526 3268 et
571 3213 834 3272 dicentem
893 3217 1180 3277 Generatio
1233 3221 1568 3290 viperarum,
1621 3224 1716 3278 sed

1837 2009 1980 2065 tione
2005 2009 2303 2080 signiﬁcat?
2333 2011 2502 2082 llujus
2533 2023 2687 2067 erant
2729 2015 2966 2083 pessimo
3006 2015 3257 2086 conjugio
3291 2016 3427 2071 deli-

1831 2103 1942 2170 gati
1985 2117 2170 2157 omnes
2202 2118 2335 2171 quos
2378 2104 2551 2173 gratia
2584 2104 2677 2160 Dei
2706 2105 2920 2172 liberat,
2952 2114 3008 2160 ut
3039 2106 3277 2163 Ecclesia
3309 2108 3428 2162 sine

1832 2192 2044 2247 macula
2071 2200 2125 2246 et
2155 2207 2286 2261 ruga
2329 2194 2594 2248 Salvatori
2647 2195 2866 2265 proprio
2916 2198 3217 2266 cepuletur.
3269 2197 3428 2254 Urias

1832 2299 2064 2351 namque
2113 2284 2495 2350 interpretatur
2533 2285 2621 2338 lux
2666 2303 2784 2341 mea
2817 2287 2928 2342 Dei.
2963 2289 3194 2343 Cetheus
3243 2299 3421 2346 autem

1833 2375 2074 2429 abscisus
2105 2373 2219 2426 sive
2255 2373 2398 2441 quod
2445 2376 2498 2428 in
2531 2377 2758 2431 veritate
2790 2393 2896 2432 non
2928 2381 3096 2444 stetit,
3129 2379 3224 2435 sed
3254 2395 3283 2433 a
3307 2381 3426 2436 luce

1834 2481 1929 2520 sua
1955 2480 2203 2533 superna,
2236 2479 2393 2533 quam
2425 2465 2492 2520 de
2525 2467 2632 2521 Deo
2666 2467 2900 2521 habebat
2941 2470 3208 2538 superbia:
3237 2472 3429 2526 merito

1835 2559 2075 2615 abscisus
2104 2568 2206 2626 est,
2237 2560 2351 2615 sive
2382 2559 2524 2628 quod
2551 2559 2795 2614 cadendo
2828 2559 2972 2614 veris
3015 2560 3221 2614 viribus
3249 2560 3428 2629 perdi-

1837 2655 1906 2709 tis
1939 2657 2281 2726 transﬁgurat
2305 2672 2365 2712 se
2404 2665 2583 2711 tamen
2629 2657 2681 2710 in
2731 2656 2978 2726 angelum
3014 2657 3176 2720 lucis,
3223 2656 3428 2711 audens

1833 2749 2009 2802 adhuc
2050 2748 2229 2803 dicere
2263 2767 2274 2801 :
2311 2749 2422 2804 Lux
2453 2763 2570 2803 mea
2603 2747 2696 2802 Dei
2727 2756 2809 2802 est
2841 2765 2853 2798 :
2886 2747 3025 2817 Ergo
3069 2746 3168 2801 iste
3211 2745 3429 2816 quidem

1832 2840 2000 2896 David
2043 2843 2280 2911 graviter
2327 2842 2700 2910 scelerateque
2755 2839 3019 2909 peccavit,
3063 2837 3210 2908 quod
3251 2838 3430 2893 scelus

1831 2935 1950 3005 ejus
1976 2936 2135 2990 etiam
2171 2951 2267 3005 per
2313 2934 2636 3004 prophetam
2684 2933 2826 2988 Deus
2873 2933 3048 3002 arguit
3079 2929 3427 3000 increpando,

1831 3040 1885 3086 et
1911 3028 2026 3098 ipse
2051 3029 2222 3083 abluit
2253 3027 2583 3096 paenitendo.
2627 3034 2998 3081 verumtamen
3029 3024 3120 3078 ille
3149 3022 3426 3078 desidera-

1828 3125 1953 3181 bilis
1983 3124 2237 3179 omnibus
2267 3123 2516 3192 gentibus
2548 3120 2816 3176 adamavit
2849 3119 3141 3174 Ecclesiam
3167 3132 3329 3187 super
3349 3124 3428 3171 te-

1829 3229 1975 3276 ctum
2006 3233 2064 3273 se
2094 3219 2385 3284 lavantem,
2415 3216 2467 3270 id
2495 3225 2578 3271 est
2629 3215 2973 3270 mundantem
3015 3229 3074 3268 se
3105 3229 3134 3266 a
3178 3211 3426 3267 sordibus

120 3318 238 3358 non
275 3319 395 3359 eam
443 3305 645 3362 invenit
689 3311 896 3378 peccati
922 3314 1266 3382 exprobratio
1296 3329 1454 3384 quam
1502 3308 1800 3371 mutavitC
1833 3311 2019 3366 saeculi
2080 3317 2135 3363 ct
2172 3310 2392 3364 domum
2445 3307 2646 3362 luteam
2700 3306 2924 3375 spiritali
2971 3303 3428 3372 contemplatione

120 3398 490 3454 confessionis
528 3401 847 3457 amaritudo.
883 3404 1010 3458 Post
1035 3422 1164 3460 vero
1195 3416 1302 3460 tam
1336 3408 1561 3476 publicis
1593 3408 1725 3479 [jam

115 3488 438 3562 publicatis]
455 3491 619 3560 signis
639 3495 842 3563 annuli,
870 3497 1087 3550 monilis
1104 3507 1157 3552 et
1172 3498 1355 3567 virgae,
1380 3498 1508 3554 vicit
1524 3511 1726 3557 temere

114 3577 432 3646 indicantes
457 3597 572 3648 eos,
599 3599 822 3653 quorum
847 3590 955 3656 jam
985 3600 1270 3657 personam
1294 3590 1457 3646 Iudas
1478 3593 1590 3661 ipse
1607 3609 1728 3665 ges-

117 3673 318 3741 tabat,
347 3675 437 3745 qui
467 3676 727 3748 hodieque
754 3679 968 3747 dicunt,
999 3697 1104 3736 non
1136 3683 1277 3738 hunc
1319 3699 1438 3738 csse
1472 3687 1726 3755 populum

111 3766 356 3834 Christi,
391 3785 488 3825 nec
520 3770 720 3828 habere
745 3788 843 3828 nos
868 3789 1055 3831 semen
1086 3777 1344 3841 Abrahae,
1379 3778 1473 3833 sed
1504 3780 1726 3848 prolatis

105 3861 447 3918 certissimis
476 3865 814 3922 documentis
855 3877 1052 3924 nostra:
1102 3871 1398 3927 vorationis
1427 3914 1440 3936 ,
1469 3871 1725 3940 iustiﬁca-

103 3953 304 4007 tionis
328 3963 382 4006 et
422 3956 852 4023 gloriﬁcationis,
891 3964 1008 4016 sine
1051 3963 1214 4016 dubio
1256 3965 1651 4020 confundentur
1673 3974 1728 4020 et

99 4057 224 4100 nos
265 4043 435 4111 magis
457 4060 615 4112 quam
647 4063 705 4103 se
722 4049 1041 4116 justiﬁcatos
1072 4066 1191 4106 esse
1222 4054 1550 4108 fatebuntur.
1586 4058 1725 4109 Enu-

105 4132 367 4188 cleatius
381 4134 495 4190 htec
520 4145 574 4191 et
596 4140 932 4194 membratim
958 4143 1354 4210 quodammodo
1377 4145 1727 4200 articulatim-

95 4238 226 4295 que
262 4236 542 4284 scrutarer
561 4240 720 4299 atque
746 4231 1067 4288 dissererem
1091 4245 1347 4303 quantum
1375 4237 1726 4293 intentionem

97 4339 316 4380 meam
363 4321 623 4378 Dominus
660 4322 976 4393 adjuvaret,
1009 4325 1113 4382 nisi
1155 4344 1241 4383 me
1267 4331 1335 4383 ab
1361 4331 1460 4386 hac
1498 4331 1730 4387 laborio-

96 4416 272 4472 siore
304 4414 578 4486 diligentia
625 4416 842 4473 ﬁniendi
872 4419 1031 4488 hujus
1059 4421 1239 4491 aperis
1260 4424 1405 4493 quod
1443 4425 1727 4497 plusquam

97 4509 334 4566 vellem
358 4509 469 4577 jam
491 4509 759 4578 prolixum
790 4518 890 4577 est,
921 4525 1045 4566 cura
1078 4513 1411 4583 prohiberet.

670 4675 902 4733 CAPUT
938 4677 1175 4734 LXXIV.

176 4794 272 4848 De
307 4799 519 4860 peccato
547 4788 714 4844 David
738 4791 791 4843 in
811 4806 971 4844 uxore
1003 4791 1142 4846 Uriw
1161 4792 1356 4859 Cethei;
1388 4811 1452 4850 ea:
1469 4797 1646 4851 eodem

776 4861 906 4914 libro
929 4878 1061 4916 ml.

175 4978 355 5034 Nunc
385 4984 664 5046 peccatum
693 4974 857 5029 David
884 4975 1013 5045 quid
1057 4976 1111 5029 in
1138 4976 1414 5044 prophetia
1450 4980 1719 5050 signiﬁca-

89 5074 280 5138 verit,
318 5077 518 5139 quanta
543 5084 759 5138 possum
792 5069 1050 5122 brevitate
1079 5070 1457 5138 perstringam.
1495 5071 1720 5128 Nomina

88 5165 323 5234 quippe
356 5160 469 5228 ipsa
502 5160 849 5228 interpretata
879 5159 1009 5212 satis
1040 5159 1355 5225 ostendunt,
1397 5161 1521 5229 quid
1555 5163 1718 5217 etiam

85 5256 210 5311 hoc
240 5254 461 5308 factum
484 5249 927 5320 praeﬁguraverit.
946 5251 1110 5304 David
1130 5251 1531 5320 interpretatur,
1559 5267 1720 5306 manu

87 5349 302 5413 fortis,
341 5345 461 5398 sive
487 5343 880 5399 desiderabilis.
910 5344 975 5398 Et
997 5345 1122 5414 quid
1149 5345 1342 5399 fortius
1365 5346 1521 5400 leone
1544 5346 1635 5400 illo
1653 5347 1718 5400 de

85 5443 253 5498 tribu
281 5438 452 5503 Juda,
480 5437 569 5507 qui
597 5436 726 5490 vicit
750 5436 1046 5491 mundum?
1070 5438 1136 5490 Et
1154 5437 1279 5505 quid
1308 5437 1718 5494 desiderabilius

86 5535 201 5590 illo
240 5533 327 5589 de
359 5548 469 5600 quo
501 5530 760 5599 propheta
793 5529 923 5584 dicit
954 5548 966 5582 :
1012 5529 1202 5585 Veniet
1232 5531 1571 5587 desideratus
1605 5547 1720 5586 om-

83 5630 276 5685 nibus
304 5623 584 5697 gentibus.
617 5623 1294 5693 Bersabeteinterpretatur
1323 5633 1514 5694 puteus
1549 5625 1716 5680 satie-

85 5724 264 5787 tatis,
304 5719 428 5776 sive
455 5727 646 5787 puteus
667 5717 947 5786 septimus.
979 5716 1282 5782 Quamlibet
1320 5725 1498 5772 autem
1533 5718 1721 5771 harum

74 5813 371 5871 nominis
398 5810 557 5879 hujus
602 5808 1106 5878 interpretationum
1154 5809 1206 5864 in
1250 5808 1304 5864 id
1348 5810 1488 5880 quod
1537 5811 1723 5866 dicere

78 5906 467 5970 intendimus
517 5920 852 5962 assumamus
898 5905 1037 5993 satis
1071 5905 1339 5974 congruit.
1399 5905 1530 5960 Nam
1579 5915 1631 5961 et
1668 5906 1720 5962 in

1831 3402 2305 3458 transcendentem
2325 3409 2485 3468 atque
2502 3399 2823 3464 calcantem,
2848 3405 2902 3450 et
2925 3394 3172 3449 inchoata
3194 3409 3313 3447 cum
3337 3392 3428 3446 illa

1831 3497 2017 3564 prima:
2047 3491 2418 3546 conventionis
2443 3489 2650 3556 notitia,
2691 3496 2812 3556 post
2837 3486 2904 3540 ab
2934 3501 2996 3539 ea
3026 3485 3235 3552 penitus
3269 3498 3428 3552 sepa-

1832 3597 2007 3642 ratum
2041 3585 2315 3639 diabolum
2346 3583 2571 3647 occidit,
2604 3595 2830 3649 eamque
2859 3579 2963 3634 sibi
3009 3588 3270 3647 perpetuo
3299 3590 3428 3640 con-

1831 3677 1997 3732 nubio
2025 3675 2320 3743 copulavit.
2352 3672 2640 3728 Oderimus
2669 3686 2796 3742 ergo
2827 3679 3129 3739 peccatum,
3162 3669 3254 3724 sed
3300 3683 3426 3737 pro-

1833 3771 2044 3840 phetias
2103 3784 2208 3823 non
2253 3764 2692 3837 'exstinguamus.
2748 3767 3006 3820 Amemus
3049 3762 3196 3816 illum
3253 3760 3425 3815 David

1831 3872 2088 3933 quantum
2112 3860 2375 3916 amandus
2403 3868 2486 3915 est
2512 3861 2601 3928 qui
2630 3873 2730 3914 nos
2775 3873 2806 3913 a
2834 3857 3052 3912 diabolo
3084 3871 3178 3925 per
3209 3854 3425 3910 miseri-

1831 3954 2072 4008 cordiatn
2099 3953 2365 4007 liberavit.
2397 3952 2653 4007 Amemus
2678 3960 2733 4006 et
2780 3951 2939 4006 istum
2987 3950 3152 4004 David
3195 3949 3286 4018 qui
3317 3957 3423 4001 tam

1830 4061 1994 4116 grave
2024 4047 2078 4100 in
2109 4061 2166 4102 se
2195 4046 2392 4100 vulnus
2422 4046 2717 4113 iniquitatis
2745 4044 3073 4112 pmnitentia:
3122 4041 3424 4094 humilitate

1833 4136 2067 4192 sanavit.

2395 4225 2623 4282 CAPUT
2648 4224 2862 4280 LXXV.

1833 4322 1913 4379 De
1934 4320 2228 4378 Salomonis
2270 4321 2678 4444 primum-fanis
2716 4329 2894 4389 postea
2922 4319 3107 4385 malis;
3141 4334 3204 4374 ex
3247 4320 3422 4375 eodem

2501 4409 2514 4444 ι
2552 4409 2609 4444 ro
2652 4408 2782 4444 nu.

2501 4408 2609 4446 101'0
2652 4408 2782 4446 XXII.

1902 4507 2018 4562 Jam
2039 4508 2108 4562 de
2139 4507 2426 4563 Salomone
2464 4507 2591 4577 quid
2634 4507 2831 4573 dicam,
2874 4522 3032 4577 quem
3074 4506 3416 4561 vehementer

1830 4605 2005 4676 arguit
2027 4612 2210 4658 sancta
2232 4604 2507 4674 Scriptura
2529 4615 2687 4675 atque
2710 4603 3054 4669 condemnat,
3088 4603 3326 4673 nihilque
3347 4605 3414 4659 de

1746 4686 1805 4746 D
1827 4696 2137 4768 ptenitentia
2165 4696 2302 4765 ejus,
2330 4696 2416 4751 vel
2447 4696 2498 4750 in
2529 4711 2652 4751 eum
2696 4694 3076 4765 indulgentiam
3109 4693 3414 4767 [indulgen-

1831 4792 1944 4863 tiae]
1975 4793 2067 4849 Dei
2094 4795 2314 4848 omnino
2339 4793 2759 4848 commemorat?
2787 4807 2885 4846 nec
2913 4791 3043 4845 mihi
3071 4805 3292 4860 prorsus
3324 4805 3418 4844 oc-

1827 4885 1998 4940 currit
2037 4885 2164 4955 qnid
2215 4885 2408 4940 saltem
2436 4884 2490 4938 in
2521 4884 2775 4954 allegoria
2817 4883 2943 4938 boni
2985 4884 3254 4954 signiticet
3301 4883 3417 4936 haec

1831 4976 1951 5047 ejus
1982 4976 2156 5031 ﬂenda
2187 4975 2467 5030 subversio
2499 4975 2598 5031 nisi
2627 4976 2764 5030 forte
2793 4976 2917 5044 quis
2949 4976 3092 5029 dicat
3119 5018 3132 5040 ,
3164 4973 3419 5028 mulieres

1831 5069 2184 5136 alienigenas,
2213 5083 2438 5137 quarum
2471 5083 2654 5124 amore
2681 5077 2958 5125 exarserat
2985 5068 3288 5137 signiﬁcare
3313 5064 3417 5119 Ec-

1830 5161 2026 5216 clesias
2056 5161 2253 5216 electas
2281 5161 2348 5215 de
2377 5162 2643 5230 gentibus.
2689 5161 2880 5218 Posset
2910 5161 3012 5214 hoc
3053 5159 3281 5213 fortasse
3312 5170 3417 5210 non

1829 5252 2059 5306 absurde
2083 5252 2330 5321 intelligi,
2355 5253 2400 5307 si
2426 5254 2526 5308 illae
2558 5263 2779 5322 propter
2804 5256 3146 5310 Salomonem
3193 5251 3413 5305 desere-

1829 5353 1952 5400 rent
1977 5345 2107 5400 deos
2135 5360 2283 5411 suos,
2307 5355 2361 5400 et
2380 5349 2799 5403 colerentDeum
2822 5347 2966 5415 ejus.
2987 5344 3121 5399 Cum
3153 5358 3281 5398 vero
3304 5343 3417 5412 ipse

1830 5447 2048 5506 propter
2077 5438 2196 5492 illas
2226 5439 2451 5494 offendit
2489 5441 2656 5495 Deum
2685 5454 2861 5501 suum,
2894 5446 2949 5492 et
2974 5437 3138 5491 coluit
3169 5436 3299 5490 deos
3330 5449 3418 5488 ea-

1827 5546 1968 5597 rum,
2002 5545 2107 5584 non
2149 5541 2225 5586 est
2259 5533 2384 5600 quid
2429 5534 2552 5587 inde
2583 5533 2711 5588 boni
2759 5531 3064 5601 conjectare
3097 5544 3411 5598 possemus;

1829 5638 1928 5679 nec
1962 5633 2136 5678 tamen
2165 5625 2298 5677 nihil
2326 5625 2556 5679 arbitror
2580 5624 2902 5693 signiﬁcare,
2925 5623 3016 5678 sed
3033 5624 3254 5687 malum,
3279 5623 3416 5676 sicut

1834 5717 1902 5772 de
1935 5733 2104 5773 uxore
2136 5718 2458 5787 ﬁliabusque
2489 5718 2622 5772 Loth
2653 5719 2903 5774 diximus.
2929 5722 3166 5788 Apparet
3192 5718 3332 5771 enim
3359 5716 3414 5770 in

1831 5827 2063 5882 persona
2094 5812 2254 5882 hujus
2283 5813 2589 5870 Salomonis
2619 5815 2752 5869 mira
2792 5815 3110 5870 excellentia
3139 5857 3152 5880 ,
3197 5823 3250 5869 et
3275 5814 3410 5868 mira
3469 5850 3478 5897 ὲ

1831 5906 2130 5962 subversio.
2179 5905 2332 5973 Quod
2371 5905 2532 5981 igitur
2575 5907 2628 5964 in
2673 5907 2765 5963 illo
2793 5907 3022 5965 diversis
3070 5906 3402 5979 temporibus
