3968 6390
547 548 772 615 exstitit,
809 539 955 615 prius
976 534 1172 600 bonum
1193 544 1248 593 et
1267 534 1536 607 posterius
1575 530 1797 594 malum;

440 684 457 703 ,
548 642 711 697 clesia
734 640 788 694 in
809 640 913 694 isto
933 636 1111 692 adhuc
1132 629 1353 697 stcculo,
1374 626 1535 683 simul
1562 636 1669 678 uno
1693 631 1971 690 temporeo
1989 625 2135 670 sten-

550 726 856 790 ditnr.Natn’
872 726 1343 785 bonoilliusbonos
1362 717 1783 782 Ecclesiae,malo
1801 720 1977 768 autem
1995 711 2139 766 illius

549 431 651 491 699
1609 413 1675 470 Ι).
1704 402 2029 469 ΕΗΕἹΡΡΙῙ
2064 402 2182 460 ABE

2283 395 2358 455 'IS
2388 390 2713 453 AFRICANI
3726 374 3832 430 700

551 828 721 882 malos
755 822 1010 878 Ecclesiae
1041 817 1371 888 signiﬁcatus
1404 808 1550 883 puto,
1587 818 1834 880 tanquam
1860 810 1911 862 in
1937 812 2140 861 unitate

555 921 713 974 unius
739 917 903 980 areae,
933 908 1074 968 sicut
1096 913 1146 975 in
1175 910 1265 964 ilio
1287 914 1395 964 uno
1419 906 1632 961 homine
1656 898 1827 959 bonos
1852 902 1903 955 in
1938 900 2139 971 granis,

552 1014 721 1070 malos
750 1010 801 1063 in
826 998 1012 1078 paleis,
1042 1013 1101 1060 ut
1130 1006 1182 1059 in
1210 1003 1415 1058 unitate
1444 1002 1607 1055 unius
1636 998 1857 1067 Segetis,
1888 996 2057 1050 benos
2087 992 2142 1046 in

552 1102 752 1166 tritibo,
779 1101 949 1157 malos
974 1100 1027 1154 in
1056 1096 1297 1153 citantis.
1334 1096 1394 1150 Si
1442 1092 1567 1163 quid
1621 1092 1745 1146 hinc
1791 1098 1919 1143 sane
1962 1088 2015 1141 in
2060 1086 2144 1139 his

554 1210 672 1265 quae
699 1194 769 1249 de
800 1194 891 1247 illo
918 1190 1117 1261 scripta
1148 1196 1275 1243 sunt
1298 1188 1608 1259 diligentius
1634 1183 2001 1255 pertractans,
2031 1180 2146 1235 sive

556 1289 709 1352 mihi,
743 1288 856 1343 sire
886 1288 987 1340 hoc
1018 1284 1331 1339 doctoribus
1364 1275 1742 1354 [doetioribus]
1771 1282 1930 1346 atque
1960 1273 2149 1328 melio-

557 1382 707 1437 ribus
737 1380 881 1436 alind
913 1377 1242 1449 probabilius
1271 1377 1486 1431 elucere
1510 1371 1763 1444 potuerit.
1789 1371 1939 1425 Ntuic
1970 1375 2151 1421 tamen

558 1492 664 1535 non
699 1493 815 1532 eam
841 1488 954 1531 rem
988 1475 1058 1529 ita
1087 1474 1389 1529 dimisimus
1408 1514 1421 1539 ,
1449 1480 1504 1526 ut
1531 1470 1881 1526 intentionem
1908 1468 2151 1521 nostram

559 1572 612 1627 iu
642 1571 743 1625 alia
770 1576 1171 1641 properantem,
1198 1578 1451 1639 tanquam
1478 1567 1780 1636 interrupta
1804 1564 1974 1621 series
2020 1578 2151 1620 con-

562 1664 797 1720 texionis
818 1660 1096 1733 impediat.

1106 1758 1187 1829 CA
1204 1758 1336 1831 βυτ
1369 1754 1603 1829 LXXVI.

566 1858 641 1917 De
668 1862 814 1915 vituli
837 1863 999 1931 capite
1021 1864 1279 1915 combusto
1302 1870 1347 1915 et
1371 1862 1422 1914 iu
1447 1876 1629 1931 aquam
1653 1858 1856 1931 sparso,
1885 1867 2156 1927 potumque

635 1935 828 2005 populo
854 1928 997 1997 doto;
1025 1949 1090 1988 ex
1109 1934 1285 1987 eodem
1316 1934 1443 1987 libro
1474 1928 1580 1986 isti
1610 1928 1785 1986 contra
1808 1928 2083 1984 Faustum.

638 2024 777 2093 Quid
799 2026 959 2079 etiam
991 2024 1319 2094 prOphetlcze
1348 2020 1755 2094 signiﬁcationis
1800 2020 2050 2077 habuerit
2079 2036 2164 2077 re-

568 2119 888 2191 quirendum
926 2128 1035 2185 est,
1069 2119 1212 2189 quod
1242 2133 1305 2174 ex
1338 2118 1416 2174 eis
1449 2117 1643 2172 multos
1671 2117 1760 2186 qui
1792 2114 1893 2172 sibi
1939 2115 2166 2171 absente

571 2216 708 2285 ipso,
758 2214 811 2269 id
841 2223 924 2269 est
969 2206 1172 2285 Moyse,
1209 2210 1408 2267 idolum
1461 2211 1883 2277 fabricaverunt,
1915 2212 2031 2264 sine
2060 2204 2166 2264 ulla

572 2309 887 2379 cujuSqnant
908 2304 1319 2365 necesSitudinis
1342 2306 1691 2363 distinctione
1709 2306 1871 2375 jtissit
1892 2302 2167 2359 interimi?

572 2401 750 2458 Facile
773 2404 854 2458 εει
892 2412 948 2458 ut
971 2402 1301 2472 intelligatur
1333 2398 1609 2457 hominum
1643 2399 1857 2455 illorum
1904 2398 2167 2453 interem-

570 2492 809 2564 ptiunem
856 2493 1166 2565 signiﬁcare
1191 2494 1442 2571 vitiorum
1483 2492 1669 2547 talium
1711 2492 1958 2562 qualibus
1991 2489 2069 2545 iiii
2099 2489 2169 2545 ad

574 2587 818 2643 eamdem
852 2582 1207 2643 idololatriam
1236 2576 1597 2643 deﬂuxerunt.
1630 2587 1685 2642 In
1715 2582 1839 2641 talia
1870 2587 2065 2657 quippe
2086 2584 2172 2639 vi-

576 2681 651 2736 tia
676 2679 870 2735 saevire
909 2695 1005 2735 nos
1029 2679 1183 2751 jubet
1214 2678 1481 2747 Psaimus,
1508 2694 1629 2734 cum
1674 2678 1843 2734 dicit:
1880 2676 2174 2733 lrascimini

576 2783 628 2828 et
655 2773 820 2828 nolite
844 2786 954 2843 pCCt
973 2787 1086 2828 are.
1120 2762 1175 2828 in
1204 2773 1327 2827 talia
1349 2773 1483 2827 vitia
1507 2773 1699 2827 smvire
1727 2787 1825 2827 nos
1846 2764 1997 2841 jubet
2028 2771 2174 2840 Apo-

488 2924 491 2927 .
578 2866 770 2933 stuius,
788 2878 908 2921 cum
922 2866 1085 2921 dicit:
1107 2858 1423 2921 Mortiﬁcate
1444 2865 1683 2919 membra
1698 2872 1899 2930 vestra,
1916 2878 2033 2934 qua:
2051 2872 2177 2919 sunt

576 2964 743 3031 super
796 2968 1034 3026 terram,
1076 2958 1504 3026 fornicationem,
1562 2956 1979 3023 immunditiam,
2028 2957 2180 3013 luxu-

582 3058 742 3120 tiam,
769 3055 1254 3123 cnncupiScentiam
1286 3055 1505 3115 malam.
1531 3054 1910 3119 etavaritiam,
1942 3064 2061 3123 quac
2096 3058 2181 3107 eSt

582 3146 848 3204 idolorum
882 3149 1133 3204 servitus.
1160 3140 1263 3206 Sed
1295 3147 1421 3219 quid
1448 3147 1549 3203 sibi
1589 3146 1721 3203 velit
1748 3146 1890 3217 quod
1921 3148 2069 3216 prius
2100 3146 2180 3201 ie-

585 3240 680 3308 cit,
707 3250 765 3295 ut
794 3242 966 3311 ipsum
984 3242 1207 3297 vitulum
1229 3242 1347 3313 igne
1368 3243 1733 3305 combureret,
1760 3236 2180 3308 minutatimqne

586 3333 897 3390 concideret
919 3344 971 3390 et
998 3332 1050 3388 in
1092 3338 1284 3405 aquam
1328 3336 1637 3404 Spargeret,
1669 3339 1724 3387 et
1769 3338 1950 3401 potum
1982 3326 2180 3402 populo

588 3424 761 3495 daret,
792 3427 1049 3497 majorem
1080 3427 1430 3483 intentionem
1480 3423 1879 3496 perscrutanda
1914 3423 2182 3494 signiﬁca-

586 3520 752 3579 tionis
776 3522 1016 3594 inquirit.
1044 3523 1099 3578 Si
1130 3522 1273 3579 enim
1316 3520 1521 3575 tabulas
1558 3524 1691 3589 qtias
1736 3518 1903 3587 digito
1933 3517 2049 3585 Dei,
2082 3519 2184 3573 hoc

589 3620 672 3671 est
693 3618 1003 3686 Operatione
1022 3614 1079 3681 S;
1101 3614 1254 3671 iritus’
1277 3615 1469 3679 sancti,
1491 3615 1724 3684 Scriptus
1742 3608 2045 3681 acceperat,
2068 3610 2187 3665 ideo

592 3706 771 3777 fregit,
800 3711 920 3775 quia
945 3694 1192 3776 indignos
1214 3721 1309 3761 eos
1339 3704 1529 3774 quibus
1554 3716 1645 3760 eas
1677 3705 1876 3771 legeret
1904 3698 2185 3770 judicavit.

595 3798 651 3854 Si
682 3798 911 3868 denique
934 3809 990 3852 ut
1014 3796 1081 3853 ab
1107 3798 1184 3851 eis
1215 3798 1307 3851 ille
1346 3797 1545 3850 vitulus
1593 3796 1804 3864 penitus
1852 3796 2187 3860 aboleretur,

598 3888 841 3945 incendit
870 3904 1019 3954 eum,
1051 3887 1324 3953 contrivit,
1362 3888 1415 3943 in
1448 3894 1583 3957 aqua
1635 3887 1833 3955 Sparsit
1877 3893 2037 3954 atque
2067 3887 2195 3941 sub-

602 3984 828 4053 mersit,
864 3984 1049 4055 utquid
1092 3993 1146 4041 et
1196 3986 1378 4055 potum
1411 3983 1513 4038 hoc
1562 3978 1760 4051 pupuio
1800 3974 1984 4034 dedit?
2032 3992 2195 4048 quem

603 4098 710 4136 non
743 4074 945 4137 excitet
995 4076 1193 4133 factum
1219 4076 1343 4141 hoc,
1383 4070 1448 4129 ad
1480 4070 1851 4143 inquirendam
1900 4075 1954 4122 et
2001 4064 2199 4122 intelli-

599 4172 827 4243 gendam
859 4170 1229 4241 propheticam
1266 4166 1713 4238 signiﬁcationem
1734 4163 1758 4214 't
1781 4162 2045 4217 Occurrat
2065 4170 2197 4229 ergo

602 4270 708 4338 jam
736 4266 954 4321 intentis
979 4262 1246 4319 mentibus
1278 4268 1528 4331 tanquam
1574 4256 1773 4313 diaboli
1802 4269 1997 4323 corpus
2026 4254 2079 4307 in
2116 4252 2198 4307 vi-

608 4357 738 4419 tulo,
772 4346 823 4409 i'd
853 4356 940 4409 est
980 4344 1227 4408 homines
1252 4351 1308 4407 in
1335 4350 1585 4406 omnibus
1626 4346 1873 4418 gentibus
1911 4344 2103 4414 quibus
2134 4341 2202 4398 ad

610 4451 725 4505 haec
754 4448 1032 4518 sacrilegia
1073 4455 1257 4517 caput,
1290 4446 1392 4500 hoc
1432 4454 1515 4498 est
1562 4452 1749 4499 auctor
1797 4448 1883 4496 est
1931 4439 2198 4494 diabolus.

610 4546 848 4600 Aureum
897 4546 1181 4614 propterea
1224 4539 1347 4610 quia
1400 4538 1651 4593 videntur
1701 4526 2021 4591 idololatriae
2067 4536 2204 4588 ritus

614 4636 761 4693 velut
806 4640 833 4690 a
879 4636 1209 4706 sapientibus
1257 4631 1506 4689 instituti.
1556 4624 1635 4685 De
1670 4629 1867 4699 quibus
1894 4626 2024 4681 dicit
2053 4616 2202 4693 Apo-

612 4724 784 4782 Stolus
808 4732 821 4778 ξ
855 4694 962 4799 δέ
990 4724 1249 4794 Quoniam
1279 4728 1668 4793 cognoscentes
1686 4694 1865 4773 Deum
1885 4757 1900 4784 ,
1929 4729 2036 4770 non
2062 4706 2206 4769 sicut
2229 4694 2285 4755 Ῑ)

616 4814 780 4875 Deum
810 4816 1246 4889 gloriﬁcaverunt
1273 4816 1365 4870 aut
1407 4813 1608 4886 gratias
1652 4816 1900 4882 egerunt,
1947 4807 2044 4863 Sed
2078 4820 2205 4862 eva-

614 4919 850 4970 nuerunt
872 4914 925 4966 in
955 4906 1372 4981 Cogitationibus
1400 4907 1512 4963 suis
1553 4913 1609 4961 et
1642 4900 1988 4959 obscuratum
2016 4907 2098 4955 est
2124 4898 2205 4953 ih-

615 5008 818 5079 sipiens
839 5021 934 5062 cor
963 5012 1151 5061 eorum
1177 5003 1421 5059 dicentes
1446 5012 1506 5057 se
1553 5010 1677 5057 esse
1729 4994 2003 5067 sapientes
2051 4991 2206 5049 stulti

619 5102 746 5160 facti
777 5108 927 5168 sunt,
952 5108 1007 5155 et
1034 5104 1384 5154 mutaverunt
1405 5096 1633 5167 gloriam
1663 5088 2084 5162 incorruptibiiis
2109 5085 2208 5144 Dei

616 5196 671 5252 in
722 5192 1129 5251 similitudinem
1176 5188 1427 5259 imaginis
1474 5185 1844 5256 corruptibilis
1886 5178 2122 5237 hominis
2151 5186 2209 5236 et

622 5290 901 5347 volucrum
942 5298 995 5345 et
1040 5283 1448 5359 quadrdpedum
1488 5292 1542 5339 et
1595 5288 1928 5351 serpentum.
1980 5272 2059 5330 Ex
2108 5272 2211 5329 hac

621 5384 774 5456 quasi
822 5382 1085 5453 sapientia
1120 5381 1223 5436 iste
1275 5375 1478 5433 vitulus
1519 5386 1715 5430 aureus
1754 5369 1933 5440 qualia
1962 5365 2211 5422 solebant

622 5454 1004 5548 Egyptiorum
1038 5474 1201 5529 etiam
1233 5470 1334 5540 ipsi
1381 5466 1639 5536 primates
1669 5472 1723 5519 et
1770 5469 2020 5530 tanquam
2066 5454 2213 5513 docti

622 5546 871 5625 homines
902 5564 1129 5619 addrare
1159 5563 1432 5633 ﬁgmenta.
1460 5556 1571 5611 Hoc
1597 5567 1726 5623 ergo
1747 5552 1920 5607 vitulo
1944 5546 2211 5616 signiﬁca-

621 5672 733 5717 tum
758 5662 845 5716 est
865 5666 1026 5712 omne
1054 5668 1271 5724 corpus,
1288 5652 1340 5708 id
1359 5660 1440 5707 est
1461 5646 1637 5704 omnis
1653 5645 1881 5701 societas
1904 5640 2207 5713 gentilium,

632 5753 955 5810 idololatria:
991 5749 1319 5805 deditorum.
1351 5744 1500 5801 lianc
1528 5740 1848 5809 sacrilegam
1892 5736 2210 5791 societatem

631 5848 890 5903 Dominus
917 5843 1168 5901 Christus
1192 5842 1285 5898 illo
1306 5840 1430 5912 igne
1452 5834 1719 5894 comburit
1743 5834 1810 5889 de
1829 5845 1936 5901 quo
1959 5831 2012 5885 in
2036 5828 2212 5885 Evan-

624 5938 768 6013 gelio
793 5938 926 5999 dicit
954 5935 1185 6026 :_lgnem
1224 5931 1349 5993 veni
1396 5930 1612 5992 mittere
1639 5927 1695 5989 in
1734 5931 1959 5995 terram,
1987 5928 2046 6007 ut
2076 5926 2223 5993 Quos

1824 527 1926 581 hoc
1952 524 2003 578 in
2029 518 2130 577 c-
2155 517 2211 583 Α
2237 513 2379 569 niam
2406 526 2511 564 non
2537 517 2621 563 est
2642 506 2729 578 qui
2758 516 2819 559 se
2838 497 3133 557 abscondat
3157 500 3190 551 a
3230 493 3414 550 calore
3452 490 3603 560 eius,
3628 488 3757 543 dum
3784 490 3834 545 in

2238 620 2361 663 eum
2387 601 2613 658 credunt
2631 606 2836 668 gentes,
2870 593 2994 662 igne
3015 586 3359 655 virtutisejos
3384 581 3669 637 diabolica
3691 580 3744 633 in
3763 581 3835 635 eis

2242 697 2418 753 forma
2448 694 2707 755 solvatur,
2739 696 2908 742 totum
2941 683 3136 738 deinde
3186 691 3382 745 corpus
3422 674 3566 729 illud
3622 672 3836 727 commi-

2240 788 2439 853 nuitur,
2474 786 2526 840 id
2554 792 2638 839 est
2661 784 2726 836 ab
2752 780 2842 835 illa
2872 778 3027 832 malm
3055 770 3471 843 conspirationis
3504 766 3832 822 cttnﬂatioae

2243 876 2524 941 discissum
2562 878 2724 932 verbo
2747 871 2990 930 veritatis
3013 867 3346 933 humiliatur,
3362 876 3419 920 et
3444 861 3831 918 comminutum

2182 972 2187 975 ⁷
2243 972 2297 1033 in
2325 976 2514 1045 aquam
2543 971 2793 1032 mittitur,-
2818 975 2875 1021 ut
2902 970 2997 1021 eos
3028 960 3282 1017 lsraelitm
3306 999 3322 1025 ,
3356 957 3407 1012 id
3438 961 3533 1011 est
3567 949 3829 1025 Evangelii

2247 1068 2630 1141 praedicatores
2652 1078 2719 1118 ex
2746 1059 3011 1128 baptismo
3037 1055 3091 1109 in
3121 1068 3217 1107 sua
3246 1050 3515 1112 membra,-
3547 1047 3663 1101 hoc
3685 1056 3763 1099 est
3787 1044 3831 1098 in

2248 1139 2446 1232 corpus
2474 1159 2799 1214 dominiCum
2824 1148 3173 1211 transierant;
3226 1154 3453 1214 quorum
3478 1139 3830 1195 israeiitaran

2255 1257 2418 1312 Petro
2448 1253 2514 1308 de
2541 1250 2671 1321 ipsis
2720 1246 2970 1317 gentibus
3006 1242 3209 1297 dictum
3248 1243 3331 1292 est
3359 1251 3375 1290 :
3402 1236 3586 1289 Macta
3617 1241 3673 1286 et
3713 1245 3835 1284 man-

2257 1348 2416 1403 duca‘.
2449 1344 2503 1399 Si
2528 1351 2699 1395 macta
2722 1336 3079 1400 etmanduca,
3105 1340 3272 1399 quare
3295 1342 3401 1381 non
3426 1327 3606 1380 etiam
3637 1323 3832 1377 concide

2254 1450 2307 1493 et
2335 1437 2489 1493 bibe?
2519 1436 2587 1489 ita
2612 1433 2701 1487 ille
2730 1433 2925 1485 vitulus
2954 1442 3048 1497 per
3072 1427 3247 1493 ignem
3268 1420 3397 1485 zeli,
3426 1425 3483 1472 et
3504 1418 3691 1471 aciem
3720 1414 3834 1468 Ver-

2256 1532 2330 1599 bi,
2361 1538 2417 1585 ct
2443 1544 2631 1597 aquam
2658 1522 2934 1593 baptismi,-
2964 1519 3031 1574 ab
3060 1518 3137 1572 eis
3169 1516 3346 1583 potius
3374 1520 3517 1579 quos
3566 1506 3831 1563 absorbere

2258 1622 2557 1679 conabatur
2587 1618 2873 1683 absorptns
2901 1619 3002 1668 est.
3052 1609 3109 1666 Si
3150 1622 3279 1677 ergo
3333 1606 3452 1658 haec
3493 1600 3829 1671 quoqueloca

2262 1714 2661 1781 Scripturarum
2693 1708 2762 1762 de
2799 1705 2990 1776 quibus
3038 1700 3244 1758 eisdem
3302 1693 3610 1762 Scripturis
3662 1692 3833 1745 calum.

2264 1810 2481 1863 niantur
2500 1801 2740 1857 haeretici
2775 1804 3108 1867 perscrutata
3132 1799 3189 1846 et
3208 1785 3618 1860 quodammodo
3643 1785 3834 1836 interro-

2187 1908 2239 1978 Β
2270 1909 2415 1970 gata,
2447 1904 2647 1968 quanto
2678 1893 2929 1946 videntur
2955 1885 3290 1945 obscuriora,
3325 1886 3478 1933 tanto
3503 1874 3835 1931 mirabiliores

2266 1964 2321 2045 in
2379 1964 2883 2057 se'mysteriorum
2942 1982 3229 2032 thesauros
3285 1970 3455 2025 latere
3509 1964 3833 2035 respondent.

2231 2082 2234 2086 ’
2269 2084 2481 2152 Quanto
2502 2080 2672 2148 magis
2704 2076 2988 2143 impiorum
3020 2067 3337 2138 blasphema
3358 2079 3452 2117 ora
3481 2064 3836 2117 obmutescere

2269 2177 2490 2232 omnino
2517 2174 2860 2228 debeutcum
2890 2165 3202 2235 oppilantnr
3232 2156 3571 2228 apertissima
3604 2155 3836 2215 veritate,

2270 2280 2455 2328 contra
2504 2280 2663 2337 quam
2721 2259 3013 2332 prmiocato
3056 2250 3248 2323 spiritu
3291 2249 3406 2318 quid
3430 2245 3711 2300 mussitem
3732 2254 3843 2296 non

2273 2335 2571 2421 inveniunt,
2604 2365 2657 2409 et
2681 2352 2889 2407 malunt
2918 2343 3104 2402 miseri
3142 2336 3553 2398 manifestatione
3574 2335 3690 2403 ejus
3714 2344 3842 2386 suas

2274 2455 2458 2507 fauces
2508 2445 2738 2502 oblutari
2788 2433 3099 2512 [ohturari],
3145 2446 3305 2502 quam
3355 2427 3613 2482 suavitate
3669 2432 3843 2492 pectas

2274 2544 2493 2613 implere
2520 2537 2535 2608 ί
2545 2532 2798 2607 impleri}.
2813 2529 3088 2587 Christum
3119 2525 3280 2593 igitur
3298 2528 3493 2575 sonant
3515 2518 3629 2570 haec
3652 2515 3833 2578 omnia,

2277 2609 2436 2703 caput
2455 2633 2581 2687 illud
2607 2626 2748 2698 quod
2766 2626 2875 2696 jam
2902 2618 3150 2677 ascendit
3172 2618 3226 2670 in
3244 2614 3466 2677 corium,
3482 2621 3540 2665 et
3552 2609 3656 2662 hoc
3672 2618 3833 2673 corpus

2276 2698 2417 2797 ejus,
2448 2722 2589 2794 quod
2618 2730 2785 2787 usque
2815 2717 2871 2771 in
2898 2715 3056 2766 ﬁnem
3088 2709 3299 2762 laborat
3327 2705 3380 2758 in
3411 2710 3559 2756 terra
3579 2741 3597 2765 ,
3628 2698 3830 2754 scriben-

2280 2791 2413 2874 tium
2444 2791 2673 2871 Litteras
2706 2824 2835 2866 vere
2863 2819 3047 2862 sacras
3076 2801 3254 2857 omnia
3293 2795 3589 2868 parturivit
3628 2791 3833 2853 intentio,

2286 2927 2387 2968 nec
2412 2923 2533 2965 esse
2564 2906 2851 2976 quidquam
2880 2896 3209 2955 credendum
3246 2899 3329 2948 est
3356 2890 3622 2965 librorum
3647 2885 3836 2955 prophe-

2284 3007 2511 3061 ticorum
2561 2975 2913 3055 contextione
2957 2996 3255 3055 narratum,
3288 2982 3434 3054 quod
3469 2996 3579 3035 non
3616 2975 3835 3051 signiticet

2286 3095 2483 3169 aliquid
2515 3094 2842 3157 futurorum,
2892 3086 2997 3141 nisi
3024 3100 3144 3154 qua:
3195 3080 3334 3135 ideo
3348 3075 3527 3147 posita
3560 3083 3694 3137 sunt,
3718 3079 3835 3124 nte:

2286 3166 2786 3260 eis'quodarnmodo
2820 3179 3117 3250 religentur
3141 3187 3204 3229 ea
3224 3184 3343 3240 qua:
3384 3166 3539 3221 illum
3566 3178 3726 3234 regem
3753 3173 3835 3227 po—

2208 3305 2255 3369 C
2288 3288 2577 3357 polumque
2604 3280 2721 3349 ejus
2752 3276 2866 3332 sive
2895 3270 3129 3343 propriis
3163 3269 3283 3321 sive
3332 3260 3578 3333 ﬁguratis
3603 3250 3841 3312 locutioni-

2955 3366 2964 3369 _
3121 3361 3169 3369 η,
3256 3367 3261 3369 _
3373 3360 3381 3365 _
3492 3356 3504 3368 ,
3614 3349 3841 3369 ,ΛΑ-ευ,

2286 3349 2384 3435 bus
2427 3349 2658 3431 rebusve
2698 3366 3087 3440 praenuntient.
3119 3361 3269 3417 Sicut
3298 3360 3442 3412 enim
3489 3356 3545 3411 in
3580 3349 3774 3407 citharis
3799 3349 3843 3397 et

2287 3468 2665 3546 hujuscemodi
2694 3462 2915 3536 organis
2934 3459 3157 3515 musicis
3185 3470 3291 3510 non
3315 3453 3536 3524 quidem
3566 3444 3724 3504 omnia
3742 3450 3847 3508 qua

2289 3537 2581 3637 tanguntur
2634 3570 2894 3615 canorum
2949 3547 3155 3620 aliquid
3212 3555 3509 3609 resonant,
3558 3537 3650 3593 sed
3697 3542 3845 3586 tamen

2290 3621 2532 3723 chordae,
2563 3662 2759 3708 caetera
2801 3658 2984 3701 tamen
3026 3642 3079 3695 in
3112 3649 3226 3693 toto
3257 3636 3480 3692 citharae
3507 3641 3724 3699 corpore
3749 3621 3850 3676 ideo

2292 3753 2547 3810 iabricata
2579 3753 2727 3811 sunt,
2756 3750 2817 3797 ut
2841 3748 2997 3813 esset
3016 3734 3108 3790 ubi
3145 3732 3489 3789 vincirentur,
3523 3723 3660 3778 unde
3684 3728 3738 3775 et
3764 3728 3856 3787 quo

2299 3842 2648 3898 tenderentur
2670 3808 2776 3890 ilia:
2802 3846 2937 3902 quas
2958 3808 3025 3883 ad
3048 3824 3336 3880 cantilena:
3354 3817 3648 3873 suavitatem
3675 3808 3858 3863 modu-

2297 3937 2504 3991 laturus
2520 3940 2574 3987 et
2606 3896 2961 4000 percussurus
2989 3925 3074 3973 est
3096 3913 3295 3971 artifex
3326 3929 3340 3965 :
3368 3910 3435 3965 ita
3449 3908 3503 3962 in
3530 3904 3611 3959 his
3632 3896 3859 3972 prophe.

2300 4027 2423 4082 tieis
2470 3993 2872 4079 narrationibus
2916 4024 3039 4081 quae
3090 4007 3160 4062 de
3206 4004 3381 4077 rebus
3406 3998 3567 4072 gestis
3606 3993 3854 4050 hominum

2300 4103 2618 4190 prophetico
2648 4109 2837 4179 spiritu
2859 4104 3194 4174 deliguntur,
3221 4081 3315 4151 aut
3338 4093 3540 4163 aliquid
3558 4090 3669 4159 jam
3690 4091 3851 4141 sonant

2301 4179 2691 4281 signiﬁcatione
2720 4200 3046 4259 futurorum,
3069 4201 3163 4247 aut
3187 4190 3233 4246 si
3263 4188 3398 4245 nihil
3431 4186 3542 4240 tale
3570 4179 3850 4251 signiﬁcant,

2304 4268 2382 4360 ad
2413 4304 2517 4358 hoc
2563 4300 3004 4365 interponuntur,
3035 4296 3092 4343 ut
3118 4286 3188 4339 sit
3220 4282 3377 4357 unde
3408 4279 3502 4335 illa
3544 4268 3853 4341 signiﬁcanda

2307 4407 2560 4466 tanquam
2591 4388 2839 4447 sonantia
2884 4385 3298 4439 connectantur.
3340 4373 3452 4429 Has
3494 4380 3675 4426 autem
3710 4373 3853 4420 rerum

2307 4450 2579 4563 gestjarum
2623 4480 2943 4553 aliegoricas
2972 4473 3312 4531 narrationes
3340 4470 3389 4524 si
3420 4467 3619 4522 nolunt
3660 4450 3856 4517 υπειὶίὶ

2309 4549 2449 4636 sicut
2469 4594 2499 4633 a
2526 4575 2681 4632 nobis
2708 4578 3054 4641 exponuntur
3079 4564 3345 4631 accipere,
3364 4558 3451 4613 vel
3477 4556 3643 4611 etiam
3659 4549 3858 4606 nihileas

2309 4674 2410 4729 nisi
2433 4670 2574 4739 quod
2604 4666 2816 4737 proprie
2842 4666 3039 4718 sonant
3062 4655 3369 4726 signiﬁcare
3388 4646 3718 4705 contendunt
3736 4684 3749 4704 ,
3772 4651 3858 4694 non

2311 4736 2619 4821 luctandum
2642 4774 2764 4815 cum
2797 4751 3104 4810 hominibus
3125 4748 3214 4819 qui
3240 4745 3465 4825 dicunt:
3502 4740 3622 4796 Non
3649 4736 3771 4805 sapit
3789 4745 3859 4800 pa-

2311 4858 2421 4912 lato
2450 4867 2575 4909 meo
2603 4849 2745 4921 quod
2772 4858 2970 4917 sapere
2995 4840 3133 4897 dicis
3160 4847 3276 4903 tuo,
3323 4837 3452 4890 dum
3483 4842 3668 4886 tamen
3706 4834 3861 4921 aqua

2313 4945 2573 5003 divinitus
2602 4913 2992 5013 praecipiuntur
3016 4940 3112 4987 aut
3152 4941 3330 4984 mores
3387 4925 3749 4994 pietatemque
3782 4913 3864 4965 ior-

2315 5052 2486 5103 mare,
2515 5008 2832 5101 aut'aiiquid
2870 5027 3097 5098 ﬁgurate
3144 5018 3452 5090 signiﬁcare
3492 5015 3582 5069 vel
3621 5008 3867 5067 credantur

2316 5133 2401 5190 vel
2425 5129 2816 5197 intelligantur,
2834 5133 2925 5177 aut
2945 5128 3236 5184 utrumque
3254 5112 3430 5181 potius
3446 5124 3609 5179 quam
3636 5113 3869 5161 neutrum.

2317 5228 2445 5285 dum
2474 5191 2655 5279 tamen
2679 5228 2734 5275 et
2761 5219 2876 5287 ipsa
2907 5229 3025 5286 quae
3076 5210 3299 5280 ﬁgurate
3353 5204 3499 5261 dicta
3546 5200 3633 5256 vel
3665 5204 3789 5253 tacta
3812 5191 3876 5246 in-

2320 5321 2657 5389 telliguntur,
2675 5312 2741 5369 ad
2765 5310 2986 5369 eosdem
3011 5318 3193 5386 mores
3222 5303 3395 5358 honos
3432 5299 3788 5369 pietatemque
3811 5300 3881 5342 rc-

2316 5412 2585 5470 ferantur.

2847 5531 2975 5589 CAP
2985 5530 3072 5588 UT
3112 5522 3373 5584 LXXVII.

2320 5635 2397 5693 De
2433 5634 2623 5691 semine
2660 5628 2956 5686 autcitandd
2998 5624 3145 5693 frugi
3190 5619 3466 5689 demntia;
3498 5626 3569 5669 ea:
3602 5611 3738 5666 libre
3764 5615 3893 5661 nan

2868 5690 3046 5753 contra
3072 5690 3345 5747 Faustam.

2387 5822 2441 5879 Si
2463 5819 2743 5890 quaesitum
2764 5830 2796 5870 a
2811 5813 2966 5869 nobis
2991 5809 3155 5867 fuerit
3172 5818 3270 5863 cur
3290 5803 3434 5861 illius
3448 5794 3788 5857 Testamenti
3813 5805 3901 5845 au-

2320 5888 2622 5995 ctoritatem
2644 5918 2922 5969 teneamus
2951 5904 3106 5983 gujus
3124 5902 3296 5986 ritum
3326 5888 3906 5957 nonobservamus,et
