3968 6390
179 366 274 424 701

1339 361 1773 423 τυεειυιωε.
1812 361 1967 419 CAP.
1998 362 2254 421 LXXVII.

3332 356 3443 423 70!

175 487 242 545 ad
267 484 373 545 hoe
391 502 458 544 ex
484 488 677 545 litteris
712 486 1026 558 apostolicis
1053 483 1461 556 respondemus.
1490 484 1581 539 Ait
1599 482 1747 539 enim
1772 478 1831 549 Δ
1852 480 1977 537 ﬁdei
1998 482 2289 538 Christiani
2313 486 2461 548 sunt,
2492 472 2599 535 non
2648 480 2707 535 in’
2744 471 3013 536 termento
3059 478 3259 534 veteris
3290 482 3438 551 vita,

176 578 502 650 Apostolus:
535 580 702 636 Nemo
726 595 857 651 ergo
896 580 995 636 vos
1012 577 1217 650 iudicet
1243 577 1299 632 in
1328 574 1452 632 cibo
1494 584 1549 631 et
1592 583 1747 645 potu,

176 676 337 733 autin
367 686 517 747 parte
539 678 642 734 diei
673 678 813 745 festi,
856 687 947 733 aut
994 672 1322 742 Neomenite,
1371 676 1464 729 aut
1489 666 1750 730 Salinath

176 785 316 837 rum,
339 770 481 837 quod
504 778 585 825 est
615 770 801 825 umbra
833 769 1151 824 futurorum.
1178 768 1252 821 ita
1275 766 1473 838 quippe
1497 776 1551 821 et
1576 780 1671 821 cur
1688 778 1751 818 ea

175 863 278 935 legi
298 873 458 935 atque
486 866 652 935 accipi
677 852 922 936 oporteat
947 860 1204 929 ostendit,
1248 862 1298 916 id
1327 870 1409 917 est
1430 875 1495 917 ne
1519 858 1752 931 prophe-

177 956 304 1016 tiam
333 954 756 1031 exatinguamus,
783 960 904 1030 quia
933 959 986 1013 in
1010 956 1201 1013 umbra
1234 955 1370 1011 facta
1399 963 1522 1010 sunt
1548 954 1754 1008 futuro-

174 1067 313 1122 rum,
338 1061 394 1109 et
420 1068 611 1109 curare
636 1067 735 1109 nos
755 1068 860 1133 non
882 1051 1080 1108 debere
1109 1066 1205 1108 eos
1230 1048 1322 1121 qui
1349 1063 1447 1104 nos
1470 1047 1595 1104 hinc
1609 1046 1754 1117 judi-

173 1152 301 1203 Care
330 1141 620 1214 voluerint,
673 1146 814 1217 quod
862 1145 1213 1215 corporaliter
1228 1145 1474 1219 jamnon
1494 1142 1754 1197 observe-

172 1236 317 1311 inns,
348 1234 488 1296 sicut
518 1222 642 1295 alibi
673 1226 780 1296 tale
826 1224 1078 1312 quiddam
1122 1238 1272 1294 dixit.
1324 1236 1450 1293 Haec
1494 1236 1547 1291 in
1588 1235 1757 1303 figura

170 1334 555 1403 contingebant
585 1316 712 1398 illis,
759 1334 960 1403 scripta
1001 1340 1126 1409 sunt
1168 1340 1349 1387 autem
1397 1338 1614 1401 prepter
1638 1344 1755 1384 cor-

171 1427 475 1501 re'ptionem
499 1436 761 1495 nostram,
782 1427 834 1483 in
860 1442 996 1499 quos
1023 1426 1145 1481 finis
1170 1428 1491 1482 saeculorum
1514 1424 1755 1479 obvenit.

171 1514 311 1572 Cum
344 1534 475 1589 ergo
505 1512 607 1573 tale
636 1519 837 1588 aliquid
871 1519 1065 1589 legitur
1086 1520 1138 1573 in
1166 1520 1522 1574 instrumento
1548 1516 1762 1571 Veteris

168 1606 533 1673 Testamenti,
568 1610 725 1679 quale
755 1626 786 1664 a
813 1611 966 1665 nobis
1012 1610 1095 1666 vel
1123 1610 1423 1675 observari,
1448 1609 1531 1663 vel
1552 1608 1760 1676 jussum

171 1719 285 1759 non
308 1714 391 1759 est
417 1704 470 1758 in
494 1700 646 1759 Novo
674 1692 1041 1770 Testamento,
1088 1692 1178 1761 ,ὕοι
1220 1704 1380 1758 etiam
1411 1700 1758 1770 prohibitum,

168 1795 306 1866 quid
353 1791 617 1865 signiﬁcet
656 1794 1006 1863 quaerendum
1055 1794 1180 1860 est,
1225 1793 1329 1847 non
1362 1788 1762 1861 reprehenden-

1854 577 1957 631 hoe
1985 585 2067 631 est
2096 577 2333 643 malitiae,
2364 578 2459 633 sed
2482 578 2535 632 in
2564 577 2733 646 ipsins
2774 575 2897 631 fidei
2928 575 3154 639 Veritate
3182 583 3238 629 et
3265 575 3445 634 since-

1852 668 2013 722 ritate
2042 668 2383 736 custodiunt;
2431 677 2541 724 non
2569 674 2773 739 septem
2807 668 2999 724 diebus
3023 666 3119 724 sed
3158 668 3306 723 omni
3332 670 3447 739 die,

1853 756 1996 832 qudd
2041 762 2533 831 significatumest
2571 768 2799 819 numero
2843 764 3052 819 dierum
3099 762 3441 833 septenario,

1853 865 1960 925 quo
2011 848 2251 924 qitbtldie
2300 856 2478 911 omnis
2524 852 2761 912 volvitur
2811 856 2950 914 dies.
2982 857 3137 926 Qubd
3190 859 3292 913 etti
3339 856 3444 912 ali-
3502 890 3506 894 -

1856 944 2115 1019 quantum
2174 948 2501 1004 laboriosum
2548 952 2631 1008 est
2670 952 2725 1008 in
2768 951 2869 1006 hoc
2918 952 3135 1016 saeuio,
3190 952 3444 1021 quoniam

1855 1048 2080 1109 angusta
2109 1047 2167 1095 et
2193 1046 2340 1096 arcta
2370 1048 2454 1095 est
2484 1042 2570 1096 via
2598 1046 2719 1112 quas
2748 1043 2894 1098 ducit
2924 1043 2990 1097 ad
3020 1043 3203 1109 sitam,
3236 1056 3445 1101 merces

1858 1142 2035 1191 tamen
2081 1132 2225 1191 eerta
2268 1142 2533 1191 servatur.
2581 1136 2713 1191 Nam
2753 1136 2870 1206 ipse
2917 1137 3072 1193 labor
3115 1132 3447 1208 significatus

1858 1237 1942 1283 est
1981 1227 2087 1283 illis
2132 1228 2375 1300 plgridiis
2408 1222 2551 1297 quod
2576 1230 2961 1302 aliquantulum
2994 1228 3279 1288 subamara
3313 1235 3444 1289 sint.

1860 1316 2213 1377 Pentecosten
2244 1324 2438 1391 etiam,
2488 1323 2541 1377 id
2582 1336 2664 1379 est
2701 1326 2730 1379 ai
2774 1327 3022 1395 paesione
3064 1324 3117 1382 et
3168 1336 3446 1384 resurrec-

1860 1416 2007 1472 tione
2059 1412 2269 1471 Domini
2321 1418 2821 1488 quinquagesimum
2868 1418 3009 1473 diem
3067 1419 3445 1488 Celebramus,

1860 1522 1968 1578 quo
1996 1508 2152 1563 nobis
2180 1508 2435 1577 Spiritum
2468 1516 2711 1564 sanctum
2747 1512 3073 1579 paraCIetum
3126 1524 3281 1582 quem
3322 1524 3450 1579 pro-

1862 1602 2086 1658 miserat
2122 1598 2307 1667 misit,
2353 1602 2498 1671 quod
2544 1601 2779 1656 futurum
2812 1603 2972 1656 etiam
3019 1608 3112 1672 per
3139 1602 3448 1659 Judmorum

1865 1696 2060 1766 pascha
2087 1694 2443 1764 significatum
2476 1702 2578 1760 est,
2605 1702 2725 1749 eum
2751 1692 3192 1765 Quinquageshno
3214 1697 3300 1751 die
3328 1694 3451 1767 post

1864 1789 2287 1844 celebrationem
2314 1789 2431 1846 ovis
2458 1788 2647 1844 occisa
2678 1786 2850 1844 Moses
2873 1788 3039 1854 digito
3070 1790 3163 1845 Dei
3196 1788 3453 1859 scriptam

168 1890 326 1955 dum,
350 1891 475 1960 quia
502 1904 569 1945 eo
588 1886 705 1960 ipSo
733 1888 839 1959 Quo
862 1886 973 1954 jam
999 1888 1105 1943 non
1131 1886 1467 1953 observatur,
1488 1900 1594 1941 non
1611 1885 1760 1939 dam-
1868 1880 2037 1953 legem
2067 1885 2275 1951 accepit
2303 1883 2354 1938 in
2384 1892 2587 1939 monte.
2608 1882 2791 1955 Legite
2818 1880 3162 1954 Evangelium‘
3188 1886 3240 1941 et
3262 1888 3456 1941 adver-

169 1992 384 2050 natum,
416 1984 510 2040 sed
540 1984 818 2055 impletum
844 1983 1119 2053 probatur.
1167 1981 1318 2039 Unde
1344 1982 1509 2037 multa
1542 1990 1596 2035 et
1618 1993 1761 2048 srcpe

167 2074 285 2147 jam
314 2075 576 2140 diximus,
606 2074 751 2131 velut
776 2074 880 2129 hoc
920 2075 1091 2145 ipsum
1133 2072 1404 2144 quomodo
1454 2074 1557 2127 non
1604 2069 1764 2151 intel-

167 2166 348 2238 ligens
404 2167 632 2222 Faustus
687 2165 956 2222 mandatis
1014 2166 1224 2223 Veteris
1278 2162 1607 2221 'l'estamenti
1666 2176 1763 2231 pro

167 2259 404 2315 crimine
427 2258 667 2330 ohjecit,
697 2258 841 2331 quod
875 2264 1097 2314 uxorem
1144 2258 1325 2315 fratris
1355 2258 1422 2312 ad
1465 2254 1567 2311 hoc
1598 2252 1764 2310 frater

169 2352 358 2422 jussus
384 2360 469 2407 est
498 2352 717 2418 ducere,-
751 2358 805 2405 tit
837 2364 943 2406 non
975 2351 1099 2417 sibi,
1144 2350 1237 2406 sed
1269 2349 1348 2405 illi
1374 2348 1615 2403 sobolem
1648 2352 1767 2401 sus-

172 2443 411 2508 eitaret,
442 2440 663 2511 ejusque
690 2451 911 2497 vocaret
956 2440 1174 2497 Homine
1219 2440 1359 2511 quod
1407 2438 1531 2494 inde
1581 2448 1768 2493 nosce-4

175 2542 369 2598 retur;
400 2532 527 2602 quid
555 2533 699 2587 aliud
746 2534 801 2588 in
849 2534 1015 2604 figura
1064 2522 1443 2603 premenstrat
1489 2530 1592 2586 nisi
1647 2527 1770 2600 quid

174 2624 549 2694 unusquisque
573 2624 845 2696 Evangelii
876 2623 1196 2693 prtedicator
1238 2624 1310 2679 ita
1329 2623 1489 2680 debet
1506 2625 1557 2679 in
1580 2622 1771 2680 Eccle‘a

172 2713 262 2769 sia
292 2715 559 2782 laborare,
616 2726 674 2771 ut
722 2714 980 2771 defuncto
1029 2716 1204 2784 fratri,
1247 2716 1354 2772 hoc
1402 2722 1486 2773 est
1529 2716 1766 2789 Clit-isto,

172 2807 406 2863 suscitet
436 2822 621 2863 semen
648 2808 740 2877 qui
769 2822 866 2878 pro
894 2808 1051 2863 nobis
1098 2821 1344 2864 mortuus
1385 2820 1487 2877 est,
1544 2822 1601 2867 et
1629 2814 1771 2882 quod

170 2901 497 2957 suseitatum
533 2901 691 2956 fuerit
719 2900 838 2972 ejus
869 2916 1065 2957 nomen
1098 2903 1351 2970 accipiat.
1399 2904 1639 2976 Denique
1670 2905 1773 2962 hoe

171 2989 411 3060 implens
443 2990 755 3059 Apostolus,
786 3006 892 3047 non
916 2991 1027 3061 jam
1059 2992 1348 3048 carnaliter
1386 2994 1440 3047 in
1490 2996 1771 3065 prasmissa

122 3140 139 3157 ἢ
170 3082 599 3153 significatione,
648 3082 743 3139 sed
792 3084 1107 3151 spiritaliter
1131 3085 1185 3140 in
1217 3086 1484 3156 completa
1521 3088 1765 3157 veritate,

169 3189 316 3246 quos
339 3174 392 3230 in
419 3175 638 3231 Christo
664 3176 793 3232 Jesu
826 3193 919 3245 per
950 3178 1301 3251 Evangelium
1339 3194 1400 3235 se
1441 3193 1772 3237 commemo-

1868 1976 1962 2033 tite
1994 1977 2253 2048 Spiritum
2286 1988 2531 2033 sanctum
2587 1968 2909 2047 appellatum
2962 1978 3184 2049 digitum
3220 1970 3335 2037 Dei.
3378 1978 3454 2036 Ea

1866 2072 2063 2142 quippe
2084 2073 2455 2127 anniversarie
2479 2073 2530 2126 in
2561 2071 2805 2127 Ecclesia
2830 2073 3191 2140 celebrantur,
3226 2090 3343 2145 qua:
3369 2072 3458 2128 in-

1865 2164 2091 2232 signiter
2113 2163 2434 2219 excellemia
2463 2165 2629 2218 certis
2654 2154 2841 2218 diebus
2866 2164 2999 2217 facta
3022 2173 3168 2232 sunt,
3194 2176 3249 2219 nt
3270 2168 3459 2221 eorum

1868 2261 2225 2313 necessariam
2244 2258 2621 2326 salubremque
2644 2258 2959 2312 memoriam
2984 2257 3246 2313 festivitas
3268 2274 3461 2317 cence—

1870 2349 2074 2403 lebrata
2089 2349 2377 2403 custodiat.
2396 2350 2451 2404 Si
2466 2350 2624 2403 vultis
2638 2352 2764 2419 ergo
2780 2363 2935 2405 nosse
2952 2366 3115 2420 quare
3128 2351 3463 2410 celebremus

1870 2440 2097 2506 Pascha,
2133 2443 2254 2509 quia
2288 2450 2413 2497 tunc
2436 2454 2531 2511 pro
2569 2442 2725 2495 nobis
2748 2442 3055 2496 immolatus
3080 2454 3161 2497 est
3190 2444 3462 2501 Christus.

1870 2534 1979 2604 σο
2007 2533 2064 2588 Si
2096 2533 2255 2588 vultis
2283 2547 2412 2601 ergo
2441 2546 2603 2588 nosse
2626 2542 2793 2602 quare
2815 2546 2922 2588 non
2954 2533 3085 2589 illud
3117 2530 3220 2588 ritu
3245 2534 3464 2604 jndaico

1872 2624 2233 2692 celebremus,
2262 2624 2383 2695 quia
2417 2623 2507 2678 illa
2551 2628 2667 2678 crat
2696 2626 2906 2679 venturi
2940 2625 3051 2680 veri
3075 2626 3463 2698 praeﬁguratio,

1873 2717 1989 2773 haec
2008 2716 2259 2788 completi
2281 2716 2743 2774 cnmmemoratid.
2763 2718 3023 2775 Futurum
3049 2720 3226 2776 autem
3250 2738 3305 2777 et
3327 2738 3465 2792 prae-

1875 2812 2090 2866 teritnm
2120 2826 2222 2867 nec
2250 2812 2381 2881 ipsis
2410 2812 2590 2868 verbis
2638 2814 2837 2868 nostris
2866 2813 3056 2869 eodem
3089 2814 3251 2869 modo
3295 2830 3466 2871 enun-

1874 2902 2059 2971 tiatur,
2089 2904 2232 2959 unde
2255 2903 2368 2974 jam
2397 2903 2530 2958 satis
2560 2904 2617 2959 in
2649 2903 2751 2960 hoc
2776 2919 2943 2973 opere
2973 2904 3138 2960 locuti
3166 2917 3375 2961 sumus.
3406 2898 3468 2962 Si

1875 3006 2053 3053 autem
2075 3008 2132 3053 et
2162 3000 2275 3053 hee
2306 2996 2461 3071 [hoc]
2486 3000 2750 3067 queritis,
2782 3014 2879 3053 cur
2900 3006 2967 3054 es
3001 2998 3248 3054 omnibus
3272 2990 3406 3055 cibis
3434 3014 3467 3056 a

1874 3090 2144 3161 quibusin
2178 3092 2367 3145 umbra
2400 3091 2703 3146 futurorum
2729 3092 2956 3162 pepulns
2984 3094 3068 3147 est
3092 3092 3181 3147 ille
3224 3092 3468 3163 prohibi-

1876 3192 1983 3253 tus,
2016 3201 2113 3240 nos
2142 3186 2425 3240 morticine
2456 3197 2506 3240 ct
2537 3184 2880 3241 immolatitio
2914 3202 3019 3242 non
3070 3186 3385 3243 vescimur?
3414 3193 3473 3243 et

169 3278 263 3325 rat
283 3265 556 3337 genuisse,
586 3277 871 3323 succenset
897 3269 997 3337 eis,
1031 3278 1087 3324 et
1112 3285 1206 3325 eos
1236 3271 1523 3341 increpans
1547 3273 1768 3343 corrigit
1878 3278 1979 3333 hoc
2010 3274 2193 3333 audite
2218 3282 2269 3333 et
2308 3279 2593 3335 calumniis
2651 3280 2898 3336 vanitatis
2943 3297 3129 3336 verum
3180 3280 3470 3363 aliquandq

170 3359 425 3415 volentes
454 3374 577 3417 esse
599 3360 771 3417 Pauli.
801 3361 1051 3431 Nunquid
1083 3363 1302 3430 Paulus,
1329 3366 1519 3437 inquit,
1546 3383 1642 3436 pro
1673 3384 1771 3422 vo-‘

169 3456 263 3512 bis
286 3455 575 3511 cruciﬁxus
594 3456 713 3511 est?
730 3465 824 3510 aut
848 3456 899 3510 in
928 3456 1076 3511 Pauli
1104 3458 1323 3512 nomine
1336 3458 1587 3527 baptisati
1606 3462 1773 3516 estis?

170 3555 435 3618 tanquam
488 3547 729 3603 diceret:
760 3546 1024 3603 Defuncto
1079 3546 1231 3603 fratri
1276 3562 1372 3603 vos
1399 3551 1581 3618 genui,
1613 3552 1775 3606 Chria

167 3640 341 3696 etiani
373 3640 661 3705 vocamini,
684 3655 793 3695 non
824 3639 1089 3695 Pauliani.
1116 3644 1185 3696 At
1216 3656 1346 3696 vero
1368 3642 1460 3711 qui
1482 3643 1687 3698 electus
1707 3643 1779 3700 ab

169 3733 424 3791 Ecclesia
449 3735 809 3796 ministerium
838 3736 1248 3807 evangelizandi
1279 3737 1544 3802 renuerit,
1571 3738 1639 3793 ab
1659 3738 1779 3807 ipsa

166 3825 429 3882 Ecclesia
453 3828 650 3882 merito
678 3829 946 3899 digneque
986 3830 1370 3886 contemnitur.
1398 3829 1510 3885 lloc
1528 3840 1611 3886 est
1629 3833 1779 3887 enim

164 3918 324 3990 quod
357 3919 410 3973 in
438 3918 556 3987 ejus
584 3919 772 3974 faciem
799 3918 1016 3989 jubetur
1058 3936 1347 3992 exspuere,
1376 3937 1482 3978 non
1505 3938 1638 3979 sane
1660 3922 1779 3979 sine

166 4012 340 4081 signo
354 4010 514 4079 hujus
531 4011 810 4080 opprobrii
828 4020 886 4065 ut
900 4014 1255 4069 calciamenta
1272 4016 1425 4084 pedis
1446 4016 1605 4070 unius
1626 4028 1781 4073 eausa

169 4114 301 4173 tur,
334 4118 401 4157 ne
421 4103 494 4157 sit
520 4104 569 4158 in
603 4117 793 4159 eorum
817 4113 965 4160 sorte
993 4107 1186 4174 quibus
1208 4106 1324 4176 ipse
1352 4108 1642 4177 Apostolus
1665 4108 1776 4163 ait:

166 4195 258 4253 Et
283 4194 488 4251 calciati
514 4195 682 4266 pedes
713 4194 768 4250 in
799 4198 1248 4265 praeparationem
1291 4197 1569 4267 Evangelii
1604 4199 1780 4266 pacis;

163 4299 238 4348 et
264 4286 335 4344 de
357 4288 555 4358 quibus
585 4297 976 4344 commemorat
1024 4288 1282 4359 propheta
1313 4307 1326 4344 :
1351 4290 1521 4357 Quam
1552 4290 1783 4360 speciosi

167 4382 355 4456 pedes
383 4397 575 4440 eorum
600 4382 1030 4453 quiannuntiant
1070 4398 1278 4453 pacem,
1310 4384 1405 4455 qui
1459 4386 1787 4439 annuntians

1877 3371 2197 3440 przrponite.
2228 3368 2336 3425 Cur
2367 3372 2511 3426 enim
2542 3380 2648 3425 non
2676 3372 2925 3441 expediat
2952 3372 3293 3427 immolatitio
3325 3370 3472 3429 vesci

1877 3462 2184 3517 Christiano
2214 3458 2505 3530 Apostolus
2536 3463 2700 3517 dicit:
2734 3456 2870 3518 Nolo
2900 3480 3016 3533 vos,
3054 3464 3258 3534 inquit,
3289 3466 3471 3537 socios

1881 3551 1996 3605 fieri
2042 3551 2455 3605 darmoniorum.
2502 3540 2685 3621 Neque
2732 3554 2876 3606 enim
2926 3550 3096 3623 ipsam
3146 3552 3473 3608 immolatio-

1881 3655 2003 3696 nem
2053 3638 2405 3713 reprehendit
2460 3650 2620 3712 quam
2675 3640 2944 3699 faciebant
2994 3655 3175 3715 patres
3226 3645 3474 3717 praefigu-

1881 3738 2064 3793 ranies
2092 3736 2409 3807 sanguinem
2442 3736 2693 3794 sacrificii
2721 3755 2829 3811 quo
2878 3755 2976 3795 nos
3018 3730 3271 3798 Christus
3320 3742 3476 3801 rede-

1881 3829 1998 3895 mit,
2024 3828 2119 3884 sed
2148 3829 2587 3899 quae.itiimolant
2642 3832 2855 3901 gentes.
2914 3826 3203 3890 Dzemoniis
3226 3879 3241 3905 ,
3274 3835 3479 3905 inquit,
3532 3820 3541 3825 ⁷

1882 3921 2184 3988 immolant,
2214 3924 2268 3977 et
2297 3937 2401 3977 non
2433 3910 2565 3977 Deo.
2598 3914 2799 3980 Deinde
2820 3918 3175 3996 adjecitquod
3197 3926 3341 3983 dixi:
3370 3927 3479 3984 No-
3564 3954 3567 3955 ν

1884 4016 1938 4071 lo
1962 4016 2060 4070 ves
2092 4014 2271 4072 socios
2297 4014 2414 4071 fleri
2441 4014 2852 4071 dzemoniorum.
2884 4012 3018 4072 Nam
3044 4016 3090 4072 si
3135 4030 3326 4075 natura
3359 4021 3480 4089 ipsa

1886 4106 2239 4162 immolatitias
2302 4108 2482 4162 carnis
2520 4115 2665 4163 esset
2707 4107 3004 4176 immunda,
3055 4110 3243 4180 utique
3290 4120 3348 4168 et
3382 4128 3482 4169 ne-

1886 4200 2148 4253 scientem
2171 4192 2583 4252 contaminaret.
2618 4190 2805 4268 Neqhe
2845 4202 2989 4254 enim
3036 4214 3103 4257 eo
3146 4201 3325 4257 minus
3364 4202 3481 4271 ipsa
3561 4192 3582 4210 ’

1889 4298 2037 4346 esset
2065 4289 2354 4358 quominus
2382 4290 2451 4344 ab
2480 4291 2688 4346 sciente
2726 4291 3083 4363 acciperetur,
3116 4294 3213 4349 sed
3265 4304 3483 4365 propter

1889 4382 2277 4437 conscientiam
2298 4396 2367 4437 ne
2391 4380 2727 4439 damonibus
2753 4382 3186 4443 communicasse
3214 4386 3483 4445 videatur.

166 4476 355 4543 bona,
382 4476 473 4546 qui
503 4476 647 4559 enim
670 4476 749 4531 sic
776 4478 1142 4546 evangelicam
1193 4477 1353 4532 iidem
1401 4486 1569 4544 tenet,
1626 4484 1685 4532 ut
1728 4483 1787 4532 et
1890 4473 2238 4528 Mortieinum
2265 4481 2446 4529 autem
2472 4482 2621 4543 puto,
2646 4474 2788 4547 quod
2809 4478 2875 4532 ad
2896 4484 3075 4535 escam
3119 4493 3250 4535 usus
3304 4476 3484 4537 homi-

168 4568 292 4626 sibi
315 4569 503 4639 prosit,
538 4578 593 4624 et
622 4567 883 4624 Ecclesia:
929 4568 1193 4637 prodesse
1240 4585 1350 4625 non
1394 4579 1612 4639 renuat,
1642 4570 1786 4627 bene
1889 4582 2019 4621 num
2040 4570 2146 4622 nun
2173 4566 2497 4633 admisit,eo
2516 4567 2659 4638 qnod
2684 4584 2791 4626 non
2806 4573 3108 4627 occiSoru'm
3132 4568 3227 4630 sed
3244 4581 3485 4632 mortuo-

174 4660 513 4730 intelligitur
562 4671 796 4729 utroque
851 4665 987 4730 pede
1032 4660 1317 4719 calciatus.
1346 4662 1451 4728 Qui
1479 4673 1659 4718 autem
1681 4663 1786 4722 sibi
1808 4659 1868 4731 Π
1892 4674 2014 4715 rum
2039 4659 2351 4717 animﬁllnm
2380 4661 2627 4716 morbida
2658 4674 2787 4718 caro
2824 4670 2911 4719 est
2942 4674 3042 4720 nec
3080 4674 3203 4736 apta
3234 4667 3301 4722 ad
3342 4666 3487 4724 salu-

170 4760 345 4824 putat
392 4752 520 4820 quia
562 4751 786 4808 credidit
820 4754 953 4809 satis
989 4767 1111 4811 esse
1139 4756 1441 4811 consultum
1469 4758 1777 4826 consilium,

170 4861 379 4906 curam
406 4862 539 4902 vero
565 4846 947 4903 lucrandorum
974 4849 1176 4917 refugit
1208 4848 1461 4915 aliorum,
1483 4850 1781 4907 diecalclati

170 4944 339 5001 illius
371 4958 478 4998 non
508 4941 792 5014 figuratum
815 4942 1164 5011 significabit,
1196 4942 1294 4998 sed
1323 4943 1379 4998 in
1414 4954 1475 4999 se
1503 4944 1779 5013 impletum

171 5033 433 5107 portabit
472 5035 846 5103 opprobrium.
883 5032 1024 5101 Quid
1050 5074 1067 5103 ,
1095 5033 1239 5103 quod
1268 5056 1284 5100 ,~
1316 5043 1372 5089 et
1401 5036 1597 5104 pascha
1626 5035 1783 5092 nobis

168 5127 399 5196 objecit
424 5126 712 5194 celebrari,
744 5138 845 5183 nec
873 5126 1001 5195 quia
1038 5126 1113 5181 ita
1142 5134 1205 5180 ut
1227 5125 1395 5181 iudici
1446 5125 1784 5182 celebramus

168 5218 436 5277 insultat.
465 5216 600 5273 Cum
631 5226 810 5274 autem
842 5218 1016 5288 magis
1043 5233 1145 5273 nos
1162 5216 1457 5273 habeamus
1478 5217 1533 5271 in
1558 5231 1620 5274 re
1644 5233 1785 5288 prce.

166 5311 365 5371 sentis
396 5311 675 5381 Evangelii
712 5328 817 5366 non
846 5312 903 5367 in
936 5312 1123 5367 umbra
1151 5312 1315 5367 futuri
1345 5354 1360 5380 ,
1390 5312 1615 5382 ejusque
1641 5312 1786 5369 occi-

166 5411 404 5468 sionem
433 5424 554 5464 cum
582 5408 825 5478 quotidie
854 5417 969 5463 tum
1018 5408 1253 5464 maxime
1293 5408 1661 5463 anniversaria
1690 5423 1783 5464 so-

168 5502 474 5561 lemnitate
520 5515 628 5557 non
682 5511 970 5557 venturam
1020 5502 1435 5572 praesignemus,
1470 5501 1567 5557 sed
1590 5502 1788 5559 factam

167 5602 704 5655 commemoremus.
739 5592 868 5650 ideo
894 5607 1023 5650 sane
1045 5594 1160 5651 dies
1189 5594 1409 5651 Pascha:
1428 5595 1784 5653 solemnitatis

169 5694 396 5746 nostrae
423 5686 490 5741 ad
521 5685 663 5743 diem
695 5684 1076 5742 celebrationis
1117 5689 1430 5742 umbraticas
1470 5687 1783 5743 Judaeorum

170 5797 303 5838 non
336 5780 593 5844 occurrit,
622 5786 681 5834 ut
728 5787 784 5834 et
836 5776 1167 5833 dominicum
1209 5777 1349 5834 diem
1395 5794 1504 5849 quo
1539 5778 1789 5836 Christus

171 5871 499 5961 “inuexit
525 5868 1029 5949 complecteremur.
1085 5868 1289 5941 Azyma
1321 5885 1471 5941 vero,
1503 5872 1595 5943 qui
1623 5883 1790 5933 rectae
1825 5934 1843 5961 ,λ

1893 4762 2001 4809 tem
2034 4754 2301 4823 corporis,
2329 4756 2486 4823 cujus
2515 4764 2674 4808 causa
2707 4750 2953 4811 suminus
2980 4754 3317 4813 alimentum.
3351 4754 3489 4818 Nam

1891 4845 2035 4915 quod
2063 4845 2135 4901 de
2156 4845 2486 4902 effundenda
2508 4846 2773 4916 sanguine
2800 4846 3033 4915 antiquis
3063 4844 3117 4903 in
3144 4848 3314 4922 ﬁgura
3343 4860 3485 4919 prte—

1891 4942 2108 5008 ceptuln
2137 4945 2244 5005 est,
2276 4937 2331 4993 id
2350 4942 2435 4993 est
2455 4936 2557 5007 ipsi
2580 4935 2693 4994 Noe
2722 4942 2845 5008 post
2891 4936 3182 5005 diluvium,
3210 4939 3354 5010 quod
3375 4941 3489 5010 jam

1894 5034 2021 5101 quid
2047 5032 2377 5103 signiﬁcaret
2414 5028 2783 5103 ostendimus;
2813 5026 3055 5107 plerique
3085 5036 3408 5106 intelligunt,
3436 5040 3491 5091 et

1893 5128 1948 5184 in
1977 5128 2201 5184 Actibus
2224 5128 2589 5197 apostolorum
2618 5124 2720 5186 hoc
2744 5130 2858 5201 lege
2882 5124 3213 5200 praeceptum
3242 5128 3310 5183 ab
3332 5144 3493 5200 apos-

1892 5221 2041 5289 tolis,
2065 5229 2126 5277 ut
2145 5218 2480 5279 abstinerent
2524 5233 2712 5294 gentes
2739 5228 2945 5279 tantum
2972 5219 3412 5292 a-fornicatione,
3436 5231 3494 5280 et

1890 5315 1961 5370 ab
1988 5314 2299 5382 immolatis,
2322 5314 2377 5372 et
2395 5329 2425 5369 a
2454 5316 2736 5387 sanguine,
2762 5314 2816 5371 id
2840 5322 2921 5371 est
2946 5330 3013 5370 ne
3036 5307 3330 5385 quidquam
3358 5316 3494 5373 ede-

1891 5416 2014 5462 rent
2040 5408 2220 5463 carnis
2250 5407 2604 5480 [nequaquam
2620 5407 2844 5465 ederent
2866 5403 3079 5477 carnes]
3102 5406 3261 5476 cujus
3275 5408 3494 5479 sanguis

1894 5515 2002 5555 non
2032 5508 2180 5555 esset
2200 5500 2424 5569 eii‘usus,
2455 5503 2598 5571 quod
2620 5502 2711 5557 alii
2739 5510 2846 5556 non
2872 5501 2951 5556 sic
2980 5499 3312 5571 intelligunt,
3341 5501 3436 5557 sed
3457 5516 3492 5557 a

1893 5594 2157 5664 sanguine
2177 5603 2504 5663 praeceptum
2531 5610 2657 5651 esse
2697 5593 3105 5660 abstinendum,
3142 5604 3209 5649 ne
3236 5592 3360 5663 quis
3387 5592 3485 5648 bo-

1894 5687 2114 5744 micidio
2144 5701 2205 5743 se
2241 5687 2592 5744 contaminet.
2624 5687 2740 5743 Hoc
2770 5696 2914 5743 nunc
2946 5682 3216 5743 discutere
3265 5686 3492 5757 longum

1896 5789 1983 5837 est
2008 5791 2062 5837 et
2082 5794 2190 5837 non
2215 5780 2614 5847 necessarium,
2645 5780 2770 5851 quia
2807 5779 2912 5837 etsi
2939 5779 3042 5836 boc
3089 5786 3215 5835 tunc
3252 5777 3493 5850 apostoli

1894 5883 2273 5946 przcceperunt
2302 5883 2359 5934 ut
2396 5874 2467 5935 ab
2504 5874 2813 5935 animalium
2848 5874 3113 5948 sanguine
3147 5873 3489 5937 abstinerent
