3968 6390
533 373 637 431 705

1604 369 1666 424 D.
1711 366 2026 424 EUGYPPII
2064 366 2356 423 ABBATIS
2385 365 2706 424 AFRICANI

3711 371 3803 426 704

532 485 852 549 Christiani,
888 500 957 541 ne
982 483 1280 554 prmfocatis
1307 481 1558 536 carnibus
1588 487 1957 544 vescerentur,
2003 477 2110 533 ele-
2143 478 2200 542 Α
2220 478 2455 533 animam
2480 477 2755 533 hominis?
2783 479 2870 534 An
2889 493 3106 534 omnem
3136 479 3407 536 hominem
3437 481 3671 536 fratrem
3700 498 3802 538 om.

530 579 681 650 gisse
709 577 841 632 mihi
875 577 1121 631 videntur
1151 590 1248 643 pro
1279 584 1519 642 tempore
1565 588 1678 628 rem
1707 573 1918 628 facilem
1947 580 1999 626 et
2020 585 2116 625 ne-

535 648 806 741 quaquam
832 669 1241 726 observantibus
1270 683 1574 732 onerosam,
1605 669 1657 722 in
1678 683 1782 737 qua
1809 682 1929 721 cum
1949 667 2117 721 Israe-

474 735 493 808 ῗ
533 735 646 822 litis
663 735 826 821 etiam
865 775 1048 834 gentes
1081 772 1294 834 pr0pter
1325 763 1644 833 angularem
1687 763 1833 816 illum
1883 759 2116 828 lapidem

478 836 480 838 ν
535 859 673 913 duos
703 859 756 912 in
778 873 837 911 se
867 855 1214 920 condentem,
1246 856 1446 925 aliquid
1479 855 1837 911 communiter
1865 853 2118 908 observa»

534 960 656 1008 rent
699 950 856 1004 simul
889 950 1051 1005 etiam
1085 959 1363 1006 monerent
1393 952 1469 1024 [et
1497 948 1869 1018 admonerent]
1899 950 1952 1002 in
2003 948 2117 1018 ipsa

533 1057 656 1097 arca
686 1041 821 1108 Noe,
851 1043 1062 1112 quando
1090 1043 1229 1098 Deus
1251 1044 1353 1098 hoc
1370 1043 1528 1112 jussit
1556 1043 1854 1097 Ecclesiam
1877 1042 2118 1097 omnium

532 1135 770 1203 gentium
800 1134 964 1189 fuisse
995 1136 1272 1204 ﬁguratam
1304 1133 1771 1206 [praeliguratam],
1805 1135 1957 1204 cujus
1991 1133 2118 1189 facti

532 1228 812 1295 prophetia
838 1228 949 1297 jam
981 1230 1228 1299 gentibus
1258 1229 1324 1284 ad
1369 1229 1527 1284 ﬁdem
1556 1229 1932 1284 accedentibus
1987 1228 2119 1283 inci-

533 1318 717 1390 piebat
742 1320 974 1389 impleri.
1009 1320 1306 1377 Transacto
1338 1337 1464 1378 vero
1503 1323 1596 1378 illo
1627 1334 1869 1393 tempore
1891 1336 1996 1391 quo
2043 1321 2118 1376 illi

535 1411 643 1467 duo
673 1413 929 1480 parietes,
963 1429 1101 1470 unus
1131 1430 1196 1469 ex
1238 1413 1644 1471 circumcisione
1664 1457 1678 1480 ,
1711 1415 1843 1469 alter
1868 1429 1936 1469 ex
1980 1427 2116 1482 pra:-

534 1487 689 1575 putio
717 1508 1017 1574 venientes,
1067 1509 1317 1578 quamvis
1349 1511 1400 1564 in
1423 1510 1666 1581 angulari
1700 1509 1875 1578 lapide
1905 1523 2120 1565 concor-

537 1597 755 1662 darent,
788 1608 967 1655 tamen
994 1602 1106 1656 suis
1131 1603 1450 1671 quibusdam
1492 1603 1907 1672 proprietatibus
1932 1603 2120 1658 distin-

533 1690 673 1744 ctius
698 1691 1028 1746 eminebant.
1057 1695 1135 1747 Ac
1161 1693 1250 1748 ubi
1282 1693 1527 1749 Ecclesia
1550 1694 1796 1765 gentium
1826 1695 1946 1750 talis
1962 1695 2120 1750 effec-

533 1787 586 1834 ta
616 1792 718 1844 est,
763 1783 892 1837 utin
923 1799 986 1838 ea
1030 1785 1208 1840 nullus
1265 1784 1504 1841 Israelita
1550 1787 1783 1842 carnalis
1839 1797 2114 1857 appareat,

455 1930 463 1934 _
532 1872 650 1942 quis
679 1873 786 1941 jam
816 1874 916 1929 hoc
944 1875 1285 1932 Christianus
1309 1879 1561 1934 observat
1585 1888 1640 1933 ut
1672 1879 1856 1934 turdos
1902 1880 1985 1934 vel
2017 1879 2119 1934 mi-
2145 1861 2194 1920 Β

536 1964 783 2019 nutiores
813 1967 1052 2022 aviculas
1085 1983 1190 2024 non
1240 1972 1485 2040 attingat,
1514 1971 1615 2026 nisi
1644 1987 1867 2041 quarum
1897 1972 2115 2041 sanguis

533 2054 738 2108 effusus
769 2064 851 2110 est
871 2097 886 2120 ,
915 2068 1006 2110 aut
1037 2057 1275 2126 leporem
1305 2075 1412 2114 non
1442 2061 1566 2116 edat
1596 2062 1642 2115 si
1674 2077 1831 2115 manu
1861 2062 2117 2117 acervice

535 2158 820 2214 percussus
853 2150 1001 2204 nullo
1057 2160 1280 2206 cruento
1307 2154 1530 2208 vulnere
1556 2154 1763 2208 occisus
1791 2154 1916 2209 est?
1947 2163 2000 2208 et
2027 2155 2117 2223 qui

535 2235 675 2316 forte
707 2240 856 2306 pauci
887 2241 1061 2297 adhuc
1089 2251 1306 2313 tangere
1349 2243 1449 2300 ista
1509 2245 1802 2301 formidant
1832 2262 1858 2298 a
1905 2246 2116 2300 caneris

536 2327 786 2384 videntur
815 2331 1174 2405 [irridentur].
1192 2336 1266 2390 Ita
1289 2336 1527 2392 omnium
1557 2338 1764 2393 animos
1789 2339 1840 2392 in
1864 2338 1962 2392 hac
1990 2339 2119 2392 reti-

534 2421 651 2475 nuit
681 2422 769 2476 illa
792 2428 1059 2481 sententia
1087 2430 1326 2484 veritatis
1357 2447 1370 2483 :
1405 2429 1519 2484 Non
1559 2433 1704 2501 quod
1764 2432 1928 2486 intrat
1977 2435 2027 2487 in
2057 2446 2118 2486 os

534 2523 768 2569 vestrum
801 2531 897 2572 vos
945 2519 1273 2589 coinquinat,
1305 2522 1401 2577 sed
1447 2524 1587 2592 quod
1610 2525 1741 2590 exit,
1777 2525 1979 2578 nullam
2013 2525 2116 2579 cibi

533 2612 778 2659 naturam
810 2623 969 2676 quam
1018 2611 1250 2666 societas
1295 2613 1491 2668 amittit
1537 2614 1812 2686 [admittit]
1847 2615 2074 2670 humana
2098 2655 2113 2681 ,

475 2767 483 2777 λ
531 2697 625 2748 sed
657 2711 773 2766 quae
805 2700 1056 2770 iniquitas
1081 2705 1366 2759 committit
1389 2715 1606 2774 peccata
1637 2707 2022 2764 condemnans.

1047 2840 1274 2897 CAPUT
1302 2842 1587 2902 LXXVIII.

534 2921 611 2977 De
638 2940 694 2978 eo
719 2927 855 2995 quod
893 2931 1140 2998 scriptum
1165 2942 1238 2986 est
1274 2952 1306 2987 a
1343 2937 1638 2990 volatilibus
1682 2936 1886 2989 mundis
1938 2945 1986 2990 et
2022 2938 2118 2990 im-

602 2998 810 3074 mundis
836 2999 1056 3074 intrasse
1077 3003 1128 3054 in
1154 3020 1352 3067 arcam;
1384 3022 1446 3058 ea:
1468 3006 1600 3061 libro
1650 3007 2007 3074 Quwstionum
2054 3009 2117 3062 de

604 3064 810 3132 Genesi,
833 3069 962 3122 inter
982 3082 1167 3126 caetera
1193 3074 1260 3124 ad
1288 3064 1480 3130 locum.

602 3157 756 3223 Quod
785 3161 1044 3228 scriptum
1075 3174 1186 3219 esta
1218 3165 1524 3222 volatilibus
1567 3169 1804 3232 mundis,
1837 3179 1893 3226 et
1949 3187 1980 3225 a
2030 3185 2118 3225 vo-

534 3248 776 3305 latilibus
807 3253 1118 3323 immundis,
1143 3268 1197 3312 et
1221 3275 1250 3313 a
1276 3261 1558 3329 pecoribus
1590 3264 1824 3331 mundis,
1853 3272 1907 3319 et
1961 3280 1992 3319 a
2020 3281 2114 3335 pe-
2145 3248 2193 3312 (ἶ

532 3342 746 3398 corib'us
800 3345 1120 3416 immundis,
1153 3359 1206 3405 et
1259 3352 1328 3406 ab
1380 3353 1629 3410 omnibus
1672 3357 2012 3426 serpentibus
2061 3361 2116 3414 in

532 3442 699 3503 terra,
731 3439 871 3508 quod
903 3440 1099 3497 deinde
1122 3461 1228 3500 non
1253 3445 1471 3502 additur
1493 3451 1807 3508 subauditur
1829 3453 2040 3508 mundis
2063 3463 2118 3508 et

531 3528 846 3598 immundis,
872 3541 927 3588 et
955 3536 1284 3609 adjungitur,
1317 3539 1426 3595 duo
1452 3549 1506 3598 et
1527 3543 1633 3597 duo
1685 3545 2021 3600 intraverunt
2049 3547 2115 3600 ad

531 3616 645 3672 Noe
663 3621 712 3673 in
731 3636 933 3688 arcam,
952 3628 1223 3684 masculus
1240 3639 1293 3685 et
1315 3630 1536 3688 femina.
1556 3635 1824 3699 Quaeritur
1848 3639 2117 3705 quomodo

531 3706 839 3764 distinxerit
867 3718 1113 3781 superius
1137 3718 1244 3770 duo
1284 3729 1338 3772 et
1371 3721 1478 3775 duo
1507 3724 1573 3776 ab
1612 3726 1900 3780 immundis
1922 3769 1937 3792 ,
1975 3742 2117 3782 nunc

533 3809 710 3850 autem
743 3802 855 3854 sive
896 3817 925 3854 a
970 3806 1183 3861 mundis
1214 3807 1332 3862 sive
1361 3811 1650 3868 immundis
1680 3816 1786 3870 duo
1817 3826 1872 3871 et
1898 3818 2006 3871 duo
2034 3819 2116 3873 di-

534 3895 623 3940 cat
670 3886 922 3946 intrasse.
975 3893 1080 3948 Sed
1131 3896 1234 3950 hoc
1283 3899 1515 3955 refertur
1564 3917 1672 3958 non
1719 3906 1786 3958 ad
1833 3922 2117 3962 numerum

532 4164 650 4220 sive
680 4165 971 4224 immundis
999 4170 1105 4227 duo
1132 4182 1279 4239 sunt,
1307 4179 1574 4234 masculus
1599 4189 1650 4235 et
1681 4181 1897 4240 femina.

1078 4305 1305 4365 CAPUT
1329 4311 1564 4370 LXXIX.

539 4387 692 4478 Quid‘
707 4390 930 4478 sitquod
962 4385 1219 4478 Doiitiuus
1240 4403 1312 4453 ait
1327 4419 1357 4478 ξ
1388 4405 1510 4459 Νοη
1539 4409 1783 4478 adjiciam
1812 4415 2116 4472 maledicere

677 4469 848 4523 term;
875 4479 938 4516 ea:
962 4466 1137 4520 eodem
1162 4469 1291 4524 libro
1316 4466 1660 4536 Quaestionum
1686 4483 1749 4535 de
1775 4466 1977 4540 Genesi.

604 4546 742 4647 Quid
764 4550 866 4647 sibi
888 4555 1003 4609 vult
1038 4559 1181 4625 quod
1232 4560 1488 4619 Dominus
1515 4567 1645 4623 dicit
1671 4591 1682 4623 :
1708 4571 1825 4628 Non
1867 4576 2112 4647 adjiciam

532 4638 707 4696 adhuc
737 4645 1062 4705 maledicere
1111 4668 1275 4724 super
1332 4667 1530 4714 terram
1564 4673 1784 4733 propter
1812 4638 1973 4738 opera
2018 4672 2116 4728 ho-

532 4733 761 4832 minum,
792 4753 864 4806 qu
892 4755 920 4793 a
952 4746 1198 4812 apposita
1224 4757 1307 4803 est
1341 4765 1496 4807 mens
1526 4753 1758 4811 hominis
1786 4733 2114 4832 admaligna

531 4837 563 4878 a
583 4823 883 4893 iuventute.
911 4829 1028 4885 Non
1051 4833 1297 4904 adjiciam
1330 4855 1459 4909 ergo
1489 4843 1664 4899 adhuc
1692 4857 1972 4914 percutere
2001 4823 2116 4906 om-

529 4930 655 4972 netn
684 4933 904 4975 carnem
927 4923 1100 4979 vivam
1161 4934 1612 4997 quemadmodum
1643 4938 1765 4994 feci.
1808 4941 1876 4995 Et
1921 4943 2115 5001 deinde

529 5009 774 5081 adjungit
803 5029 920 5082 quae
946 5020 1243 5074 secundum
1272 5023 1573 5094 largitatem
1599 5030 1854 5090 bonitatis
1882 5049 1993 5091 suae
2019 5037 2114 5094 do-

528 5104 947 5163 nathominibus
969 5109 1222 5182 indignis.
1251 5114 1440 5172 Utrum
1486 5121 1574 5176 hic
1598 5123 1730 5179 Novi
1780 5127 2110 5186 Testamenti

531 5191 866 5264 indulgentia
888 5200 1113 5271 ﬁgurata
1144 5206 1234 5273 sit,
1262 5218 1315 5262 et
1361 5215 1633 5277 prieterita
1655 5218 1790 5273 ultio
1833 5220 1900 5275 ad
1943 5221 2109 5280 Vetus

527 5285 794 5353 pertineat
823 5289 1246 5365 Testamentum,
1271 5300 1372 5355 hoc
1397 5312 1478 5358 est
1499 5303 1631 5360 illud
1651 5307 1718 5363 ad
1747 5309 1879 5380 legis
1899 5315 2108 5370 severi-

527 5383 716 5454 tatem,
747 5381 850 5436 hoc
879 5385 944 5438 ad
968 5390 1152 5456 gratia:
1182 5390 1497 5450 bonitatem.

1085 5526 1312 5585 CAPUT
1342 5531 1557 5587 LXXX.

526 5605 663 5672 Quid
683 5621 793 5664 est:
823 5612 902 5666 De
924 5620 1291 5702 tuanu'fratris
1318 5625 1583 5702 exquiram
1612 5629 1840 5702 annnam
1858 5636 2104 5702 hominis;

753 5699 817 5737 ea:
844 5686 1023 5742 eodem
1047 5690 1173 5744 libro
1204 5686 1559 5760 Quaestionum
1586 5698 1649 5751 de
1674 5697 1875 5756 Genesi.

597 5790 735 5857 Quid
767 5807 888 5851 est:
915 5799 981 5854 Et
1011 5804 1077 5857 de
1113 5819 1273 5861 manu
1317 5806 1499 5865 fratris
1558 5811 1789 5870 hominis
1830 5822 2104 5888 exquiram

2140 4625 2195 4684 D

2220 571 2305 627 nis
2334 570 2564 624 hominis
2601 570 2826 642 intelligi
2870 570 3036 627 voluit
3091 571 3383 628 secundum
3423 572 3799 643 cognationem

2219 674 2288 716 ex
2317 675 2423 716 uno
2452 659 2704 716 ductam?

2768 799 2996 857 CAPUT
3022 801 3261 857 LXXXI.

2221 894 2389 949 Citam
2429 910 2666 964 peccans,
2710 910 2809 948 non
2838 897 2890 949 in
2918 898 3082 964 seipso
3111 899 3200 951 sed
3228 899 3279 950 in
3310 897 3424 964 ﬁlio
3459 898 3795 965 maledicitur;

2780 981 2844 1020 et
2878 969 3052 1022 eodem
3083 968 3233 1022 libro.

2226 1083 2236 1088 '
2295 1075 2584 1144 Quaeritur,
2616 1091 2787 1145 quare
2809 1091 3036 1145 peccans
3069 1079 3236 1133 Cham
3280 1082 3333 1134 in
3365 1082 3547 1150 patris
3596 1080 3792 1149 offensa,

2221 1183 2327 1224 non
2359 1171 2411 1223 in
2443 1167 2644 1238 seipso,
2673 1169 2769 1224 sed
2801 1170 2854 1224 in
2885 1170 2994 1226 filio
3024 1187 3123 1227 suo
3151 1170 3404 1229 Chanaan
3440 1173 3789 1244 maledicitur,

2221 1264 2324 1319 nisi
2355 1263 2479 1332 quia
2509 1263 2882 1332 prophetatum
2913 1273 2995 1318 est
3018 1264 3417 1333 quodammodo
3449 1275 3661 1322 terram
3681 1267 3791 1321 Cha-

2219 1370 2379 1420 naan,
2416 1355 2600 1424 ejectis
2625 1355 2751 1411 inde
2773 1354 3096 1411 Chananaeis
3126 1366 3181 1413 et
3207 1357 3529 1426 debellatis,
3566 1372 3788 1430 acceptu-

2220 1463 2312 1503 ros
2372 1449 2540 1504 fuisse
2614 1449 2753 1505 ﬁlios
2826 1450 2990 1505 Israel
3032 1452 3125 1520 qui
3181 1454 3424 1510 venirent
3481 1454 3560 1510 de
3616 1456 3787 1511 semine

2220 1541 2368 1599 Sem.

2751 1678 2979 1736 CAPUT
3009 1679 3269 1736 LXXXII.

2224 1767 2354 1823 Erat
2374 1770 2539 1824 omnis
2594 1779 2731 1845 terra
2758 1771 2951 1824 labium
2981 1788 3136 1845 unum
3197 1788 3286 1845 per
3335 1775 3784 1845 recapitulationem

2675 1842 2891 1909 dictum,
2924 1844 3173 1897 exeodem
3205 1843 3358 1898 libro.

2294 1952 2362 2006 Et
2383 1963 2497 2008 erat
2524 1954 2702 2009 omnis
2730 1964 2877 2010 terra
2901 1955 3103 2010 labium
3127 1971 3292 2012 unum
3317 1959 3590 2026 quomodo
3633 1970 3782 2029 potest

2223 2044 2450 2113 intelligi
2482 2047 2700 2115 quando
2727 2048 2979 2116 superius
3008 2049 3211 2104 dictum
3243 2059 3350 2117 est,
3381 2052 3524 2121 quod
3554 2053 3643 2107 lilii
3684 2052 3780 2108 Noe

2222 2138 2309 2193 vel
2337 2138 2572 2193 ﬁliorum
2601 2141 2716 2210 ejus
2736 2141 3013 2197 distributi
3028 2153 3209 2198 essent
3237 2158 3337 2214 per
3361 2154 3572 2213 terram,
3603 2161 3779 2202 secun-

2220 2232 2349 2288 dum
2395 2235 2599 2302 tribus,
2628 2247 2684 2290 et
2711 2236 3012 2292 secundum
3036 2246 3256 2306 gentes,
3298 2247 3351 2293 et
3374 2238 3641 2293 secundum
3669 2240 3767 2294 lin-

2221 2339 2354 2395 guas
2375 2327 2524 2380 suas?
2550 2327 2652 2384 nisi
2678 2328 2802 2396 quia
2831 2344 2926 2396 per
2946 2328 3434 2398 recapitulationem
3447 2340 3618 2398 postea
3635 2345 3764 2384 com-

2221 2429 2487 2476 memoret
2508 2421 2959 2494 [commemorat],
2989 2424 3131 2493 quod
3161 2424 3310 2494 prius
3335 2434 3466 2488 erat,
3485 2424 3576 2478 sed
3601 2425 3774 2480 obscu-

2222 2515 2437 2571 ritatem
2471 2516 2601 2589 [hic]
2629 2516 2794 2586 facit,
2827 2519 2971 2588 quod
3016 2535 3082 2576 eo
3127 2536 3327 2590 genere
3379 2522 3656 2577 locutionis
3691 2523 3776 2576 ista

2223 2607 2469 2662 contexit
2493 2610 2648 2678 quasi
2678 2611 2914 2666 narratio
2943 2612 3010 2666 de
3035 2611 3122 2668 his
3149 2628 3270 2683 quae
3299 2623 3492 2683 postea
3521 2613 3652 2668 facta
3674 2622 3772 2667 sunt

2221 2710 2600 2772 consequatur.
2646 2704 2649 2708 ’

2745 2845 2968 2902 CAPUT
2993 2845 3275 2903 LXXXIII.

2225 2936 2499 3015 Quomodo
2536 2937 2673 3015 Sara
2712 2955 2825 3015 cum
2855 2939 3065 3015 aliquot
3095 2940 3201 2994 dies
3225 2944 3367 3010 apud
3395 2960 3567 3015 regem
3596 2941 3762 3015 .‘Egyplt

2293 3024 2444 3132 ἴασαι
2473 3008 2668 3078 fecerit,
2699 3011 2811 3079 ejus
2855 3012 3124 3065 concubitu
3165 3008 3266 3066 non
3297 3008 3547 3068 credaiur
3574 3008 3668 3070 esse
3685 3008 3767 3082 pol-

2317 3087 2420 3132 uta.

2295 3192 2410 3248 Erit
2429 3209 2578 3263 ergo,
2596 3209 2716 3249 cum
2738 3203 2790 3250 te
2806 3197 3040 3251 viderint
3061 3197 3316 3268 Egyptii,
3333 3200 3521 3256 dicent
3538 3205 3650 3270 quia
3667 3215 3765 3254 uror

2224 3284 2372 3340 illius
2396 3286 2509 3341 haec
2543 3304 2555 3339 :
2588 3286 2788 3341 factum
2816 3297 3121 3357 estautem,
3167 3293 3344 3345 statim
3392 3303 3451 3347 ut
3498 3294 3695 3348 intravit
3719 3291 3771 3346 A-

2171 3378 2181 3388 '
2225 3377 2453 3432 braham
2476 3379 2526 3432 in
2543 3379 2858 3450 Egyptum,
2875 3383 3118 3438 videntes
3132 3382 3372 3454 Egyptii
3390 3387 3659 3442 mulierem
3671 3386 3766 3454 quia

2200 3469 2464 3538 'Speciosa
2487 3479 2602 3525 erat
2630 3472 2804 3527 valde.
2836 3473 3118 3540 Quomodo
3148 3476 3445 3545 accipiatur
3475 3479 3612 3547 quod
3639 3478 3772 3531 Abra-

2221 3559 2345 3615 ham
2369 3561 2590 3616 veniens
2614 3563 2666 3616 in
2691 3563 3196 3635 Egyptum,celare
3223 3569 3393 3623 voluit
3415 3585 3624 3625 uxorem
3645 3584 3771 3623 suam

2220 3669 2342 3711 esse
2353 3655 2535 3712 Saram
2547 3659 2856 3721 ,secundum
2871 3661 3047 3714 omnia
3062 3677 3179 3730 qua:
3191 3661 3257 3717 de
3271 3663 3371 3718 hac
3382 3679 3440 3718 re
3451 3666 3633 3733 scripta
3645 3674 3774 3729 sunt,

2222 3759 2399 3805 Utrum
2433 3747 2534 3801 hoc
2562 3753 2881 3806 convenerit
2913 3761 3019 3807 tam
3044 3765 3231 3809 sancto
3262 3757 3394 3820 viro,
3416 3772 3477 3808 an
3496 3757 3588 3809 sub
3605 3757 3772 3809 defec-

2222 3839 2302 3894 tio
2336 3839 2682 3914 [defectione]
2712 3843 2834 3900 ﬁdei
2864 3846 2980 3914 ejus
3010 3847 3358 3918 intelligatur,
3388 3849 3512 3902 sicut
3541 3846 3769 3901 nonnulli

2221 3932 2463 3988 arbitrati
2495 3945 2637 3989 sunt.
2657 3936 2774 3991 Jam
2797 3938 3013 4006 quidem
3036 3950 3090 3994 et
3113 3951 3304 3995 contra
3328 3940 3567 3996 Faustum
3589 3940 3652 3994 de
3677 3938 3776 3992 hac

2220 4037 2282 4079 re
2309 4024 2605 4092 disputavi,
2637 4039 2691 4083 et
2722 4029 3027 4099 diligentius
3055 4046 3085 4086 a
3116 4034 3435 4104 presbytero
3474 4034 3779 4104 Hieronymo

2220 4116 2524 4186 expositum
2551 4128 2657 4186 est,
2681 4136 2846 4190 quare
2878 4140 2984 4178 non
3007 4123 3079 4179 sit
3101 4141 3440 4198 consequens
3467 4137 3526 4182 ut
3555 4144 3670 4183 cum
3698 4127 3778 4182 ali-

2178 4274 2180 4276 _
2219 4217 2352 4278 quot
2379 4208 2495 4264 dies
2525 4212 2664 4280 apud
2697 4228 2875 4283 regem
2905 4214 3121 4287 :Egypti
3145 4218 3278 4274 Sara
3308 4219 3471 4276 fuerit
3499 4223 3658 4277 etiam
3686 4222 3778 4290 ejus

2219 4299 2510 4354 concubitu
2542 4303 2794 4358 credatur
2823 4320 2944 4362 esse
2974 4308 3197 4377 polluta.
3244 4310 3513 4377 Quoniam
3546 4329 3661 4368 mos
3686 4323 3778 4367 erat

2219 4387 2402 4459 regius
2429 4389 2633 4444 vicibus
2675 4392 2740 4446 ad
2769 4407 2829 4448 se
2863 4397 3165 4453 ammlttere
3197 4398 3531 4474 [admittere]
3562 4404 3780 4458 mulieres

2218 4494 2368 4546 suas,
2384 4489 2440 4535 et
2461 4481 2565 4536 nisi
2582 4483 2835 4539 lamentis
2854 4485 3147 4562 [fomentis]
3164 4498 3220 4546 et
3239 4497 3534 4562 unguentis
3559 4497 3644 4550 diu
3666 4497 3777 4566 prius

2220 4581 2473 4627 accurato
2503 4588 2729 4645 corpore
2751 4578 2894 4632 nulla
2924 4579 3157 4636 intrabat
3200 4583 3264 4638 ad
3293 4599 3474 4654 regem
3504 4605 3516 4639 :
3545 4604 3656 4657 qum
3675 4588 3777 4640 dum

2222 4665 2414 4721 ﬁerent
2434 4665 2667 4722 afflictus
2694 4680 2781 4724 est
2807 4670 3018 4727 Pharao
3046 4689 3206 4731 manu
3237 4675 3358 4742 Dei,
3388 4689 3444 4733 ut
3470 4681 3589 4735 viro
3633 4681 3779 4734 redhi-

2220 4758 2378 4813 beret
2404 4760 2682 4826 intactam,
2715 4779 2875 4833 quam
2920 4767 3022 4837 ipsi
3052 4769 3164 4823 Deo
3194 4771 3423 4827 maritus
3467 4776 3784 4831 commiserat

2222 4857 2403 4904 tacens
2427 4853 2567 4921 quod
2596 4868 2733 4908 uxor
2753 4865 2917 4922 esset,
2943 4859 3038 4913 sed
3059 4875 3164 4916 non
3189 4863 3456 4921 mentiens
3485 4869 3633 4937 quod
3656 4883 3786 4923 soror

2219 4952 2394 5007 esset,
2435 4950 2491 4996 ut
2519 4954 2738 5000 caveret
2767 4949 2910 5016 quod
2941 4959 3189 5021 poterat,
3225 4966 3483 5023 quantum
3515 4958 3680 5014 homo
3709 4974 3786 5029 po-

2223 5035 2384 5097 terat,
2414 5041 2467 5085 et
2491 5031 2602 5088 Deo
2631 5038 3034 5095 commendaret
3061 5043 3204 5110 quod
3229 5058 3424 5102 cavere
3457 5064 3566 5103 non
3601 5058 3789 5119 poterat

2217 5132 2286 5172 ne
2314 5121 2359 5175 si
2385 5133 2439 5177 et
2470 5123 2560 5178 illa
2590 5141 2711 5195 quae
2737 5141 2932 5185 cavere
2960 5140 3171 5200 poterat
3216 5135 3330 5192 Deo
3373 5147 3583 5197 tantum
3633 5143 3790 5197 dimit-

2222 5217 2395 5276 teret,
2455 5228 2562 5268 non
2616 5218 2670 5272 in
2718 5218 2886 5275 Deum
2929 5223 3155 5280 credere
3179 5269 3194 5293 ,
3243 5229 3339 5283 sed
3387 5230 3557 5287 Deum
3601 5243 3795 5289 tentare

2220 5303 2400 5370 potius
2431 5303 2782 5364 inveniretur.

2734 5443 2960 5502 CAPUT
2994 5449 3279 5508 LXXXIV.

2215 5550 2633 5632 GlQuomodo
2679 5558 2997 5629 intelligatur
3038 5576 3290 5622 wternum
3336 5574 3473 5632 quod
3516 5575 3624 5627 ait:
3663 5576 3798 5628 Dabo

2253 5623 2342 5676 tibi
2364 5632 2550 5678 terram
2569 5628 2622 5681 in
2641 5623 3004 5697 possessionem
3021 5645 3298 5705 wternam;
3324 5623 3388 5695 ea:
3408 5623 3591 5699 eodem
3604 5623 3768 5701 libro.

2287 5737 2435 5793 Dabo
2467 5741 2562 5798 tibi
2589 5753 2643 5798 et
2664 5747 2857 5802 semini
2885 5757 2976 5804 tuo
3002 5763 3121 5821 post
3153 5763 3204 5811 te
3241 5766 3439 5813 terram
3490 5763 3545 5816 in
3575 5779 3684 5833 qua
3713 5764 3804 5818 ha-

2215 5828 2372 5897 bitas,
2403 5843 2619 5890 omnem
2653 5847 2853 5897 terram
2877 5844 3073 5900 cultam
3104 5846 3156 5901 in
3197 5828 3604 5919 possessionem
3645 5867 3801 5913 aeter-
