3968 6390
175 409 295 490 7οέ

1413 429 1850 493 'I‘HESAURUS.
1894 436 2046 496 CAP.
2096 439 2207 496 XC.

3347 443 3452 499 706

169 567 318 608 nam.
349 553 590 622 Questio
629 561 713 609 est
753 547 1023 624 quomodo
1067 548 1264 610 dixerit
1311 565 1590 622 eternam,
1639 569 1759 610 cum
1791 556 1839 615 A
1867 569 1982 611 cem
2012 559 2163 627 justi,
2189 559 2406 628 speciali
2434 556 2663 630 quadam
2707 559 2969 616 sententia
2999 560 3066 616 de
3089 559 3179 616 illa
3209 562 3448 630 civitate,

170 645 428 702 Israelitis
460 647 830 716 temporaliter
856 647 978 702 data
1009 648 1099 714 sit,
1123 657 1305 703 utrum
1335 649 1630 704 secundum
1657 648 1758 701 hoc

169 739 426 794 seculum
471 740 614 824 dicta
662 741 732 794 sit
769 751 992 806 eterna,
1041 750 1098 796 ut
1147 742 1216 797 ab
1253 758 1321 798 eo
1349 743 1491 813 quod
1522 752 1605 798 est
1635 746 1758 797 αἰών

167 833 376 900 Grece,
404 835 545 905 quod
571 845 626 890 et
647 837 899 891 seculum
929 837 1215 906 signiﬁcat,
1245 837 1446 892 dictum
1479 836 1546 890 sit
1567 840 1760 892 αἰώνιον

168 935 423 996 tanquam
479 927 525 981 si
555 927 742 984 Latine
768 928 873 983 dici
902 938 1091 998 posset
1139 929 1400 983 seculare
1433 945 1445 980 :
1479 943 1544 981 an
1569 943 1634 982 ex
1661 927 1762 982 hoc

165 1023 369 1094 aliquid
398 1025 694 1081 secundum
715 1027 1018 1096 spiritalem
1053 1027 1466 1096 promissionem
1497 1025 1582 1080 hic
1614 1025 1762 1080 intel-

163 1116 335 1180 ligere
364 1109 641 1188 cogamur,
673 1131 730 1174 ut
761 1130 1023 1176 eternum
1066 1122 1189 1177 ideo
1235 1123 1437 1176 dictum
1492 1121 1582 1183 sit,
1638 1121 1760 1190 quia

164 1207 295 1264 hinc
324 1219 585 1266 eternum
615 1213 815 1283 aliquid
838 1214 1190 1284 signiﬁcatur.
1226 1215 1307 1270 An
1335 1215 1513 1284 potius
1539 1213 1763 1269 locutio-

161 1303 244 1358 nis
273 1313 360 1358 est
391 1303 791 1375 Scripturarum
827 1315 885 1361 ut
910 1317 1174 1363 eternum
1204 1308 1474 1377 appellent
1501 1307 1656 1376 cujus
1683 1306 1762 1361 rei

163 1395 289 1452 ﬁnis
337 1413 446 1453 non
490 1401 856 1456 constituitur.
919 1404 1026 1457 Aut
1081 1417 1188 1456 non
1221 1403 1294 1457 ita
1334 1403 1393 1456 ﬁt
1422 1413 1478 1455 ut
1509 1401 1762 1468 deinceps

165 1507 276 1548 non
335 1495 407 1548 sit
451 1494 754 1550 faciendum
786 1507 1044 1567 quantum
1101 1498 1334 1566 pertinet
1367 1496 1433 1552 ad
1460 1509 1646 1552 curam
1673 1492 1762 1548 vel

161 1595 486 1656 potestatem
519 1590 798 1657 facientis,
835 1591 973 1647 sicut
1001 1591 1076 1645 ait
1106 1591 1354 1648 Horatius
1388 1609 1399 1644 :

285 1703 490 1754 Serviet
515 1708 757 1755 eternum
781 1707 866 1768 qui
902 1717 1052 1768 parvo
1073 1706 1265 1756 nesciet
1290 1707 1387 1755 uti.

161 1807 277 1863 Non
310 1808 454 1864 enim
487 1819 666 1879 potest
693 1811 748 1865 in
776 1819 1037 1866 eternum
1069 1811 1300 1875 servire,
1327 1809 1484 1880 cujus
1511 1810 1623 1878 ipsa
1652 1809 1760 1864 vita

161 1915 281 1969 que
328 1902 496 1956 servit
523 1910 726 1956 eterna
764 1917 886 1957 esse
916 1917 1024 1956 non
1075 1909 1275 1970 potest.
1324 1899 1478 1966 Quod
1511 1901 1754 1954 testimo-

161 1991 310 2046 nium
331 2007 436 2047 non
464 1992 778 2048 adhiberem
810 1993 911 2048 nisi
946 1992 1232 2048 locutionis
1274 2000 1439 2054 esset,
1471 1991 1756 2046 verborum

161 2089 359 2155 quippe
387 2086 461 2141 illi
491 2095 619 2141 sunt
649 2087 808 2142 nobis
839 2097 1110 2150 auctores,
1151 2099 1258 2140 non
1304 2099 1482 2139 rerum
1512 2082 1599 2138 vel
1630 2098 1758 2138 sen-

103 2219 110 2228 .
162 2179 472 2234 tentiarum.
529 2179 584 2236 Si
617 2189 794 2234 autem
826 2179 1185 2234 defenduntur
1230 2179 1525 2248 Scripture
1565 2191 1759 2231 secun-

161 2266 290 2321 dum
341 2268 641 2325 locutiones
691 2270 959 2339 proprias,
997 2284 1118 2340 que
1176 2269 1427 2322 idiomata
1475 2277 1755 2334 vocantur,

161 2371 364 2432 quanto
388 2365 556 2433 magis
588 2365 882 2420 secundum
911 2379 1008 2421 eas
1035 2377 1170 2433 quas
1216 2379 1340 2418 cum
1384 2363 1503 2417 aliis
1561 2361 1760 2430 linguis

163 2465 483 2507 communes
515 2454 754 2509 habent?

700 2590 926 2646 CAPUT
957 2591 1221 2654 LXXXV.

163 2699 430 2767 Sciebam,
461 2702 648 2772 inquit,
677 2705 816 2769 quod
845 2703 1106 2758 constituit
1157 2703 1276 2773 filiis
1320 2719 1428 2757 suis
1455 2711 1568 2773 post
1599 2719 1651 2756 se
1671 2719 1765 2756 cu-

240 2773 436 2854 stodire
456 2774 561 2826 vias
594 2773 840 2838 Domini;
872 2791 933 2827 ea:
982 2776 1112 2828 libro
1161 2775 1513 2840 Quastionum
1560 2775 1623 2828 de
1661 2773 1765 2828 Ce-

241 2859 372 2896 nest.

237 2957 487 3012 Sciebam
519 2959 660 3012 enim
691 2960 812 3028 quia
865 2959 1160 3014 constituet
1199 2958 1322 3013 ﬁliis
1361 2960 1472 3013 suis
1501 2967 1554 3013 et
1579 2958 1762 3014 domui

165 3063 282 3106 sue
312 3059 432 3119 post
462 3062 544 3114 se,
573 3059 631 3102 ut
659 3048 964 3104 custodiant
995 3049 1108 3103 vias
1159 3048 1371 3102 Domini
1402 3050 1577 3104 facere
1603 3050 1762 3119 justi-

167 3145 299 3200 tiam
323 3152 379 3199 et
401 3141 683 3213 judicium,
713 3151 771 3196 ut
824 3142 1057 3196 adducat
1109 3143 1367 3197 Dominus
1408 3143 1460 3196 in
1487 3141 1759 3197 Abraham

168 3237 352 3292 omnia
379 3250 500 3306 que
531 3235 742 3289 locutus
776 3242 860 3288 est
884 3233 950 3288 ad
983 3232 1156 3287 illum.
1213 3232 1353 3289 Ecce
1384 3235 1472 3288 ubi
1501 3234 1764 3304 promittit

1865 662 1931 700 an
1962 646 2026 702 de
2056 649 2307 704 omnibus
2335 651 2739 720 intelligendum
2769 653 2860 718 sit,
2885 653 3208 721 generaliter
3229 668 3453 722 parcere

1868 737 2032 792 Deum
2061 739 2179 794 loco
2210 741 2260 796 in
2295 758 2618 813 quocunque
2650 743 2730 798 vel
2776 743 2960 800 decem
2989 746 3118 816 justi
3142 744 3364 800 fuerint.
3396 745 3452 800 In

1863 845 1964 898 qua
2015 834 2316 899 quaestione
2360 851 2465 890 non
2509 845 2590 891 est
2633 837 2850 908 quidem
2885 853 3106 893 necesse
3156 849 3212 892 ut
3256 838 3358 893 hoc
3385 839 3454 894 de

1862 921 2008 975 omni
2043 923 2160 976 loco
2200 925 2450 994 accipere
2504 929 2913 998 compellamur,
2968 941 3335 985 verumtamen
3380 930 3454 985 de

1863 1014 2112 1069 Sodomis
2146 1018 2314 1085 potuit
2337 1028 2390 1072 et
2413 1023 2492 1074 sic
2524 1021 2651 1086 dici,
2702 1024 2823 1092 quia
2853 1025 3058 1077 sciebat
3081 1024 3220 1078 Deus
3251 1024 3320 1078 ibi
3346 1038 3453 1081 non

1863 1124 2008 1176 esse,
2035 1112 2116 1166 vel
2145 1113 2357 1180 decem,
2386 1125 2441 1169 et
2466 1115 2589 1170 ideo
2619 1118 2697 1172 sic
2744 1119 3175 1187 respondebatur
3201 1119 3452 1182 Abrahe,

1863 1213 1920 1258 ut
1941 1206 2341 1274 signiﬁcaretur
2364 1223 2461 1262 nec
2496 1217 2571 1262 tot
2614 1211 2685 1263 ibi
2717 1226 2878 1280 posse
2908 1212 3161 1280 inveniri,
3199 1212 3262 1265 ad
3295 1226 3454 1280 exag-

1862 1299 2191 1366 gerationem
2235 1299 2536 1368 iniquitatis
2581 1301 2817 1356 illorum.
2871 1301 2986 1356 Non
3037 1303 3180 1356 enim
3229 1315 3453 1356 necesse

1863 1399 1981 1443 erat
2004 1390 2113 1444 Deo
2136 1401 2242 1444 tam
2267 1392 2549 1446 sceleratis
2596 1394 2905 1448 hominibus
2934 1410 3175 1464 parcere,
3209 1408 3308 1447 nec
3330 1407 3452 1447 cum

1864 1477 1972 1534 illis
2002 1480 2226 1547 perdere
2254 1480 2452 1550 justus,
2487 1496 2608 1536 cum
2635 1493 2836 1551 posset,
2856 1484 3014 1550 justis
3047 1483 3454 1547 indeliberatis,

1866 1573 2094 1629 reddere
2130 1575 2304 1644 impiis
2327 1575 2485 1645 digna
2508 1576 2767 1646 supplicia
2787 1593 2799 1642 ;
2819 1577 2934 1644 sed,
2961 1577 3163 1640 utdixi,
3184 1575 3248 1630 ad
3273 1587 3454 1630 osten-

1865 1665 2095 1720 dendam
2159 1667 2548 1737 malignitatem
2608 1667 2969 1722 multitudinis
3021 1667 3163 1722 illius
3192 1666 3329 1721 dixit
3363 1666 3455 1722 :Si

1865 1757 2053 1814 decem
2082 1759 2151 1815 ibi
2185 1761 2465 1828 invenero,
2497 1777 2715 1832 parcam
2757 1763 3024 1816 universe
3061 1761 3262 1815 civitati
3291 1778 3305 1827 ;
3338 1773 3453 1816 Ian-

1864 1866 2024 1920 quam
2049 1851 2256 1907 diceret
2283 1871 2293 1905 :
2315 1854 2472 1908 Certe
2496 1869 2711 1923 possum
2731 1869 2828 1908 nec
2860 1855 2976 1922 pios
2993 1869 3112 1908 cum
3135 1855 3314 1923 impiis
3339 1869 3453 1923 per-

1786 1937 1835 1998 B
1865 1944 2015 2010 dere,
2049 1961 2148 2000 nec
2211 1956 2387 2002 tamen
2441 1958 2725 2017 propterea
2775 1948 2954 2015 impiis
3009 1961 3255 2016 parcere.
3305 1949 3449 2017 quia,

1864 2035 2108 2091 liberatis
2132 2046 2184 2091 et
2210 2039 2472 2107 separatis
2521 2039 2642 2093 inde
2674 2039 2793 2108 piis,
2824 2045 3055 2106 'possum
3089 2036 3266 2105 impiis
3296 2037 3456 2105 digna

1863 2132 2189 2201 rependere,
2223 2141 2278 2186 et
2301 2142 2478 2188 tamen
2506 2133 2548 2188 si
2592 2133 2661 2188 ibi
2707 2133 3067 2196 inveniantur,
3124 2145 3306 2201 parco,
3355 2132 3456 2184 hoc

1863 2238 1971 2296 est,
2006 2232 2129 2298 quia
2155 2247 2253 2286 nec
2276 2241 2353 2286 tot
2381 2233 2448 2286 ibi
2483 2242 2702 2300 possent
2727 2233 2975 2286 inveniri.
2995 2231 3126 2285 Tale
3149 2231 3348 2301 aliquid
3372 2239 3456 2286 est

1863 2321 2003 2388 apud
2031 2322 2340 2386 Jeremiam,
2367 2323 2452 2377 ubi
2486 2325 2560 2377 ait
2594 2342 2606 2375 :
2638 2324 2872 2377 Circuite
2903 2325 3017 2376 vias
3065 2322 3364 2377 Jerusalem
3397 2330 3456 2375 et

1863 2411 2045 2466 videte
2073 2413 2372 2480 etquerite
2397 2413 2450 2465 in
2479 2413 2667 2480 plateis
2696 2413 2835 2481 ejus,
2875 2422 2928 2466 et
2957 2412 3268 2481 cognoscite
3298 2411 3342 2465 si
3374 2411 3456 2464 in-

1865 2505 2092 2560 venietis
2123 2507 2395 2561 hominem
2429 2507 2712 2562 facientem
2740 2507 3023 2577 justitiam,
3044 2517 3098 2562 et
3124 2517 3453 2576 querentem

1867 2594 2052 2660 ﬁdem,
2085 2605 2138 2651 et
2169 2598 2434 2666 propitius
2451 2612 2545 2652 ero
2573 2599 2808 2668 peccatis
2834 2613 3040 2663 eorum,
3076 2599 3123 2652 id
3147 2607 3230 2652 est
3255 2615 3268 2650 :
3297 2597 3454 2651 Inve-

1869 2688 1982 2743 nite
2009 2689 2092 2743 vel
2121 2704 2308 2757 unum,
2341 2699 2392 2745 et
2424 2705 2586 2760 parco
2622 2693 2853 2755 ceteris,
2909 2692 2974 2744 ad
3023 2691 3454 2760 exaggerandum

1866 2790 1922 2837 et
1958 2782 2433 2839 demonstrandum
2471 2785 2615 2854 quod
2658 2799 2758 2841 nec
2797 2800 2933 2840 unus
2973 2784 3043 2840 ibi
3079 2794 3260 2854 posset
3305 2786 3455 2840 inve-

1869 2889 1994 2929 1111⁵1.

2355 2989 2582 3045 CAPUT
2619 2988 2956 3045 LXXXVIII.

1869 3080 1947 3134 De
1995 3080 2129 3136 Loth
2182 3084 2318 3150 ﬁlias
2377 3086 2554 3138 animo
2605 3085 2804 3138 turbato
2834 3085 3026 3138 civibus
3073 3084 3353 3152 o/Terente;
3393 3099 3456 3138 ea:

2473 3155 2650 3210 eodem
2697 3156 2846 3210 libro.

1939 3244 2092 3312 Quod
2147 3247 2223 3300 ait
2264 3246 2556 3302 Sodomitis
2608 3247 2782 3302 Loth:
2817 3247 2954 3304 Sunt
3006 3249 3137 3304 mihi
3167 3248 3285 3303 due
3310 3249 3452 3313 ﬁlie,

171 3329 433 3384 Dominus
459 3327 689 3382 Abrahae
717 3341 823 3381 non
857 3327 1030 3382 solum
1054 3328 1292 3396 praemia,
1319 3327 1413 3382 sed
1440 3327 1600 3382 etiam
1629 3329 1760 3383 obe-

1873 3352 1991 3406 quae
2018 3339 2255 3393 nondum
2285 3350 2550 3396 noverunt
2580 3341 2756 3408 viros;
2783 3341 3070 3411 producam
3101 3341 3216 3396 illas
3241 3341 3306 3395 ad
3339 3355 3460 3410 vos,

169 3422 430 3478 dientiam
461 3419 684 3490 justitie
718 3418 948 3474 ﬁliorum
998 3419 1139 3489 ejus;
1196 3427 1253 3474 ut
1287 3421 1427 3475 circa
1469 3435 1563 3475 eos
1597 3421 1758 3477 etiam

173 3515 396 3583 premis
428 3512 694 3582 promissa
725 3511 1118 3581 compleantur.

687 3649 914 3706 CAPUT
953 3648 1239 3706 LXXXVI.

171 3762 501 3820 Descendens
526 3763 703 3818 videbo
731 3765 800 3825 fsi
844 3764 1120 3818 secundum
1168 3766 1444 3821 clamorem
1489 3766 1765 3820 venientem

243 3838 311 3958 ald
341 3845 805 3959 mebconsumatur;
839 3837 882 3888 si
909 3846 1078 3890 autem
1108 3852 1230 3904 non,
1279 3845 1332 3891 ut
1379 3837 1572 3904 sciam;
1599 3853 1661 3892 ea:
1686 3853 1767 3890 eo-

285 3924 362 3959 em
413 3924 428 3960 i
464 3924 542 3960 ro.

244 4021 593 4076 Descendens
623 4036 750 4090 ergo
797 4021 987 4076 videbo
1034 4021 1080 4076 si
1126 4023 1423 4079 secundum
1471 4023 1765 4077 clamorem

171 4118 418 4184 ipsorum
448 4118 750 4172 venientem
783 4118 848 4170 ad
900 4133 1009 4182 me,
1041 4129 1461 4184 consumantur;
1507 4122 1552 4176 si
1584 4130 1764 4176 autem

167 4223 306 4280 non,
340 4219 398 4266 ut
441 4211 628 4266 sciam.
685 4210 860 4265 Verba
911 4211 1024 4266 hec
1077 4213 1122 4265 si
1180 4228 1286 4268 non
1319 4213 1611 4268 dubitantis
1639 4215 1764 4283 quid

169 4301 403 4358 duorum
431 4303 608 4373 potius
636 4309 954 4357 eventurum
1003 4303 1096 4368 sit,
1152 4305 1246 4359 sed
1279 4307 1558 4360 irascentis
1587 4315 1640 4360 et
1667 4307 1765 4360 mi-

171 4397 378 4461 nantis,
431 4395 783 4465 accipiamus,
819 4394 964 4449 nulla
994 4395 1222 4466 questio
1252 4405 1357 4452 est.
1392 4397 1539 4454 More
1567 4399 1766 4468 quippe

175 4487 418 4542 humano
447 4485 588 4540 Deus
618 4485 670 4540 in
720 4485 1020 4555 Scripturis
1045 4487 1112 4542 ad
1153 4487 1403 4544 homines
1437 4488 1688 4558 loquitur,
1711 4497 1767 4544 et

175 4579 294 4649 ejus
336 4580 469 4632 iram
514 4585 782 4632 noverunt
831 4579 950 4633 sine
985 4579 1392 4649 perturbatione
1421 4581 1538 4650 ejus
1568 4582 1764 4638 intelli-

176 4685 302 4742 gere
317 4670 410 4740 qui
438 4679 726 4726 noverunt.
763 4669 1010 4726 Solemus
1048 4683 1230 4729 autem
1261 4675 1420 4730 etiam
1443 4676 1524 4731 sic
1549 4677 1760 4732 minan-
1792 4711 1846 4773 Β

178 4770 261 4817 ter
292 4761 472 4831 loqui:
507 4761 793 4817 Videamus
820 4764 867 4817 si
899 4778 1004 4818 non
1039 4763 1133 4818 tibi
1166 4764 1322 4830 facio.
1352 4775 1446 4820 aut
1479 4767 1764 4824 Videamus

177 4856 222 4910 si
255 4871 362 4911 non
401 4856 476 4910 illi
509 4854 716 4921 fecero,
747 4864 802 4910 et
834 4857 876 4910 si
910 4871 1019 4911 non
1049 4866 1278 4926 potuero
1311 4859 1403 4913 tibi
1435 4859 1632 4927 facere,
1682 4862 1766 4917 vel

178 4949 369 5015 sciam,
402 4948 453 5003 id
481 4959 583 5013 est,
614 4949 717 5004 hoc
745 4948 925 5018 ipsum
976 4951 1270 5019 experibor
1309 4962 1486 5006 utrum
1514 4969 1621 5009 non
1644 4969 1767 5024 pos-

178 5043 301 5098 sim.
337 5043 489 5108 Quod
510 5058 630 5098 cum
661 5043 938 5111 minando,
962 5059 1067 5100 non
1091 5045 1386 5116 ignorando
1411 5045 1623 5113 dicitur,
1649 5051 1766 5106 irati

178 5143 400 5202 apparet
429 5133 673 5201 aﬁ‘ectus,
697 5136 790 5190 sed
819 5136 1150 5204 perturbatio
1184 5151 1292 5192 non
1324 5137 1468 5193 cadit
1492 5139 1544 5194 in
1571 5141 1763 5194 Deum.

177 5223 284 5279 Mos
317 5233 496 5280 autem
529 5226 774 5281 humane
807 5228 1090 5284 locutionis
1127 5239 1181 5285 et
1221 5231 1450 5287 usitatus
1472 5241 1555 5288 est
1585 5242 1640 5288 ut
1666 5234 1769 5290 hu-

178 5331 352 5371 mane
373 5317 668 5374 inﬁrmitati
686 5321 932 5391 congruit
948 5321 1274 5395 [congruat],
1288 5325 1372 5381 cui
1392 5325 1533 5382 Deus
1549 5334 1765 5396 coaptat

179 5409 503 5466 locutionem
526 5407 705 5468 suam.

680 5543 908 5603 CAPUT
958 5547 1270 5606 LXXXVII.

181 5655 304 5714 Non
346 5659 590 5728 perdam,
630 5660 676 5713 si
719 5661 968 5786 inveneil'ob
996 5660 1168 5717 decem
1213 5668 1424 5736 justas;
1481 5682 1545 5722 ea:
1590 5667 1768 5723 eodem

920 5751 934 5786 ι
973 5749 1050 5786 ro.

920 5749 1050 5788 πονο.

248 5825 428 5891 Queri
458 5827 594 5882 solet
643 5836 818 5882 utrum
867 5829 1010 5898 quod
1057 5826 1124 5882 de
1160 5826 1408 5886 Sodomis
1436 5831 1570 5886 dixit
1601 5832 1764 5899 Deus,

183 5931 284 5975 non
307 5935 370 5977 se
400 5922 622 5992 perdere
655 5923 853 5991 locum,
904 5922 948 5978 si
981 5922 1354 5978 invenirentur
1400 5925 1510 5982 illic
1559 5927 1642 5982 vel
1673 5927 1769 5984 de-

1869 3429 2081 3484 utimini
2114 3431 2223 3486 illis
2250 3433 2521 3501 quomodo
2545 3433 2696 3488 vobis
2716 3434 2997 3503 placuerit,
3021 3443 3222 3488 tantum
3246 3435 3296 3488 in
3314 3434 3458 3488 viros

1869 3520 2004 3576 istos
2035 3537 2101 3576 ne
2124 3523 2331 3578 faciatis
2359 3525 2620 3595 iniquum.
2646 3527 2911 3593 Quoniam
2945 3528 3265 3595 prostituere
3314 3528 3458 3580 voleo

1871 3612 1965 3666 bat
1993 3614 2130 3669 filias
2159 3629 2284 3670 suas
2313 3616 2412 3670 hac
2464 3618 2927 3684 compensatione,
2977 3626 3034 3670 ut
3075 3617 3174 3672 viri
3222 3617 3457 3686 hospites

1875 3706 1996 3776 ejus
2029 3707 2162 3762 nihil
2193 3724 2222 3762 a
2247 3708 2538 3764 Sodomitis
2569 3710 2673 3764 tale
2706 3718 3039 3779 paterentur,
3067 3718 3245 3763 utrum
3270 3709 3460 3762 admit-

1875 3801 2035 3856 tenda
2088 3803 2157 3856 sit
2215 3803 2587 3872 compensatio
2637 3803 2958 3874 ﬂagitiorum
2999 3803 3082 3858 vel
3127 3816 3459 3872 quorumque

1875 3903 2241 3964 peccatorum,
2277 3903 2333 3949 ut
2355 3911 2455 3951 nos
2486 3895 2744 3952 faciamus
2776 3896 2898 3950 mali
2948 3894 3163 3965 aliquid,
3218 3910 3286 3949 ne
3327 3894 3459 3947 alius

1875 3992 2092 4059 gravius
2122 3991 2320 4045 malum
2350 3991 2542 4055 faciat;
2587 4007 2652 4045 an
2685 3993 2861 4060 potius
2911 3988 3300 4059 perturbationi
3325 3986 3460 4040 Loth

1877 4097 1984 4136 non
2013 4084 2238 4136 consilio
2267 4083 2608 4137 tribuendum
2639 4083 2728 4146 sit,
2763 4083 2884 4149 quia
2918 4081 3018 4133 hoc
3061 4079 3216 4141 dixit,
3270 4080 3460 4132 merito

1876 4172 2135 4241 queritur
2168 4182 2257 4227 :et
2290 4173 2543 4225 nimirum
2571 4171 3022 4240 periculosissime
3057 4168 3321 4222 amittitur
3349 4167 3462 4221 hec

1877 4264 2270 4331 compensatio.
2316 4262 2372 4319 Si
2421 4272 2600 4318 autem
2645 4262 3030 4332 perturbationi
3079 4261 3326 4315 humane
3371 4261 3461 4314 tri-

1877 4354 2081 4420 buitur,
2140 4364 2192 4410 et
2235 4356 2399 4411 menti
2444 4363 2592 4411 tanto
2620 4355 2761 4411 malo
2787 4364 3066 4426 permole,
3121 4353 3268 4409 nullo
3300 4352 3461 4408 modo

1878 4447 2133 4502 imitanda
2159 4457 2260 4505 est.

2390 4594 2616 4652 CAPUT
2658 4593 2944 4650 LXXXIX.

1875 4714 2028 4783 Quod
2057 4715 2128 4767 ait
2152 4714 2289 4768 Deus
2319 4713 2388 4766 ad
2413 4712 2698 4766 Abimelech
2726 4726 2746 4764 :
2775 4709 2989 4783 Peperci
3015 4709 3108 4763 tibi
3134 4725 3198 4764 ne
3223 4726 3458 4780 peccares

1898 4781 1912 4793 Τ
2344 4785 2399 4838 in
2422 4801 2532 4848 me;
2562 4800 2625 4836 ea:
2654 4783 2830 4837 eodem
2846 4781 2996 4835 libro.

1949 4877 2100 4945 Quod
2125 4879 2201 4931 ait
2231 4877 2372 4932 Deus
2401 4875 2468 4929 ad
2517 4874 2828 4929 Abimelech
2877 4883 3097 4944 propter
3138 4874 3322 4930 Saram
3353 4891 3368 4928 :
3397 4874 3458 4929 Et

1877 4971 2093 5041 peperci
2118 4969 2213 5025 tibi
2245 4979 2300 5024 ut
2330 4983 2435 5024 non
2477 4981 2727 5038 peccares
2754 4967 2806 5021 in
2843 4983 2950 5035 me,
2983 4967 3196 5036 quando
3219 4981 3340 5020 eum
3370 4965 3459 5017 ad-

1877 5064 2086 5118 monuit
2115 5077 2334 5116 uxorem
2384 5061 2652 5117 Abraham
2703 5075 2824 5117 esse
2861 5076 3019 5130 quam
3051 5059 3270 5129 putabat
3310 5072 3459 5111 soro-

1878 5169 2018 5219 rem,
2045 5155 2426 5210 advertendum
2454 5166 2535 5211 est
2561 5166 2613 5211 et
2642 5156 2932 5210 notandum
2975 5155 3029 5207 in
3062 5153 3226 5206 Deum
3253 5149 3460 5220 peccari

1874 5246 2087 5314 quando
2119 5247 2239 5300 talia
2273 5247 2682 5302 committuntur
2704 5263 2824 5318 que
2849 5252 3040 5315 putant
3059 5243 3301 5297 homines
3328 5241 3459 5294 levi-

1874 5345 1962 5393 ter
1992 5339 2254 5404 habenda,
2288 5348 2537 5408 tanquam
2569 5340 2620 5392 in
2645 5353 2807 5393 carne
2831 5342 3068 5406 peccata.
3094 5334 3246 5399 Quod
3277 5342 3457 5386 autem

1874 5431 2012 5485 dixit
2040 5431 2088 5486 ei
2116 5449 2128 5483 :
2162 5431 2300 5486 Ecce
2328 5441 2384 5485 tu
2424 5431 2691 5495 morieris,
2728 5430 2887 5484 etiam
2920 5429 3024 5481 hoc
3055 5424 3349 5479 notandum
3379 5431 3458 5477 est

1877 5526 2146 5595 quomodo
2167 5525 2311 5578 dicat
2341 5527 2500 5590 Deus,
2529 5535 2778 5591 tanquam
2817 5521 3110 5589 predicens
3152 5519 3269 5572 sine
3298 5515 3457 5571 dubio

1877 5618 2115 5673 futurum
2142 5615 2284 5683 quod
2333 5613 2670 5669 admonendo
2717 5611 2870 5676 dicit,
2903 5618 2960 5665 ut
2987 5625 3018 5665 a
3047 5618 3267 5678 peccato
3293 5606 3453 5663 absti«

1877 5709 2056 5764 nendo
2082 5716 2354 5763 caveatur.

2381 5843 2396 5856 ·
2487 5819 2714 5876 CAPUT
2746 5818 2852 5876 XC.

1879 5935 2109 5993 Tentavit
2145 5933 2283 5990 Deus
2324 5933 2602 6004 Abraham,
2629 5935 2884 6005 quomodo
2925 5949 3026 5989 non
3058 5931 3123 5988 sit
3149 5932 3453 5986 contrarium
