3968 6390
480 344 589 406 707

1532 342 1596 400 1).
1629 339 1951 401 EUGYPPII
1982 336 2274 399 ABBATIS
2294 336 2614 397 AFRICANI

3645 346 3742 417 708

551 460 748 543 ⁸[ιζεοὸο
790 462 1016 519 dicente:
1052 459 1193 519 Deus
1240 459 1488 516 neminem
1539 470 1728 530 tentat;
1777 478 1839 517 ea:
1882 462 2060 519 eodem
2088 460 2397 543 Aquastio
2438 469 2542 515 est.
2574 460 2652 516 Eo
2683 452 2917 537 namque
2956 451 3191 533 pertinet
3214 460 3355 531 quod
3382 458 3639 517 dicuntur
3662 467 3743 533 qui

558 537 709 599 libro.

558 648 628 702 Et
657 648 875 703 tentavit
900 648 1041 703 Deus
1064 645 1358 702 Abraham.
1389 647 1567 717 Quzeri
1615 648 1753 705 solet
1800 648 2068 719 quomodo

484 737 589 797 hoc
622 754 807 794 verum
839 739 944 807 sit,
973 752 1093 793 cum
1121 739 1265 795 dicat
1295 742 1348 795 in
1394 740 1631 811 Epistola
1662 758 1755 797 sua
1788 741 2023 797 Jacobus
2050 784 2064 808 ,

485 833 623 904 quod
654 832 791 886 Deus
816 832 1081 886 neminem
1115 841 1303 901 tentet,
1338 834 1438 887 nisi
1466 834 1587 903 quia
1620 835 1892 888 locutione
1921 834 2069 888 Scri-

486 937 765 997 pturarum
794 924 933 979 solet
960 925 1063 979 dici
1088 967 1102 990 ,
1137 935 1329 994 tentat,
1363 941 1459 997 pro
1484 943 1549 983 eo
1575 928 1715 997 quod
1745 935 1827 983 est
1855 928 2065 998 probat.

485 1015 733 1075 'I‘entatio
763 1031 893 1073 vero
924 1017 1014 1071 illa
1044 1017 1112 1073 de
1140 1034 1242 1087 qua
1291 1019 1523 1075 Jacobus
1551 1020 1703 1085 dicit,
1732 1035 1839 1074 non
1870 1020 2073 1073 intelli-

485 1113 648 1180 gitur,
697 1108 798 1161 nisi
846 1105 968 1177 quia
1016 1109 1244 1178 quisque
1285 1119 1505 1179 peccato
1554 1110 1874 1180 implicatur.
1919 1110 2069 1165 Unde

484 1200 780 1268 Apostolus
808 1198 938 1255 dicit
969 1216 983 1254 :
1009 1199 1242 1255 Neiorte
1269 1201 1554 1255 tentavcrit
1580 1216 1675 1255 vos
1699 1202 1742 1254 is
1769 1200 1858 1271 qui
1882 1210 2068 1255 tentat.

487 1293 621 1350 Nam
671 1303 726 1349 et
766 1294 893 1348 alibi
939 1296 1199 1362 scriptum
1256 1304 1378 1349 est:
1424 1295 1615 1349 Tentat
1662 1309 1755 1348 vos
1812 1293 2071 1348 Dominus

485 1387 629 1444 Deus
675 1397 869 1455 vester,
913 1397 972 1442 ut
1013 1388 1148 1442 sciat
1192 1388 1235 1441 si
1278 1386 1501 1457 diligitis
1548 1402 1715 1452 eum;
1756 1386 1914 1440 etiam
1971 1386 2072 1440 hoc

486 1497 682 1555 genere
710 1481 995 1536 locutionis
1044 1488 1102 1534 ut
1149 1478 1316 1545 sciat,
1348 1478 1550 1532 dictum
1582 1489 1700 1544 est,
1733 1491 1795 1532 ac
1838 1476 1885 1531 si
1928 1476 2073 1531 dice-

488 1586 657 1641 retur,
710 1584 768 1629 ut
808 1575 947 1629 scire
972 1589 1067 1627 vos
1099 1573 1289 1639 iaciat,
1319 1571 1570 1641 quoniam
1598 1572 1743 1625 vires
1770 1568 2073 1625 dilectionis

486 1682 599 1724 suae
631 1667 899 1722 hominem
931 1666 1098 1720 latent
1122 1707 1139 1733 ,
1167 1665 1266 1719 nisi
1299 1664 1482 1719 divino
1510 1663 1881 1733 experimento
1909 1662 2071 1717 etiam

485 1762 661 1817 eidem
692 1762 1047 1816 innotescant.

1090 1891 1316 1949 CAPUT
1344 1891 1481 1961 xci,

493 2029 595 2101 σε
624 2028 699 2083 De
726 2027 882 2101 simili
911 2027 1163 2101 locutione
1192 2044 1295 2098 qua
1323 2028 1515 2081 dictum
1542 2034 1657 2101 est]:
1682 2025 1907 2101 Cagnovi
1934 2025 2076 2097 quod

846 2099 1020 2161 timeas
1044 2098 1209 2163 Deum
1232 2114 1251 2166 ,°
1278 2115 1339 2157 ea:
1367 2102 1542 2163 eodem
1566 2099 1716 2156 libro.

561 2210 676 2269 Vox
704 2210 878 2281 angeli
900 2211 968 2267 de
997 2212 1135 2268 coelo
1161 2211 1227 2266 ad
1264 2211 1533 2275 Abraham
1560 2230 1573 2266 :
1609 2212 1686 2267 Ne
1715 2212 1926 2283 injicias
1957 2227 2075 2267 ma-

496 2318 594 2360 nus
628 2305 679 2360 io
725 2318 981 2374 puerum,
1033 2319 1207 2372 neque
1241 2302 1404 2359 iacias
1444 2305 1494 2359 ei
1542 2306 1831 2375 quidquam
1858 2346 1874 2372 ,
1916 2305 2078 2361 modo

495 2401 635 2455 enim
683 2398 908 2470 cognovi
957 2399 1211 2469 quoniam
1244 2400 1433 2454 timeas
1461 2400 1628 2456 Deum
1660 2410 1733 2454 tu.
1767 2401 1940 2455 Etiam
1977 2403 2076 2455 ista

500 2494 729 2564 quaestio
756 2494 917 2549 simili
944 2493 1215 2551 locutione
1234 2494 1479 2549 solvitur.
1499 2495 1611 2549 lluc
1628 2494 1895 2549 estenim:
1928 2494 2077 2549 Nunc

494 2589 717 2658 cognovi
761 2588 1010 2659 quoniam
1044 2590 1231 2644 timens
1276 2590 1443 2647 Deum
1491 2587 1745 2658 tu;quod
1772 2588 2074 2659 signiﬁcat:

496 2681 645 2736 Nune
688 2690 740 2736 te
785 2680 885 2736 ieci
928 2696 1271 2751 cognoscere.
1320 2680 1379 2734 In
1417 2680 1869 2751 consequentibus
1899 2690 2077 2735 autem

497 2773 601 2828 hoc
645 2790 811 2845 genus
854 2774 1142 2829 locutionis
1202 2773 1504 2829 evidentius
1547 2771 1866 2846 [evidenter]
1912 2788 2079 2842 appa-

497 2878 575 2922 ret
604 2868 693 2921 ubi
721 2867 952 2922 dicitur:
990 2868 1057 2933 Et
1086 2868 1298 2923 vocavit
1323 2867 1593 2922 Abraham
1628 2883 1823 2922 nomen
1864 2867 1966 2922 loci
2011 2866 2079 2921 il-

498 2958 597 3013 lius
630 2959 882 3014 Dominus
910 2959 1077 3027 vidit,
1106 2968 1165 3016 ut
1184 2958 1391 3015 dicatur
1420 2959 1578 3014 hodie
1607 2959 1660 3014 in
1691 2966 1872 3013 monte
1897 2958 2079 3013 Domi-

497 3066 595 3115 nus
618 3053 894 3121 apparuit:
929 3051 1095 3117 vidit,
1126 3065 1223 3120 pro
1251 3066 1316 3106 eo
1346 3050 1488 3119 quod
1518 3062 1639 3116 est,
1662 3052 1940 3119 apparuit,
1974 3048 2079 3105 hoc

499 3156 601 3212 est,
634 3146 763 3199 vidit
793 3160 887 3215 pro
914 3160 978 3201 eo
999 3147 1138 3215 quod
1169 3152 1253 3200 est
1283 3144 1447 3199 videri
1477 3142 1623 3210 fecit,
1654 3143 1959 3213 significans
1986 3160 2081 3215 per

499 3239 827 3349 eiticienteni
848 3242 990 3312 quod
1019 3240 1271 3311 elﬁcitur,
1302 3241 1442 3297 sicut
1466 3239 1633 3312 frigus
1663 3240 1871 3311 pigrum
1892 3283 1909 3311 ,
1936 3241 2077 3311 quod
2104 3254 2153 3320 ο
2188 3272 2340 3349 Quod
2376 3273 2538 3349 19ml,
2584 3274 2809 3342 lapidem
2848 3275 3026 3331 ,ιαιυεε
3046 3283 3092 3329 ει

500 3332 679 3402 pigros
706 3332 852 3389 facit.
886 3388 893 3394 ,

1088 3448 1316 3505 CAPUT
1345 3446 1501 3504 XCII.

502 3562 856 3638 Dejuratione
880 3564 1009 3631 servi
1034 3561 1429 3687 Abrahlrebsuper
1455 3561 1620 3635 femur
1638 3561 1791 3633 ejus;
1820 3576 1885 3616 ex
1911 3560 2085 3627 eodem

1224 3651 1239 3687 1
1274 3652 1352 3687 ΥΟ.

1224 3651 1352 3688 τοῖο.

570 3748 724 3818 Quod
767 3747 1035 3803 Abraham
1062 3746 1213 3819 jubet
1240 3759 1408 3817 puero
1432 3759 1533 3800 suo
1557 3785 1575 3815 ,
1608 3753 1666 3799 ut
1693 3759 1911 3800 manum
1934 3760 2086 3815 suam

502 3850 666 3917 ponat
694 3853 857 3908 super
883 3837 996 3909 eius
1030 3837 1232 3892 femore
1252 3876 1266 3905 ,
1298 3846 1349 3888 et
1375 3836 1453 3889 sic
1478 3851 1599 3889 eum
1632 3835 1840 3907 adjurat
1870 3853 1964 3905 per
1992 3838 2088 3891 do-

503 3933 705 4001 minum
734 3930 899 3986 Deum
929 3928 1050 3984 caeli
1072 3936 1129 3983 et
1152 3928 1433 3982 Dominum
1454 3926 1791 3993 terrae,solet
1812 3928 2089 3999 imperitos

502 4043 751 4094 movere;
778 4041 885 4082 non
925 4024 1264 4083 attendentes
1312 4037 1558 4095 magnam
1585 4023 1750 4094 ipsam
1779 4022 1845 4077 de
1876 4021 2088 4078 Christo

502 4121 770 4197 [magnam
795 4119 863 4175 de
892 4115 1127 4191 Christo]
1155 4106 1422 4173 exstitisse
1452 4115 1812 4188 prophetiam,
1843 4115 1983 4193 quod
2012 4116 2089 4186 ip-

503 4206 563 4270 se
595 4213 850 4267 Dominus
878 4210 1020 4266 Deus
1044 4211 1165 4265 οωιὶ
1193 4219 1246 4265 et
1278 4209 1533 4264 Dominus
1556 4217 1716 4265 terrae
1748 4207 1799 4261 in
1832 4222 1892 4260 ea
1926 4221 2088 4261 carne

504 4318 757 4365 venturus
782 4313 963 4379 esset,
995 4320 1112 4389 qua:
1134 4304 1201 4360 de
1232 4304 1322 4359 illo
1353 4303 1558 4360 femore
1579 4346 1595 4376 ,
1627 4311 1919 4379 propagata
1946 4310 2050 4357 est.

1066 4438 1293 4493 CAPUT
1330 4438 1510 4495 XCIII.

510 4579 659 4648 Quod
680 4576 921 4645 diﬂ'erant
947 4574 1308 4648 augurqtiones
1328 4573 1525 4648 illicitis
1551 4573 1611 4648 alt
1637 4575 1729 4629 illa
1753 4575 1993 4645 petitione
2018 4574 2089 4629 si-

2168 555 2270 610 bor.
2307 570 2412 610 non
2463 564 2611 611 recte
2653 554 2855 610 faciunt
2884 563 3089 610 tentare
3119 554 3425 608 Dominum.
3461 555 3601 610 Nam
3644 557 3742 628 ipse

2168 649 2425 704 Dominus
2453 664 2574 703 cum
2619 665 2649 703 a
2690 649 2907 703 diabolo
2933 658 3246 715 tentaretur,
3280 651 3656 705 testimonium
3689 653 3745 709 de

2168 740 2463 811 Scripturis
2496 741 2776 797 adhibuit:
2827 741 2942 795 Non
2984 741 3212 794 tentabis
3252 740 3547 794 Dominum
3598 742 3743 799 Deum

2167 839 2337 886 tuum.
2387 833 2783 903 Suggerebatur
2806 833 2949 887 enim
2996 840 3247 902 tanquam
3277 831 3486 887 homini
3523 842 3583 887 ut
3611 837 3747 904 signo

2167 924 2349 995 aliquo
2378 926 2681 993 exploraret
2706 925 2852 995 ipse,
2887 934 3119 994 quantus
3140 934 3324 990 esset,
3358 926 3410 980 id
3439 937 3575 994 est,
3607 944 3743 999 quam

2170 1019 2396 1072 multum
2434 1018 2570 1087 apud
2601 1018 2764 1073 Deum
2789 1026 3005 1089 posset,
3057 1019 3195 1088 quod
3225 1018 3417 1074 vitiose
3447 1020 3653 1076 ﬁtcum
3680 1024 3743 1081 ﬁt.

2172 1110 2252 1165 Ab
2284 1110 2384 1165 hoc
2405 1120 2583 1165 autem
2606 1110 2926 1167 discernitur
2962 1110 3101 1178 quod
3130 1108 3351 1165 Gedenn
3396 1112 3539 1165 fecit
3577 1127 3744 1182 pugna.

2172 1201 2485 1255 imminente
2520 1201 2791 1271 periculo,
2838 1200 3161 1255 consultatio
3211 1202 3410 1271 quippe
3456 1202 3559 1255 illa
3606 1204 3746 1273 magis

2172 1312 2330 1367 quam
2373 1299 2595 1350 tentatio
2629 1296 2720 1350 Dei
2754 1296 2874 1354 fuit.
2898 1295 3050 1351 Unde
3080 1304 3134 1350 et
3165 1294 3343 1349 Achaz
3393 1296 3547 1362 apud
3585 1295 3743 1351 Isaiam

2172 1391 2321 1444 timet
2370 1391 2577 1459 signum
2610 1400 2794 1458 petere
2816 1430 2831 1453 ,
2876 1404 2944 1443 ne
2988 1389 3267 1443 Dominum
3302 1386 3534 1461 [Deum]
3567 1399 3745 1442 tentare

2173 1484 2415 1538 videatur
2434 1525 2448 1548 ,
2480 1498 2599 1536 cum
2644 1483 2744 1537 hoc
2770 1497 2891 1536 eum
2919 1481 3174 1536 Dominus
3206 1481 3505 1535 admoneat
3531 1495 3623 1548 per
3650 1495 3745 1548 pro-

2172 1576 2426 1647 phetam,
2469 1577 2674 1639 credo,
2718 1577 3031 1631 existimans
3060 1574 3201 1645 quod
3247 1573 3317 1626 ab
3341 1573 3459 1642 ipso
3507 1574 3741 1641 propheta

2174 1671 2541 1739 exploraretur
2570 1679 2745 1727 utrum
2771 1667 3025 1737 ιιι-ωρονιί
3054 1681 3262 1725 memor
3284 1675 3434 1722 esset
3458 1706 3475 1731 ,
3532 1680 3632 1733 quo
3653 1675 3744 1719 ten-

2174 1771 2291 1818 tare
2320 1762 2602 1819 Dominum
2634 1760 2945 1832 prohibetur
2968 1759 3159 1834 [Deum
3186 1754 3588 1831 prohibemur].

2744 1892 2977 1954 CAPUT
3008 1895 3193 1953 XCIV.

2178 2034 2257 2092 De
2280 2032 2339 2091 eo
2365 2034 2504 2107 quod
2530 2033 2602 2090 ait
2629 2031 2790 2103 Jacpb
2815 2048 2834 2087 :
2861 2031 2912 2107 IV
2917 2048 2981 2087 an
3006 2039 3079 2107 est
3107 2030 3190 2085 hic
3217 2029 3321 2095 nisi
3343 2029 3526 2099 donius
3548 2027 3637 2085 Dei
3651 2044 3741 2099 με

2788 2104 2965 2173 eodem
3011 2104 3162 2157 libro.

2251 2244 2319 2301 Et
2345 2242 2580 2307 surrexit
2602 2241 2769 2299 Iacob
2789 2241 2857 2297 de
2882 2254 3073 2296 somno
3101 2253 3225 2304 suo,
3258 2247 3313 2299 et
3337 2236 3624 2304 dixit:Oaia
3651 2244 3731 2291 est

2179 2336 2437 2393 Dominus
2465 2337 2661 2391 inloco
2688 2326 2790 2390 hoc
2810 2376 2825 2401 ,
2857 2348 2957 2404 ego
2991 2343 3170 2389 autem
3202 2331 3488 2387 nesciebam
3514 2347 3529 2395 ;
3574 2339 3627 2383 et
3664 2330 3727 2383 ti-

2178 2432 2313 2486 muit
2342 2440 2395 2485 et
2448 2430 2611 2483 dixit:
2644 2429 2813 2496 Quam
2865 2427 3124 2482 terribilis
3178 2426 3331 2481 locus
3366 2424 3595 2489 bic;boc
3614 2417 3738 2493 [hic]

2180 2540 2286 2581 non
2313 2533 2395 2579 est
2432 2524 2533 2578 nisi
2559 2524 2750 2577 domus
2781 2522 2872 2591 Dei
2896 2564 2914 2589 ,
2958 2528 3014 2576 et
3043 2521 3160 2585 inec
3188 2530 3341 2593 porta
3369 2526 3452 2573 est
3470 2519 3602 2573 creli.
3631 2516 3740 2570 ηερε

2177 2618 2340 2672 verba
2378 2617 2442 2669 ad
2495 2614 2830 2685 pr0phetiam
2890 2600 3203 2682 pertinent,
3260 2612 3387 2682 quia
3435 2610 3505 2665 ibi
3536 2611 3738 2664 futurum

2179 2719 2295 2764 erat
2344 2708 2746 2762 tabernaculum
2780 2707 2921 2777 quod
2965 2704 3246 2759 constituit
3295 2705 3438 2760 Deus
3468 2697 3739 2777 [Dominus]

2180 2801 2230 2856 in
2262 2799 2567 2854 hominibus
2609 2800 2661 2853 in
2714 2801 2885 2868 primo
2908 2799 3104 2868 populo
3133 2812 3251 2852 suo.
3278 2795 3507 2851 Portam
3535 2796 3645 2851 cali
3667 2810 3733 2846 au-

2180 2901 2287 2948 tem
2315 2893 2392 2946 sic
2420 2889 2719 2960 intelligere
2746 2888 3031 2956 debemus,
3066 2896 3319 2958 tanquam
3345 2887 3477 2941 inde
3495 2888 3583 2940 iiat
3602 2887 3731 2939 aditus

2179 2984 2556 3055 credentibus,
2586 2981 2653 3038 ad
2677 2980 3066 3055 capessendum
3092 2996 3316 3052 regnum
3348 2980 3626 3035 caelorum.

2774 3140 3002 3198 CAPUT
3022 3140 3180 3197 XCV.

3120 3276 3347 3351 perfudit
3369 3277 3483 3351 oleo
3508 3317 3531 3351 ,ν
3550 3292 3640 3351 non
3663 3274 3739 3328 ali-

2302 3342 2426 3417 quid
2452 3347 2755 3401 idololatria:
2779 3347 2944 3403 simile
2970 3342 3146 3416 fecisse
3172 3363 3186 3417 ;
3210 3342 3280 3405 ἐκ
3306 3350 3487 3402 eodem
3516 3350 3647 3401 libra.

2258 3491 2409 3558 Quod
2440 3491 2625 3546 statuit
2651 3490 2882 3559 lapidem
2909 3489 3077 3547 Iacob
3099 3506 3258 3561 quem
3285 3491 3391 3546 sibi
3412 3491 3478 3546 ad
3496 3498 3643 3561 caput
3664 3500 3741 3558 po-

2186 3594 2406 3653 suerat,
2449 3594 2501 3639 et
2542 3585 2821 3639 constituit
2858 3599 2981 3639 eum
3024 3585 3233 3645 titulum
3258 3595 3311 3651 et
3337 3585 3563 3653 perfudit
3609 3583 3743 3638 illum

2187 3680 2329 3745 oleo,
2356 3694 2459 3733 non
2490 3676 2687 3747 aliquid
2718 3676 3033 3730 idololatria:
3056 3677 3230 3731 simile
3258 3676 3403 3731 fecit.
3429 3676 3535 3731 Non
3571 3675 3738 3739 enim,

2187 3772 2272 3827 vel
2305 3782 2460 3838 tunc,
2493 3769 2575 3825 vel
2610 3778 2793 3839 postea
2815 3808 2830 3835 ,
2856 3768 3212 3839 freqttentavit
3242 3770 3455 3840 lapidem
3483 3767 3741 3820 adoranda

2188 3876 2279 3921 aut
2306 3865 2431 3939 [vel]
2450 3850 2504 3921 ei
2536 3863 2909 3930 sacriﬁcando,
2935 3865 3027 3919 sed
3058 3867 3271 3936 signum
3301 3864 3452 3919 fuitin
3471 3860 3740 3932 prophetia

2188 3958 2585 4029 evidentissima
2633 3957 3014 4028 constitutum,
3055 3974 3173 4027 quas
3213 3959 3439 4030 pertinet
3460 3958 3523 4013 ad
3546 3954 3747 4012 unctio-

2188 4065 2313 4107 nem
2339 4070 2351 4108 :
2382 4052 2520 4125 unde
2540 4050 2738 4106 Christi
2771 4064 2964 4105 nomen
2988 4065 3018 4104 a
3045 4050 3337 4109 chrismate
3372 4060 3473 4107 est.

2737 4186 2965 4244 CAPUT
2994 4186 3177 4243 XCVI.

2226 4324 2304 4379 De
2324 4324 2460 4380 lucta
2484 4322 2644 4378 Iacob
2669 4332 2718 4378 et
2748 4324 2811 4379 de
2834 4322 3237 4392 claudicatione;
3270 4341 3337 4380 ex
3368 4324 3546 4381 eadem
3590 4324 3724 4377 libre.

2242 4458 2409 4527 ,Quod
2448 4458 2515 4525 ab
2563 4458 2657 4517 illo
2698 4458 2887 4529 angelo
2916 4458 3188 4523 desiderat
3217 4458 3468 4517 benedici
3499 4457 3659 4517 Jaeob
3682 4453 3754 4511 cui

2192 4552 2443 4613 luctando
2475 4551 2770 4622 praevaluit,
2818 4566 3009 4622 magna
3038 4552 3206 4608 estde
3224 4552 3443 4611 Christo
3476 4548 3746 4621 prophetia.

578 4652 667 4775 gpi
691 4690 704 4727 ,
738 4640 853 4723 sua
886 4640 1077 4735 petit'a
1104 4645 1215 4703 Deo
1239 4661 1413 4700 servus
1434 4644 1695 4725 Abrahae,-
1728 4640 1789 4700 ex
1816 4650 1992 4701 eodem
2025 4649 2088 4701 li—
2114 4648 2169 4731 υ
2193 4644 2323 4707 Nam
2351 4661 2415 4705 eo
2437 4645 2553 4714 ipso
2585 4646 2838 4703 admonet
2867 4646 3146 4717 mysticum
3174 4646 3377 4715 aliquid
3410 4660 3635 4715 sapere,
3656 4640 3759 4711 quia

638 4739 687 4774 ο.
2065 4772 2071 4775 .
2195 4738 2369 4775 omnia
2411 4738 2569 4775 hnmn
2599 4752 2626 4775 ει
2657 4736 2859 4775 mninrn
2887 4739 2998 4775 uult
3031 4737 3273 4775 [mum-lini
3329 4738 3617 4775 nllhl'nntln
3653 4748 3759 4775 una

638 4739 687 4774 ο.

583 4833 937 4911 Quaerendum
962 4847 1067 4905 quo
1093 4832 1342 4897 differant
1378 4832 1757 4902 augurationes
1792 4831 1993 4891 illicitae
2021 4833 2089 4888 ab

506 4929 597 4999 illa
649 4929 906 5005 petitione
945 4927 1082 4997 signi
1136 4940 1239 4995 qua
1282 4927 1467 5001 petivit
1511 4939 1703 4982 servus
1740 4924 2001 4997 Abrahae,
2033 4936 2089 4987 ut

504 5024 557 5081 ei
586 5024 726 5080 Deus
768 5022 1077 5096 ostenderet
1115 5019 1283 5091 ipsam
1311 5035 1431 5075 esse
1460 5019 1685 5077 futuram
1715 5036 1941 5091 uxorem
1986 5021 2089 5075 Do-

507 5118 637 5174 mini
663 5115 747 5173 sni
780 5116 924 5185 lsaac
946 5156 959 5177 .
982 5128 1014 5168 a
1042 5128 1145 5186 qua
1173 5127 1292 5175 cum
1327 5116 1603 5180 petivisset
1629 5122 1687 5170 ut
1714 5114 1924 5171 biberet
1946 5114 2090 5171 dice-

506 5220 656 5269 retur
699 5210 772 5265 illi
801 5226 812 5262 :
848 5208 977 5264 Bibe
1001 5216 1056 5263 et
1078 5215 1132 5263 tu
1165 5248 1181 5278 ,
1230 5217 1283 5262 et
1308 5207 1583 5277 adaquabo
1613 5216 1667 5263 et
1703 5208 1939 5265 camelos
1971 5216 2090 5265 tuos

505 5314 613 5371 quo
660 5300 895 5370 adusque
930 5298 1116 5357 bibere
1152 5293 1471 5354 desinerent
1490 5296 1798 5373 [desinent].
1832 5299 1986 5354 Aliud
2010 5308 2091 5371 est

506 5392 653 5457 enim
687 5392 879 5459 mirum
908 5392 1105 5461 aliquid
1148 5400 1330 5461 petere
1357 5432 1371 5458 ,
1411 5389 1549 5458 quod
1581 5390 1696 5458 ipso
1728 5390 1983 5445 miraculo
2018 5390 2089 5444 si-

506 5497 668 5552 gnum
716 5483 822 5555 sit;
870 5484 1013 5539 aliud
1043 5498 1104 5538 ea
1144 5480 1306 5556 [hinc]
1350 5481 1638 5535 observare
1667 5497 1786 5551 qua:
1812 5480 1883 5535 ita
1917 5480 2088 5548 liunt,

507 5588 568 5645 ut
597 5578 726 5641 mira
757 5592 863 5648 non
892 5577 1033 5649 sint,
1082 5577 1176 5647 sed
1215 5590 1244 5630 a
1285 5573 1682 5643 conjectoribus
1724 5576 2089 5645 superstitiosa

508 5668 748 5723 vanitate
784 5670 1229 5735 interpretentur.
1259 5664 1367 5721 Sed
1400 5665 1501 5719 hoc
1544 5664 1717 5734 ipsum
1748 5668 1907 5721 etiam
1949 5666 2091 5739 quod

510 5755 707 5809 mirum
761 5756 957 5826 aliquid
1022 5755 1360 5823 postulatur,
1420 5768 1527 5824 quo
1582 5754 1911 5824 signiﬁcetur
1948 5758 2089 5826 quod

509 5844 738 5915 quisque
757 5846 871 5903 vult
897 5860 1078 5911 nosse,
1110 5856 1284 5900 utrum
1310 5834 1635 5901 audiendum
1668 5846 1765 5913 sit,
1800 5861 1903 5901 non
1927 5862 2091 5915 parva

2195 4738 2370 4799 omnis
2410 4738 2569 4795 homo
2597 4752 2628 4795 a
2657 4736 2859 4806 majore
2887 4739 3002 4797 vult
3030 4737 3295 4795 benedici.
3329 4738 3617 4805 Quomodo
3653 4748 3762 4804 ergo

2195 4832 2263 4887 ab
2288 4846 2353 4909 eo
2378 4829 2620 4889 benedici
2646 4832 2749 4889 iste
2775 4829 2970 4899 voluit,
2999 4846 3157 4901 quem
3187 4831 3443 4889 luctando
3470 4826 3766 4900 superavitl

2196 4924 2481 4985 Praevaluit
2507 4931 2684 4979 autem
2714 4922 2881 4985 «Ιποδ
2908 4922 3146 4988 Christo,
3174 4922 3261 4989 vel
3294 4923 3474 4992 potius
3506 4921 3768 4992 prevalero

2194 5021 2341 5075 visus
2379 5027 2461 5081 est
2502 5033 2596 5088 per
2641 5032 2737 5074 eos
2776 5017 3044 5087 Israelitas
3074 5032 3105 5075 a
3132 5016 3325 5087 quibus
3354 5016 3661 5073 cruciﬁxus
3704 5019 3773 5067 est

2193 5112 2469 5176 Christus.
2498 5118 2552 5175 et
2578 5109 2645 5167 ab
2675 5125 2740 5171 βο
2768 5119 2943 5171 tamen
2974 5109 3308 5181 benedicitur
3337 5108 3391 5165 in
3424 5108 3508 5167 eis
3532 5105 3774 5163 lsraelitis

2194 5204 2287 5273 qui
2314 5200 2655 5265 crediderunt
2677 5202 2728 5263 in
2747 5200 3039 5266 Christum,
3067 5214 3134 5263 es
3156 5200 3347 5270 quibus
3374 5208 3493 5258 erat
3515 5200 3607 5267 qui
3640 5197 3777 5252 dieeo

2196 5295 2308 5365 bat,
2338 5295 2471 5359 Nam
2502 5303 2555 5351 et
2577 5309 2677 5364 ego
2708 5294 2946 5361 Israelita
2968 5309 3088 5367 sum
3114 5334 3131 5360 ,
3160 5309 3227 5367 ex
3257 5308 3457 5362 genere
3487 5294 3776 5353 Abraham,

2195 5387 2262 5441 de
2296 5387 2431 5439 tribu
2480 5385 2775 5454 Benjamin.
2815 5384 2961 5440 Unus
2990 5400 3117 5453 ergo
3157 5395 3321 5455 atque
3351 5384 3495 5445 idem
3523 5382 3701 5447 Iacob
3735 5390 3784 5435 et

2197 5479 2419 5535 claudus
2449 5489 2501 5532 et
2528 5477 2858 5547 benedictus.
2893 5477 3125 5549 Claudus
3150 5478 3200 5531 in
3234 5478 3513 5545 latitudine
3538 5475 3781 5538 femoris,

2194 5579 2451 5639 tanquam
2495 5569 2545 5622 in
2594 5568 2931 5622 multitudine
2968 5567 3217 5638 generis,
3248 5569 3316 5623 de
3352 5568 3551 5637 quibus
3580 5567 3788 5621 dictum

2194 5671 2318 5715 est:
2360 5662 2427 5715 Et
2470 5660 2904 5719 clandicaverunt
2942 5675 2975 5715 a
3014 5660 3221 5715 semitis
3274 5662 3387 5715 suis
3418 5677 3432 5725 ;
3466 5660 3791 5715 benedictus

2194 5765 2371 5809 autem
2392 5756 2443 5809 in
2462 5754 2538 5808 eis
2558 5754 2625 5809 de
2653 5755 2843 5823 quibus
2874 5754 3075 5808 dictum
3104 5738 3493 5826 estzﬂeliquiaa
3524 5770 3626 5826 per
3648 5754 3793 5811 elec—

2194 5845 2393 5901 tionem
2422 5845 2604 5915 gratire
2631 5844 2792 5900 salvae
2820 5846 2971 5901 iactae
2992 5855 3136 5901 sunt.
