3968 6390
180 420 284 482 τοο

735 526 963 591 ΒΔΗΙῖ
981 520 1191 586 XCVII.

180 676 361 734 Utrum
395 673 622 747 secundo
648 669 807 737 Iacob
836 673 1054 747 lapidem
1077 671 1187 727 oleo
1212 671 1496 747 perfuderit
1521 714 1534 737 ,
1566 686 1636 723 an
1680 684 1760 724 se-

348 741 519 799 cundo
541 741 987 799 commemoraium
1009 753 1080 799 est
1104 761 1122 810 ;
1149 741 1407 798 ex'eodem
1437 741 1588 795 libro.

241 857 500 914 Ascendit
540 865 719 913 autem
762 857 902 915 Deus
931 857 997 912 ab
1021 871 1085 913 eo
1128 856 1250 911 loco
1293 856 1380 911 ubi
1427 855 1637 910 locutus
1680 863 1763 911 est

174 967 291 1007 cum
325 966 413 1017 eo,
446 959 501 1005 et
530 952 713 1004 statuit
740 950 907 1006 Iacob
936 950 1145 1004 titulum
1174 950 1225 1004 in
1256 949 1373 1004 loco
1404 948 1455 1011 in
1481 963 1587 1018 quo
1616 947 1764 1003 locu-

181 1057 261 1100 lus
314 1056 394 1099 cst
426 1060 547 1099 cum
578 1060 643 1106 eo
668 1086 683 1112 ,
719 1046 928 1099 titulum
980 1045 1244 1117 lapideum
1285 1053 1336 1098 et
1366 1044 1569 1110 libavit,
1601 1057 1764 1115 super

173 1151 289 1190 cum
322 1136 553 1191 libamen
585 1145 639 1191 et
676 1134 867 1209 infudit
896 1150 1059 1205 super
1089 1135 1235 1188 illum
1269 1132 1438 1205 [eum]
1469 1133 1677 1200 oleum,
1705 1138 1764 1204 et

176 1230 385 1283 vocavit
418 1228 581 1284 Jacob
610 1244 805 1287 nomen
832 1228 934 1281 loci
965 1228 1016 1283 in
1043 1243 1148 1298 quo
1191 1226 1399 1295 locutus
1425 1234 1508 1281 est
1536 1240 1658 1278 cum
1700 1238 1764 1291 eo

176 1322 281 1377 illic
320 1322 457 1395 Dens
488 1361 502 1384 ,
554 1321 763 1393 Bethel.
797 1320 994 1389 lterum
1028 1320 1221 1391 factum
1250 1329 1332 1373 est
1358 1318 1459 1373 hoc
1480 1319 1597 1373 loco
1624 1315 1765 1403 quod

176 1414 373 1468 factum
409 1412 623 1485 fuerat,
666 1427 732 1485 an
777 1414 970 1483 iterum
1002 1420 1479 1466 commemoratum
1507 1408 1629 1462 est?
1657 1406 1767 1465 Sed

176 1505 454 1578 quodlibet
501 1505 691 1559 borum
735 1505 836 1571 sit,
885 1518 1046 1572 super
1090 1501 1318 1571 lapidem
1348 1498 1764 1566 libavitJacob,

176 1614 282 1654 non
343 1596 499 1664 lapidi
551 1596 757 1652 libavit.
792 1595 907 1650 Non
941 1609 1069 1665 ergo
1096 1595 1235 1651 sicut
1263 1592 1561 1648 idololatria
1591 1592 1769 1647 solent

179 1705 303 1753 aras
350 1698 475 1753 ante
521 1687 725 1761 lapides
764 1687 1116 1759 constituere,
1161 1693 1217 1757 et
1258 1694 1510 1757 tanquam
1554 1683 1657 1759 diis
1702 1682 1770 1738 li-

176 1780 307 1838 bare
338 1781 625 1851 lapidibus.

726 1881 957 1983 carui
984 1908 1221 1969 xcvnt.

178 2022 522 2090 Quintiane»:
567 2023 705 2093 quod
746 2023 1013 2081 duodecim
1060 2023 1159 2093 ﬁlii
1197 2020 1359 2077 Iacob
1414 2031 1770 2094 computentur

249 2098 473 2168 nondum
489 2106 617 2168 nate
631 2094 926 2168 Beniamin,
939 2096 1087 2149 solvit
1111 2103 1423 2168 per_tropum
1439 2095 1766 2168 συνικδοχήε

250 2183 315 2220 ex
341 2167 519 2219 eodem
562 2166 690 2218 libro
716 2166 1068 2237 Qumstionum
1089 2168 1152 2220 de
1174 2164 1378 2222 Genesi.

249 2280 402 2348 Quod
442 2279 726 2341 duodecim
776 2279 871 2349 filii
920 2288 1299 2350 computantur
1327 2280 1523 2347 lsrael,
1548 2288 1607 2339 et
1640 2280 1775 2337 dici-

178 2381 302 2433 tur:
333 2373 393 2443 tli
418 2381 541 2425 sunt
569 2373 661 2439 ﬁlii
687 2372 850 2441 lsrael
880 2372 970 2442 qui
992 2373 1104 2428 nati
1125 2382 1251 2429 sunt
1280 2374 1334 2428 in
1366 2373 1771 2442 Mesopotamia,

190 2480 317 2518 cum
345 2463 623 2534 Beniamin
650 2465 807 2533 longe
829 2473 1015 2534 postea
1036 2474 1193 2523 natus
1216 2466 1307 2532 sit,
1322 2480 1443 2520 cum
1464 2466 1573 2534 jam
1597 2474 1776 2525 trans.-

176 2553 338 2625 tisset
390 2555 612 2625 Betiiei,
657 2566 711 2611 et
740 2558 1199 2627 apprOpinquaret
1239 2557 1549 2625 Bethleem,
1600 2573 1777 2628 espo-

174 2648 335 2703 sitio.
388 2647 544 2702 Nulla
595 2658 678 2703 est
735 2650 940 2705 facilior
986 2651 1187 2715 solutio
1242 2652 1555 2720 quaestionis
1613 2653 1775 2724 hujus

174 2754 340 2813 quam
391 2749 450 2794 ut
482 2755 577 2809 per
616 2740 940 2815 συνεκδοχήν
979 2741 1292 2815 accipiatur.
1325 2742 1427 2798 Ubi
1461 2744 1603 2799 enim
1655 2758 1779 2813 pars

176 2830 359 2902 major
380 2842 464 2886 est
507 2840 598 2885 aut
629 2833 805 2901 potior
827 2873 844 2900 ,
875 2833 1013 2887 solet
1056 2834 1171 2902 ejus
1203 2835 1422 2890 nomine
1463 2836 1622 2891 etiam
1649 2835 1778 2891 illud

179 2922 576 2992 comprehendi
603 2923 743 2993 quod
774 2923 841 2977 ad
865 2923 1042 2992 ipsum
1068 2940 1262 2997 nomen
1292 2940 1397 2980 non
1430 2923 1682 2995 pertinet,
1712 2925 1780 2981 si-

184 3028 282 3073 cut
311 3014 376 3071 ad
404 3015 687 3071 duodecim
717 3018 994 3084 apostolos
1021 3017 1130 3087 jam
1162 3033 1271 3073 non
1296 3020 1595 3088 pertinebat
1615 3019 1781 3075 Judas

182 3111 283 3181 qui
324 3112 484 3164 etiam
523 3119 767 3164 mortuus
813 3108 912 3164 fuit
955 3125 1076 3165 cum
1120 3110 1379 3166 Dominus
1423 3114 1713 3167 resurrexit
1748 3126 1779 3165 a

178 3202 415 3259 mortuis
438 3211 548 3267 ,-et
576 3211 751 3258 tamen
780 3202 951 3272 ipsius
990 3202 1305 3259 duodenarii
1338 3204 1544 3258 numeri
1580 3217 1780 3259 nomen

1344 400 1777 471 ιιιιεειυιιιιε.
1814 406 1967 466 CAP.
2008 400 2197 464 XGIX.
2406 490 2411 493 Ἴ
2476 492 2497 497 θ’
2772 412 2777 418 ·
2854 484 2861 487 ﬁ

1789 522 1843 587 Α
1868 532 1988 577 rum
2027 514 2245 573 nomine
2272 509 2432 573 etiam
2454 518 2738 581 caprarum
2767 518 2933 578 pecus
2968 506 3286 577 conpletus
3323 518 3441 576 est;

3334 395 3443 453 ἨΟ

1859 610 1941 665 sic
1969 608 2093 679 quia
2125 608 2301 677 potior
2320 615 2436 662 erat
2464 618 2719 661 numerus
2745 603 2992 661 undecim
3017 602 3244 657 ﬁliorum
3273 599 3443 658 Jacob

1858 702 1952 773 qui
1983 701 2094 756 nati
2128 701 2337 757 fuerant
2369 699 2422 755 in
2468 698 2851 767 Mesopotamia
2878 738 2895 765 ,
2941 710 3179 767 ipsorum
3208 709 3443 750 comme-

1862 795 2161 851 moratione
2208 793 2487 863 Scriptura
2524 793 2803 862 complexa
2828 800 2930 855 ,‘est
2973 794 3135 845 etiam
3166 788 3443 858 Benjatnin

1861 895 1951 965 qui
1975 908 2083 947 non
2111 900 2228 947 erat
2252 891 2325 945 ibi
2348 900 2505 945 natus
2532 899 2585 945 et
2625 890 2828 946 dictum
2849 896 2967 944 est:
2993 887 3057 941 Hi
3087 894 3213 943 sunt
3239 885 3333 941 ﬁlii
3354 884 3443 940 1³-

1863 985 1965 1039 cob
1985 983 2075 1054 qui
2098 982 2223 1037 facti
2246 992 2373 1037 sunt
2400 982 2449 1037 ei
2470 983 2525 1036 in
2545 980 2926 1051 Mesopotamia
2956 979 3148 1051 Syriae.

2423 1136 2648 1209 canor
2686 1134 2873 1207 xcut.

1871 1253 2056 1311 Utrum
2079 1253 2133 1309 in
2162 1253 2422 1318 infernum
2448 1253 2572 1306 moti
2602 1260 2817 1316 tantum,
2848 1266 2915 1305 an
2937 1251 3090 1305 etiam
3114 1249 3233 1305 boni
3259 1249 3448 1305 mortui

2115 1325 2418 1381 descendere
2444 1325 2678 1391 soleant;
2710 1338 2774 1377 ex
2810 1322 2985 1378 eodem
3028 1322 3181 1385 libro.

1942 1440 2008 1497 Et
2046 1439 2217 1495 noluit
2245 1437 2510 1496 consolari
2551 1436 2733 1492 dicens
2766 1451 2782 1489 :
2822 1434 3083 1501 Quoniam
3125 1433 3448 1490 descendam

1870 1532 1937 1589 ad
1961 1532 2129 1589 tilium
2155 1546 2330 1591 meum
2361 1531 2545 1599 lugens
2563 1528 2616 1583 in
2645 1526 2930 1585 infernum.
2954 1526 3103 1582 Solet
3118 1541 3237 1582 esse
3259 1539 3449 1595 magna

1871 1625 2098 1695 quaestio
2135 1623 2402 1694 quomodo
2440 1622 2760 1690 intelligatur
2806 1618 3077 1685 infernus,
3122 1627 3299 1681 utrum
3342 1618 3453 1673 illie

1873 1718 1998 1773 mali
2029 1724 2265 1783 tantum,
2306 1732 2375 1769 an
2406 1715 2566 1771 etiam
2595 1714 2720 1767 boni
2768 1711 2961 1767 mortui
3009 1710 3337 1767 descendere
3364 1724 3453 1764 so-

1877 1809 2041 1865 leant.
2076 1809 2134 1865 Si
2156 1823 2285 1877 ergo
2316 1815 2517 1862 tantum
2546 1805 2726 1875 aliquo
2754 1803 2916 1858 modo
2943 1804 3042 1858 iste
3074 1802 3223 1873 [mali
3246 1811 3451 1857 tantum

1800 1902 1849 1973 Ι
1874 1902 2143 1972 quomodo
2171 1900 2293 1972 iste]
2322 1901 2387 1955 ad
2414 1899 2580 1954 tilium
2602 1912 2756 1954 suum
2780 1911 2839 1952 se
2862 1896 2989 1950 dicit
3016 1895 3151 1953 velle
3185 1894 3453 1963 lugentem

1872 1994 2227 2059 descendere;
2273 2006 2378 2047 non
2410 1991 2554 2047 enim
2598 1990 2651 2045 in
2695 1989 2865 2059 poenis
2897 1987 3119 2044 infernis
3157 2002 3278 2043 eam
3332 2000 3454 2042 esse

1874 2086 2065 2143 credit.
2093 2088 2173 2141 An
2198 2082 2493 2154 perturbati
2521 2091 2576 2143 et
2600 2082 2830 2141 dolentis
2853 2080 3010 2136 verba
3041 2088 3167 2137 sunt
3194 2082 3328 2132 insta
3358 2092 3455 2135 sua

1873 2178 2035 2235 etiam
2083 2171 2493 2245 eaaggerantisi
2516 2203 2581 2216 -——
2615 2176 2689 2233 De
2715 2174 2902 2229 eadem
2929 2186 3008 2227 re.
3039 2200 3109 2212 —
3137 2172 3199 2225 Et
3224 2170 3455 2227 descen-

1876 2267 2071 2325 derunt
2098 2267 2198 2335 ipsi
2224 2275 2279 2322 et
2303 2266 2483 2322 omnia
2504 2278 2834 2332 quaecunque
2864 2272 2989 2320 sunt
3014 2268 3091 2318 eis
3122 2264 3363 2317 viventes
3388 2260 3457 2317 ad

1877 2359 2097 2421 inferos.
2132 2356 2434 2413 Notandum
2479 2356 2772 2412 secundum
2804 2356 2977 2410 locum
3019 2364 3175 2410 terra:
3214 2368 3354 2409 nunc
3377 2354 3458 2408 tli-

1877 2460 1994 2515 ctos
2024 2465 2142 2506 esse
2171 2450 2393 2515 inferos,
2429 2448 2530 2504 hoc
2560 2458 2663 2513 est,
2697 2447 2750 2501 in
2783 2444 3126 2501 inferioribus
3159 2456 3310 2500 terra:
3340 2459 3460 2513 par-

1880 2544 2043 2602 tibus.
2091 2542 2249 2598 Varic
2289 2542 2484 2611 quippe
2528 2539 2580 2595 in
2626 2538 2916 2608 Scripturis
2947 2547 3001 2593 et
3045 2538 3145 2593 sub
3187 2535 3461 2594 intellectu

1882 2636 2185 2703 multiplici,
2221 2636 2359 2691 sicut
2399 2649 2575 2689 rerum
2600 2632 2667 2688 de
2698 2631 2894 2701 quibus
2931 2631 3103 2699 agitur
3130 2642 3318 2686 sensus
3346 2628 3461 2683 exi-

1881 2729 1978 2801 git,
2006 2743 2197 2786 nomen
2225 2727 2438 2792 ponitur
2467 2725 2781 2787 inferorum,
2818 2733 2872 2780 et
2899 2722 3130 2779 maxime
3158 2721 3211 2775 in
3234 2719 3462 2781 mortuis

1884 2822 1987 2881 hoc
2010 2821 2179 2890 accipi
2210 2820 2366 2877 solet.
2395 2817 2501 2874 Sed
2546 2816 2795 2887 quoniam
2827 2816 2955 2875 istos
2976 2814 3228 2887 _viventes
3256 2812 3462 2869 dictum

1882 2913 2057 2970 estad
2103 2911 2302 2973 inferos
2339 2909 2706 2977 descendisse,
2735 2916 2790 2967 et
2826 2907 2941 2976 ipsa
2989 2905 3295 2961 narratione
3335 2902 3464 2973 quid

1882 3004 2077 3065 factum
2110 3004 2269 3061 fuerit
2306 3006 2437 3065 satis
2466 3009 2711 3071 apparet.
2745 2997 3082 3063 Manifestum
3108 3006 3209 3063 est,
3243 3005 3300 3051 ut
3328 2993 3462 3061 disi,

1883 3097 2166 3157 inferiores
2192 3105 2347 3152 terrae
2377 3103 2554 3164 partes
2584 3092 2875 3159 inferorum
2901 3089 3161 3149 vocabulo
3190 3101 3465 3155 nuncupa-

1885 3199 1986 3254 tas,
2020 3190 2073 3251 in
2103 3187 2503 3258 comparatione
2533 3185 2692 3255 hujus
2720 3182 3017 3253 superioris
3047 3190 3201 3239 terra:
3228 3182 3280 3235 in
3312 3180 3465 3247 cujus

178 3295 476 3365 Apostolus
515 3294 569 3349 iu
612 3270 848 3363 Epistola
870 3308 970 3357 sua
1004 3296 1174 3350 tenuit
1198 3335 1211 3357 ,
1244 3294 1335 3355 ubi
1365 3296 1441 3349 ait
1461 3310 1585 3350 eum
1615 3309 1781 3365 appa-
1806 3289 1854 3359 ο
1884 3282 2018 3340 facie
2046 3282 2262 3347 vivitur,
2295 3280 2433 3337 sicut
2465 3280 2519 3337 in
2548 3276 2951 3347 comparatione
2988 3272 3110 3333 caeli
3147 3270 3466 3343 superioris,

178 3389 358 3445 ruisse
390 3388 497 3443 illis
523 3386 829 3445 duodecim.
852 3386 989 3443 Cum
1014 3388 1245 3443 articulo
1273 3387 1416 3442 enim
1468 3387 1571 3443 hoe
1605 3388 1783 3443 Graeci
1886 3375 1976 3430 ubi
2018 3384 2324 3437 sanctorum
2360 3371 2662 3431 demoralio
2687 3367 3138 3436 citatissimum.
3182 3372 3471 3433 peccantes

178 3482 406 3537 codices
454 3480 652 3537 habent
686 3489 746 3535 ut
794 3494 903 3536 non
949 3482 1155 3549 possint
1200 3479 1429 3549 intelligi
1479 3480 1787 3550 quicunque
1887 3466 2107 3536 anaelos
2136 3466 2189 3519 in
2220 3462 2377 3532 huius
2399 3461 2539 3523 aeris
2566 3460 2817 3523 detruso:
2844 3458 3070 3550 caligine
3089 3456 3360 3525 Scriptura
3385 3454 3469 3550 di-

178 3573 470 3631 duodecim
499 3613 516 3640 ,
558 3572 652 3629 sed
686 3572 765 3629 illi
798 3573 854 3628 in
876 3586 942 3627 eo
973 3586 1199 3627 numero
1228 3572 1487 3641 insignes.
1521 3571 1599 3625 Eo
1626 3571 1789 3626 modo

178 3664 481 3726 locutionis
526 3674 655 3734 puto
701 3672 756 3720 et
800 3665 929 3720 illud
970 3681 999 3719 a
1055 3664 1281 3721 Domino
1330 3663 1568 3718 dictum:
1600 3662 1791 3719 Nonne

178 3773 294 3828 ego
321 3771 418 3813 vos
444 3755 730 3813 duodecim
770 3757 945 3828 elegi,
997 3765 1053 3812 et
1082 3770 1225 3811 unus
1263 3771 1330 3812 es
1357 3756 1512 3812 vobis
1540 3755 1790 3811 diabolus

178 3848 313 3905 est?
354 3858 411 3904 ut
453 3863 563 3904 non
589 3848 658 3905 ad
685 3848 1005 3906 electionem
1034 3851 1198 3905 etiam
1246 3848 1369 3919 ipse
1406 3848 1682 3920 pertinere
1710 3850 1791 3911 vi:

178 3940 406 3998 deatur.
455 3941 572 3999 Non
596 3941 740 3998 enim
768 3940 929 3998 iacile
952 3943 1225 3998 invenitur
1249 3943 1547 3999 electorum
1593 3958 1789 4003 nomen

180 4032 243 4086 in
272 4030 441 4099 malo,
472 4032 576 4089 nisi
596 4032 809 4100 quando
837 4034 963 4087 mali
985 4035 1258 4103 eliguntur
1284 4050 1315 4089 a
1343 4036 1503 4089 malis
1528 4053 1544 4099 ;
1574 4036 1714 4103 quod
1744 4050 1791 4106 si
1833 4048 1837 4052 ’

182 4125 570 4193 putaverimus
591 4132 647 4179 et
673 4124 802 4180 illud
835 4126 1084 4194 electum,
1110 4136 1167 4181 ut
1192 4142 1288 4195 per
1308 4128 1428 4195 ejus
1452 4128 1792 4182 traditionem

184 4216 411 4271 Domini
438 4216 618 4287 passio
640 4217 1035 4287 compleretur,
1068 4217 1121 4272 id
1150 4229 1235 4273 est
1260 4220 1369 4289 03
1399 4218 1656 4273 malitiam
1678 4219 1796 4288 ejus

180 4308 257 4366 ad
295 4308 500 4378 aliquid
525 4311 790 4377 electam,
820 4310 958 4367 bene
1002 4319 1185 4367 utente
1230 4311 1342 4366 Deo
1390 4310 1551 4366 etiam
1602 4311 1793 4378 malis,

181 4400 344 4459 aliud
366 4402 708 4459 attendamus
726 4402 816 4457 ubi
839 4403 947 4459 ait:
972 4402 1085 4458 Non
1109 4403 1178 4459 de
1199 4403 1450 4458 omnibus
1475 4403 1628 4458 vobis
1648 4402 1794 4488 dico,

184 4508 306 4566 ego
349 4496 466 4552 scio
504 4511 643 4565 quos
661 4496 820 4566 elegi,
847 4493 935 4552 ubi
965 4495 1204 4552 declarat
1228 4496 1294 4552 ad
1329 4496 1646 4551 electionem
1691 4509 1798 4549 non

183 4587 470 4661 pertinere
502 4590 609 4644 nisi
634 4589 805 4645 bonos
831 4632 848 4658 ,
890 4606 952 4644 ac
982 4605 1079 4661 per
1116 4589 1218 4645 hoc
1262 4590 1393 4644 illud
1420 4590 1565 4659 quod
1595 4589 1797 4643 dictum

1889 3558 1961 3613 cit
1991 3567 2241 3626 tanquam
2284 3553 2590 3611 carceribus
2637 3550 2793 3607 inferi
2842 3549 3140 3618 puniendos
3180 3544 3466 3602 reservari.

1891 3648 1945 3705 Si
1970 3650 2114 3703 enim
2138 3647 2301 3708 Deus,
2329 3642 2521 3713 inquit,
2550 3641 2756 3711 angelis
2779 3638 3123 3709 peccantibus
3152 3652 3253 3695 non
3286 3650 3472 3705 μενεῖς

1891 3742 1981 3806 cit.
2014 3738 2109 3803 sed
2131 3736 2437 3797 carceribus
2458 3733 2704 3811 caliginis
2732 3731 2887 3791 inferi
2914 3729 3217 3796 retrudens,
3251 3727 3473 3789 tradidit

1891 3834 1945 3888 in
1973 3829 2176 3901 judicio
2196 3826 2494 3898 puniendos
2518 3824 2805 3893 reservari,
2829 3836 2952 3879 cum
2974 3820 3248 3893 apostolus
3278 3819 3474 3885 Paulus

1892 3925 2189 3998 principem
2218 3921 2498 3993 potestatis
2526 3918 2667 3979 aeris
2700 3916 2974 3975 diabolum
3003 3915 3146 3981 dicat
3171 3914 3258 3983 qui
3282 3928 3471 3983 Operae

1893 4028 1981 4074 tur
2002 4019 2056 4074 in
2077 4018 2200 4079 tltiis
2228 4014 2560 4077 difﬁdentia.
2589 4040 2657 4055 -—
2678 4010 2754 4067 De
2772 4010 2959 4069 eadem
2990 4023 3067 4067 re.
3094 4036 3165 4051 --
3190 4008 3256 4071 Et
3284 4006 3473 4071 eruisti

1895 4112 2126 4175 animam
2173 4121 2345 4162 meam
2383 4120 2447 4171 ex
2480 4103 2689 4165 interno
2739 4101 3003 4159 inferiori.
3031 4100 3169 4167 Quid
3209 4099 3474 4166 dicimus,

1898 4204 2110 4269 iratres,
2141 4201 2245 4273 hoc
2272 4198 2317 4261 si
2349 4211 2457 4252 non
2484 4195 2640 4255 vobis
2682 4202 2932 4261 tanquam
2963 4201 3141 4247 certus
3180 4201 3477 4256 exposuero

1900 4310 1993 4359 nes
2023 4288 2384 4355 uccenseatis;
2417 4288 2575 4343 homo
2602 4300 2724 4349 sum
2753 4285 2893 4341 enim
2917 4323 2933 4350 ,
2960 4292 3014 4349 et
3058 4290 3313 4351 quantum
3342 4294 3476 4339 con-

1900 4388 2108 4449 ceditur
2146 4385 2212 4441 de
2242 4382 2531 4451 Scripturis
2561 4381 2791 4446 sanctis,
2823 4387 3029 4437 tantum
3054 4377 3227 4437 audeo
3253 4375 3475 4444 dicere,

1900 4481 2031 4543 nihil
2061 4496 2126 4535 ex
2154 4493 2243 4537 me
2265 4494 2281 4533 :
2307 4476 2570 4535 internum
2599 4488 2699 4533 nec
2725 4487 2825 4543 ego
2860 4480 3110 4542 expertus
3137 4484 3253 4527 sum
3276 4469 3475 4539 adhue,

1900 4588 2001 4631 nec
2032 4586 2148 4637 vos,
2182 4577 2238 4629 et
2269 4567 2512 4637 fortassis
2549 4566 2651 4627 alia
2678 4566 2762 4620 via
2792 4565 2897 4625 erit
2933 4572 2988 4619 et
3018 4576 3122 4619 non
3164 4575 3259 4629 per
3305 4559 3477 4615 infers

183 4650 281 4742 est
308 4721 323 4747 ,
352 4680 465 4751 Ego
486 4695 583 4736 vos
606 4650 889 4738 duodecim
919 4650 1057 4751 elegi
1082 4721 1097 4748 ,
1148 4697 1241 4752 per
1271 4650 1645 4752 synecdochen
1685 4681 1795 4736 dic.
1822 4674 1875 4738 Β
1901 4682 2029 4727 Ilum
2072 4665 2193 4731 ﬂii.
2224 4661 2424 4725 ilicem
2465 4669 2589 4726 δαηι
2619 4658 2758 4719 διεδ·
2789 4656 2987 4715 verum
3000 4653 3150 4752 -ίιυξθ
3177 4650 3480 4752 ξῘίείιβετίη

186 4745 318 4836 tum
348 4745 465 4845 est,
490 4785 551 4832 ut
578 4778 798 4833 nomine
825 4745 1045 4847 majoris
1067 4745 1414 4843 meliorisque
1444 4775 1611 4845 partis
1631 4774 1795 4837 etiam
1901 4773 2053 4832 plura
2100 4758 2185 4819 cui
2241 4753 2537 4818 contradiCi
2580 4767 2695 4847 Διιοξι
2724 4756 2963 4847 PN?“
2999 4746 3194 4809 Εΐυίδῑὶ
3243 4745 3481 4847 animata

183 4870 339 4929 illud
368 4839 818 4941 complecteretur
846 4839 988 4941 quod
1015 4869 1082 4924 ad
1110 4870 1283 4938 ipsum
1315 4839 1509 4923 nomen
1535 4883 1640 4922 non
1672 4883 1797 4937 per.
1899 4870 2073 4917 meam
2106 4869 2170 4909 ex
2195 4852 2404 4913 inferno
2438 4845 2699 4910 inferiori,
2722 4842 3065 4941 intelligimus
3095 4852 3342 4941 tanquam
3372 4839 3481 4941 duo

187 4966 364 5022 tinet.
393 4931 509 5018 Πίε-
535 4963 731 5018 modus
758 4972 841 5019 est
863 4931 942 5017 .in
982 4960 1086 5017 hoc
1334 4962 1470 5015 libro
1491 4931 1797 5031 [loco],-uhi
1901 4948 2112 5009 inferna
2137 4960 2279 5010 esse,
2321 4941 2574 5031 superius
2601 4946 2656 4994 et
2685 4936 2926 5031 inferius.
2969 4935 3102 4995 Nam
3138 4931 3480 5031 undeAinfer:

185 5018 413 5115 ilemor
459 5071 556 5127 pro
603 5056 717 5111 tilio
743 5018 844 5110 suo
881 5053 1099 5109 Sicbem
1130 5063 1188 5107 ut
1215 5052 1481 5127 acciperet
1494 5018 1702 5107 tDinaJm
1731 5050 1795 5104 α.
1906 5054 2031 5099 num
2061 5034 2305 5099 inferius,
2460 5030 2581 5100 quia
2619 5027 2993 5127 est-infernum
3020 5020 3307 5127 superius?
3335 5018 3481 5127 aliud

183 5113 337 5210 ἰδέω
369 5113 535 5206 Jac'ob
557 5148 852 5219 exjjtloquj
876 5163 997 5203 cum
1028 5146 1218 5203 eodem
1240 5113 1511 5209 Jac-obset
1538 5149 1803 5198 venerum
1904 5148 2009 5188 non
2054 5130 2321 5191 diceretur
2360 5124 2627 5183 infernum
2665 5121 2769 5179 nisi
2799 5121 2852 5177 in
2897 5116 3306 5219 comparatio-ne.
3332 5113 3483 5217 ilius

406 5243 497 5298 lilii
526 5243 645 5313 ejus
671 5243 761 5313 qui
781 5206 1037 5297 absentes
1064 5246 1240 5305 erant,
1270 5245 1324 5294 et
1348 5206 1425 5291 ad
1442 5249 1631 5290 omnes
1668 5234 1802 5289 dicit
1903 5222 2196 5294 superioris
2217 5219 2399 5292 partis.
2430 5218 2653 5275 Videtur
2674 5214 3062 5313 ergo,_fr_atres,
3081 5206 3482 5313 esse'babitalio

1904 5317 2145 5387 quadam
2159 5313 2392 5371 calestis
2403 5312 2750 5383 angelorum:
2776 5306 2965 5361 ibivita
2987 5300 3141 5357 ineﬂ'a
3151 5300 3333 5353 bilium
3355 5313 3482 5367 gau-

1906 5410 2137 5477 diorum,
2164 5406 2235 5462 ibi
2256 5405 2649 5468 immortalitas,
2668 5408 2725 5457 et
2742 5397 3092 5464 incorruptio,
3111 5391 3181 5447 ibi
3200 5392 3377 5446 omnia
3394 5403 3484 5444 809

1904 5501 2137 5558 cundum
2160 5498 2257 5552 Dei
2279 5498 2483 5552 donum
2510 5504 2564 5549 et
2589 5491 2817 5562 gratiam
2840 5485 3227 5557 permanentia,
3252 5482 3337 5536 illa
3355 5493 3486 5550 pars

1908 5606 2089 5649 rerum
2121 5602 2353 5658 superna
2371 5595 2471 5642 est.
2496 5586 2551 5639 Si
2572 5597 2701 5652 ergo
2727 5580 2817 5634 illa
2847 5592 3079 5646 superna
3100 5584 3203 5640 est,
3240 5575 3351 5629 hac
3374 5581 3482 5627 ter-

1908 5700 2038 5744 rena
2061 5683 2151 5739 ubi
2172 5696 2299 5738 caro
2320 5688 2375 5735 et
2397 5677 2631 5747 sanguis,
2658 5672 2751 5727 ubi
2772 5669 3212 5739 corruptibilitas,
3237 5666 3326 5721 ubi
3347 5664 3487 5719 nati-

1909 5782 2049 5837 vitas
2076 5787 2131 5834 et
2156 5774 2477 5837 mortalitas,
2511 5767 2601 5823 ubi
2628 5766 2871 5822 decessio
2896 5773 3055 5834 atque
3074 5760 3365 5826 successio,
3395 5756 3486 5812 ubi

1912 5870 2247 5931 mutabilius
2274 5874 2330 5925 et
2359 5863 2739 5929 inconstantia,
2758 5858 2849 5916 ubi
2878 5858 3119 5924 timores,
3147 5853 3489 5927 cupiditates,

187 5341 452 5398 Homer:
484 5336 698 5393 Sichem
733 5335 873 5390 ﬁlius
914 5348 1071 5390 meus
1109 5331 1271 5404 elegit
1308 5331 1487 5386 animo
1517 5329 1683 5384 tiliam
1714 5342 1805 5383 ve-

184 5443 400 5497 stram,
430 5428 556 5485 date
592 5422 734 5498 ergo
752 5428 828 5483 illi
857 5442 975 5483 eam
998 5440 1255 5481 uxorem.
1288 5424 1423 5492 Quia
1450 5423 1594 5478 enim
1626 5418 1805 5490 potio:

186 5535 321 5584 erat
346 5522 516 5593 patris
545 5535 774 5592 persona
798 5560 815 5587 ,
847 5535 942 5591 per
970 5518 1346 5592 synecdochen
1380 5516 1544 5570 tiliam
1568 5521 1803 5567 vestram

187 5621 419 5685 dicens,
454 5614 618 5671 etiam
648 5612 843 5669 fratres
873 5610 1054 5685 [ﬁlios]
1084 5610 1255 5666 tenuit
1283 5610 1386 5663 boc
1415 5607 1631 5662 nomine
1658 5617 1796 5673 quo-

189 5724 329 5769 rum
367 5721 474 5763 non
515 5714 635 5761 erat
674 5704 786 5759 illia
811 5722 825 5771 ;
855 5703 981 5757 hinc
1001 5712 1083 5757 est
1111 5711 1165 5756 et
1207 5700 1372 5757 illud:
1398 5700 1564 5753 Curre
1588 5696 1654 5755 ad
1676 5707 1803 5749 oves

191 5815 249 5861 et
286 5802 483 5870 accipe
527 5800 654 5856 inde
692 5799 825 5855 mihi
852 5798 984 5853 duos
1014 5797 1197 5852 haedos
1220 5837 1235 5862 ,
1269 5796 1429 5851 simul
1451 5794 1596 5850 enim
1628 5804 1807 5861 pasce

193 5896 409 5954 bantur
439 5906 573 5949 oves
598 5900 653 5947 et
680 5890 824 5949 uadi
850 5932 865 5958 ,
894 5898 949 5947 et
970 5888 1092 5960 quia
1115 5888 1354 5959 potiores
1383 5894 1508 5942 sunt
1537 5898 1687 5948 oves,
1715 5895 1807 5939 ea-
