3968 6390
524 363 618 418 7Η

1573 370 1638 424 D.
1668 367 1992 427 EUGYPPII
2032 371 2318 430 ABBATIS
2342 374 2689 431 AFRICANI.

3695 386 3794 443 ἨΞ

521 475 806 549 horrores,
835 483 1038 538 laetitiae
1066 483 1281 538 incertae
1299 521 1313 546 ,
1344 491 1471 550 spes
1500 479 1705 551 fragilis
1723 525 1737 548 ,
1769 484 1967 539 caduca
1993 485 2119 540 sub-
2145 487 2197 547 Α
2222 487 2412 542 Nescio
2433 489 2554 557 quis
2583 487 2783 544 habens
2811 503 3026 546 causam
3047 491 3324 548 molestam
3355 492 3658 551 mittendus
3685 508 3789 553 erat

519 575 737 628 Stantia.
771 574 905 629 Puto
923 576 1043 644 quia
1067 574 1238 627 omnis
1260 574 1357 628 ista
1385 587 1511 643 pars
1540 589 1645 628 non
1676 584 1852 644 potest
1877 591 2095 646 compa-

522 666 630 718 rari
653 664 724 718 illi
755 667 912 730 caelo,
938 665 1003 718 de
1027 679 1132 733 qua)
1154 665 1417 733 loquebar
1440 666 1597 734 paulo
1620 676 1765 723 ante.
1791 668 1844 724 Si
1867 685 1995 739 ergo
2019 670 2097 723 illi

521 758 658 824 parti
683 757 794 811 haec
824 771 945 826 pars
967 769 1071 810 non
1101 764 1462 826 comparatur,
1487 758 1575 812 illa
1600 774 1829 830 superna
1851 770 1957 827 est,
1982 762 2098 816 haec

517 847 750 913 inferna,
778 856 833 902 et
858 855 982 916 post
1009 857 1236 903 mortem
1265 864 1371 919 quo
1401 850 1527 905 hinc
1570 850 1672 907 nisi
1717 853 1787 907 sit
1828 853 2096 910 infernum

517 938 738 992 interius
768 941 866 992 hoc
897 936 1126 1005 inferno,
1158 941 1212 994 in
1238 955 1342 1010 quo
1383 955 1567 996 sumus
1602 943 1656 997 in
1697 957 1860 999 carne
1890 954 1945 999 et
1995 946 2098 1000 ista

445 1056 453 1106 :_
516 1028 860 1083 mortalitate.
893 1029 1099 1099 Corpus
1126 1031 1270 1086 enim
1317 1041 1591 1088 mortuum
1617 1044 1721 1102 est,
1764 1036 1839 1090 ait
1869 1039 2098 1106 Aposto-

446 1102 453 1106 I
514 1118 618 1184 lus,
651 1129 870 1199 propter
907 1131 1204 1191 peccaturo.
1237 1123 1376 1194 Ergo
1404 1134 1456 1178 ει
1498 1125 1583 1180 hic
1622 1135 1746 1180 sunt
1779 1102 2011 1193 mortui,
2039 1136 2098 1183 ut

514 1228 622 1267 non
647 1214 859 1268 mireris
879 1216 1002 1285 quia
1025 1217 1288 1271 infernum
1314 1217 1511 1273 dicitur
1525 1220 1569 1273 si
1592 1222 1815 1277 mortuis
1837 1222 2092 1277 abundat.

514 1302 631 1359 Non
658 1306 798 1358 enim
830 1306 907 1360 ait
940 1325 952 1358 :
985 1321 1180 1377 corpus
1224 1309 1539 1364 moriturum
1567 1319 1685 1379 est,
1719 1313 1812 1368 sed
1843 1330 1857 1367 :
1900 1327 2098 1384 corpus

518 1409 788 1453 mortuum
823 1407 929 1471 est,
958 1401 1151 1456 Adhuc
1180 1402 1341 1457 habet
1368 1403 1531 1458 vitam
1560 1409 1741 1476 utique
1778 1422 1974 1477 corpus
2003 1423 2098 1463 no-

513 1502 683 1547 strum
714 1504 766 1549 et
808 1506 982 1551 tamen
1014 1507 1382 1568 comparatum
1419 1501 1631 1569 corpori
1663 1500 1739 1556 illi
1768 1500 1913 1571 quod
1959 1499 2099 1555 futu-

513 1599 628 1639 rum
661 1594 762 1652 est,
814 1587 990 1652 qualia
1022 1597 1145 1642 sunt
1174 1589 1485 1659 angelorum
1531 1603 1782 1659 corpora,
1833 1589 2098 1644 invenitur

513 1691 709 1745 corpus
759 1677 994 1732 hominis
1044 1689 1334 1748 mortuum,
1385 1682 1627 1751 quamvis
1677 1682 1850 1736 adhuc
1897 1683 2098 1738 habens

513 1769 768 1834 animam,
802 1769 898 1824 sed
929 1785 1113 1825 rursus
1149 1772 1214 1826 ab
1254 1773 1355 1826 hoc
1398 1772 1632 1839 inferno,
1674 1773 1725 1827 id
1757 1782 1840 1828 est
1888 1773 1957 1828 ab
1997 1773 2097 1827 hac

2207 578 2260 632 in
2293 593 2586 644 carcerem,
2611 583 2757 636 venit
2776 582 2932 648 alius,
2958 582 3195 638 defendit
3215 601 3365 651 eum;
3398 588 3611 657 gratias
3639 604 3788 658 agens

2198 670 2327 741 quid
2345 671 2507 726 dicit?
2529 673 2727 728 Eruiin
2752 674 2986 729 animum
3010 691 3182 730 meam
3205 676 3272 731 de
3295 693 3544 733 carcere.
3564 679 3786 748 Suspen-

2198 767 2412 823 dendus
2444 776 2560 823 erat
2587 769 2817 839 debitor,
2845 770 3076 826 solutum
3101 781 3295 841 estpro
3324 787 3412 840 eo,
3439 774 3705 830 liberatus
3725 777 3785 831 di-

2198 861 2337 915 citur
2358 861 2426 916 de
2446 862 2758 932 suspendio.
2779 863 2834 917 In
2861 861 2941 918 his
2956 864 3206 919 omnibus
3225 879 3329 919 non
3354 873 3542 932 erant,
3562 867 3656 921 sed
3679 870 3784 937 quia

2198 953 2399 1007 talibus
2429 954 2639 1009 meritis
2667 956 2982 1026 agebantur,
3025 966 3084 1010 ut
3114 957 3216 1012 nisi
3255 957 3592 1014 subventum
3629 973 3778 1030 esset,

2199 1045 2272 1100 ibi
2301 1057 2502 1103 essent.
2537 1049 2664 1104 Inde
2685 1059 2834 1105 recte
2866 1051 3115 1105 dicuntur
3144 1051 3356 1107 liberati
3387 1068 3504 1122 quo
3530 1068 3628 1121 per
3673 1055 3780 1108 libe-

2207 1146 2418 1193 ratores
2447 1154 2573 1194 suos
2605 1157 2709 1195 non
2760 1151 2884 1196 sunt
2923 1142 3167 1210 permissi
3199 1143 3440 1213 perduci.
3469 1144 3648 1213 Ergo,
3689 1145 3778 1199 tra-

2202 1234 2336 1293 tres,
2390 1229 2502 1284 sive
2551 1230 2703 1297 illud,
2733 1232 2844 1287 sive
2889 1233 3015 1286 illud
3060 1233 3147 1298 sit,
3178 1233 3265 1288 hic
3310 1249 3396 1288 me
3436 1245 3779 1291 scrutatorem

2199 1318 2351 1373 verbi
2387 1319 2514 1388 Dei,
2549 1337 2652 1376 non
2693 1325 3034 1379 temerarium
3084 1323 3475 1380 affirmatorem
3536 1328 3775 1384 teneatis:

2200 1408 2468 1467 Eteruisti
2499 1414 2730 1468 animam
2765 1431 2937 1470 meam
2964 1430 3030 1472 ex
3057 1415 3271 1472 inferno
3298 1417 3585 1476 inferiore.

2819 1567 3046 1625 CAPUT
3084 1569 3148 1627 C.

2198 1673 2309 1745 64
2336 1674 2487 1742 Quod
2516 1679 2568 1730 in
2593 1675 2776 1752 Genesi
2805 1682 2950 1733 tertio
2977 1681 3269 1735 insinuatur
3295 1682 3534 1752 Spiritus
3562 1697 3768 1750 sanctus,

2418 1764 2480 1803 ex
2509 1751 2682 1804 eodem
2701 1750 2844 1821 .libro
2870 1754 3220 1818 Quwstionum
3252 1755 3307 1808 in
3339 1750 3551 1810 Genesi.

512 1870 667 1931 parte
693 1862 922 1927 inferni,
955 1872 1036 1918 est
1081 1863 1222 1918 aliud
1267 1864 1489 1920 inferius
1519 1880 1624 1935 quo
1666 1873 1823 1920 erunt
1875 1865 2093 1931 mortui,
2128 1876 2176 1936 Β
2273 1881 2520 1952 Nunquid
2571 1885 2875 1942 invenimus
2925 1888 3198 1944 hominem
3253 1892 3413 1946 talem
3453 1893 3546 1962 qui
3602 1893 3768 1950 habe“

512 1957 656 2011 unde
686 1956 851 2010 voluit
881 1956 1020 2012 Deus
1059 1973 1252 2014 eruere
1282 1959 1488 2014 animas
1520 1969 1746 2024 nostras,
1778 1960 1936 2013 etiam
1971 1959 2098 2012 illuc

511 2052 774 2107 mittendo
806 2051 992 2106 Filium
1019 2067 1196 2107 suum.
1235 2053 1470 2119 Etenim,
1505 2053 1716 2118 fratres,
1747 2063 1966 2123 pr0pter
1995 2054 2096 2107 ista

512 2143 618 2198 duo
644 2144 849 2200 inferna
894 2146 1093 2200 missus
1121 2155 1201 2201 est
1234 2146 1402 2201 Filius
1436 2147 1528 2202 Dei
1575 2147 1810 2217 undique
1841 2147 2093 2214 liberans,

511 2235 577 2287 ad
612 2234 710 2289 hoc
759 2235 1028 2290 infernum
1072 2238 1266 2290 missus
1305 2247 1389 2292 est
1417 2238 1700 2304 nascendo,
1733 2239 1797 2292 ad
1823 2238 1951 2293 illud
1981 2254 2096 2293 mo-

511 2327 718 2382 riendo.
750 2328 1038 2398 PrOpterea
1073 2343 1171 2382 vox
1216 2329 1334 2399 ejus
1372 2333 1535 2386 estin
1582 2332 1674 2386 illo
1715 2332 1944 2402 psalmo,
1991 2346 2098 2386 non

512 2433 777 2488 quoquam
829 2420 1044 2475 homine
1095 2421 1436 2490 conjiciente,
1471 2424 1565 2479 sed
1618 2425 1878 2492 Apostolo
1927 2439 2098 2494 expo-

511 2522 694 2579 nente,
725 2513 812 2566 ubi
846 2513 954 2567 ait:
1003 2512 1266 2580 Quoniam
1317 2530 1420 2571 non
1472 2516 1815 2588 derelinques
1858 2518 2094 2571 animam

511 2620 687 2660 meam
719 2607 770 2660 in
817 2605 1048 2661 inferno.
1086 2607 1226 2678 Ergo
1272 2617 1363 2662 aut
1419 2609 1585 2678 ipsius
1611 2626 1710 2663 vox
1756 2621 1838 2664 est
1879 2619 1934 2664 et
1963 2610 2048 2665 hic
2081 2628 2094 2663 :

511 2699 710 2755 Eruisti
749 2699 978 2754 animam
1009 2714 1182 2755 meam
1210 2716 1280 2756 ex
1314 2702 1525 2757 inferno
1559 2702 1851 2758 inferiore:
1886 2711 1978 2757 aut
2004 2718 2101 2759 no-

512 2799 625 2847 stra
655 2804 759 2844 vox
807 2805 903 2859 per
953 2791 1123 2861 ipsum
1169 2792 1441 2849 Christum
1485 2790 1778 2850 Dominum
1822 2806 2096 2861 nostrum,

512 2880 638 2953 quia
668 2883 789 2938 ideo
811 2882 900 2938 ille
933 2885 1174 2953 pervenit
1199 2901 1367 2956 usque
1385 2888 1450 2943 ad
1479 2889 1770 2957 infernum,
1797 2906 1864 2946 ne
1887 2905 1984 2946 nos
2014 2906 2099 2946 re-

512 2989 854 3030 maneremus
880 2976 930 3029 in
976 2976 1206 3032 inferno.
1248 2977 1420 3033 Aliam
1466 2982 1626 3036 etiam
1677 2983 1983 3051 opinionem
2010 2983 2096 3038 di-

513 3079 654 3131 cam,
699 3059 940 3121 fortassis
990 3068 1131 3122 enim
1180 3071 1320 3139 apud
1369 3072 1513 3141 ipsos
1561 3073 1762 3129 inferos
1799 3086 1881 3129 est
1925 3075 2100 3145 aliqua

511 3173 638 3228 pars
667 3159 906 3227 inferior,
933 3175 1038 3228 quo
1066 3161 1350 3218 truduntur
1372 3163 1521 3233 impii
1547 3165 1635 3236 qui
1663 3166 1948 3235 plurimum
1981 3183 2098 3236 pec-

2202 1974 2448 2043 spiritum
2487 1977 2580 2032 Dei
2612 1979 2666 2032 in
2700 1995 2779 2034 se.
2831 1981 2970 2036 Ecce
3001 1983 3110 2052 jam
3144 1983 3248 2038 nisi
3279 1984 3440 2040 fallor
3471 1989 3624 2042 tertio
3661 1991 3766 2042 insi-

2202 2076 2401 2120 nuatur
2431 2068 2585 2123 nobis
2636 2070 2688 2125 in
2725 2073 2824 2127 hoc
2856 2073 2990 2128 libro
3032 2075 3263 2142 Spiritus
3311 2089 3554 2145 sanctus,
3602 2080 3652 2134 id
3697 2093 3764 2135 est

2201 2159 2423 2227 spiritus
2473 2159 2567 2215 Dei
2599 2178 2610 2214 :
2657 2163 2829 2231 primo
2867 2163 3051 2236 [enim]
3085 2167 3171 2220 ubi
3219 2167 3419 2222 dictum
3447 2179 3523 2222 est
3560 2172 3762 2238 spiritus

2201 2249 2296 2303 Dei
2329 2266 2488 2319 super
2512 2267 2712 2321 aquas;
2743 2256 2979 2311 secundo
3012 2258 3098 2312 ubi
3139 2258 3275 2314 dixit
3305 2260 3463 2315 Deus:
3495 2261 3600 2316 Non
3631 2276 3744 2331 per-

2204 2344 2444 2399 manebit
2489 2347 2709 2415 spiritus
2762 2364 2920 2404 meus
2972 2351 3023 2405 in
3067 2350 3372 2407 hominibus
3409 2354 3514 2407 istis
3557 2362 3755 2422 propter

2204 2435 2348 2505 quod
2378 2450 2568 2492 carnes
2597 2448 2748 2506 sunt;
2774 2450 2827 2494 et
2855 2441 3011 2496 tertio
3053 2457 3197 2498 nunc
3233 2443 3379 2513 quod
3419 2443 3615 2498 Pharao
3651 2443 3761 2500 dicit

2202 2527 2271 2582 de
2306 2527 2506 2597 Joseph
2529 2572 2543 2595 ,
2577 2543 2700 2585 esse
2720 2532 2964 2602 spiritum
2987 2532 3082 2590 Dei
3110 2534 3163 2588 in
3189 2534 3313 2602 illo;
3348 2535 3578 2592 nondum
3609 2546 3760 2590 tamen

2205 2617 2430 2690 legimus
2461 2619 2716 2692 Spiritum
2744 2633 3008 2679 sanctum.

2822 2767 3048 2824 CAPUT
3086 2769 3173 2825 Cl.

2207 2873 2473 2953 Quomodo
2498 2876 2886 2953 intelligendum
2914 2881 2980 2934 sit
3010 2891 3082 2934 tot
3107 2884 3308 2939 animas
3337 2886 3528 2940 exiisse
3553 2889 3610 2939 de
3636 2888 3747 2953 fama.

2239 2945 2380 2997 ribus
2399 2943 2594 3000 Iacob:
2622 2943 2683 3002 αὲ
2710 2950 2773 3002 de
2799 2951 3130 3007 decimatione
3159 2954 3316 3021 Levi;
3340 2973 3406 3010 ex
3420 2943 3728 3012 eodemtibro.

2275 3061 2428 3129 Quod
2451 3062 2581 3117 dicit
2612 3062 2888 3134 Scriptura
2931 3075 3012 3122 tot
3041 3068 3249 3125 animas
3275 3072 3560 3140 peperisse
3602 3073 3751 3135 Liam,

2203 3155 2290 3210 vel
2334 3165 2412 3211 tot
2441 3165 2532 3211 aut
2563 3165 2642 3213 tot
2681 3159 2888 3214 animas
2917 3161 3114 3217 exiisse
3157 3163 3224 3218 de
3265 3163 3569 3221 femoribus
3609 3167 3751 3228 Jacob,

514 3262 791 3319 caverunt,
813 3255 1011 3308 etenim
1035 3255 1176 3323 apud
1206 3255 1406 3312 inferos
1433 3267 1611 3316 utrum
1644 3261 1696 3314 in
1731 3262 1862 3316 locis
1888 3262 2102 3332 quibus-
2129 3259 2178 3324 C
2207 3248 2495 3306 Videndum
2535 3259 2619 3307 εει
2660 3252 2787 3322 quid
2833 3252 2958 3309 hillc
2999 3256 3393 3324 respondeatur
3435 3260 3518 3314 eis
3558 3259 3638 3328 (Ιυί
3679 3260 3756 3310 hoc

515 3344 638 3398 dam
668 3345 772 3414 jam
809 3346 995 3400 fuisset
1033 3347 1302 3403 Abraham
1334 3365 1440 3405 non
1472 3353 1601 3406 satis
1646 3366 1936 3422 posmmus
1962 3355 2098 3410 defi-

514 3437 650 3491 nire.
681 3437 925 3493 Nondum
969 3439 1112 3495 enim
1163 3437 1420 3498 Dominus
1463 3454 1680 3499 venerat
1715 3446 1779 3500 ad
1812 3447 2097 3514 infernum,

513 3536 573 3581 ut
621 3540 832 3585 erueret
873 3531 1000 3587 inde
1045 3533 1282 3588 omnium
1330 3544 1634 3591 sanctorum
1687 3539 2097 3607 praecedentium

516 3619 746 3685 animas,
778 3630 834 3677 et
876 3631 1051 3678 tamen
1101 3626 1367 3681 Abraham
1417 3627 1471 3682 in
1516 3630 1698 3699 requie
1744 3631 1814 3684 ibi
1865 3642 1998 3687 erat.
2036 3634 2100 3688 Et

516 3710 733 3777 quidam
758 3711 909 3765 dives
940 3729 1061 3766 cum
1085 3724 1424 3781 torqueretur
1451 3721 1589 3785 apud
1622 3720 1838 3784 inferos,
1873 3738 1993 3777 cum
2024 3723 2099 3777 vi-

515 3799 670 3854 deret
700 3801 996 3867 Abraham,
1033 3805 1229 3859 levavit
1278 3808 1482 3861 oculos.
1515 3809 1629 3863 Non
1662 3826 1780 3864 eum
1814 3822 1996 3880 posset
2026 3814 2099 3868 le-

517 3893 660 3946 vatis
687 3892 858 3946 oculis
885 3893 1087 3958 videre,
1121 3896 1221 3950 nisi
1250 3907 1392 3952 esset
1429 3898 1518 3954 ille
1545 3902 1812 3970 superius,
1837 3905 1926 3958 ille
1959 3905 2096 3962 infe-

514 3986 661 4052 rius;
694 3995 745 4041 et
775 3985 902 4056 quid
933 3988 980 4044 ei
1031 3989 1307 4058 respondit
1354 3990 1623 4047 Abraham
1644 4035 1657 4056 ,
1692 4010 1813 4050 cum
1856 3996 2093 4054 diceret:

512 4079 673 4136 Pater
697 4081 993 4150 Abraham,
1034 4083 1187 4138 mitte
1229 4083 1486 4139 Lazarum
1516 4096 1575 4142 ut
1613 4089 1838 4160 intingat
1869 4092 2094 4162 digitum

513 4182 667 4224 suum
693 4180 748 4226 et
771 4172 940 4228 stillet
962 4174 1013 4228 in
1039 4174 1268 4244 linguam
1301 4191 1474 4231 meam
1503 4181 1774 4247 quoniam,
1808 4183 2019 4239 crucior
2040 4186 2092 4240 in

510 4260 612 4315 hac
635 4264 882 4318 ﬂamma:
919 4265 1038 4331 Fili,
1068 4267 1160 4327 ait,
1191 4279 1463 4323 memento
1490 4270 1612 4339 quia
1639 4274 1921 4342 percepisti
1953 4276 2092 4332 bona

511 4352 568 4406 in
599 4352 703 4405 vita
735 4361 846 4420 tua,
873 4354 1105 4410 Lazarus
1129 4367 1305 4413 autem
1329 4363 1465 4413 mala
1491 4378 1667 4425 ;nunc
1693 4375 1867 4421 autem
1899 4367 1984 4424 hic
2008 4385 2092 4426 re-

511 4445 761 4512 quiescit,
796 4455 850 4500 tu
880 4462 1012 4502 vero
1042 4451 1327 4518 torqueris.
1358 4453 1424 4506 Et
1459 4467 1621 4523 super
1653 4457 1767 4512 haec
1798 4462 1871 4514 ait
1903 4479 1913 4513 :
1949 4462 2092 4518 inter

511 4551 607 4592 vos
630 4546 683 4593 et
714 4553 809 4594 nos
853 4541 1016 4596 chaos
1044 4557 1296 4612 magnum
1327 4544 1590 4600 firmatum
1623 4560 1727 4616 est,
1759 4560 1817 4606 ut
1847 4568 1943 4608 nec
1992 4571 2088 4610 nos

2207 3342 2516 3399 testimonio
2551 3343 2861 3400 confirmari
2907 3347 3168 3415 nituntur,
3201 3365 3231 3404 a
3284 3353 3596 3419 parentibus
3633 3351 3753 3405 simul

2207 3438 2412 3492 animas
2441 3453 2561 3493 cum
2591 3441 2909 3509 corporibus
2947 3444 3263 3514 pr0pagari,
3297 3448 3509 3501 animas
3548 3445 3674 3502 enim
3691 3446 3756 3498 di-

2203 3543 2320 3589 ctas
2353 3549 2448 3604 pro
2477 3533 2784 3589 bominihus
2817 3549 2846 3589 a
2875 3545 3027 3604 parte
3051 3547 3219 3594 totum
3261 3540 3593 3610 significante
3638 3541 3757 3594 locu-

2203 3627 2373 3693 tione,
2402 3626 2580 3682 nullus
2603 3627 2843 3698 ambigit.
2875 3628 2981 3684 Sed
3009 3633 3281 3699 quomodo
3304 3634 3470 3703 ipsam
3499 3644 3686 3704 partem
3708 3646 3760 3686 ex

2203 3732 2311 3789 quo
2341 3726 2509 3772 totum
2539 3727 3017 3774 commemoratum
3047 3731 3151 3787 est,
3185 3723 3289 3778 hoc
3319 3736 3399 3779 εει
3421 3725 3634 3777 animam
3674 3737 3756 3774 cu-

2204 3809 2291 3878 jus
2315 3811 2531 3864 nomine
2556 3817 2700 3864 totus
2731 3809 2892 3866 homo
2914 3811 3244 3880 significatus
3269 3824 3362 3880 est,
3393 3814 3580 3868 alienus
3605 3812 3667 3864 ab
3687 3826 3749 3866 eo

2201 3904 2343 3974 quod
2367 3903 2569 3958 dictum
2597 3913 2703 3971 est,
2740 3905 2890 3959 exire
2919 3906 2986 3960 de
3017 3905 3315 3964 femoribus
3338 3909 3465 3978 eius,
3490 3918 3548 3963 ut
3578 3920 3758 3961 carnes

2201 4005 2407 4052 tantum
2439 4014 2503 4054 ex
2531 3998 2623 4053 illo
2652 4007 2826 4064 natas,
2852 4001 3095 4068 quamvis
3126 4001 3256 4057 sola:
3284 4003 3474 4057 anima:
3503 4001 3762 4058 nominen-

2201 4100 2286 4145 tur
2312 4091 2658 4160 accipiamus,
2688 4091 2962 4160 quzerendi
2992 4102 3118 4149 sunt
3148 4095 3481 4152 locutionum
3518 4096 3656 4150 modi
3693 4107 3752 4149 se-

2199 4188 2428 4243 cundum
2454 4189 2782 4258 Scripturas.

2267 4278 2522 4345 Quamvis
2543 4282 2742 4338 nullius
2773 4283 3008 4339 hominis
3048 4283 3222 4338 anima
3251 4284 3325 4338 sit
3364 4283 3418 4338 in
3451 4284 3647 4338 lumbis
3685 4295 3760 4351 pa-

2204 4369 2304 4425 tris
2331 4373 2438 4437 sui,
2465 4374 2762 4428 secundum
2791 4391 3030 4437 carnem,
3050 4386 3227 4430 tamen
3255 4375 3308 4429 in
3333 4375 3539 4430 lumbis
3567 4375 3761 4430 Abrahz

2196 4463 2547 4517 constitutum
2598 4464 2760 4530 Levi,
2813 4467 3164 4532 decimatum,
3207 4475 3260 4521 et
3314 4467 3387 4521 ibi
3435 4468 3757 4522 constitutum

2195 4553 2489 4609 secundum
2515 4570 2730 4610 carnem
2754 4557 3028 4612 Christum
3058 4574 3165 4612 non
3190 4557 3552 4615 decimatum.
3591 4561 3754 4616 Secun-

509 4632 776 4700 possimus
801 4636 984 4689 venire
1009 4636 1073 4690 ad
1117 4651 1233 4700 vos.
1278 4653 1376 4693 nec
1407 4639 1529 4693 inde
1575 4641 1766 4711 aliquis
1809 4645 1992 4702 venire
2022 4649 2086 4703 ad
2115 4647 2165 4708 D
2195 4642 2318 4698 dum
2347 4647 2607 4700 rationem
2631 4650 2827 4716 quippe
2856 4649 2999 4703 illam
3035 4650 3344 4704 seminaleln
3380 4652 3453 4705 ibi
3501 4651 3603 4707 fuit
3631 4651 3758 4714 Levb

507 4735 627 4775 nos.
665 4722 804 4792 Ergo
827 4725 966 4781 inter
997 4728 1096 4781 ista
1123 4729 1348 4785 fortasse
1377 4731 1482 4785 duo
1510 4732 1715 4790 inferna
1735 4777 1748 4802 ,
1776 4753 2000 4807 quorum
2035 4745 2086 4796 in

505 4828 614 4867 uno
645 4816 963 4884 quieverunt
991 4820 1181 4875 animae
1214 4821 1503 4891 justorum,
1534 4826 1586 4879 in
1617 4827 1787 4882 altero
1834 4838 2085 4900 torquen-

505 4913 591 4959 tur
619 4907 811 4961 animae
853 4909 1157 4975 impiorum,
1204 4913 1488 4969 attendens
1524 4917 1738 4985 quidam
1773 4934 1936 4974 orans
1972 4921 2080 4992 hic,

501 4995 609 5065 iam
643 4997 729 5052 hic
769 5000 820 5051 in
845 5014 1070 5069 corpore
1108 5000 1304 5057 Christi
1334 5008 1562 5074 positus,
1591 5019 1644 5063 et
1673 5025 1833 5066 orans
1873 5013 1922 5066 in
1951 5029 2084 5071 voce

501 5089 695 5144 Christi
742 5093 947 5148 eruisse
988 5093 1269 5150 Dominum
1309 5101 1538 5156 animam
1572 5120 1721 5159 suam
1772 5107 1838 5161 ab
1875 5107 2082 5165 inferno

501 5178 774 5247 interiore,
799 5182 934 5237 dixit
957 5185 1083 5254 quia
1106 5186 1352 5242 liberavit
1373 5205 1432 5245 se
1459 5205 1488 5243 a
1509 5194 1703 5250 talibus
1731 5199 1964 5265 peccatis
1989 5215 2084 5268 per

499 5283 616 5335 quae
647 5280 827 5338 posset
873 5273 1067 5330 deduci
1111 5276 1176 5330 ad
1229 5285 1494 5336 tormenta
1541 5281 1734 5338 inferni
1788 5287 2078 5344 inferioris.

498 5359 956 5423 Quemadmodum
1003 5367 1046 5420 si
1079 5369 1322 5425 medicus
1351 5372 1532 5426 videat
1574 5375 1667 5430 tibi
1715 5369 2079 5437 imminentem

498 5451 872 5520 agritudinem
907 5454 1046 5512 forte
1074 5473 1136 5513 ex
1171 5461 1351 5531 aliquo
1385 5463 1566 5518 labore
1587 5508 1601 5532 ,
1635 5476 1687 5520 et
1718 5467 1888 5536 dicat,
1924 5487 2081 5540 parce

497 5537 617 5604 tibi,
650 5541 726 5594 sic
757 5550 809 5596 te
837 5551 1028 5612 tracta,
1056 5548 1352 5618 requiesce,
1388 5551 1472 5607 his
1501 5553 1637 5608 cibis
1669 5564 1857 5614 utere:
1892 5537 2011 5616 nam
2036 5566 2081 5618 si

498 5649 607 5688 non
638 5635 850 5704 feceris,
883 5645 1202 5711 mgrotabis;
1234 5655 1289 5699 tu
1321 5656 1500 5701 autem
1532 5648 1576 5701 si
1609 5649 1803 5707 feceris
1827 5664 1879 5708 et
1901 5658 2082 5713 salvus

498 5727 664 5791 ueris,
686 5740 828 5786 recte
850 5732 984 5786 dicis
1003 5733 1234 5800 medico,
1258 5736 1524 5793 Liberasti
1548 5756 1636 5795 me
1657 5743 1724 5797 ab
1743 5746 2078 5814 aegritudine,

499 5831 608 5880 non
636 5820 689 5875 in
713 5837 815 5892 qua
839 5827 948 5892 jam
973 5841 1114 5894 eras,
1147 5829 1241 5886 sed
1268 5830 1321 5885 in
1341 5846 1496 5899 quam
1529 5831 1676 5905 [qua]
1703 5834 1908 5893 futurus
1939 5855 2078 5898 eras.

2193 4753 2297 4808 qua
2338 4739 2547 4793 ratione
2586 4756 2679 4808 per
2715 4744 3054 4798 concubitum
3099 4755 3352 4800 venturus
3401 4757 3524 4802 erat
3571 4750 3623 4802 in
3673 4760 3764 4799 ma-

2195 4841 2352 4897 trem,
2387 4833 2680 4888 secnndum
2706 4851 2863 4904 quam
2896 4838 3159 4893 rationem
3187 4853 3292 4893 non
3327 4839 3395 4894 ibi
3427 4852 3552 4896 erat
3591 4839 3762 4896 Christi

2192 4937 2337 4990 caro,
2363 4927 2611 4995 quamvis
2637 4929 2930 4984 secundum
2951 4931 3118 4998 ipsam
3144 4930 3213 4984 ibi
3238 4930 3402 4985 fuerit
3422 4931 3614 4988 Maria
3639 4947 3765 4987 caro.

2189 5017 2522 5088 Quapropter
2551 5037 2649 5077 nec
2681 5022 2804 5079 Levi
2835 5039 2934 5078 nec
2967 5024 3210 5080 Christus
3238 5025 3290 5079 in
3322 5025 3525 5082 lumbis
3559 5027 3768 5082 Abraha:

2188 5115 2487 5169 secundum
2519 5116 2774 5181 animam,
2809 5119 3101 5172 secundum
3141 5134 3355 5176 carnem
3399 5134 3556 5188 vero,
3590 5134 3642 5176 et
3661 5117 3769 5174 Levi

2190 5212 2244 5259 et
2288 5204 2558 5261 Christus.
2609 5208 2715 5262 Sed
2772 5209 2898 5263 Levi
2955 5209 3246 5264 secundum
3289 5212 3769 5280 concupiscentiam

2189 5298 2481 5363 carnalem,
2513 5301 2756 5355 Christus
2785 5310 2962 5357 autem
2994 5303 3291 5358 secundum
3331 5305 3506 5359 solam
3537 5307 3771 5360 substan-

2188 5387 2315 5441 tiam
2338 5392 2692 5458 corporalem.
2719 5392 2853 5447 Cum
2876 5393 3017 5448 enim
3039 5395 3110 5449 sit
3142 5395 3193 5450 in
3232 5397 3440 5452 semine
3468 5408 3526 5453 et
3561 5396 3772 5451 visibilis

2187 5478 2515 5546 corpulentia
2559 5492 2612 5536 et
2661 5482 2946 5537 invisibilis
2993 5485 3153 5551 ratio,
3199 5496 3485 5556 utrumque
3545 5487 3774 5543 cucurrit

2189 5567 2503 5642 [concurrit]
2521 5587 2587 5626 ex
2610 5573 2877 5628 Abraham
2902 5576 2986 5630 vel
3007 5575 3167 5630 etiam
3189 5592 3256 5632 ex
3272 5579 3390 5648 ipso
3408 5578 3589 5634 Adam
3615 5593 3776 5648 usque

2189 5661 2253 5714 ad
2285 5677 2484 5732 corpus
2515 5664 2712 5732 Mariae,
2747 5667 2872 5735 quia
2898 5677 2948 5722 et
2971 5669 3141 5737 ipsum
3175 5683 3240 5724 eo
3271 5669 3432 5724 modo
3453 5680 3776 5741 conceptum

2194 5760 2252 5806 et
2279 5764 2526 5810 exortum
2557 5765 2656 5823 est,
2686 5756 2932 5812 Christus
2961 5769 3138 5815 autem
3159 5761 3423 5816 visibilem
3443 5767 3632 5819 carnis
3660 5764 3769 5819 sub

2187 5848 2437 5902 stantiam
2467 5849 2534 5906 de
2561 5866 2722 5908 carne
2769 5852 2988 5925 virginis
3029 5857 3279 5928 sumpsit,
3308 5858 3449 5915 ratio
3475 5874 3613 5916 vero
3646 5875 3768 5915 con-
