3968 6390
12 542 17 573 ἕ

172 378 262 447 11's

1410 383 1845 447 THESAURUS.
1885 387 2043 448 CAP.
2082 391 2192 449 CII.

3298 396 3402 459 7M

168 499 411 573 eeptionis
434 498 572 570 eius,
605 514 712 557 non
739 514 769 556 a
795 496 1001 558 semine
1026 498 1191 569 virili,
1238 499 1336 557 sed
1385 501 1543 571 longe
1569 499 1726 557 aliter
1755 503 1808 563 A
1830 516 1950 573 gam
1977 504 2021 557 si
2053 502 2226 573 potuit
2253 512 2307 561 et
2332 503 2400 560 de
2424 503 2595 561 anima
2623 502 2742 561 ﬁeri
2791 504 2934 578 quod
2980 522 3100 563 cum
3129 507 3198 564 de
3242 526 3405 568 carne

166 612 219 652 ac
242 596 470 666 desuper
498 597 661 652 venit.
715 595 946 651 Proinde
998 596 1293 653 secundum
1337 596 1439 653 hoc
1473 596 1618 667 quod
1656 597 1725 653 de

165 698 321 747 matre
342 689 569 757 accepit,
598 688 760 743 etiam
792 689 843 763 in
874 689 1070 745 lumbis
1097 689 1327 745 Abrahae
1377 689 1492 744 luit.
1528 688 1624 745 llle
1643 698 1726 745 est

161 794 276 851 ergo
298 779 499 853 [igitur]
528 778 829 836 decimatus
859 780 910 835 in
936 781 1225 845 Abraham,
1256 780 1344 849 qui
1376 778 1499 835 licet
1528 793 1724 834 secun-

161 871 274 928 dum
301 887 516 928 carnem
550 880 779 939 tantum,
812 872 891 927 sic
942 882 1117 926 tamen
1151 871 1251 926 fuit
1278 870 1329 926 in
1362 870 1554 925 lumbis
1582 870 1723 940 ejus,

158 964 593 1035 quemadmodum
625 964 680 1019 in
713 964 792 1019 sui
824 965 987 1033 patris
1011 963 1174 1020 etiam
1202 963 1317 1031 ipse
1338 962 1631 1028 Abraham,
1666 961 1720 1016 id

156 1067 228 1115 est
266 1059 355 1127 qui
383 1058 462 1114 sic
487 1067 571 1113 est
591 1067 745 1112 natus
766 1057 832 1112 de
866 1067 1016 1127 patre
1058 1057 1327 1111 Abraham
1376 1054 1723 1124 quemadmo-

154 1147 266 1203 dum
306 1148 375 1203 de
404 1164 499 1203 suo
516 1157 667 1219 patre
694 1159 851 1204 natus
873 1158 957 1203 est
978 1147 1269 1215 Abraham,
1295 1162 1387 1217 per
1416 1146 1585 1217 legem
1617 1146 1723 1201 sci-

154 1241 267 1297 licet
295 1242 348 1297 in
376 1241 629 1298 membris
672 1250 1062 1313 repugnantem
1105 1242 1204 1312 legi
1236 1240 1432 1295 mentis
1456 1248 1511 1295 et
1538 1238 1721 1293 invisi-

150 1332 304 1388 bilem
335 1334 849 1403 concupiscentiam,
883 1333 1125 1401 quamvis
1158 1347 1277 1388 eam
1305 1340 1454 1387 casta
1482 1341 1537 1385 et
1580 1330 1718 1386 bona

146 1421 250 1494 jura
281 1424 587 1493 nuptiarum
621 1438 724 1478 non
764 1424 939 1479 sinant
993 1424 1197 1490 valere,
1227 1423 1331 1477 nisi
1369 1431 1623 1492 quantum
1650 1438 1717 1478 ex

146 1530 198 1572 ea
230 1525 455 1586 possunt
484 1518 668 1587 generi
696 1516 1073 1571 substituendo
1116 1516 1439 1586 prospicere.
1467 1510 1583 1567 Non
1624 1529 1717 1569 au-

145 1618 240 1665 tem
266 1620 321 1665 et
348 1609 437 1665 ille
461 1610 530 1663 ibi
561 1609 856 1665 decimatus
880 1614 964 1663 est
982 1607 1136 1678 cujus
1163 1622 1292 1662 caro
1319 1605 1443 1664 inde
1482 1620 1587 1661 non
1614 1608 1716 1661 ler-

147 1717 325 1757 vorem
380 1702 640 1769 vulneris,
674 1702 766 1757 sed
796 1700 1074 1757 materiem
1115 1701 1484 1757 medicaminis
1533 1700 1712 1755 traxit.

140 1790 265 1847 Nam
296 1807 416 1849 cum
466 1794 578 1863 ipsa
604 1791 894 1848 decimatio
922 1792 987 1847 ad
1018 1791 1462 1863 praeﬁguraudam
1494 1791 1713 1848 medici-

1831 592 2132 650 diceremus
2162 596 2381 651 forsitan
2418 598 2743 653 intellectum
2772 599 2875 664 sit,
2909 600 2981 654 ita
3006 610 3059 655 et
3087 600 3156 655 de
3185 603 3405 659 traduce

1824 683 2001 739 anima
2048 685 2241 741 Christi
2295 698 2351 742 ut
2394 704 2577 744 secum
2610 691 2783 745 labem
2837 692 3288 759 praevaricationis
3316 702 3402 747 at-

1826 774 2151 833 traxerit.‘Si
2193 788 2371 835 autem
2402 780 2523 836 sine
2572 782 2674 836 isto
2716 790 2865 836 reatu
2910 796 3017 837 non
3058 792 3235 851 posset
3278 782 3403 839 inde

1824 881 1967 932 esse,
1998 882 2104 923 non
2133 870 2397 925 estinde.
2447 872 2562 926 .Iam
2617 872 2684 927 de
2739 882 3053 928 cmterarum
3106 875 3397 930 animarqu

1822 960 2054 1012 adventu
2085 966 2263 1014 utrum
2292 974 2361 1016 ex
2388 964 2696 1031 parentibus
2723 981 2789 1019 an
2814 965 3042 1036 desuper
3070 968 3161 1029 sit,
3187 970 3401 1023 vincant

1821 1053 1910 1121 qui
1959 1054 2251 1121 potuerint,
2305 1069 2403 1124 ego
2433 1057 2607 1111 adhuc
2639 1057 2777 1112 inter
2808 1068 3060 1130 utrosque
3107 1060 3317 1129 ambigo
3346 1042 3401 1113 et

1822 1158 2063 1211 moveor,
2096 1146 2384 1215 aliquando
2408 1147 2509 1217 sic,
2534 1151 2817 1219 aliquando
2846 1160 3023 1205 autem
3044 1152 3141 1217 sic,
3169 1154 3315 1206 salvo
3333 1168 3398 1207 eo

1821 1235 2101 1306 duntaxat,
2137 1250 2193 1292 ut
2227 1239 2313 1294 vel
2352 1254 2548 1310 corpus
2597 1258 2719 1297 esse
2763 1244 3011 1311 animam,
3056 1247 3135 1299 vel
3167 1244 3396 1314 aliquam

1819 1343 2134 1399 corpoream
2163 1333 2472 1403 qualitatem
2504 1335 2617 1390 sive
2647 1338 3059 1407 coaptationem,
3112 1339 3157 1393 si
3204 1340 3273 1393 ita
3318 1339 3397 1393 di-

1818 1420 1986 1475 cenda
2012 1430 2093 1476 est
2130 1438 2285 1492 quam
2315 1422 2484 1479 Graaci
2513 1425 2753 1501 ἁρμονίαν
2782 1438 2995 1495 vocant,
3028 1444 3129 1485 nec
3169 1442 3395 1498 quomo-

1818 1513 2023 1569 dolibet
2080 1516 2176 1571 ista
2218 1519 2538 1587 garrientem
2585 1519 2911 1577 crediturum
2967 1536 3088 1578 esse
3129 1522 3393 1580 conﬁdam

1816 1604 2105 1675 adjuvante
2129 1606 2238 1663 Deo
2268 1618 2504 1665 mentem
2538 1626 2731 1667 meam.

2421 1744 2646 1802 CAPUT
2695 1744 2803 1801 Cll.

1824 1830 1973 1896 Quod
1997 1832 2069 1886 ait
2098 1831 2263 1909 Iacob
2291 1834 2359 1909 ad
2400 1832 2633 1909 Ioseph:
2682 1836 2837 1909 Pone
2872 1854 3080 1892 martum
3105 1838 3197 1893 sub
3232 1839 3395 1909 femur

140 1884 622 1985 ιιθηξβθτιίηξιθτίῑ.
665 1883 797 1985 illud
830 1886 881 1939 in
909 1883 1139 1939 Abrahae
1170 1898 1331 1939 carne
1353 1884 1718 1985 decimabatur
1746 1884 1793 1945 B
1826 1883 2079 1985 “mihi;
2098 1883 3395 1977 arma?"'aé'aiiariciﬁiaiiﬁﬁziédiiii;

136 1972 273 2039 quod
327 1974 631 2029 curabatur.
668 1973 866 2029 Eadem
914 1989 1143 2046 namque
1194 1989 1321 2030 caro
1351 1990 1459 2030 non
1487 1974 1716 2030 Abrahae

133 2072 336 2119 tantum
365 2105 381 2127 .
410 2066 505 2121 sed
538 2066 705 2135 ipsius
736 2066 895 2135 primi
938 2065 1248 2136 terrenique
1278 2067 1529 2133 hominis,
1555 2068 1715 2124 simul

130 2154 359 2211 habebat
389 2166 444 2213 et
471 2158 667 2212 vulnus
695 2157 1152 2228 praevaricationis
1190 2169 1243 2214 et
1267 2160 1713 2216 medicamentum

130 2249 369 2303 vulneris
399 2266 411 2302 :
438 2249 633 2305 vulnus
656 2250 1105 2319 praevaricationis
1132 2249 1186 2304 in
1212 2252 1329 2321 lege
1349 2252 1711 2307 membrorum

121 2354 462 2415 repugnante
494 2346 600 2415 legi
632 2348 844 2411 mentis,
886 2361 1007 2417 quae
1032 2362 1126 2415 per
1154 2361 1370 2402 omnem
1425 2346 1550 2401 inde
1592 2360 1716 2414 pro-

119 2446 371 2505 pagatam
403 2451 622 2492 carnem
655 2438 898 2492 seminali
954 2439 1167 2492 ratione
1197 2437 1353 2506 quasi
1398 2435 1713 2491 transcribi-

116 2537 243 2595 tur;
288 2530 736 2585 medicamentum
767 2539 945 2585 autem
978 2529 1223 2585 vulneris
1245 2532 1298 2584 in
1326 2544 1392 2585 eo
1422 2529 1560 2599 quod
1589 2528 1713 2585 inde

112 2624 243 2679 sine
274 2637 441 2692 opere
468 2623 945 2693 concupiscentiali
962 2623 1018 2678 in
1035 2623 1147 2678 sola
1170 2625 1392 2679 materia
1418 2623 1710 2693 corporali,

108 2728 214 2785 per
244 2713 481 2769 divinam
510 2714 878 2783 conceptionis
929 2714 1373 2786 l'ormationisque
1425 2716 1707 2785 rationem,

110 2806 182 2862 de
210 2805 420 2875 virgine
452 2816 786 2873 assumptum
835 2813 941 2871 est,
997 2814 1222 2876 propter
1249 2806 1438 2863 mortis
1470 2808 1586 2862 sine
1612 2808 1712 2863 iui-

106 2901 321 2969 quitate
369 2902 722 2965 consortium,
755 2906 810 2954 et
844 2897 959 2953 sine
1010 2896 1243 2954 falsitate
1292 2900 1710 2955 resurrectionis

107 2992 449 3060 exemplum.
478 2991 840 3061 Quapropter,
897 2990 1041 3061 quod
1072 2989 1249 3045 anima
1270 2990 1472 3047 Christi
1502 3008 1606 3046 non
1636 2993 1709 3049 sit

105 3105 172 3144 ex
208 3087 442 3143 traduce
469 3088 663 3142 anima:
694 3088 834 3142 illius
862 3086 1048 3157 primae
1091 3085 1552 3155 pravaricatricis,
1580 3096 1707 3155 puto

106 3182 258 3249 quod
293 3180 449 3235 etiam
482 3179 583 3249 ipsi
609 3180 699 3249 qui
731 3177 1031 3233 animarum
1079 3178 1352 3233 traducem
1381 3174 1700 3244 defendunt,
1741 3216 1758 3234 .

1889 1974 1954 2026 de
1973 1970 2181 2031 Genesi.

1890 2063 2178 2120 Moriturus
2196 2065 2361 2123 Iacob
2394 2069 2501 2125 ﬁlio
2548 2084 2647 2125 suo
2690 2069 2888 2139 Ioseph
2927 2067 3056 2126 dicit
3084 2087 3097 2125 :
3127 2068 3187 2125 Si
3211 2068 3395 2127 iuveni

1816 2162 2041 2231 gratiam
2075 2163 2128 2217 in
2159 2172 2451 2231 conspectu
2478 2177 2589 2232 tuo,
2622 2164 2829 2234 subjice
2872 2181 3085 2220 manum
3118 2174 3260 2219 tuam
3291 2161 3394 2217 sub

1815 2252 2021 2308 femore
2043 2269 2185 2320 meo,
2225 2266 2279 2311 et
2310 2257 2473 2311 facies
2513 2258 2564 2311 in
2600 2273 2687 2312 me
2716 2258 3133 2312 misericordiam
3164 2267 3217 2311 et
3259 2258 3395 2312 veri-

1816 2350 2003 2398 tatem.
2038 2346 2110 2400 Ea
2144 2346 2308 2401 ﬁlium
2356 2349 2623 2416 juratioue
2675 2350 2994 2419 consuingit
3046 2366 3149 2419 qua
3181 2364 3394 2403 servum

1814 2436 2213 2492 constrinxerat
2262 2439 2572 2493 Abraham:
2620 2440 2713 2495 ille
2760 2440 3018 2495 mandans
3067 2441 3207 2495 unde
3257 2455 3393 2494 uxor

1814 2524 2045 2581 ducatur
2077 2528 2187 2583 ﬁlio
2213 2543 2333 2596 suo,
2367 2531 2467 2586 iste
2499 2531 2823 2600 sepulturam
2865 2531 3249 2586 commendans
3275 2545 3386 2585 cor-

1813 2620 1962 2689 poris
1983 2620 2090 2675 sui.
2114 2621 2173 2677 in
2206 2630 2434 2691 utraque
2465 2634 2643 2678 tamen
2672 2637 2832 2679 causa
2852 2626 3123 2679 nominata
3149 2623 3394 2678 suntduo

1813 2709 1908 2763 illa
1962 2726 2081 2779 qua:
2132 2713 2314 2781 magni
2361 2712 2602 2768 habenda
2649 2725 2808 2784 atque
2852 2714 3127 2784 pendenda
3178 2724 3301 2768 sunt
3340 2712 3393 2768 in

1814 2800 2114 2872 Scripturis
2160 2806 2435 2871 omnibus,
2463 2820 2780 2876 quacunque
2815 2806 3094 2876 dispersim
3122 2806 3387 2876 leguntur,

1810 2894 2183 2953 misericordia
2213 2907 2267 2952 et
2283 2896 2515 2968 justitia,
2534 2898 2617 2951 vel
2642 2897 3006 2952 misericordia
3038 2908 3091 2951 et
3107 2897 3390 2967 judicium,

1809 2988 1897 3044 vel
1915 2989 2285 3047 misericordia
2309 2998 2362 3044 et
2388 2990 2607 3055 veritas,
2630 2990 3059 3059 quandoquidem
3085 2990 3135 3044 in
3157 2990 3387 3061 quodam

1809 3078 1929 3134 loco
1949 3080 2206 3151 scriptum
2234 3090 2314 3135 est
2349 3096 2364 3134 :
2398 3080 2676 3136 Universae
2703 3080 2803 3133 via:
2842 3078 3051 3134 Domini
3082 3080 3388 3135 misericor-

1808 3172 1894 3229 dia
1915 3180 1971 3229 et
1991 3174 2215 3230 veritas.
2235 3174 2310 3228 Ita
2327 3174 2441 3228 haec
2456 3173 2563 3228 duo
2584 3174 2810 3228 multum
2828 3175 3225 3237 commendata,
3250 3174 3385 3227 mul-

101 3273 471 3327 consentiant.
500 3271 602 3326 Per
628 3286 812 3327 semen
855 3270 1053 3340 quippe
1106 3269 1515 3327 concumbentis
1540 3270 1705 3342 patris
1730 3259 1778 3324 C
1809 3277 1920 3324 tum
1944 3269 2331 3324 consideranda
2361 3276 2507 3323 sunt.
2537 3270 2739 3323 Servus
2762 3278 2939 3322 autem
2976 3266 3201 3322 Abrahae
3230 3267 3385 3321 dixe-

101 3363 420 3417 transl‘uudi
452 3362 612 3418 etiam
643 3378 825 3418 semen
850 3363 1041 3416 animae
1073 3361 1283 3427 volunt.
1312 3378 1343 3417 a
1374 3378 1482 3433 quo
1509 3378 1706 3433 genere

100 3455 492 3525 conceptionis
523 3455 769 3509 Christus
797 3453 1007 3509 alienus
1034 3464 1137 3509 est.
1173 3454 1239 3510 Et
1286 3457 1410 3524 quia
1460 3455 1515 3510 in
1545 3458 1707 3512 Abra-

99 3543 235 3598 ham
276 3545 324 3598 si
354 3545 649 3599 secundum
679 3547 913 3599 animam
955 3544 1167 3612 fuisset,
1216 3544 1376 3599 etiam
1408 3546 1524 3615 ipse
1552 3547 1703 3602 deci-

95 3645 299 3691 matus
336 3644 507 3702 esset,
548 3651 654 3691 non
705 3650 827 3690 esse
866 3646 1043 3691 autem
1075 3636 1395 3691 decimarum
1428 3636 1705 3705 Scriptura

91 3737 365 3794 testatur,
408 3742 528 3797 qua:
554 3727 680 3783 hinc
701 3743 915 3799 quoque
951 3727 1315 3783 sacerdotium
1338 3729 1455 3801 ejus
1484 3744 1515 3784 a
1546 3729 1707 3787 Levi-

89 3820 213 3875 tico
240 3820 555 3875 sacerdotio
570 3819 873 3892 distinguit,
902 3835 968 3875 an
998 3820 1137 3877 forte
1157 3820 1339 3877 dicent
1366 3823 1505 3877 sicut
1533 3822 1705 3891 potuit

78 3913 162 3969 ibi
199 3928 340 3969 esse
369 3914 662 3969 secundum
693 3929 908 3971 carnem
940 3927 993 3971 et
1024 3932 1129 3971 non
1160 3915 1439 3985 decimari,
1469 3931 1566 3971 cur
1594 3932 1699 3973 non

75 4006 275 4060 etiam
314 4003 608 4057 secundum
637 4004 871 4059 animam
902 4007 1018 4061 sine
1045 4007 1408 4063 decimatione
1433 4010 1731 4077 potuerint

70 4096 197 4150 llic
237 4094 631 4161 respondetur,
663 4097 783 4163 quia
817 4098 997 4167 utique
1026 4098 1321 4167 simplicem
1355 4101 1548 4155 anima:
1577 4102 1702 4157 sub-

67 4188 371 4243 stantiam
428 4186 777 4242 incrementis
829 4189 1010 4257 augeri
1058 4190 1431 4257 corporalibus
1483 4208 1581 4248 nec
1624 4194 1699 4248 illi

64 4287 445 4352 putaverunt
474 4278 565 4348 qui
613 4294 730 4333 eam
783 4295 981 4357 corpus
1032 4282 1359 4349 existimant,
1389 4299 1614 4354 quorum
1644 4286 1696 4340 in

67 4382 258 4443 parte
287 4379 421 4424 sunt
452 4371 681 4426 maxime
710 4372 797 4442 qui
822 4388 939 4427 eam
960 4388 1023 4429 ex
1048 4373 1357 4444 parentibus
1386 4376 1560 4431 creari
1586 4378 1699 4446 opi-

64 4478 331 4522 nantur.
362 4463 587 4519 Proinde
629 4464 681 4518 in
724 4465 965 4532 corporis
996 4467 1198 4522 semine
1244 4476 1419 4537 potest
1454 4483 1579 4524 esse
1604 4468 1695 4525 vis

67 4556 417 4619 invisibilis,
442 4572 560 4626 qua:
578 4558 985 4628 incorporaliter
1010 4574 1261 4616 numeros
1286 4561 1537 4632 agit,uon
1561 4576 1693 4619 ocu-
1723 4602 1734 4613 .

1807 3371 1894 3419 rat
1926 3380 1939 3416 :
1974 3364 2029 3419 Si
2063 3362 2241 3417 facitis
2269 3361 2323 3416 in
2354 3362 2629 3417 dominum
2664 3376 2839 3416 meum
2873 3359 3297 3415 misericordiam
3329 3366 3385 3414 et

1803 3455 2066 3524 justitiam
2092 3495 2109 3519 ,
2149 3455 2288 3510 sicut
2316 3462 2372 3509 et
2400 3455 2501 3508 iste
2542 3451 2653 3506 ﬁlio
2692 3466 2789 3506 suo
2819 3452 2979 3505 dicit:
3010 3459 3067 3504 ut
3106 3450 3272 3505 facias
3328 3456 3381 3504 in

1806 3562 1895 3602 me
1911 3546 2327 3602 misericordiam
2354 3556 2408 3601 et
2439 3546 2740 3601 veritatem.
2764 3543 2898 3610 Quid
2922 3542 3022 3598 sibi
3046 3553 3222 3597 autem
3247 3544 3379 3599 velit

1805 3653 1837 3694 a
1866 3647 2014 3695 tanto
2047 3640 2165 3693 viro
2194 3648 2302 3693 tam
2332 3637 2563 3693 sollicita
2590 3636 2835 3706 corporis
2882 3635 3296 3705 commendatio,
3325 3645 3383 3691 ut

1805 3732 1984 3787 nonin
2010 3730 2247 3804 Egypto
2264 3730 2575 3800 sepeliatur,
2602 3728 2697 3784 sed
2726 3729 2777 3783 in
2804 3737 2943 3785 terra
2967 3728 3216 3784 Chanaan
3228 3727 3381 3798 justa

1802 3834 1985 3894 patres
2010 3840 2156 3890 suos,
2188 3824 2387 3879 mirum
2414 3822 2627 3879 videtur
2653 3833 2707 3879 et
2735 3820 2887 3893 quasi
2924 3822 3238 3889 absurdum,
3279 3838 3381 3879 nec

1802 3917 2134 3972 conveniens
2163 3925 2326 3972 tantm
2350 3915 2686 3971 excellentia:
2720 3913 2911 3969 mentis
2958 3904 3303 3983 prophetica,
3332 3913 3380 3968 si

1805 4008 1906 4063 hoc
1933 4024 1999 4063 ex
2029 4008 2304 4063 hominum
2334 4006 2722 4062 consuetudine
2746 4004 3073 4060 metiamtur.
3108 3986 3370 4059 Siautem

1800 4098 1858 4155 in
1893 4099 1977 4153 his
2002 4099 2252 4153 omnibus
2279 4106 2617 4152 sacramenta
2659 4107 2964 4164 quaerantur
2993 4095 3121 4165 65,
3156 4095 3378 4161 majoris

1802 4190 2182 4245 admirationis
2210 4188 2462 4258 gaudium
2490 4188 2590 4255 ipsi
2627 4186 2718 4257 qui
2737 4185 3004 4241 invenerit
3031 4187 3255 4239 orietur.
3277 4184 3382 4238 Ca-

1800 4279 2089 4335 daveribus
2103 4280 2301 4348 quippe
2314 4286 2645 4332 mortuorum
2662 4285 2874 4345 peccata
2891 4276 3175 4346 significari
3190 4275 3242 4330 in
3262 4276 3376 4347 lege

1801 4385 1908 4425 non
1938 4370 2161 4424 dubium
2194 4379 2296 4435 est,
2323 4384 2446 4424 cum
2463 4367 2719 4439 juheutur
2752 4368 2996 4422 homines
3027 4377 3145 4438 post
3182 4384 3369 4424 eorum

1798 4466 2272 4521 eontrectationem
2313 4467 2433 4521 sive
2456 4464 2878 4535 qualemcunque
2919 4473 3222 4518 contactum
3256 4473 3374 4518 tan-

1796 4544 1958 4629 quam
1987 4558 2056 4613 ab
2078 4557 2417 4613 immunditia
2442 4557 2730 4628 puriﬁcari,
2766 4565 2820 4611 et
2849 4555 2971 4609 hinc
2992 4554 3075 4609 illa
3104 4559 3372 4612 sententia

64 4653 143 4708 lis
168 4651 288 4707 sed
332 4649 605 4705 intellectu
637 4650 987 4708 discernenda
1017 4654 1087 4709 ab
1113 4669 1177 4710 ea
1216 4656 1553 4726 corpulentia
1577 4673 1695 4726 quae
1721 4648 1778 4711 D
1800 4650 1959 4708 ducta
1980 4662 2095 4709 est:
2117 4650 2218 4719 Qui
2243 4649 2543 4719 baptizatur
2562 4667 2592 4707 a
2612 4658 2822 4705 mortuo
2838 4657 2891 4704 et
2916 4648 3110 4704 iterum
3129 4652 3295 4721 tangit
3316 4652 3370 4707 il-

64 4744 228 4809 visu,
267 4751 421 4796 tactu
448 4740 588 4814 [visu
622 4743 891 4816 tactuque]
920 4747 1166 4811 sentitur,
1198 4756 1253 4802 et
1282 4749 1395 4819 ipsa
1419 4750 1687 4821 quantitas

59 4837 351 4910 corporis
398 4837 635 4906 humani,
669 4853 787 4907 quae
815 4841 993 4913 utique
1020 4842 1292 4896 modulum
1341 4844 1562 4901 seminis
1609 4845 1691 4900 in-

59 4928 548 5001 comparabiliter
573 4930 811 4996 excedit,
840 4932 973 4985 satis
1004 4932 1237 4986 ostendit
1264 4948 1422 5002 posse
1442 4934 1569 4990 inde
1591 4936 1689 4991 ali-

51 5025 198 5096 quid
238 5025 404 5079 sumi
451 5023 593 5094 quod
648 5039 753 5079 non
811 5024 1010 5080 habeat
1039 5024 1184 5079 illam
1213 5025 1321 5080 vim
1351 5027 1686 5097 seminalem,

54 5120 159 5173 sed
191 5128 429 5173 tantum
456 5116 794 5186 corporalem
847 5118 1225 5183 substantiam,
1268 5132 1387 5188 qua;
1437 5117 1690 5174 divinitus

51 5230 172 5267 non
213 5212 302 5267 de
341 5211 638 5279 propagine
664 5211 1141 5267 concumbentium
1176 5213 1229 5267 in
1256 5226 1472 5267 carnem
1496 5211 1692 5266 Christi

47 5311 382 5372 assumpta
420 5311 581 5367 atque
637 5301 861 5356 formata
907 5311 1010 5361 est.
1057 5302 1171 5357 Hoc
1214 5311 1389 5356 autem
1420 5302 1487 5357 de
1514 5302 1690 5357 anima

40 5402 183 5473 quis
215 5398 427 5455 Valeat
446 5397 743 5466 aflirmare,
771 5397 913 5468 quod
966 5405 1251 5468 utrumque
1280 5396 1476 5452 habeat
1500 5406 1553 5452 et
1579 5412 1693 5452 rna-

42 5496 278 5549 teriem
301 5488 541 5546 seminis
563 5490 928 5553 manifestam,
959 5497 1014 5543 ct
1054 5490 1313 5544 rationem
1342 5486 1563 5543 seminis
1591 5502 1685 5543 oc-

37 5587 279 5642 cultam
298 5583 331 5638 ?
363 5580 471 5636 Sed
502 5580 627 5650 quid
662 5579 900 5634 laborem
921 5580 973 5633 in
998 5594 1055 5634 re
1090 5594 1207 5649 quae
1231 5578 1543 5649 persuaderi
1564 5593 1686 5634 ver-

36 5680 136 5737 bis
169 5674 418 5733 nemini
446 5674 668 5729 l'orsitan
696 5682 892 5743 potest,
928 5673 1028 5727 nisi
1057 5681 1259 5727 tantum
1297 5688 1359 5729 ac
1390 5673 1496 5729 tale
1535 5674 1685 5742 iuge-

30 5773 215 5829 nium
244 5770 342 5828 sit
396 5767 538 5839 quod
570 5768 740 5838 possit
778 5766 1049 5836 loquentis
1091 5765 1383 5836 pravolare
1412 5776 1682 5833 conatum,

24 5880 150 5929 nec
180 5874 399 5923 totum
419 5871 733 5932 exspectare
760 5874 793 5917 a
824 5872 1094 5917 sermone.
1144 5857 1386 5916 Breviter
1433 5859 1505 5915 ita
1530 5860 1685 5916 colli-

497 5999 776 6063 ΡΑτιιοι..
808 5994 983 6059 LXII

1798 4745 1932 4813 lum,
1956 4745 2084 4817 quid
2109 4747 2319 4816 prolicit
2339 4745 2532 4801 lavatio
2547 4743 2699 4815 ejus?
2713 4742 2792 4800 sic
2806 4752 2859 4799 et
2877 4745 2965 4813 qui
2984 4743 3193 4815 jejunat
3208 4761 3369 4819 super

1798 4846 2016 4909 peccata
2037 4854 2155 4906 sua,
2179 4848 2233 4893 et
2248 4839 2441 4893 iterum
2463 4835 2742 4891 ambulans
2766 4836 2881 4892 haec
2901 4836 3087 4892 eadem
3109 4837 3251 4894 facit.
3277 4838 3370 4894 Se-

1795 4932 2005 5002 pultura
2020 4944 2150 4999 ergo
2169 4936 2501 4983 mortuorum
2518 4926 2887 4983 remissionem
2905 4928 3167 4997 signiﬁcat
3183 4942 3370 4996 perca-

1798 5030 2001 5087 torum,
2030 5036 2096 5075 eo
2124 5020 2397 5089 pertinens
2425 5020 2564 5090 quod
2586 5017 2782 5075 dictum
2810 5029 2892 5075 est
2920 5036 2936 5075 :
2970 5020 3114 5074 Beati
3136 5032 3365 5088 quorum

1801 5114 2043 5169 remissa:
2063 5122 2185 5167 sunt
2208 5110 2532 5183 iniquitates,
2561 5120 2615 5166 et
2637 5127 2857 5181 quorum
2878 5118 3014 5167 tecta
3036 5117 3164 5164 sunt
3182 5122 3366 5174 peccs-

1792 5214 1867 5262 ta.
1889 5206 1984 5263 Ubi
1998 5219 2125 5275 ergo
2138 5204 2449 5276 sepelienda
2462 5204 2727 5260 eranthoc
2739 5201 3089 5274 signiﬁcantia
3104 5200 3367 5254 cadavera

1793 5298 2236 5369 patriarcharum,
2266 5297 2368 5352 nisi
2400 5296 2453 5351 in
2476 5311 2539 5352 ea
2563 5304 2703 5352 terra
2732 5294 2820 5350 ubi
2844 5294 2931 5348 ille
2966 5291 3256 5347 cruciﬁxus
3283 5301 3367 5346 est

1791 5389 1944 5460 cujus
1963 5388 2219 5459 sanguine
2241 5389 2378 5443 facta
2404 5396 2489 5444 eat
2522 5387 2770 5443 remissio
2815 5381 3191 5454 peccatorum?
3223 5396 3367 5436 mor-

1795 5484 1936 5539 tibus
1957 5484 2098 5537 enim
2126 5482 2547 5551 patriarcharum
2597 5487 2813 5550 peccata
2842 5476 3115 5531 hominum
3145 5475 3365 5545 ﬁgurata

1792 5583 1936 5630 sunt.
1983 5574 2184 5627 Dicitur
2230 5582 2406 5625 autem
2448 5571 2517 5627 ab
2561 5585 2628 5627 eo
2682 5571 2799 5624 loco
2851 5568 2991 5637 quod
3054 5566 3362 5621 Abram‘rum

1795 5665 2185 5743 [Abraemiumj
2229 5672 2468 5729 vocatur,
2490 5662 2582 5719 ubi
2627 5670 2752 5716 sunt
2777 5660 2874 5715 ista
2899 5673 3147 5729 corpora,
3169 5658 3361 5713 abesse

1792 5762 1969 5819 locum
1996 5762 2085 5817 ubi
2114 5760 2399 5816 cruciﬁxus
2423 5765 2505 5811 est
2533 5754 2788 5812 Dominus
2815 5753 2926 5808 lere
2970 5750 3184 5821 triginta
3208 5750 3367 5805 milli-

1791 5855 1893 5915 bus
1912 5850 2222 5928 [passibus],
2246 5859 2302 5908 ut
2321 5850 2479 5907 etiam
2503 5847 2617 5920 ipse
2644 5858 2897 5903 numerus
2917 5858 3037 5899 eum
3062 5840 3367 5912 signiﬁcare

2895 5983 2972 6046 23
