3968 6390
554 337 664 396 τιὸ

1656 333 1720 390 D.
1744 329 2067 392 EUGYPPII
2104 330 2396 394 ABBATIS
2432 330 2756 394 AFRICANI

3721 353 3818 411 ’ῖίῦ

554 453 882 528 intelligatur
928 455 1017 525 qui
1043 454 1097 510 in
1131 453 1398 524 baptismo
1430 451 1674 522 apparuit
1720 451 1890 508 ferme
1919 453 2136 524 triginta
2159 457 2216 520 Α
2241 455 2558 526 praeputium
2587 456 2680 511 ﬁlii
2707 455 2812 522 sui,
2839 463 2892 512 et
2914 454 3140 525 procidit
3165 456 3229 512 ad
3254 457 3419 527 pedes
3443 456 3568 531 ejus
3591 471 3649 518 et
3667 463 3815 524 dixit;

556 563 844 612 annorum,
869 555 923 603 et
944 546 989 604 si
1019 546 1147 616 quid
1171 545 1314 601 aliud
1340 546 1406 600 de
1442 559 1500 600 re
1535 551 1678 599 tanta
1708 544 1792 600 vel
1834 544 1936 602 hoc
1982 547 2143 604 modo

554 644 639 698 vel
667 641 948 698 sublimius
973 639 1191 709 intelligi
1220 648 1414 709 potest.
1449 640 1584 694 Dum
1609 650 1789 696 tamen
1814 655 1919 696 non
1944 639 2142 697 frustra

498 806 501 807 ν
554 736 884 792 arbitremur
917 735 1048 789 tales
1077 749 1140 789 ac
1160 742 1339 789 tantos
1383 733 1630 791 homines
1656 733 1773 801 Dei,
1799 744 1998 792 tantam
2025 751 2144 808 ges-

555 828 697 884 sisse
719 841 899 883 curam
926 840 1024 897 pro
1054 827 1382 896 sepeliendis
1409 826 1731 897 corporibus
1772 828 1904 893 suis,
1931 843 2052 885 cum
2075 832 2146 885 sit

556 931 718 995 atque
746 937 869 979 esse
902 921 1094 977 debeat
1123 921 1358 977 fidelium
1398 922 1498 977 ista
1544 921 1832 990 securitas,
1855 922 1998 993 quod
2028 924 2145 978 ubi-

555 1030 770 1084 cunque
824 1030 1052 1086 corpora
1093 1029 1280 1071 eorum
1329 1014 1686 1085 sepeliantur,
1750 1015 1835 1071 vel
1881 1016 2148 1086 insepulta

557 1108 718 1164 etiam
751 1123 846 1180 per
876 1106 1214 1168 inimicorum
1246 1107 1455 1164 rabiem
1494 1108 1888 1179 relinquantur,
1933 1117 2026 1162 aut
2045 1123 2144 1178 pro

557 1217 752 1258 eorum
787 1201 1010 1258 libidine
1037 1201 1328 1258 dilacerata
1352 1202 1728 1270 absumantur,
1765 1217 1870 1257 non
1909 1202 2031 1259 ideo
2059 1203 2144 1258 vel

557 1298 738 1351 minus
765 1296 1047 1367 integram,
1082 1295 1168 1352 vel
1199 1296 1378 1352 minus
1421 1295 1711 1366 gloriosam
1738 1310 1928 1352 eorum
1951 1310 2144 1352 resur-

554 1391 852 1448 rectionem
891 1392 1143 1446 futuram.

1045 1565 1050 1576 ,
1149 1522 1378 1580 CAPUT
1413 1521 1549 1579 CIII.

557 1644 696 1711 Quid
707 1645 773 1698 sit
799 1643 936 1714 quod
962 1643 1208 1713 scriptum
1244 1650 1354 1696 est:
1379 1641 1447 1695 Et
1477 1643 1746 1712 appositus
1776 1652 1849 1714 est
1877 1644 1946 1697 ad
1975 1651 2143 1713 patres

699 1732 842 1781 suos;
865 1730 929 1768 ea:
960 1715 1138 1768 eodem
1161 1713 1293 1768 libro
1323 1714 1679 1779 Questionum
1706 1717 1768 1768 de
1791 1713 1993 1769 Genesi.

2249 547 2407 603 Stetit
2440 548 2655 616 sanguis
2699 545 3119 602 circumcisionis
3151 546 3368 603 infantis
3408 551 3543 615 mei,
3576 562 3630 608 et
3660 569 3816 610 reces-

2245 640 2312 696 sit
2343 640 2412 693 ab
2432 655 2532 705 eo;
2565 651 2780 712 pr0pter
2804 639 2944 712 quod
2971 640 3137 695 dixit:
3169 642 3268 697 Des
3290 642 3578 718 iitsanguis
3604 649 3814 705 circum~

2246 731 2485 786 cisionis.
2523 732 2756 793 Primum
2784 733 3039 804 quaeritur
3067 749 3223 805 quem
3251 735 3467 792 volebat
3492 738 3723 806 angelus
3743 757 3816 797 oc-

2249 826 2453 892 cidere,
2483 836 2658 882 utrum
2682 826 2885 894 Mosen,
2909 827 3030 897 quia
3061 827 3262 882 dictum
3287 837 3392 895 est,
3420 832 3672 887 occurrit
3690 835 3733 887 ei
3751 851 3816 889 an-

2246 919 2400 989 gelus
2430 928 2482 974 et
2509 919 2786 990 quaerebat
2821 934 2943 975 eum
2971 920 3254 975 occidere?
3281 920 3411 976 Nam
3438 923 3531 978 cui
3577 924 3814 992 potabitur

2247 1011 2550 1066 occurrisse
2568 1012 2864 1083 nisiilliqui
2886 1013 3136 1069 universo
3157 1029 3372 1070 suorum
3397 1016 3688 1070 comitatui
3707 1033 3813 1088 pra:-

2247 1101 2348 1157 fuit
2372 1143 2386 1168 ,
2419 1112 2473 1159 et
2500 1119 2530 1158 a
2558 1120 2662 1175 quo
2692 1107 2873 1162 cmteri
2902 1106 3276 1164 ducebantur?
3306 1108 3387 1164 An
3434 1124 3674 1178 puerum
3700 1127 3812 1181 quai-

2248 1193 2401 1251 rebat
2429 1195 2704 1264 occidere,
2734 1196 2819 1253 cui
2867 1205 3037 1254 mater
3073 1199 3515 1257 circumcidendo
3567 1202 3811 1272 subvenit,

2248 1296 2305 1342 ut
2324 1287 2393 1342 ob
2421 1289 2523 1344 hoc
2549 1288 2874 1360 intelligatur
2894 1289 3138 1347 occidere
3167 1291 3399 1348 voluisse
3425 1291 3699 1349 infantem
3721 1297 3812 1365 quia

2247 1395 2355 1436 non
2387 1391 2501 1436 erat
2525 1382 2897 1449 circumcisus,
2923 1393 3083 1453 atque
3130 1385 3203 1438 ita
3248 1387 3462 1441 sancire
3516 1398 3812 1456 prmeeptum

2246 1474 2673 1531 circumcisionis
2703 1477 2990 1531 severitate
3022 1474 3316 1531 vindicta?
3348 1477 3506 1544 Quod
3557 1477 3605 1532 si
3644 1479 3709 1532 ita
3735 1489 3809 1542 est,

2247 1568 2508 1625 incertum
2531 1579 2614 1624 est
2635 1570 2786 1640 prius
2807 1569 2874 1625 de
2901 1584 3006 1640 quo
3032 1569 3260 1638 dixerit,
3285 1568 3589 1636 Quaerebat
3609 1586 3722 1627 eum
3743 1585 3809 1625 oc-

2248 1662 2451 1731 cidere,
2480 1661 2606 1731 quia
2634 1663 2908 1732 ignoratur
2933 1676 3090 1733 quem
3121 1661 3226 1715 nisi
3264 1675 3332 1716 ex
3381 1663 3808 1732 consequentibus

2247 1755 2569 1824 reperiatur,
2593 1756 2728 1810 mira
2755 1754 2934 1827 [sane]
2955 1754 3224 1809 locutione
3247 1763 3301 1809 et
3332 1754 3597 1809 inusitata
3622 1764 3675 1809 ut
3697 1756 3810 1824 prius

624 1827 926 1884 Videndum
942 1827 1212 1897 quomodo
1228 1826 1411 1881 dicant
1436 1827 1730 1896 Scriptum
1759 1827 1901 1900 quod
1926 1827 2142 1884 assidue

2252 1848 2456 1904 diceret
2498 1847 2730 1903 occurrit
2758 1826 2848 1912 ei,
2877 1856 2931 1902 et
2978 1846 3253 1916 quaerebat
3298 1861 3424 1904 eum
3474 1848 3808 1912 occidere,dc

555 1921 740 1977 dicunt
769 1921 835 1976 de
865 1919 1091 1975 mortuis
1123 1937 1134 1972 :
1172 1921 1236 1974 Et
1267 1920 1542 1990 appositus
1570 1930 1652 1975 est
1681 1921 1748 1975 ad
1781 1931 1960 1991 patres
1987 1935 2135 1988 suos,

551 2012 636 2067 vel
666 2012 946 2082 appositus
974 2021 1057 2066 est
1103 2010 1168 2066 ad
1202 2011 1455 2082 p0pulum
1485 2027 1664 2069 suum.
1711 2013 1852 2069 Ecce
1896 2013 2042 2068 enim
2075 2013 2144 2069 de

552 2106 718 2162 Jacob
744 2105 936 2160 dicitur
963 2104 1073 2175 jam
1104 2105 1318 2174 quidem
1351 2114 1596 2173 mortuo,
1640 2105 1734 2161 sed
1775 2105 2014 2160 nondum
2057 2120 2142 2160 se-

551 2198 720 2270 pulto,
755 2207 809 2254 et
839 2197 905 2252 ad
932 2212 1089 2268 quem
1124 2197 1378 2267 pOpqum
1405 2209 1705 2267 apponatur
1737 2214 1843 2252 non
1877 2198 1928 2252 in
1960 2212 2142 2267 prom-

551 2301 648 2362 ptu
676 2299 760 2347 est
790 2291 995 2346 videre.
1028 2289 1107 2344 Ex
1146 2289 1240 2344 illo
1267 2290 1410 2344 enim
1445 2289 1671 2360 populus
1703 2291 1850 2360 prior
1882 2289 2140 2355 nascitur,

552 2387 643 2458 qui
674 2385 848 2442 dictus
875 2394 958 2441 est
989 2385 1218 2456 populus
1246 2385 1442 2451 Israel,
1475 2386 1563 2456 qui
1590 2399 1719 2440 vero
1748 2400 1870 2439 eum
1913 2397 2145 2454 princes-

551 2488 761 2546 serunt,
792 2487 900 2534 tam
930 2478 1082 2550 pauci
1109 2478 1242 2549 justi
1281 2477 1645 2543 nominantur,
1681 2486 1737 2532 ut
1764 2492 1858 2533 eos
1887 2477 2144 2547 pepulum

552 2572 824 2645 appellare
846 2579 1178 2626 cunctemur.
1206 2569 1336 2625 Nam
1360 2572 1402 2624 si
1429 2571 1631 2625 dictum
1655 2580 1828 2625 esset:
1855 2570 2144 2638 Appositus

553 2674 636 2720 est
659 2664 725 2719 ad
756 2673 934 2734 patres
957 2678 1105 2728 suos,
1137 2663 1281 2717 nulla
1312 2662 1539 2732 qurestio
1571 2662 1744 2716 ﬁeret.
1772 2661 1851 2715 An
1883 2659 2021 2716 forte
2044 2675 2145 2730 po-

550 2757 712 2826 pulus
743 2765 845 2822 est,
880 2771 984 2811 non
1016 2755 1189 2810 solum
1218 2754 1495 2809 hominum
1521 2763 1850 2817 sanctorum,
1879 2768 2065 2807 verum
2090 2759 2148 2808 et

549 2850 866 2921 angelorum
918 2849 1146 2919 populus
1194 2846 1426 2902 civitatis
1467 2846 1635 2915 illius,
1669 2845 1811 2900 unde
1841 2845 2039 2899 dicitur
2078 2845 2148 2899 ad

549 2943 809 2998 Hebraeos
840 2961 851 2995 :
885 2943 992 2998 Sed
1019 2942 1326 2998 accessistis
1367 2940 1434 2995 ad
1467 2950 1705 2996 montem
1746 2940 1878 2997 Sion
1907 2948 1962 2996 et
1987 2940 2052 2994 ad
2074 2939 2151 2994 ci-

549 3037 770 3091 vitatem
801 3037 896 3092 Dei
929 3037 1296 3100 Hierusalem,
1331 3044 1386 3090 et
1413 3035 1480 3089 ad
1504 3035 1667 3090 millia
1698 3036 2011 3106 angelorum
2054 3051 2150 3091 ex-

549 3126 886 3184 sultantium.
920 3126 1052 3180 Huic
1082 3126 1279 3194 papulo
1303 3134 1646 3193 apponuntur
1675 3127 1765 3195 qui
1797 3125 1937 3180 hanc
1981 3125 2148 3180 vitam

549 3221 823 3327 ριειοετιιεε
1014 3218 1229 3274 auium.
1257 3218 1408 3274 τυηε
1438 3218 1590 3327 sum
1627 3217 1898 3327 ρίαυηιιπ,
1918 3219 2138 3289 apponi.
2171 3254 2226 3319 ο
2249 3217 2903 3327 έίεςιςζεέέῑεηξιαέηέέιςίε
2936 3217 3167 3323 suum;

549 3313 765 3384 quando
790 3312 938 3368 nulla
966 3310 1076 3383 jam
1101 3318 1347 3366 remanet
1370 3310 1678 3366 sollicitudo
1710 3310 2064 3367 tentationum
2088 3321 2144 3368 et

547 3406 854 3478 periculum
886 3412 1253 3476 peccatorum.
1280 3403 1436 3471 Quod
1481 3404 1696 3459 intuens
1739 3403 1814 3457 ait
1842 3401 2140 3474 Scriptura,

549 3499 689 3558 Ante
713 3509 946 3558 mortem
972 3514 1044 3558 ne
1071 3498 1257 3556 laudes
1283 3496 1560 3554 hominem
1589 3511 1932 3568 quemquam.

1153 3631 1384 3690 CAPUT
1408 3630 1543 3687 CIV.

552 3723 628 3781 De
653 3723 795 3779 tum
807 3738 958 3793 quem
989 3723 1109 3793 feeit
1132 3723 1333 3847 ιοεῖνι
1357 3724 1495 3806 putri
1515 3739 1613 3778 suo
1635 3733 1827 3793 septem
1845 3725 2060 3790 diebus;
2081 3741 2148 3781 ea:

1170 3810 1234 3850 eo
1273 3811 1353 3850 em
1380 3794 1531 3850 libro.

622 3911 689 3968 Et
714 3910 844 3969 fecit
861 3910 1063 3967 luctum
1080 3910 1221 3982 patri
1245 3924 1345 3967 suo
1359 3917 1569 3982 septem
1586 3911 1727 3970 dies.
1752 3911 1951 3968 Nescio
1965 3921 2146 3970 utrum

546 4009 860 4068 inveniatur
885 4007 1115 4080 alicujus
1142 4014 1450 4064 sanctorum
1484 4008 1542 4065 in
1581 4008 1873 4080 Scripturis
1900 4009 2148 4065 celebra-

547 4108 661 4158 tum
687 4116 810 4158 esse
829 4100 1032 4156 luctum
1071 4115 1265 4156 novem
1287 4100 1426 4168 dies,
1460 4101 1604 4172 quod
1623 4101 1766 4172 apud
1795 4100 2019 4157 Latinos
2047 4115 2146 4157 no-

549 4195 814 4252 vendialia
846 4191 1145 4264 appellant.
1178 4191 1331 4250 Unde
1356 4192 1488 4249 mihi
1516 4193 1769 4250 videntur
1794 4193 1863 4249 ab
1891 4192 1992 4248 hac
2019 4206 2145 4248 con-

547 4287 832 4344 suetudine
856 4285 1206 4353 prohibendi,
1239 4286 1398 4356 siqui
1429 4286 1862 4342 Christianorum
1893 4287 2054 4342 istum
2086 4287 2142 4342 in

553 4378 785 4435 mortuis
807 4379 919 4432 suis
940 4393 1225 4433 numerum
1257 4387 1492 4448 servant,
1516 4380 1609 4448 qui
1634 4380 1803 4450 magis
1831 4386 1916 4435 est
1938 4379 1991 4434 in
2015 4394 2145 4448 gen-

549 4472 729 4527 tilium
758 4469 1170 4526 consuetudine.
1215 4471 1494 4540 Septimns
1532 4487 1662 4527 vero
1691 4471 1807 4526 dies
1853 4473 2148 4528 auctorita-

551 4573 658 4618 tem
688 4562 741 4618 in
769 4562 1061 4632 Scriptnris
1088 4562 1271 4630 habet,
1305 4561 1447 4618 unde
1468 4562 1575 4618 alio
1603 4564 1720 4618 loco
1747 4563 2004 4632 scriptum
2025 4572 2130 4632 est,

2247 1957 2353 2012 quo
2381 1941 2515 1997 nihil
2545 1951 2669 1996 ante
2696 1941 2927 1996 dixerat.
2957 1940 3063 1995 Sed
3090 1940 3210 1994 talis
3233 1949 3317 1994 est
3348 1941 3400 1994 in
3429 1941 3638 2011 psalmo
3663 1958 3674 1992 :
3700 1939 3809 1995 Fun~

2247 2041 2496 2095 damenta
2526 2039 2644 2108 ejus
2666 2039 2719 2092 in
2761 2038 3030 2092 montibus
3057 2036 3290 2101 sanetis;
3325 2036 3501 2107 diligit
3541 2034 3810 2108 [Dominus]

2248 2133 2390 2188 Deus
2418 2141 2599 2202 portas
2631 2132 2783 2187 Sion.
2811 2131 2866 2185 In
2890 2131 2972 2186 his
2998 2130 3142 2186 enim
3164 2131 3346 2185 verbis
3368 2131 3603 2187 Psalmus
3620 2130 3805 2199 incipit,

2247 2242 2347 2284 nec
2373 2227 2571 2297 aliquid
2600 2226 2669 2281 de
2708 2227 2800 2282 illo
2827 2227 2908 2280 vel
2937 2226 3008 2281 de
3055 2226 3148 2282 illa
3174 2226 3407 2290 dixerat,
3445 2227 3594 2294 cujus
3619 2225 3805 2279 funda-

2248 2331 2428 2377 menta
2471 2320 2697 2389 intelligi
2744 2320 2912 2375 voluit
2942 2319 3130 2374 dicens
3165 2336 3180 2373 :
3228 2319 3569 2375 Fundamenta
3595 2320 3704 2388 ejus
3746 2318 3799 2372 in

2247 2415 2524 2472 montibus
2551 2414 2787 2480 sanctis;
2817 2413 2912 2469 sed
2937 2415 3061 2482 quia
3087 2414 3332 2484 sequitur
3359 2412 3529 2483 Diligit
3561 2412 3807 2467 Deminus

2247 2518 2432 2580 portas
2459 2507 2610 2574 Sion,
2638 2523 2765 2578 ergo
2797 2506 3144 2562 fundamenta
3185 2508 3269 2563 vel
3317 2507 3531 2562 Domini
3556 2506 3634 2562 vel
3673 2505 3805 2570 Sion,

2251 2601 2350 2674 [et]
2380 2601 2446 2657 ad
2472 2600 2769 2655 faciliorem
2796 2614 3015 2654 sensum
3039 2599 3208 2670 magis
3238 2599 3368 2655 Sion
3401 2609 3460 2654 ut
3497 2598 3803 2653 fundamenta

2250 2695 2485 2750 civitatis
2509 2693 2860 2762 accipiantur.
2891 2691 3002 2747 Sed
3016 2692 3138 2762 quia
3161 2694 3211 2748 in
3237 2692 3340 2746 hoc
3364 2695 3677 2761 pronomine
3693 2685 3803 2758 quod

2252 2801 2336 2847 est
2367 2791 2506 2860 ejus,
2537 2805 2706 2859 genus
2731 2790 3039 2858 ambiguum
3089 2799 3204 2852 est,
3229 2789 3411 2844 omnis
3457 2790 3606 2844 enim
3633 2786 3799 2856 generis

2253 2893 2337 2940 est
2367 2885 2468 2939 hoc
2497 2899 2812 2953 pronomen,
2844 2883 2896 2937 id
2937 2892 3020 2939 est
3061 2882 3377 2949 masculini,
3416 2892 3474 2938 et
3500 2880 3726 2943 feminini,
3752 2885 3797 2933 et

2253 2977 2458 3042 neutri,
2492 2977 2547 3032 in
2576 2977 2768 3032 Graeco
2811 2985 2989 3031 autem
3021 2978 3073 3031 in
3109 2975 3374 3031 feminino
3409 2992 3614 3046 genere
3637 2976 3794 3028 dicatur

2254 3072 2490 3146 [dicitur]
2522 3075 2710 3138 αὐτῆς,
2741 3072 3036 3128 masculino
3062 3081 3114 3128 et
3150 3081 3343 3127 neutro
3370 3075 3536 3129 αὐτοῦ
3557 3115 3573 3137 ,
3604 3083 3650 3126 et
3673 3067 3799 3124 habet

2254 3166 2423 3220 codex
2449 3164 2667 3220 Graecus
2688 3167 2870 3228 αὐτοῦ,
2889 3165 3028 3233 cogit
3049 3163 3348 3232 intelligere
3369 3178 3482 3219 non
3507 3163 3795 3217 fundamenta

3200 3257 3253 3312 id
3293 3268 3379 3312 est
3420 3273 3544 3327 quin
3573 3253 3800 3313 constituit

2250 3353 2533 3421 Dominus,
2564 3353 2633 3408 de
2661 3368 2767 3422 quo
2797 3352 2999 3406 dictum
3029 3360 3113 3407 est
3138 3367 3152 3404 :
3180 3349 3486 3406 Edilicans
3512 3347 3800 3404 Hierusalem

2248 3449 2528 3505 Dominus.
2575 3446 2686 3502 Nec
2723 3447 2854 3502 Sion
2886 3454 3063 3500 tamen
3100 3460 3200 3501 nec
3230 3445 3520 3500 Dominum
3557 3453 3694 3498 antea
3717 3452 3799 3493 no-

2248 3542 2548 3598 minaverat
2566 3554 2688 3595 cum
2717 3539 2938 3604 diceret,
2964 3538 3330 3593 Fundamenta
3352 3542 3470 3608 ejus
3497 3537 3549 3592 in
3565 3533 3803 3592 montibus

2248 3637 2475 3699 sanctis,
2515 3634 2594 3688 sic
2621 3642 2676 3688 et
2701 3633 2788 3687 hic
2816 3633 3049 3688 nondum
3081 3631 3363 3688 nominato
3397 3632 3597 3688 infante
3625 3629 3808 3684 dictum

2248 3738 2353 3797 est,
2381 3727 2613 3785 occurrit
2635 3727 2708 3793 ei,
2737 3737 2792 3782 et
2810 3727 3085 3796 quaerebat
3103 3741 3229 3782 eum
3259 3727 3514 3787 occidere,
3538 3736 3589 3776 ut
3615 3721 3687 3777 de
3715 3732 3813 3789 quo

2249 3822 2446 3879 dixerit
2470 3823 2528 3877 in
2555 3821 3008 3891 consequentibus
3035 3835 3395 3890 agnoscamus.
3422 3817 3727 3885 Quanquam
3757 3821 3816 3867 et

2251 3918 2301 3974 si
2331 3917 2397 3970 de
2423 3917 2574 3972 IIose
2601 3915 2849 3986 accipere
2885 3916 3168 3986 quisquam
3199 3914 3436 3981 voluerit,
3460 3926 3562 3965 non
3587 3918 3675 3963 est
3702 3921 3819 3961 ma-

2250 4023 2488 4080 gnopere
2516 4007 2897 4065 resistendum.
2939 4007 3076 4062 Illud
3121 4008 3304 4077 potius
3343 4005 3478 4077 quod
3511 4002 3752 4072 sequitur
3777 3999 3815 4053 si

2250 4101 2368 4156 fieri
2392 4109 2570 4171 potest
2589 4100 2919 4169 intelligatur
2945 4100 3072 4170 quid
3091 4099 3192 4155 sibi
3225 4099 3375 4165 velit,
3406 4099 3524 4153 ideo
3545 4097 3814 4151 recessisse

2250 4192 2498 4262 angelum
2527 4192 2596 4245 ab
2626 4191 2995 4247 interfectione
3019 4189 3307 4260 cujuslibet
3331 4203 3518 4245 eorum
3546 4187 3668 4257 quia
3704 4184 3812 4238 dixit

2249 4283 2444 4338 mulier
2476 4300 2490 4336 :
2518 4280 2679 4338 Stetit
2707 4283 2924 4352 sanguis
2967 4282 3395 4337 circumcisionis
3440 4281 3692 4344 infantis;
3729 4291 3814 4330 no

2249 4377 2395 4432 enim
2416 4377 2511 4443 ait,
2539 4377 2760 4432 recessit
2793 4376 2861 4431 ab
2885 4391 2952 4432 eo
2977 4384 3197 4446 propter
3223 4376 3368 4447 quod
3399 4374 3725 4430 circumcidit
3749 4370 3812 4423 in-

2249 4470 2480 4535 fantem,
2509 4470 2604 4525 sed
2631 4470 2753 4539 quia
2790 4471 2942 4525 stetit
2981 4469 3198 4539 sanguis
3243 4470 3697 4530 circumcisionis,
3727 4477 3815 4517 nol

2251 4563 2374 4632 quia
2401 4564 2660 4630 cucurrit,
2682 4562 2780 4620 sed
2807 4562 2933 4633 quia
2978 4562 3163 4628 stetit;
3203 4576 3404 4634 magno
3435 4564 3546 4618 nisi
3575 4561 3707 4616 fallor
3731 4568 3810 4608 sa-

549 4655 756 4711 Luctus
795 4655 993 4710 mortui
1039 4663 1246 4724 septem
1294 4655 1529 4721 dierum,
1559 4654 1695 4709 fatui
1723 4662 1904 4709 autem
1952 4669 2142 4712 omnes
2169 4655 2546 4719 Dcramento.

549 4747 669 4803 dies
696 4747 821 4802 vitae
844 4746 983 4816 ejus.
1016 4746 1363 4818 Septenarins
1403 4755 1584 4803 autem
1634 4760 1889 4801 numerus
1921 4755 2144 4816 propter

548 4839 760 4898 sabbati
782 4848 1176 4895 sacramentum
1205 4841 1473 4909 praecipue
1508 4839 1704 4909 quietis
1752 4837 2009 4893 indicium
2034 4847 2138 4906 est,

547 4935 695 4989 unde
725 4931 923 4988 merito
950 4932 1175 4988 mortuis
1205 4940 1458 5002 tanquam
1486 4930 1950 5003 requiescentibus
1987 4929 2141 4985 exhi-

548 5024 708 5082 betur
739 5043 752 5079 :
784 5039 942 5092 quem
974 5033 1153 5080 tamen
1184 5039 1467 5080 numerum
1515 5024 1567 5079 in
1602 5024 1748 5078 luctu
1782 5022 1948 5078 Jacob
1975 5021 2139 5077 decu-

549 5116 833 5186 plaverunt
856 5113 1130 5188 Egyptii,
1170 5115 1262 5186 qui
1289 5129 1412 5170 eum
1453 5114 1789 5185 septuaginta
1829 5113 1948 5170 dies
1981 5112 2135 5168 luxe-

548 5218 697 5268 runt.
859 5219 862 5222 ’

1156 5322 1386 5381 CAPUT
1409 5323 1521 5379 CV.

549 5415 632 5476 De
660 5435 720 5476 eo
742 5420 877 5490 quod
895 5422 1143 5490 scriptum
1166 5417 1316 5490 estin
1340 5415 1557 5471 Exodo:
1589 5414 1821 5490 φρίκη-ᾔ
1847 5415 1894 5468 ei
1921 5412 2137 5490 angelus

623 5500 673 5618 ἓ
728 5485 924 5615 silebat
983 5485 1096 5545 eum
1149 5489 1421 5555 occidere;
1473 5502 1537 5540 ea:
1589 5485 1718 5539 libro
1777 5485 2134 5551 Quwstienum

673 5577 740 5616 πο
777 5578 817 5616 ι.

622 5655 682 5710 In
705 5671 770 5711 eo
797 5655 938 5726 quod
961 5655 1220 5722 scriptum
1251 5663 1371 5710 est:
1401 5653 1471 5707 Et
1507 5651 1709 5706 factum
1740 5659 1822 5704 est
1850 5650 1908 5704 in
1938 5650 2022 5704 via
2067 5649 2138 5705 ad

554 5748 925 5817 refectionem,
953 5749 1194 5804 obviavit
1239 5751 1288 5805 ei
1336 5748 1556 5820 angelus
1601 5755 1656 5802 et
1683 5745 1962 5817 quaerebat
2009 5759 2138 5801 eum

537 5843 831 5914 occidere,
858 5852 914 5900 et
938 5854 1214 5916 assumpto
1261 5843 1504 5915 Sephora
1549 5841 1755 5898 calculo
1795 5838 2134 5897 circumcidit

2843 4791 3072 4849 CAPUT
3107 4790 3244 4846 CVI.

2251 4908 2326 4962 De
2350 4923 2409 4962 eo
2433 4907 2570 4977 quod
2600 4905 2807 4960 assidue
2832 4903 2971 4977 Deus
2998 4904 3123 4977 dicit
3154 4919 3172 4957 :
3199 4900 3480 4977 Induraho
3492 4919 3590 4977 cor,
3607 4900 3820 4977 Pharas-

2459 4977 2538 5032 nis
2559 4993 2578 5041 ,'
2601 4994 2662 5031 ex
2688 4978 2862 5031 eodem
2884 4976 3015 5030 libro
3045 4975 3398 5042 Quaestionum
3432 4973 3636 5028 Exodi.

2321 5089 2546 5144 Assidue
2573 5090 2712 5143 Deus
2741 5088 2903 5143 dicit:
2930 5086 3200 5141 Induraho
3227 5101 3322 5141 cor
3346 5085 3658 5143 Pharaonis
3685 5099 3736 5143 et
3759 5099 3830 5138 ve-

2253 5181 2332 5237 lut
2357 5195 2574 5235 causam
2624 5180 2787 5235 infert
2816 5195 2913 5236 cur
2941 5181 3048 5234 hoc
3107 5179 3289 5234 faciat.
3324 5179 3632 5247 Induraho,
3661 5181 3835 5251 inquit,

2249 5288 2342 5328 cor
2372 5271 2686 5338 Pharaonis,
2711 5271 2873 5327 etiam
2921 5270 3154 5341 implebo
3181 5271 3334 5341 signa
3381 5286 3500 5327 mea
3547 5272 3757 5345 [faciat.
3789 5271 3838 5322 Et

2246 5369 2482 5440 implebo
2511 5370 2662 5438 signa
2685 5364 2828 5438 mea]
2850 5375 2904 5422 et
2931 5375 3178 5436 portenta
3202 5380 3319 5421 mea
3352 5367 3404 5420 in
3436 5366 3716 5437 Egypto,
3740 5377 3842 5419 tau—

2244 5477 2402 5532 quam
2445 5461 2750 5516 necessaria
2788 5458 2948 5514 fuerit
2982 5459 3268 5513 obduratio
3308 5459 3490 5515 cordis
3547 5460 3848 5514 Pharaonis

2244 5567 2304 5612 ut
2349 5557 2502 5626 signa
2556 5555 2649 5610 Dei
2702 5553 3183 5623 multiplicarentur
3234 5552 3318 5608 vel
3376 5552 3755 5622 implerentur
3803 5553 3852 5603 in

2244 5648 2495 5720 Egypto.
2529 5648 2700 5703 Utitur
2730 5662 2858 5717 ergo
2877 5646 3020 5701 Deus
3046 5646 3181 5701 bene
3214 5646 3472 5702 cordibus
3496 5647 3672 5701 malis
3707 5643 3856 5716 adjd

2244 5743 2388 5812 quod
2415 5741 2526 5796 vult
2553 5740 2841 5796 ostendere
2869 5739 3054 5803 bonis,
3080 5743 3160 5794 vel
3201 5754 3336 5809 quos
3369 5739 3626 5794 facturus
3655 5751 3751 5796 est
3773 5741 3861 5794 ho-

2245 5849 2345 5891 nos
2371 5835 2520 5906 [quid
2553 5834 2790 5892 facturus
2821 5842 2905 5889 est
2950 5829 3161 5903 bonis],
3193 5840 3248 5888 et
3281 5832 3534 5902 quamvis
3582 5834 3869 5890 uniuscu-
