3968 6390
175 338 277 396 717

1414 345 1852 408 THESAURUS.
1891 352 2043 410 CAP.
2084 353 2220 414 CIX.

3319 371 3426 429 718

169 452 362 554 jusque
391 453 572 554 cordis
612 453 667 554 in
712 453 915 510 malitia
957 456 1222 527 qualitas,
1258 457 1311 514 id
1342 468 1426 516 est
1470 463 1628 531 quale
1662 480 1755 521 cor
1782 471 1837 532 Α
1862 477 1999 526 terra
2040 472 2369 543 gignentium
2416 483 2684 532 creatures
2722 476 2937 534 dicendi
2980 489 3138 551 sunt,
3187 491 3431 554 quamvis

172 544 366 600 habeat
412 546 476 599 ad
517 547 750 616 malum,
783 563 882 603 suo
926 550 1017 603 Iiat
1069 551 1199 605 vitio
1240 553 1383 622 quod
1427 554 1650 611 inolevit
1688 571 1754 610 ex

172 637 392 692 arbitrio
449 640 778 708 voluntatis,
839 655 901 697 ea
953 653 1128 699 tamen
1186 646 1447 716 qualitate
1506 648 1644 701 mala
1697 656 1758 703 ut

170 727 275 782 huc
317 729 402 783 vel
433 729 560 785 illuc
609 741 909 802 moveatur,
957 750 1078 789 cum
1133 735 1235 791 huc
1274 738 1388 794 sive
1442 739 1568 793 illuc
1615 741 1756 797 male

168 831 484 890 moveatur,
541 825 718 880 causis
774 825 834 881 ﬁt
889 827 1080 897 quibus
1137 829 1348 886 animus
1418 833 1752 902 propellitur.

168 913 298 980 Quae
334 930 509 972 causa:
566 925 623 971 ut
664 919 895 975 existant
942 920 1026 975 vel
1075 937 1179 976 non
1231 923 1461 979 existant
1508 939 1614 980 non
1673 935 1756 982 est

165 1007 218 1063 in
266 1008 500 1064 hominis
549 1019 842 1079 potestate,
877 1013 971 1068 sed
1009 1015 1230 1070 veniunt
1275 1031 1340 1070 ex
1382 1018 1587 1072 occulta
1631 1033 1755 1086 pro-

164 1098 402 1155 videntia
447 1101 740 1170 justissima
791 1103 950 1172 plane
976 1113 1031 1159 et
1073 1105 1499 1175 sapientissima,
1531 1107 1751 1163 univer-

162 1208 284 1248 sum
315 1194 456 1264 quod
481 1198 685 1251 creavit
714 1196 1047 1267 disponentis
1077 1208 1131 1255 et
1159 1201 1586 1255 administrantis
1627 1201 1746 1256 Dei.

160 1287 270 1358 66
303 1287 371 1343 Ut
398 1302 526 1360 ergo
561 1289 664 1345 tale
690 1305 784 1346 cor
818 1291 1041 1347 haberet
1083 1292 1292 1349 Pharao
1321 1293 1463 1362 quod
1493 1295 1748 1363 patientia

158 1380 258 1436 Dei
285 1397 391 1436 non
420 1393 727 1438 moveretur
750 1383 815 1439 ad
842 1384 1115 1454 pietatem,
1145 1387 1238 1440 sed
1266 1385 1444 1456 potius
1467 1385 1532 1439 ad
1561 1385 1748 1456 impie-

156 1482 351 1540 tatem,
399 1475 512 1529 vitii
568 1477 770 1546 proprii
813 1477 934 1534 fuit.
956 1477 1110 1545 Quod
1153 1492 1282 1534 vero
1322 1493 1384 1533 ea
1429 1476 1568 1532 facta
1600 1488 1744 1544 sunt,

151 1565 350 1634 quibus
396 1581 490 1619 cor
531 1581 631 1622 suo
659 1569 790 1624 vitio
819 1578 926 1625 tam
971 1570 1262 1641 malignum
1309 1572 1586 1627 resisteret
1625 1571 1744 1641 jus-

152 1655 400 1712 sionibus
426 1657 526 1713 Dei
559 1659 691 1729 (hoc
717 1670 802 1718 est
841 1661 982 1718 enim
1011 1663 1154 1731 quod
1193 1662 1388 1719 dicitur
1412 1664 1740 1729 induratum,

149 1750 280 1817 quia
323 1764 430 1804 non
459 1749 772 1806 ﬂexibiliter
799 1753 1204 1821 consentiebat,
1247 1755 1341 1810 sed
1380 1755 1744 1812 inflexibiliter

150 1840 494 1912 resistebat),
523 1842 943 1912 dispensationis
971 1846 1068 1900 fuit
1093 1846 1295 1901 divinae
1323 1862 1427 1918 qua
1456 1847 1550 1901 tali
1592 1847 1740 1903 cordi
1772 1865 1824 1927 Β

148 1945 263 1987 non
286 1934 461 1989 solum
481 1949 591 1990 non
623 1936 843 2005 injuste,
868 1936 963 1992 sed
991 1937 1272 1994 evidenter
1290 1939 1433 2008 justa
1463 1953 1619 2008 poena
1649 1954 1744 2008 pa-

148 2030 395 2095 rabatur,
439 2046 542 2102 qua
582 2033 834 2088 timentes
866 2033 1032 2088 Deum
1073 2034 1486 2102 corrigerentur.
1541 2033 1743 2104 Propo-

147 2126 258 2182 sito
287 2125 485 2196 quippe
515 2125 698 2195 lucro,
728 2127 881 2183 verbi
907 2128 1102 2198 gratia,
1149 2136 1368 2198 propter
1394 2127 1534 2198 quod
1566 2128 1741 2182 homi-

146 2217 354 2273 cidium
393 2218 786 2287 committatur,
837 2220 996 2275 aliter
1035 2234 1255 2287 avarus,
1304 2221 1460 2277 aliter
1498 2221 1739 2290 pecunia:

144 2318 490 2381 contemptor
529 2321 813 2368 movetur:
846 2314 937 2368 ille
963 2314 1173 2369 scilicet
1199 2313 1267 2367 ad
1311 2313 1517 2367 facinus
1548 2327 1735 2382 perpe-

143 2401 422 2466 trandum,
453 2402 545 2458 ille
565 2404 630 2456 ad
659 2404 984 2470 cavendum,
1016 2407 1186 2474 ipsius
1214 2414 1396 2462 tamen
1439 2406 1570 2460 lucri
1604 2420 1737 2476 pro-

147 2491 354 2560 positio
399 2492 456 2546 in
493 2493 720 2564 alicujus
766 2495 982 2550 illorum
1028 2504 1295 2565 potestate
1341 2512 1449 2552 non
1491 2497 1616 2552 fuit.
1666 2497 1742 2552 Ita

142 2594 332 2636 causae
357 2582 583 2638 veniunt
613 2585 923 2642 hominibus
961 2588 1117 2642 malis
1138 2629 1153 2652 ,
1185 2603 1304 2658 qua
1333 2603 1441 2644 non
1469 2598 1595 2643 sunt
1625 2589 1744 2659 qui-

140 2668 275 2726 dem
319 2673 372 2726 in
415 2688 606 2730 eorum
658 2685 946 2745 potestate,
995 2678 1090 2733 sed
1139 2678 1242 2734 hoc
1284 2678 1352 2736 de
1392 2679 1502 2734 illis
1542 2679 1743 2735 faciunt

141 2763 338 2833 quales
380 2781 478 2822 eos
515 2768 822 2824 invenerint
859 2771 967 2839 jam
1019 2771 1190 2828 factos
1237 2774 1470 2843 propriis
1495 2773 1638 2829 vitiis
1675 2789 1741 2829 ex

140 2859 419 2926 praeterita
437 2860 734 2917 voluntate.
771 2861 1073 2918 Videndum
1100 2877 1232 2921 sane
1255 2875 1340 2921 est
1367 2873 1546 2921 utrum
1577 2867 1741 2922 etiam

139 2945 229 3003 sic
270 2950 444 3018 accipi
491 2951 680 3021 possit,
729 2952 841 3023 Ego
876 2953 1161 3025 indurabo,
1195 2965 1447 3028 tanquam
1495 2957 1738 3026 diceret,

140 3053 308 3109 quam
341 3042 536 3098 durum
560 3045 634 3100 sit
653 3044 1059 3104 demonstrabo.

723 3175 951 3233 CAPUT
1002 3177 1160 3234 CVII.

138 3261 300 3332 Quod
335 3265 595 3341 absorbuit
629 3267 771 3341 uirga
805 3270 976 3323 Aaron
1002 3271 1170 3341 virgas
1195 3286 1513 3341 magorum;
1549 3287 1614 3326 ea:
1650 3288 1735 3328 eo-

505 3339 620 3392 dem
645 3339 777 3393 libro
807 3339 1162 3406 Quintianum
1180 3339 1371 3396 Exodi.

217 3426 285 3481 Et
325 3426 603 3483 absorbuit
642 3431 788 3500 virga
822 3436 999 3486 Aaron
1046 3432 1223 3503 virgas
1260 3433 1520 3488 illorum:
1567 3435 1613 3489 si
1655 3434 1734 3490 di-

138 3527 293 3575 ctum
323 3528 472 3576 esset
496 3521 776 3576 absorbuit
803 3521 970 3576 draco
986 3525 1165 3577 Aaron
1192 3523 1369 3593 virgas
1399 3524 1637 3592 illorum,
1655 3525 1736 3579 in-

140 3611 484 3683 telligeretur
511 3628 672 3668 verus
706 3613 870 3668 draco
911 3617 1092 3670 Aaron
1137 3615 1474 3683 pbantastica
1507 3616 1598 3670 illa
1632 3616 1736 3687 lig-

136 3712 330 3757 menta
361 3719 466 3758 non
496 3704 861 3771 absorbuisse,
893 3705 989 3761 sed
1017 3706 1214 3776 virgas.
1246 3706 1359 3763 Hoc
1388 3708 1530 3763 enim
1559 3709 1735 3777 potuit

133 3795 442 3854 absorbere
472 3799 613 3869 quod
642 3810 818 3867 erant,
853 3815 959 3855 non
992 3800 1136 3871 quod
1168 3815 1290 3857 esse
1331 3802 1653 3858 videbantur
1680 3815 1735 3859 et

132 3901 254 3944 non
277 3902 450 3944 erant.
484 3890 592 3946 Sed
621 3893 872 3962 quoniam
904 3891 1042 3948 dixit
1068 3894 1345 3949 absorbuit
1372 3895 1520 3965 virga
1552 3897 1731 3950 Aaron

133 3983 328 4050 virgas
355 3983 592 4050 illorum,
623 3985 786 4040 draco
813 3986 996 4053 utique
1026 3987 1198 4056 potuit
1220 3987 1397 4057 virgas
1420 3988 1732 4057 absorbere,

134 4089 261 4129 non
297 4073 443 4144 virga
470 4115 484 4139 ,
537 4077 635 4130 sed
669 4093 734 4132 eo
777 4082 995 4132 nomine
1037 4080 1302 4148 appellata
1341 4095 1430 4134 res
1465 4091 1550 4134 est
1592 4082 1732 4136 unde

133 4179 303 4221 versa
336 4175 437 4234 εει,
480 4183 584 4224 non
624 4168 678 4223 in
708 4169 851 4240 quod
882 4186 1037 4226 versa
1073 4181 1177 4239 est,
1219 4174 1345 4242 quia
1387 4173 1443 4228 in
1488 4174 1541 4229 id
1569 4176 1730 4230 etiam

130 4272 367 4315 reversa
399 4269 510 4324 est,
544 4251 598 4315 et
629 4260 752 4316 ideo
784 4261 887 4316 hoc
915 4264 1093 4317 vocari
1125 4264 1381 4331 debebat,
1413 4265 1553 4335 quod
1588 4265 1734 4334 prin-

131 4350 388 4420 cipaliter
413 4360 546 4406 erat.
581 4352 719 4421 Quid
750 4370 880 4423 ergo
909 4354 1193 4410 dicendum
1225 4365 1310 4411 est
1333 4357 1399 4412 de
1430 4357 1589 4427 virgis
1621 4374 1732 4412 ma-

131 4446 370 4515 gorum?
404 4455 581 4500 utrum
611 4454 666 4502 et
692 4447 825 4515 ipsa;
864 4448 977 4502 veri
1017 4447 1277 4504 dracones
1306 4448 1461 4504 factae
1491 4449 1724 4518 fuerant,

131 4537 238 4593 sed
287 4552 349 4591 ea
389 4540 595 4593 ratione
636 4540 799 4610 virgae
849 4541 1132 4610 appellata:
1175 4552 1300 4596 sunt
1336 4558 1440 4612 qua
1486 4552 1541 4597 et
1582 4543 1726 4612 virga

1861 565 2105 620 noverint
2145 568 2385 637 prazbere
2435 569 2689 639 quasdam
2722 570 2955 628 visibiles
3005 579 3434 645 Opportunitates

1858 665 1912 711 et
1935 673 2123 711 causas
2153 669 2207 713 ut
2237 660 2325 715 illa
2357 672 2666 716 nascantur.
2715 663 2866 730 Quod
2894 677 3072 719 autem
3117 668 3202 722 isti
3234 667 3435 724 faciunt

1855 746 2156 816 visibiliter,
2208 751 2307 807 hoc
2357 756 2532 825 angeli
2565 756 2925 812 invisibiliter.
2959 757 3100 814 Deus
3131 776 3258 816 vero
3287 763 3435 818 solus

1854 851 2011 896 verus
2047 855 2260 899 creator
2286 857 2368 901 est
2398 848 2487 919 qui
2533 865 2722 904 causas
2755 851 2896 920 ipsas
2924 861 2979 906 et
3006 853 3238 910 rationes
3268 856 3434 910 semi-

1855 931 2034 986 narias
2062 934 2220 990 rebus
2251 937 2462 991 insevit.
2515 938 2621 993 lies
2650 940 2887 995 breviter
2928 941 3072 997 dicta
3100 952 3203 1013 est,
3238 962 3354 1016 qua:
3387 946 3430 1000 si

1851 1025 2114 1092 exemplis
2145 1035 2198 1079 et
2224 1029 2442 1097 copiosa
2473 1029 2836 1100 disputatione
2866 1034 3186 1103 explicetur,
3219 1046 3271 1089 ut
3303 1036 3430 1091 faci-

1852 1113 1959 1169 lius
1989 1115 2315 1187 intelligatur
2355 1119 2512 1190 longo
2555 1139 2804 1179 sermone
2848 1141 2982 1196 opus
3026 1136 3130 1198 est,
3164 1143 3193 1183 a
3225 1144 3331 1200 quo
3371 1144 3432 1186 se

1852 1207 1989 1264 ratio
2014 1219 2209 1264 nostra:
2237 1212 2593 1268 fesdnationis
2621 1225 2862 1272 excusat.

2418 1349 2644 1409 CAPUT
2674 1353 2853 1411 CVIII.

1856 1457 2006 1513 Unde
2025 1467 2305 1539 potuerunt
2325 1461 2663 1539 incantatores
2690 1481 2875 1534 aqua»:
2900 1466 2953 1518 in
2982 1469 3284 1539 sanguinem
3321 1485 3430 1524 ver-

1919 1539 2026 1610 tere
2041 1533 2086 1586 si
2101 1533 2219 1610 μιᾳῖ
2234 1533 2401 1610 aliqua
2432 1535 2626 1602 factum
2649 1533 2792 1603 erat;
2823 1551 2887 1592 ea:
2910 1533 3098 1596 sodali
3116 1542 3247 1596 libro
3275 1542 3430 1610 0w-

1919 1602 2142 1656 stionum
2177 1601 2367 1657 Exodi.

1921 1715 2188 1774 Fecerunt
2233 1729 2414 1776 autem
2457 1721 2706 1778 similiter
2748 1731 2805 1778 et
2835 1725 3194 1783 incantatores
3222 1727 3430 1800 [Egyp-

1850 1810 2045 1866 tiorum
2074 1812 2349 1867 veneﬁciis
2379 1813 2509 1880 suis,
2543 1823 2601 1871 et
2628 1816 2928 1872 eduxerunt
2947 1832 3107 1874 ranas
3129 1834 3294 1888 super
3322 1832 3429 1878 ter-

1843 1919 1962 1959 ram
2006 1903 2246 1976 (Egypti.
2283 1904 2555 1973 Quaeritur
2582 1907 2722 1962 unde
2759 1909 2808 1964 si
2844 1909 2954 1978 jam
2995 1901 3192 1980 ubique
3230 1911 3428 1967 factum

1846 2006 1992 2054 erat.
2022 1999 2127 2054 Sed
2158 1998 2354 2054 similis
2393 1999 2622 2070 qumstio
2649 2010 2734 2056 est
2761 2001 2902 2057 unde
2931 2011 2985 2057 et
3003 2016 3198 2073 aquam
3226 2004 3280 2057 in
3307 2018 3432 2059 san-

1845 2093 2060 2162 guinem
2104 2093 2382 2159 verterint,
2412 2095 2462 2149 si
2485 2103 2595 2149 tota
2625 2110 2762 2166 aqua
2787 2094 3004 2166 Egypti
3033 2097 3084 2150 in
3114 2096 3428 2166 sanguinem

1845 2197 2106 2240 conversa
2138 2183 2250 2254 jam
2279 2184 2480 2241 fuerat.
2526 2186 2760 2242 Proinde
2797 2187 3200 2256 intelligendum
3229 2195 3313 2242 est
3346 2201 3432 2243 re-

1846 2276 2060 2347 gionem
2089 2276 2181 2331 ubi
2212 2277 2305 2330 ﬁlii
2339 2277 2504 2332 Israel
2528 2275 2868 2343 habitabant,
2899 2277 3066 2346 plagis
3097 2275 3292 2332 talibus
3320 2291 3430 2332 non

1844 2367 2013 2424 fuisse
2052 2382 2384 2438 percussam,
2432 2377 2490 2422 et
2533 2368 2658 2425 inde
2698 2378 2925 2438 potuere
2961 2369 3322 2423 incantatores
3349 2368 3432 2422 vel

1846 2473 2039 2529 aquam
2089 2459 2310 2514 haurire
2352 2473 2514 2529 quam
2556 2461 2610 2514 iu
2649 2461 2964 2530 sanguinem
3004 2468 3299 2526 verterent,
3345 2461 3433 2515 vel

1844 2552 2054 2623 aliquas
2099 2566 2258 2608 ranas
2301 2553 2535 2609 educere
2582 2553 2652 2608 ad
2701 2554 2872 2610 solam
2915 2553 3430 2610 demonstrationem

1845 2648 2068 2717 magicas
2098 2649 2352 2717 potentias
2378 2666 2391 2713 ;
2424 2662 2731 2718 quanquam
2775 2656 3068 2719 potuerunt
3094 2649 3257 2704 etiam
3285 2658 3434 2718 post-

1844 2753 2070 2809 eaqua
2112 2739 2203 2794 illa
2250 2754 2558 2809 compressa
2604 2749 2732 2797 sunt
2771 2741 2970 2809 facere,
3022 2741 3116 2797 sed
3159 2741 3433 2810 Scriptra

1841 2831 1952 2887 cito
1977 2832 2249 2889 narrando
2274 2833 2561 2904 conjunxit
2587 2833 2733 2905 quod
2763 2834 2923 2890 etiam
2963 2842 3156 2904 postea
3183 2831 3302 2890 fieri
3331 2845 3430 2902 po-

1844 2924 1965 2980 tuit.

2437 3041 2666 3098 CAPUT
2691 3041 2827 3097 CIX.

2068 3132 2203 3189 Item
2231 3133 2295 3191 de
2322 3135 2650 3190 induratione
2679 3136 2849 3192 cordis
2878 3135 3193 3193 Pharaonis.

1755 3245 1811 3312 ο
1911 3228 1980 3284 Ει
2003 3228 2138 3284 vidit
2167 3228 2378 3286 Pharao
2405 3231 2661 3302 quoniam
2690 3230 2828 3286 facta
2861 3240 2944 3287 est
2981 3231 3341 3305 refrigeratio,
3371 3241 3427 3290 et

1836 3323 2171 3396 ingravatum
2200 3334 2286 3380 est
2313 3340 2407 3382 cor
2433 3325 2551 3396 ejus
2580 3333 2635 3382 et
2667 3343 2771 3380 non
2802 3326 3075 3382 exaudivit
3114 3342 3210 3382 eos
3234 3368 3250 3393 ,
3285 3327 3425 3382 sicut

1837 3417 2048 3473 dixerat
2074 3417 2354 3472 Dominus.
2385 3418 2481 3472 llic
2512 3427 2735 3487 apparet
2763 3434 2866 3472 non
2891 3418 3010 3472 illas
3034 3427 3238 3474 tantum
3263 3418 3428 3473 fuisse

1838 3524 2030 3564 causas
2070 3509 2444 3564 obdurationis
2487 3509 2666 3564 cordis
2695 3509 2990 3564 Pharaonis
3017 3511 3157 3580 quod
3190 3513 3431 3566 incanta-

1843 3608 1986 3654 torcs
2014 3599 2132 3669 ejus
2177 3599 2368 3654 similia
2418 3599 2716 3666 faciebant,
2745 3617 2929 3656 verum
2971 3602 3134 3656 etiam
3175 3611 3231 3657 et
3257 3603 3430 3672 ipsam

1840 3690 1936 3747 Dei
1976 3692 2308 3761 patientiam,
2341 3706 2445 3762 qua
2485 3692 2762 3762 parcebat.
2795 3691 3055 3748 Patientia
3094 3691 3187 3748 Dei
3229 3708 3421 3748 secun-

1838 3783 1968 3841 dum
1994 3784 2155 3841 corda
2185 3785 2484 3851 hominum,
2528 3785 2850 3856 quibusdam
2880 3785 3025 3842 utilis
3067 3786 3130 3841 ad
3165 3786 3430 3857 paeniten-

1836 3877 1987 3943 dum,
2020 3878 2340 3947 quibusdam
2371 3877 2574 3934 inutilis
2617 3877 2686 3934 ad
2726 3878 3084 3936 resistendum
3127 3877 3239 3936 Deo
3279 3888 3333 3934 et
3374 3880 3426 3933 in

1835 3973 1984 4028 malo
2014 3973 2490 4042 perseverandum.
2536 3972 2654 4027 Non
2689 3982 2864 4030 tamen
2905 3989 3003 4043 per
3032 3988 3091 4029 se
3120 3974 3234 4044 ipsa
3268 3973 3427 4027 inuti-

1836 4064 1907 4119 lis
1937 4074 2037 4129 est,
2084 4065 2180 4118 sed
2228 4064 2523 4118 secundum
2571 4078 2666 4118 cor
2694 4066 2917 4132 malum,
2966 4065 3103 4118 sicut
3135 4065 3244 4132 jam
3287 4063 3427 4116 dixi—

1836 4170 1991 4221 mus;
2043 4154 2145 4209 hoc
2174 4162 2230 4209 et
2255 4154 2543 4224 Apostolus
2572 4155 2702 4208 dicit
2728 4173 2740 4207 :
2777 4156 2992 4226 Ignoras
3023 4154 3145 4224 quia
3170 4153 3424 4223 patientia

1837 4245 1933 4301 Dei
1960 4245 2023 4300 ad
2054 4245 2428 4315 paenitentiam
2455 4255 2506 4299 te
2527 4243 2770 4311 adduxit,
2802 4245 3096 4301 secundum
3127 4252 3303 4299 autem
3327 4244 3425 4298 du-

1835 4337 2015 4392 ritiam
2049 4338 2227 4392 cordis
2260 4339 2334 4392 tui
2365 4347 2418 4392 et
2446 4352 2539 4391 cor
2568 4337 2936 4406 imptenitens,
2965 4337 3292 4391 thesaurizas
3329 4336 3425 4392 tibi

1833 4429 1968 4485 iram
2001 4430 2052 4482 in
2092 4427 2178 4482 die
2209 4430 2301 4482 irae
2330 4437 2384 4483 et
2415 4427 2758 4484 revelationis
2792 4428 2923 4499 justi
2949 4427 3142 4499 judicii
3172 4428 3302 4494 Dei,
3332 4429 3423 4498 qui

1835 4521 2024 4576 reddet
2051 4521 2334 4593 unicuique
2363 4523 2653 4578 secundum
2684 4538 2842 4593 opera
2886 4523 3022 4593 ejus.
3055 4523 3184 4577 Nam
3217 4532 3270 4577 et
3298 4523 3424 4579 alibi

133 4633 345 4688 Aaron.
387 4631 468 4686 An
512 4633 688 4703 potius
731 4634 1052 4690 videbantur
1082 4650 1202 4691 esse
1247 4638 1388 4706 quod
1435 4653 1541 4694 non
1571 4648 1728 4694 erant
1755 4626 1956 4690 Dcum
2002 4613 2239 4682 dicere"
2293 4612 2494 4668 Chris‘i
2549 4614 2721 4668 bonus
2765 4613 2898 4668 οάοτ
2947 4628 3130 4669 sumus
3178 4614 3230 4706 In
3270 4617 3416 4669 omni

131 4721 504 4780 ludiﬁcatione
532 4726 809 4781 venefica?
846 4723 957 4781 Cur
987 4743 1113 4797 ergo
1143 4743 1206 4783 ex
1235 4738 1459 4798 utraque
1488 4739 1642 4799 parte
1672 4741 1726 4788 et

131 4817 308 4885 virga:
339 4816 588 4870 dicuntur
621 4827 673 4872 et
701 4818 984 4885 dracones,
1018 4830 1073 4873 ut
1118 4819 1181 4875 de
1211 4821 1478 4891 figmentis
1508 4824 1614 4878 illis
1644 4824 1726 4878 ni-

133 4909 218 4962 hil
255 4908 466 4963 dill'erat
495 4909 749 4981 loquendi
781 4910 1014 4965 modus?
1045 4911 1151 4967 Sed
1181 4911 1550 4969 demonstrare
1581 4916 1724 4969 diffi-

132 5001 246 5056 cile
280 5009 362 5056 est
402 5003 693 5074 quomodo,
745 5002 954 5058 etiamsi
995 5003 1108 5058 veri
1152 5004 1414 5060 dracones
1446 5006 1570 5061 facti
1600 5017 1724 5062 sunt

130 5111 198 5149 ex
258 5094 421 5163 virgis
471 5111 770 5166 magorum,
821 5112 928 5151 non
980 5097 1175 5151 fuerint
1227 5105 1404 5153 tamen
1455 5109 1727 5157 creatures

132 5186 463 5254 draconum,
498 5202 596 5241 nec
627 5187 788 5256 magi,
819 5202 917 5242 uec
947 5188 1123 5256 angeli
1157 5189 1303 5252 mali,
1349 5190 1541 5259 quibus
1572 5189 1729 5246 mini-

131 5279 271 5332 stris
304 5277 388 5330 illa
414 5279 798 5347 Operabantur.
835 5278 1020 5333 Insunt
1057 5278 1203 5334 enim
1248 5280 1407 5335 rebus
1450 5281 1726 5350 corporeis

131 5383 236 5440 per
269 5370 448 5424 omnia
483 5372 748 5426 elementa
795 5370 981 5426 mundi
1025 5371 1270 5441 quaedam
1311 5373 1534 5428 occultae
1564 5375 1727 5429 semi-

133 5463 311 5518 naria:
341 5463 597 5528 rationes,
627 5463 821 5534 quibus
851 5478 973 5518 cum
1003 5463 1126 5518 data
1155 5463 1315 5519 fuerit
1355 5467 1727 5534 opportunitas

134 5555 455 5623 temporalis
485 5566 649 5625 atque
697 5555 964 5622 causalis,
1011 5569 1370 5626 prorumpunt
1415 5572 1468 5610 in
1514 5556 1725 5626 species

132 5648 352 5704 debitas
394 5647 506 5704 suis
549 5647 723 5704 modis
769 5659 823 5704 et
852 5647 1067 5704 ﬁnibus.
1120 5652 1186 5703 Et
1227 5663 1305 5722 sic
1333 5665 1438 5704 non
1476 5649 1728 5705 dicuntur

132 5741 316 5812 angeli
358 5743 446 5811 qui
501 5744 602 5798 ista
643 5743 846 5799 faciunt
877 5743 1185 5798 animalium
1237 5756 1538 5812 creatores,
1584 5745 1728 5799 sicut

134 5847 244 5891 nec
271 5833 522 5905 agricolae
552 5846 790 5906 segetum
819 5834 901 5890 vel
931 5834 1182 5890 arborum
1209 5836 1291 5891 vel
1314 5851 1648 5908 quorumque
1674 5839 1726 5892 in

1835 4707 1977 4777 loco,
2000 4708 2161 4763 etiam
2186 4706 2318 4761 illud
2349 4707 2614 4778 adjunxit,
2637 4717 2692 4762 et
2715 4707 2769 4761 in
2799 4706 2883 4760 his
2910 4707 2998 4777 qui
3029 4707 3156 4761 salvi
3181 4705 3336 4773 ﬁunt,
3365 4716 3415 4762 et

1833 4800 1891 4855 in
1924 4800 2007 4855 his
2038 4799 2127 4870 qui
2154 4809 2399 4870 pereunt.
2426 4801 2542 4857 Non
2567 4799 2704 4855 dixit
2731 4799 2930 4855 Christi
2955 4800 3154 4855 bonum
3187 4800 3413 4856 odorem

1833 4910 1897 4951 se
1926 4909 2044 4950 esse
2075 4895 2159 4949 his
2185 4895 2277 4964 qui
2304 4895 2436 4948 salvi
2467 4895 2621 4960 fiunt,
2653 4894 2848 4949 malum
2875 4903 3054 4950 autem
3087 4895 3168 4950 his
3199 4894 3285 4964 qui
3325 4909 3416 4962 pe-

1832 4997 2010 5053 reunt,
2043 4987 2138 5042 sed
2169 4997 2372 5042 tantum
2414 4988 2612 5042 bonum
2643 4987 2859 5044 odorem
2891 5005 2948 5043 se
2981 4989 3137 5042 dixit.
3177 4986 3254 5040 Illi
3288 4999 3416 5040 vero

1827 5080 1966 5135 tales
2008 5089 2132 5134 sunt
2175 5088 2231 5133 ut
2271 5088 2325 5134 et
2362 5080 2502 5134 bono
2539 5081 2705 5135 odore
2737 5089 2960 5150 pereant
2997 5078 3287 5135 secundum
3329 5078 3412 5131 sui

1833 5171 2030 5238 cordis,
2056 5180 2113 5224 ut
2133 5185 2275 5240 saepe
2296 5171 2497 5225 dictum
2520 5181 2621 5240 est,
2645 5173 2981 5242 qualitatem,
3011 5187 3129 5242 qua:
3159 5169 3409 5224 mutanda

1832 5277 1934 5332 εει,
1985 5265 2124 5319 bona
2165 5268 2441 5320 voluntate
2481 5265 2534 5320 in
2584 5265 2679 5320 Dei
2727 5267 2919 5338 gratia,
2966 5273 3023 5318 ut
3066 5262 3321 5331 incipiant
3364 5265 3413 5316 ei
3475 5308 3480 5314 .

1833 5357 2092 5428 prodesse
2126 5357 2325 5428 judicia
2369 5359 2484 5423 Dei,
2535 5373 2655 5428 quae
2697 5358 2854 5412 malis
2895 5355 3149 5412 cordibus
3196 5363 3413 5409 nocent.

1835 5449 1989 5506 Unde
2019 5450 2126 5516 ille,
2159 5460 2364 5505 mutato
2395 5451 2448 5504 in
2478 5450 2675 5505 melius
2717 5448 2901 5516 corde,
2928 5447 3182 5502 cantabat
3214 5463 3228 5499 :
3259 5445 3415 5501 Vivet

1835 5543 2007 5596 anima
2040 5557 2157 5596 mea
2187 5552 2240 5595 et
2269 5543 2507 5597 laudabit
2538 5551 2589 5597 te
2612 5583 2626 5608 ,
2658 5548 2713 5596 et
2735 5539 2941 5610 judicia
2973 5549 3062 5595 tua
3088 5539 3424 5610 adjuvabunt

1828 5651 1937 5692 me.
1969 5635 2086 5690 Non
2127 5635 2262 5689 dixit
2291 5651 2515 5689 munera
2545 5643 2659 5702 tua,
2697 5634 2780 5688 vel
2813 5631 3034 5704 praemia
3065 5640 3178 5702 tua,
3209 5631 3304 5689 sed
3331 5631 3391 5717 ju

1829 5728 1966 5784 dicia
1998 5736 2106 5782 tua.
2151 5726 2374 5781 Multum
2419 5737 2503 5780 est
2537 5735 2715 5780 autem
2747 5734 2805 5780 ut
2835 5726 3048 5781 sincera
3091 5725 3285 5780 ﬁducia
3315 5724 3421 5780 dici

1831 5821 2034 5892 possit;
2068 5819 2242 5874 Proba
2280 5833 2385 5884 me,
2429 5816 2677 5882 Domine,
2703 5827 2757 5872 et
2799 5825 2942 5872 tenta
2978 5832 3095 5882 me;
3130 5833 3229 5874 ure
3259 5832 3417 5872 renes
