3968 6390
497 382 599 445 719

495 600 748 657 tribuisse
764 596 1052 662 videretur,
1077 595 1328 650 continuo
1355 592 1559 647 addidit
1585 610 1597 644 :
1623 592 1884 658 Quoniam
1913 592 2074 645 mise-

496 691 730 749 ricordia
774 698 861 745 tua
892 699 1015 743 ante
1049 688 1233 743 oculos
1274 700 1422 740 meos
1461 694 1563 752 est,
1603 693 1659 738 et
1687 682 1987 753 complacui
2019 682 2074 737 in

495 784 722 841 veritate
756 792 864 837 tua.
908 779 1122 835 Factam
1167 794 1292 847 erga
1320 793 1392 858 se
1430 784 1819 832 commemorat
1865 773 2076 829 miseri-

496 877 756 942 cordiam,
789 883 849 929 ut
872 872 1209 941 complacare
1235 878 1413 939 posset
1438 870 1492 923 in
1529 870 1788 935 veritate,
1816 866 2074 937 quoniam

497 974 762 1029 universae
799 970 899 1024 via:
926 967 1133 1021 Domini
1173 963 1535 1020 misericordia
1562 972 1617 1018 et
1645 962 1858 1017 veritas.
1889 989 1957 1002 --
1991 958 2072 1015 De

496 1068 672 1122 eadem
703 1081 778 1119 re.
802 1090 874 1107 -—
907 1062 974 1117 Et
1016 1071 1235 1131 propter
1283 1058 1383 1112 hoc
1413 1058 1583 1127 ipsum
1615 1064 1965 1111 conservatus
1992 1060 2075 1109 est

498 1158 602 1232 [es]
623 1171 679 1214 ut
702 1157 981 1214 ostendam
1008 1156 1062 1209 in
1087 1163 1139 1209 te
1153 1153 1404 1208 virtutem
1423 1166 1618 1216 meam,
1641 1160 1694 1205 et
1713 1160 1767 1203 ut
1786 1148 2073 1204 annuntie—

497 1264 587 1310 tur
616 1267 810 1308 nomen
841 1265 1017 1306 meum
1048 1252 1100 1303 in
1130 1248 1380 1302 universa
1412 1255 1575 1300 terra.
1628 1244 1751 1298 Hrcc
1782 1242 2074 1313 Scriptum

497 1345 661 1403 verba
690 1353 744 1400 et
774 1342 1065 1413 Apostolus
1095 1340 1290 1410 posuit,
1325 1354 1448 1394 cum
1479 1339 1533 1391 in
1566 1337 1755 1392 eodem
1788 1336 1905 1390 loco
1948 1350 2073 1404 per-

497 1438 702 1495 difficili
740 1446 1065 1500 versaretur,
1112 1433 1183 1487 ibi
1228 1440 1405 1487 autem
1449 1439 1505 1485 et
1544 1429 1645 1484 hoc
1680 1430 1774 1482 ait.
1810 1427 1865 1483 Si
1896 1436 2075 1481 autem

495 1531 687 1588 volens
705 1530 843 1584 Deus
864 1526 1151 1582 ostendere
1173 1531 1304 1579 tram
1325 1532 1380 1577 et
1395 1522 1764 1577 demonstrare
1780 1518 2075 1588 potentiam

496 1639 672 1690 suam,
703 1621 880 1677 attulit
916 1623 968 1674 in
996 1617 1164 1674 multa
1206 1614 1462 1686 patientia
1494 1628 1620 1668 vasa
1658 1614 1773 1677 irae,
1808 1608 2075 1680 parcendo

495 1716 679 1786 utique
722 1712 807 1768 his
845 1724 980 1781 quos
1008 1709 1175 1763 malos
1215 1706 1422 1760 futuros
1446 1718 1565 1760 esse
1593 1701 1924 1773 praescierat,
1954 1713 2075 1770 quae

498 1822 625 1863 vasa
658 1804 789 1860 dicit
817 1801 1056 1874 perfecta
1085 1800 1139 1855 in
1182 1798 1561 1868 perditionem.
1597 1795 1664 1849 Et
1693 1802 1753 1848 ut
1782 1804 1953 1858 notas,
1988 1793 2073 1846 in-

496 1899 632 1969 qiut,
664 1896 867 1952 faceret
895 1891 1107 1948 divitias
1133 1888 1319 1959 gloriae
1349 1904 1482 1953 suae,
1516 1887 1570 1941 in
1600 1900 1726 1941 vasa
1758 1886 2070 1940 misericor-
2105 1883 2153 1943 Β

498 1989 626 2055 ἀίω,
655 1986 797 2043 unde
818 1998 1065 2041 vasorum
1094 1979 1474 2037 misericordiae
1493 1994 1597 2033 vox
1619 1986 1704 2033 est
1728 1980 1780 2032 in
1807 1977 2034 2031 Psalmis
2059 1993 2072 2028 :

500 2082 645 2137 Deus
684 2094 856 2146 meus,
900 2075 1264 2132 misericordia
1310 2073 1428 2144 ejus
1467 2074 1761 2145 prmveniet
1801 2086 1907 2138 me,
1939 2072 2078 2127 Deus

499 2185 651 2226 meus
688 2166 1075 2224 demonstravit
1114 2165 1245 2220 mihi
1294 2165 1527 2220 inimicis
1556 2165 1711 2221 meis.
1763 2163 1921 2218 Novit
1949 2177 2078 2235 ergo

500 2261 760 2317 Dominus
784 2260 921 2315 bene
948 2257 1028 2312 uti
1057 2256 1240 2322 malis,
1267 2257 1321 2310 in
1342 2256 1535 2327 quibus
1560 2266 1735 2310 tamen
1760 2255 1953 2309 malam
1983 2270 2079 2309 na-

502 2362 676 2407 turam
705 2365 811 2405 non
836 2350 903 2403 ad
930 2348 1184 2403 malitiam
1208 2356 1377 2414 creat,
1400 2347 1497 2404 sed
1524 2347 1724 2418 perfert
1746 2361 1842 2403 eos
1867 2347 2074 2414 patien-

503 2451 588 2499 ter
615 2455 895 2513 quousque
924 2442 1028 2495 scit
1062 2447 1315 2510 oportere
1349 2454 1453 2495 non
1486 2439 1736 2506 inaniter,
1784 2438 1880 2495 sed
1919 2449 2077 2494 utens

496 2536 580 2591 eis
614 2534 683 2589 ad
710 2532 1127 2588 admonitionem
1170 2530 1252 2586 vel
1291 2531 1738 2587 exercitationem
1788 2529 2074 2585 bonorum.

498 2625 641 2682 Ecce
674 2627 815 2681 enim
844 2633 902 2680 ut
944 2621 1354 2679 annuntiaretur
1382 2637 1578 2677 nomen
1608 2620 1816 2676 Domini
1858 2620 1913 2675 in
1957 2621 2076 2676 uni-

499 2732 661 2773 versa
701 2728 843 2773 terra
881 2717 1026 2772 vasis
1063 2714 1450 2771 misericordia:
1492 2714 1675 2784 utique
1724 2712 1964 2783 prodest.
1994 2712 2077 2767 Ad

497 2824 684 2867 eorum
712 2810 894 2881 utique
918 2809 1200 2865 utilitatem
1228 2808 1438 2865 Pharao
1460 2817 1709 2863 servatus
1732 2814 1835 2872 est,
1859 2806 2000 2861 sicut
2021 2814 2078 2861 et

506 2902 779 2972 Scriptura
809 2911 1034 2957 testatur
1062 2911 1116 2957 et
1143 2902 1319 2956 exitus
1347 2900 1612 2956 docet.--
1630 2898 1708 2954 De
1724 2900 1900 2953 eadem
1913 2914 1987 2952 re.
2006 2926 2078 2937 —

497 2992 645 3049 Dixit
671 2993 925 3049 Dominus
948 2992 1014 3048 ad
1044 2993 1264 3063 Moysen
1290 3010 1302 3045 :
1334 2992 1476 3047 Intra
1505 2991 1572 3046 ad
1596 2990 1950 3060 Pharaonem,
1977 3004 2078 3060 ego

496 3086 642 3142 enim
680 3086 897 3155 gravavi
939 3100 1033 3140 cor
1072 3084 1188 3154 ejus
1225 3092 1282 3139 et
1317 3098 1595 3138 servorum
1631 3083 1748 3152 ejus
1789 3092 1847 3136 ut
1888 3082 2077 3137 ordine

496 3176 877 3243 superveniant
896 3176 1045 3244 signa
1062 3188 1180 3227 mea
1202 3172 1317 3227 haec
1336 3188 1496 3242 super
1516 3187 1609 3228 eos
1634 3191 1647 3225 :
1674 3181 1924 3243 tanquam
1942 3187 2076 3243 opus

491 3241 686 3323 habeat
712 3266 858 3322 Deus
879 3241 1191 3336 cujusquam
1210 3241 1429 3329 malitia,
1451 3264 1545 3320 sed
1569 3264 1647 3319 sic
1668 3241 2073 3334 intelligendum
2104 3241 2150 3305 (ἶ

492 3370 577 3415 εει
604 3374 668 3415 ac
696 3360 742 3414 si
772 3358 1007 3414 diceret:
1039 3357 1151 3427 Ego
1168 3356 1308 3411 enim
1338 3356 1544 3425 patiens
1573 3354 1650 3410 fui
1679 3371 1842 3425 super
1870 3373 1993 3412 eum
2021 3367 2075 3414 et

495 3466 686 3509 servos
714 3451 851 3522 ejus,
880 3458 937 3504 ut
958 3462 1065 3505 non
1090 3463 1185 3503 eos
1206 3446 1492 3514 auferrem,
1520 3457 1577 3502 ut
1598 3447 1789 3504 ordine
1819 3463 2076 3519 superve-

488 3545 643 3602 niant
687 3543 839 3615 signa
887 3557 1007 3597 mea
1058 3554 1223 3611 super
1271 3554 1387 3597 eos.
1438 3539 1572 3608 Quia
1624 3540 1768 3596 enim
1822 3541 2073 3611 patientia

488 3639 593 3710 67
628 3636 720 3692 Dei
752 3636 1070 3692 obstinatior
1096 3634 1254 3689 fiebat
1281 3633 1453 3687 malus
1478 3632 1709 3696 animus,
1735 3632 1856 3688 ideo
1888 3648 1985 3703 pro
2004 3648 2071 3688 eo

488 3728 632 3798 quod
656 3738 759 3794 est,
783 3731 989 3796 patiens
1012 3727 1065 3779 in
1082 3740 1203 3779 eum
1225 3724 1318 3791 iui,
1343 3724 1559 3789 dicitur,
1582 3724 1798 3792 gravavi
1819 3738 1943 3777 core
1961 3724 2072 3794 jus.

488 3848 560 3863 ._
586 3820 661 3873 De
690 3823 867 3873 eadem
893 3834 969 3873 re.
997 3846 1068 3859 -—
1098 3818 1163 3873 Et
1191 3832 1296 3871 nun
1326 3827 1408 3869 εει
1435 3816 1620 3869 relicta
1650 3815 1856 3869 locusta
1888 3832 1991 3870 una
2019 3816 2070 3871 in

488 3909 637 3965 omni
665 3915 807 3963 terra
832 3906 1072 3979 Egypti.
1106 3906 1175 3960 Et
1205 3905 1472 3960 induravit
1513 3904 1769 3959 Dominus
1803 3921 1898 3960 cor
1936 3906 2074 3962 Pha-

486 3998 686 4055 raonis.
725 3999 1050 4054 Beneficium
1093 4006 1242 4052 certe
1302 3996 1395 4051 Dei
1445 4000 1887 4051 commemoravit
1929 3999 2074 4055 Scri-

486 4103 641 4164 ptura
686 4091 828 4162 quod
868 4086 1021 4163 [quo]
1061 4088 1285 4145 abstulit
1329 4089 1589 4155 locustas,
1630 4100 1685 4145 et
1728 4101 1912 4145 secuta
1939 4093 2073 4149 dixit

483 4184 768 4239 indurasse
799 4183 1081 4237 Dominum
1113 4196 1207 4237 cor
1233 4181 1549 4248 Pharaonis,
1588 4182 1851 4238 beneficio
1889 4185 2071 4255 utique

482 4291 583 4332 suo
613 4286 668 4332 et
699 4275 950 4345 patientia
994 4289 1113 4339 sua,
1144 4290 1249 4344 qua
1271 4273 1363 4329 ille
1392 4273 1555 4330 ﬁebat
1586 4277 1906 4333 obstinatior
1939 4279 2066 4333 dum

484 4368 534 4421 ei
566 4377 898 4435 parceretur,
928 4366 1066 4419 sicut
1093 4365 1273 4420 omnia
1299 4367 1436 4419 mala
1464 4365 1626 4420 corda
1665 4366 1941 4424 hominum
1973 4385 2067 4440 pa-

484 4459 672 4516 tientia
703 4456 799 4514 Dei
822 4456 958 4513 male
989 4457 1190 4513 utendo
1215 4458 1529 4513 durescunt.

1080 4572 1307 4629 CAPUT
1344 4573 1456 4630 CX.

485 4666 635 4732 Quod
657 4666 879 4721 tollendo
909 4667 973 4720 ab
995 4665 1261 4738 Egyptiis
1285 4684 1468 4722 aurum
1498 4677 1544 4723 et
1564 4679 1748 4724 uetera
1774 4686 1875 4723 non
1923 4672 2059 4737 fece-

550 4738 650 4791 rint
682 4738 915 4805 furtum;
946 4754 1009 4792 ex
1032 4743 1207 4792 eodem
1240 4738 1370 4792 libro
1404 4738 1753 4806 Quwstionum
1792 4739 1986 4795 Exodi.

551 4827 693 4883 Dixit
742 4828 883 4883 Deus
910 4829 974 4883 ad
1006 4829 1254 4901 Moysen:
1293 4831 1536 4899 Loquere
1578 4848 1707 4902 ergo
1749 4844 1960 4888 secreto
2009 4832 2063 4888 in

480 4934 635 4976 aures
667 4922 851 4993 populi
873 4928 929 4976 et
952 4929 1097 4991 petat
1118 4923 1484 4992 unusquisque
1514 4938 1543 4977 a
1575 4924 1844 4993 proximo,
1873 4934 2063 4980 etmu-

480 5015 580 5069 lier
609 5030 637 5069 a
672 5017 936 5085 proxima,
964 5030 1088 5069 vasa
1118 5024 1373 5084 argentea
1401 5026 1453 5069 et
1481 5030 1647 5071 aurea
1677 5014 1858 5088 [aurea
1888 5026 1939 5070 (οι
1967 5033 2057 5072 ar-

475 5109 687 5182 gentea]
740 5121 796 5167 et
837 5119 1062 5169 vestem.
1123 5110 1237 5165 Non
1294 5111 1416 5165 hinc
1464 5113 1688 5180 quisque
1738 5111 2055 5168 sumendum

475 5201 779 5271 exemplum
807 5214 993 5270 putare
1018 5202 1179 5257 debet
1206 5201 1272 5256 ad
1304 5204 1710 5271 exSpoliandum
1750 5204 1852 5259 isto
1894 5204 2056 5259 modo

474 5292 794 5361 proximum.
834 5293 944 5348 Hoc
966 5294 1108 5349 enim
1141 5293 1278 5349 Deus
1312 5295 1475 5365 jussit
1509 5295 1599 5366 qui
1644 5305 1868 5351 noverat
1913 5296 2056 5366 quod

474 5381 644 5455 [quid]
674 5398 941 5453 quemque
975 5386 1081 5453 pati
1106 5394 1399 5454 Oporteret,
1435 5402 1533 5442 nec
1564 5386 1817 5442 lsraelitae
1850 5386 2051 5444 furtum

471 5476 733 5544 fecerunt,
767 5478 861 5532 sed
890 5477 1002 5532 Deo
1026 5478 1252 5548 jubente
1288 5480 1646 5534 ministerium
1681 5480 2048 5551 praebuerunt,

471 5570 921 5635 quemadmodum
967 5585 1086 5625 cum
1134 5572 1376 5626 minister
1420 5570 1616 5639 judicis
1676 5572 1872 5626 occidit
1921 5588 2047 5628 eum

471 5675 628 5730 quem
651 5663 815 5731 judex
840 5663 1003 5735 jussit
1031 5664 1226 5730 occidi,
1250 5664 1488 5735 profecto
1513 5665 1556 5718 si
1585 5663 1635 5717 id
1665 5674 1855 5734 sponte
1884 5665 2047 5723 faciat

474 5751 735 5809 homicida
762 5768 865 5823 est,
899 5757 1108 5812 etiamsi
1139 5774 1259 5814 eum
1290 5758 1498 5815 occidat
1528 5774 1684 5829 quem
1730 5761 1833 5817 scit
1864 5764 2037 5821 occidi

472 5855 504 5895 a
522 5840 701 5911 judice
725 5846 992 5905 debuisse.

1521 376 1585 441 Ι).
1624 374 1943 443 EUGYPPII
1966 374 2259 436 'ABBATIS
2295 370 2618 435 AFRICANI

495 522 646 567 meos
669 514 725 563 et
749 517 845 561 cor
866 508 1042 560 mcum
1063 519 1078 569 ;
1102 506 1156 558 et
1184 516 1251 557 ne
1275 498 1375 556 sibi
1404 500 1600 571 aliquid
1629 515 1699 556 ex
1729 499 1839 555 suis
1867 495 2073 553 viribus
2098 496 2151 555 Α

3684 370 3798 437 720

2759 479 2987 545 CAPUT
3023 484 3161 542 CXI.

2179 585 2304 644 Non
2352 583 2589 641 exaudiet
2634 576 2845 657 Pharao
2877 593 2947 657 _ut
3004 580 3421 657 multiplicemur:
3461 580 3671 657 signa;
3723 604 3797 644 α

2482 656 2656 710 eodem
2691 656 2819 708 libro
2857 654 3208 722 Quaestionum
3248 650 3445 712 Ετσάῑ.

2249 775 2395 830 Dixit
2436 780 2614 827 autem
2656 771 2912 826 Dominus
2941 771 3008 825 ad
3038 770 3303 842 Moysen:
3351 769 3478 825 Non
3524 774 3797 830 exaudiet.

2180 884 2278 923 vos
2306 869 2517 923 Pharao
2540 875 2595 921 ut
2619 865 2964 935 multiplicem
2987 867 3138 935 signa
3161 862 3277 921 mea
3301 874 3357 921 et
3375 871 3646 935 portenta
3670 882 3783 922 mea

2178 960 2231 1016 in
2248 969 2388 1015 terra
2408 959 2643 1030 Egypti.
2657 958 2931 1027 Tanquam
2948 971 3083 1028 opus
3096 957 3253 1011 fuerit
3266 956 3386 1027 ejus
3401 958 3789 1015 inobedientia

2178 1062 2237 1107 ut
2276 1053 2426 1121 signa
2462 1050 2552 1104 illa
2599 1049 3018 1119 multiplicentur
3058 1048 3637 1122 [multiplicareutur]
3672 1067 3790 1120 qua;

2179 1145 2387 1200 utiliter
2406 1143 2604 1199 ﬁebant
2620 1143 2683 1197 ad
2709 1141 3017 1197 terrendum
3040 1141 3291 1210 populum
3321 1141 3439 1207 Dei,
3466 1144 3650 1212 atque
3672 1143 3781 1214 ipsa.

2177 1234 2503 1290 discretione
2547 1234 2613 1287 ad
2656 1232 2902 1301 pietatem
2952 1232 3372 1300 informandum,
3406 1233 3516 1288 sed
3552 1236 3659 1288 hoc
3688 1233 3774 1290 Dei

2176 1326 2299 1394 fuit,
2324 1327 2524 1381 malitia
2541 1326 2720 1381 cordis
2749 1326 2888 1380 illius
2912 1326 3050 1381 bene
3067 1327 3287 1394 utentis,
3313 1341 3422 1387 non
3438 1326 3771 1398 Pharaonis,

2179 1417 2274 1473 Dei
2305 1417 2562 1489 patientia
2589 1418 2732 1474 male
2754 1402 3046 1474 abutentis.

2763 1550 2989 1613 CAPUT
3026 1549 3201 1608 CXIII

2182 1640 2446 1707 Quomodo
2480 1643 2834 1713 accipiendum
2865 1645 2933 1698 sit
2970 1644 3107 1713 quod
3140 1646 3259 1700 ait:
3293 1645 3442 1700 Diem
3497 1648 3769 1716 legitimam

2248 1716 2645 1784 sempiternum;
2674 1731 2737 1769 ea:
2762 1716 2937 1769 eodem
2959 1717 3087 1770 libro
3118 1716 3478 1783 Quwstionum
3511 1717 3704 1775 Exodi.

2253 1807 2405 1875 Quod
2432 1809 2691 1879 scriptum
2716 1820 2828 1864 est:
2858 1810 2923 1864 Et
2940 1809 3145 1866 facietis
3163 1810 3309 1866 diem
3334 1812 3482 1869 hunc
3512 1813 3569 1869 in
3591 1830 3765 1885 proge»

2182 1901 2298 1957 nies
2320 1911 2527 1957 vestras
2556 1902 2849 1974 legitimum
2868 1914 3130 1960 aeternum
3154 1906 3237 1961 vel
3260 1907 3609 1979 aeternalem,
3630 1909 3763 1981 quod

2182 1995 2369 2051 Graece
2388 1996 2584 2052 dicitur
2606 2001 2822 2065 αἰώνιον,
2852 2014 2960 2054 non
2998 1999 3078 2054 sic
3124 2001 3499 2067 accipiendum
3543 2014 3624 2059 est
3653 2014 3758 2060 tan-

2180 2105 2339 2160 quam
2373 2090 2542 2159 possit
2580 2090 2804 2146 istorum
2843 2092 3282 2162 praetereuntium
3320 2095 3437 2152 dies
3464 2113 3583 2153 esse
3624 2097 3761 2155 ullus

2180 2192 2437 2248 aeternus,
2480 2183 2576 2239 sed
2617 2184 2746 2239 illud
2778 2194 3039 2241 aeternum
3077 2194 3160 2241 est
3201 2189 3339 2257 quod
3365 2188 3467 2244 iste
3488 2190 3752 2259 signiﬁcat

2181 2276 2318 2341 dies,
2344 2276 2489 2331 velut
2514 2293 2634 2333 cum
2664 2278 2892 2334 dicimus
2918 2280 3088 2348 ipsum
3136 2281 3299 2336 Deum
3320 2292 3597 2348 aeternum,
3627 2298 3737 2338 non

2178 2366 2360 2437 utique
2385 2367 2514 2423 istas
2542 2368 2677 2423 duas
2707 2369 2939 2439 syllabas
2965 2381 3196 2426 aeternas
3219 2371 3455 2438 dicimus,
3478 2370 3571 2428 sed
3598 2372 3740 2441 quod

2179 2454 2519 2525 signiﬁcant,
2587 2475 2891 2530 quanquam
2947 2461 3235 2531 diligenter
3292 2464 3631 2519 scrutandum
3680 2464 3750 2522 sit

2179 2550 2448 2617 quomodo
2487 2551 2761 2621 appellare
2792 2551 3116 2625 [Scriptura]
3161 2554 3334 2609 soleat
3367 2568 3649 2623 aeternum,
3685 2572 3753 2614 ne

2178 2640 2318 2697 forte
2359 2642 2430 2696 ita
2471 2642 2670 2698 dixerit
2715 2644 3030 2701 solemniter
3068 2655 3349 2713 aeternum,
3400 2664 3566 2719 quem
3612 2648 3751 2706 nefas

2181 2732 2416 2789 habeant
2442 2735 2860 2804 praetermittere
2881 2746 2974 2791 aut
3002 2752 3099 2792 sua
3129 2748 3322 2807 sponte
3350 2750 3585 2795 mutare.
3609 2740 3743 2795 Aliud

2177 2834 2262 2882 est
2285 2829 2429 2882 enim
2458 2827 2604 2898 quod
2645 2829 2954 2899 prtecipitur
2980 2845 3256 2902 quousque
3287 2832 3415 2899 fiat,
3449 2833 3593 2890 sicut
3625 2848 3737 2903 prae-

2176 2936 2394 2997 ceptum
2446 2938 2547 2995 est,
2610 2937 2667 2983 ut
2714 2930 2914 2999 septies
2966 2945 3151 2986 muros
3204 2929 3467 2986 Hiericho
3517 2930 3731 2987 circuiret

2178 3032 2297 3074 arca
2320 3037 2334 3086 ;
2359 3019 2503 3074 aliud
2530 3034 2651 3075 cum
2675 3021 2988 3090 praecipitur
3030 3021 3108 3076 sic
3142 3021 3426 3076 observari
3479 3021 3666 3092 aliquid
3689 3027 3741 3073 ut

2177 3112 2358 3169 nuilus
2387 3113 2650 3169 terminus
2681 3114 3006 3183 praeliniatur
3023 3114 3448 3182 observationis,
3495 3116 3605 3170 sive
3628 3128 3734 3185 quo-

2180 3203 2327 3271 tidie,
2362 3204 2475 3261 sive
2504 3220 2601 3274 per
2644 3220 2880 3272 menses,
2925 3206 3039 3262 sive
3081 3221 3178 3276 per
3212 3222 3387 3261 annos
3426 3206 3742 3271 solemniter,

2180 3297 2295 3352 sive
2319 3311 2414 3364 per
2438 3295 2726 3352 multorum
2753 3298 2840 3354 vel
2873 3298 3169 3368 aliquorum
3206 3313 3480 3355 annorum
3507 3311 3643 3356 certa
3673 3301 3741 3353 in-

2181 3388 2422 3443 tervalla.
2455 3390 2563 3443 Aut
2581 3404 2710 3460 ergo
2738 3389 2818 3443 sic
2846 3390 3133 3459 appellavit
3161 3398 3427 3446 aeternum
3468 3391 3606 3461 quod
3646 3403 3735 3443 non

2176 3492 2271 3532 sua
2293 3487 2486 3547 sponte
2511 3480 2743 3534 audeant
2759 3480 3007 3536 desinere
3029 3480 3329 3547 celebrare,
3355 3492 3449 3537 aut
3468 3485 3600 3537 sicut
3620 3479 3738 3547 dixi,

2176 3576 2237 3622 ut
2266 3582 2373 3624 non
2399 3570 2510 3638 ipsa
2535 3569 2685 3642 signa
2712 3586 2912 3638 rerum,
2940 3572 3036 3627 sed
3066 3588 3156 3627 res
3185 3589 3307 3644 qua:
3342 3574 3426 3629 his
3450 3574 3739 3645 significan-

2176 3670 2264 3715 tur
2326 3672 2540 3717 zeterme
2594 3663 2977 3731 intelligantur.
3023 3664 3368 3722 Sustulerunt
3427 3675 3594 3720 autem
3647 3665 3738 3718 lilii

2175 3749 2339 3805 Israel
2387 3750 2455 3805 de
2495 3750 2751 3806 Ramesse
2791 3752 2845 3807 in
2884 3751 3142 3818 Socchot,
3188 3754 3241 3808 in
3288 3764 3529 3809 sexcenta
3574 3752 3735 3807 millia

2175 3842 2412 3913 peditum
2438 3843 2563 3913 viri,
2596 3854 2792 3914 praeter
2823 3848 3140 3903 instructum
3175 3850 3268 3905 vel
3295 3862 3515 3904 censum.

2737 3960 2963 4018 CAPUT
3001 3959 3187 4017 CXIII.

2173 4056 2253 4111 De
2271 4057 2656 4127 quadringentis
2684 4059 2833 4111 armis
2860 4074 2964 4111 non
2980 4059 3048 4111 ad
3071 4058 3385 4121 servitutem,
3402 4058 3488 4111 sed
3514 4058 3577 4110 ad
3603 4072 3741 4127 pere-

2280 4129 2583 4182 rinationem
2623 4129 2829 4199 seminis
2866 4129 3088 4183 Abralta:
3122 4130 3455 4199 referendis;
3481 4144 3543 4183 ea:
3582 4130 3746 4183 eodem

2266 4201 2374 4252 ibro
2398 4199 2751 4264 Qua’stiouum
2776 4198 2969 4255 Ea‘odi.

2242 4291 2397 4358 Quod
2426 4307 2556 4361 ergo
2580 4291 2713 4345 dixit
2747 4292 2884 4347 Deus
2914 4291 2979 4347 ad
3006 4290 3309 4347 Abraham:
3345 4292 3583 4350 Sciendo
3622 4293 3744 4348 scias

2122 4460 2127 4463 μ
2171 4383 2293 4453 quia
2322 4384 2662 4453 peregrinum
2692 4385 2795 4439 erit
2824 4399 3009 4440 semen
3044 4393 3190 4440 tuum
3226 4387 3277 4440 in
3311 4397 3457 4442 terra
3490 4402 3595 4442 non
3634 4399 3742 4455 pro-

2171 4474 2308 4545 pria,
2336 4484 2391 4529 et
2414 4475 2466 4529 in
2500 4476 2820 4531 servitutem
2850 4476 3095 4548 redigent
3116 4492 3231 4543 eos,
3264 4488 3317 4533 et
3351 4478 3629 4534 nocebunt
3654 4477 3740 4531 illis

2172 4564 2594 4637 quadringentos
2624 4580 2814 4633 annos,
2846 4582 2953 4621 non
2983 4568 3060 4622 sic
3095 4568 3474 4636 accipiendum
3510 4579 3613 4635 est,
3640 4577 3733 4621 tan-

2170 4673 2330 4728 quam
2355 4658 2407 4712 in
2434 4659 2524 4712 illa
2548 4660 2833 4714 durissima
2858 4662 3116 4717 servitute
3139 4661 3574 4733 quadringentos
3594 4673 3740 4717 annos

2169 4750 2264 4805 Dei
2299 4752 2522 4819 populus
2564 4752 2756 4817 fuerit;
2787 4752 2883 4806 sed
2914 4752 3037 4822 quia
3083 4754 3344 4822 scriptum
3377 4764 3485 4809 est.
3520 4755 3579 4809 In
3619 4754 3744 4809 Isaac

2166 4843 2446 4905 vocabitur
2475 4842 2567 4897 tibi
2596 4858 2804 4910 semen,
2824 4859 2891 4898 ex
2915 4859 3056 4899 anno
3080 4846 3374 4901 nativitatis
3402 4846 3580 4909 Isaac.
3597 4859 3747 4917 usque

2164 4934 2232 4990 ad
2261 4951 2458 4990 annum
2490 4938 2815 5007 egressionis
2836 4951 2904 4992 ex
2932 4937 3166 5009 Aigypto
3215 4948 3611 5008 computantur
3638 4936 3747 4992 anni

2163 5023 2535 5094 quadringenti
2578 5026 2832 5095 quinque.
2877 5024 3012 5081 Cum
3060 5041 3188 5097 ergo
3234 5026 3303 5083 de
3349 5029 3749 5099 quadringentis

2163 5118 2379 5186 triginta
2408 5118 2738 5185 detraxeris,
2768 5119 2954 5190 viginti
2984 5121 3223 5192 quinque
3258 5122 3349 5192 qui
3382 5132 3513 5178 sunt
3554 5140 3590 5178 a
3636 5139 3748 5192 pro-

2162 5209 2451 5277 missione,
2482 5227 2651 5282 usqne
2675 5211 2739 5266 ad
2769 5222 2953 5266 natum
2983 5212 3165 5280 Isaac,
3194 5228 3301 5268 non
3351 5215 3554 5270 mirum
3597 5200 3678 5271 est
3714 5215 3752 5269 εἰ

2162 5301 2577 5372 quadringentos
2606 5312 2659 5358 et
2679 5304 2919 5374 quinque
2946 5319 3116 5360 annos
3155 5320 3366 5361 summa
3400 5309 3580 5363 solida
3625 5323 3751 5377 qna-

2158 5392 2470 5464 dringentos
2489 5396 2657 5450 voluit
2676 5397 2948 5466 appellare
2975 5396 3275 5468 Scriptura,
3300 5415 3422 5469 quae
3448 5402 3599 5458 solet
3626 5412 3752 5457 tem-

2161 5498 2291 5553 pora
2319 5487 2387 5540 ita
2419 5502 2748 5557 nuncupare,
2782 5497 2840 5543 ut
2870 5489 3014 5559 quod
3038 5491 3108 5545 de
3154 5505 3365 5547 summa
3409 5494 3750 5561 perfectioris

2159 5579 2365 5632 numeri
2398 5581 2666 5651 paululum
2699 5583 2966 5639 excrescit
2994 5592 3086 5638 aut
3117 5585 3257 5640 infra
3303 5597 3410 5656 est,
3454 5603 3567 5644 non
3600 5604 3748 5643 com-

2158 5679 2390 5737 putetur.
2422 5672 2536 5728 Non
2569 5675 2747 5745 itaque
2771 5676 2912 5747 quod
2942 5676 3037 5743 ait,
3064 5678 3120 5732 In
3147 5679 3466 5735 servitutem
3499 5681 3747 5752 redigent

2153 5780 2248 5821 eos
2275 5776 2328 5820 et
2357 5767 2620 5822 nocebunt
2651 5768 2753 5823 illis
2774 5811 2789 5835 ,
2823 5770 2890 5825 ad
2919 5771 3338 5841 quadringentos
3384 5787 3563 5829 annos
3604 5776 3750 5830 refe-

2153 5854 2376 5912 rendum
2418 5868 2531 5926 est,
2581 5866 2833 5930 tanquam
2892 5877 2987 5933 per
3025 5871 3102 5919 tot
3153 5878 3323 5920 annos
3383 5880 3481 5923 eos
3528 5866 3741 5925 habue-
