3968 6390
535 463 646 522 ἠδ
1605 461 1675 518 D.
1714 452 2037 515 EUGYPPII
2076 453 2102 509 Α

2235 449 2365 509 [TIS
2401 448 2727 510 AFRICANI
3710 449 3802 504 ττι

539 583 870 658 Evangeilo:
900 583 1216 653 Quicunque
1241 580 1516 637 dimiserit
1549 591 1772 635 uxorem
1817 591 1991 642 suam,
2035 590 2130 631 ex-
2157 575 2213 637 Α
2233 574 2396 645 virgae
2418 587 2692 643 magorum
2717 569 2898 643 populi
2919 569 3207 641 impiorum
3233 567 3360 625 victi
3380 565 3586 626 Christi
3607 569 3802 628 nomine

539 689 693 751 cepta
724 691 880 734 causa
925 677 1321 741 fornicationis,
1364 674 1487 732 facit
1534 689 1652 731 eam
1705 673 1978 729 mmchari.
2028 671 2126 728 Hic
2227 681 2348 722 cum
2398 671 2451 720 in
2501 669 2618 736 ejus
2662 679 2856 734 corpus
2885 665 3301 729 transferuntur,
3350 670 3669 732 tanquama
3707 677 3799 717 ser-

543 776 731 845 utique
765 773 1169 828 fornicationem
1201 769 1523 841 appellavit,
1556 771 1600 824 si
1631 783 1751 823 cum
1801 767 1906 821 alio
1945 775 2128 836 peccet
2230 768 2391 830 pente
2422 758 2588 830 Moysi
2634 759 2992 824 devorantur,
3021 755 3194 812 donec
3221 755 3410 811 redeat
3453 768 3687 825 regnum
3723 754 3798 812 Dei

544 882 665 936 quae
691 867 861 922 virum
892 866 1072 930 habet,
1099 865 1237 934 quod
1265 871 1347 918 est
1376 861 1634 918 mmebari
1667 857 1944 934 [μοιχεία],
1969 857 2020 913 id
2047 866 2131 914 est
2231 854 2296 907 ad
2341 865 2555 906 manum
2591 850 2722 918 Dei,
2754 850 2847 906 sed
2876 848 2930 903 in
2963 847 3069 903 ﬁne
3111 846 3359 903 mortalis
3405 845 3633 913 saeculi,
3682 845 3798 918 quod

545 957 882 1011 adulterium.
932 955 1119 1010 Omnis
1164 969 1292 1024 ergo
1317 957 1528 1025 μοιχεία
1559 951 1718 1007 etiam
1762 948 2039 1006 fornicatio
2075 948 2127 1004 in
2235 943 2509 1014 signiﬁcat
2556 941 2726 998 cauda
2780 941 3082 1010 serpentis,
3136 952 3389 1010 magnum
3437 939 3660 1009 signum
3708 937 3794 992 ﬁat.

545 1047 838 1113 Scripturis
854 1046 1070 1110 dicitr,
1105 1044 1200 1099 sed
1227 1053 1516 1112 utrumque
1532 1042 1692 1097 etiam
1718 1041 1917 1114 [utrum
1943 1036 2129 1110 etiam]
2234 1035 2478 1092 Audistis
2505 1047 2624 1104 qua:
2661 1033 2904 1088 debeatis
2944 1031 3269 1087 desiderare.
3317 1029 3525 1086 Audite
3569 1030 3703 1101 quod
3737 1031 3797 1086 de-

546 1140 723 1194 omnis
753 1138 1031 1195 fornicatio
1054 1141 1268 1210 μοιχεία
1309 1135 1414 1191 dici
1447 1137 1613 1205 possit
1654 1135 1708 1188 in
1739 1133 1940 1189 eisdem
1986 1131 2135 1187 Scri-
2235 1127 2405 1183 beatis
2436 1128 2632 1182 vitare.
2659 1126 2900 1182 Primum
2927 1135 3250 1196 praeceptum
3280 1124 3332 1180 in
3359 1124 3480 1198 lege
3519 1125 3592 1179 de
3606 1124 3795 1182 colendo

547 1229 720 1301 pturis
748 1245 853 1285 non
893 1230 1025 1284 mihi
1072 1229 1288 1284 interim
1328 1227 1566 1281 occurrit
1615 1226 1901 1279 locutionis
1944 1239 2132 1279 exem-
2235 1233 2344 1275 uno
2376 1219 2506 1286 Deo,
2536 1218 2649 1272 Non
2674 1226 2853 1285 erunt,
2889 1217 3080 1286 inquit,
3127 1215 3220 1271 tibi
3246 1215 3318 1270 dii
3359 1216 3447 1270 alii
3481 1223 3686 1286 przeter
3711 1232 3791 1270 me.

549 1322 716 1391 plum.
749 1319 855 1376 Sed
885 1322 928 1373 si
957 1336 1064 1374 non
1096 1320 1273 1373 omnis
1300 1318 1578 1374 fornicatio
1599 1317 1757 1372 etiam
1789 1317 2004 1388 μοιχεία
2027 1313 2135 1368 dici
2237 1310 2414 1366 Prima
2464 1311 2618 1380 plaga
2664 1307 3035 1380 Egyptiorum
3062 1349 3079 1375 ,
3111 1321 3245 1377 aqua
3292 1321 3565 1362 conversa
3612 1307 3664 1363 in
3705 1321 3794 1362 sau-

552 1423 747 1484 potest,
776 1413 866 1468 tibi
892 1411 1030 1485 [ubi]
1062 1411 1129 1467 sit
1159 1412 1212 1466 in
1245 1410 1513 1480 Decalogo
1540 1409 1806 1478 prohibita
1838 1408 1926 1461 illa
1965 1405 2136 1460 forni-
2238 1403 2476 1474 guinem.
2509 1399 2775 1471 Compara
2829 1396 2939 1472 69
2984 1401 3213 1471 primum
3267 1406 3602 1469 preceptum
3649 1401 3793 1470 prima

552 1503 714 1566 catio,
743 1516 901 1571 quam
931 1501 1131 1556 faciunt
1163 1502 1267 1555 viri
1298 1501 1388 1569 qui
1417 1514 1612 1554 uxores
1639 1512 1744 1553 non
1775 1498 1976 1552 habent
2014 1510 2136 1551 cum
2240 1495 2432 1564 plagae,
2459 1493 2628 1548 Deum
2651 1505 2813 1548 unum
2837 1507 2902 1548 ex
2929 1505 3032 1562 quo
3052 1500 3176 1547 sunt
3202 1490 3382 1546 omnia
3402 1492 3455 1545 in
3480 1491 3792 1546 similitudine

555 1595 772 1652 feminis
800 1610 918 1665 quae
951 1594 1174 1649 maritos
1192 1608 1298 1648 non
1317 1592 1534 1658 habent,
1558 1599 1736 1645 utrum
1764 1589 1994 1645 inveniri
2017 1601 2141 1658 pos-
2241 1585 2484 1656 intelligo
2513 1601 2684 1657 aquae,
2703 1601 2770 1642 ex
2790 1601 2894 1656 qua
2920 1585 3000 1659 [in
3026 1583 3433 1641 similitudinem
3456 1598 3616 1654 aqua:
3632 1599 3691 1640 ex
3703 1581 3792 1655 qua]

555 1690 626 1746 ait
657 1689 867 1758 ignoro,
887 1687 982 1742 sed
1011 1687 1057 1742 si
1083 1685 1209 1742 furti
1235 1687 1450 1740 nomine
1473 1686 1606 1739 bene
1631 1682 1942 1751 intelligitr
1967 1681 2142 1736 omnis
2243 1689 2575 1750 generantur
2598 1681 2800 1733 omnia.
2834 1678 2950 1745 Quo
2979 1685 3154 1732 autem
3181 1675 3271 1748 [ad
3295 1689 3454 1746 quam
3485 1686 3666 1731 autem
3693 1671 3790 1745 rem}

555 1783 737 1839 illicita
767 1782 1043 1850 usurpatio
1071 1783 1148 1836 rei
1177 1780 1394 1845 alim,
1422 1794 1527 1834 non
1569 1780 1711 1834 enim
1739 1779 1978 1847 rapinam
2017 1791 2141 1846 per-
2247 1776 2480 1845 pertinet
2511 1773 2749 1842 sanguis,
2783 1771 2885 1826 nisi
2909 1771 2975 1824 ad
3003 1784 3220 1825 carnem
3251 1768 3576 1824 mortalem?
3598 1767 3716 1837 Quid
3735 1777 3792 1822 eat

557 1877 703 1932 misit
723 1875 814 1944 qui
847 1874 1046 1928 furtum
1079 1872 1373 1942 prohibuit,
1405 1871 1500 1928 sed
1527 1871 1710 1940 utique
1739 1885 1770 1925 a
1791 1878 1942 1939 parte
1971 1878 2142 1924 tutum
2247 1882 2377 1937 ergo
2396 1870 2676 1922 conversio
2700 1879 2850 1934 aquae
2869 1863 2920 1917 in
2939 1863 3248 1933 sanguinem
3266 1902 3280 1926 ,
3312 1861 3412 1916 nisi
3437 1861 3560 1931 quia
3584 1862 3793 1916 obscura-

559 1967 784 2037 intelligi
816 1965 988 2022 voluit
1028 1965 1283 2035 quidquid
1333 1964 1518 2018 illicite
1562 1977 1744 2018 rerum
1775 1962 2007 2031 proximi
2040 1975 2138 2015 au-
2172 1953 2222 2015 B
2250 1970 2360 2016 tum
2380 1969 2463 2015 est
2485 1959 2742 2028 insipiens
2767 1973 2860 2013 cor
2875 1971 3059 2012 eorum
3080 1974 3092 2009 :
3117 1956 3358 2010 dicentes
3377 1956 3518 2009 enim
3541 1969 3597 2008 se
3618 1967 3795 2009 essese-

565 2061 776 2126 fertur;
809 2060 1054 2129 profecto
1093 2066 1149 2114 et
1189 2057 1408 2113 nomine
1445 2056 1694 2112 mtechia
1726 2055 1902 2110 omnis
1928 2051 2146 2108 illicitos
2252 2053 2454 2121 pientes
2484 2048 2631 2104 stulti
2679 2049 2804 2104 facti
2842 2058 2998 2114 sunt,
3027 2057 3080 2102 et
3108 2055 3566 2102 commutaverunt
3599 2046 3790 2115 gloriam

563 2149 881 2208 concubitus
927 2157 1087 2219 atque
1128 2148 1342 2204 illorum
1394 2147 1759 2203 membrorum
1817 2161 1924 2201 non
1975 2149 2149 2216 legiti-
2251 2140 2672 2211 incorruptibilis
2700 2140 2791 2196 Dei
2827 2140 2884 2194 in
2927 2137 3330 2194 similitudinem
3360 2138 3590 2205 imaginis
3633 2151 3794 2191 corru-

565 2255 684 2296 mus
737 2253 867 2296 usus
917 2238 1219 2309 prohibitus
1253 2239 1414 2296 debet
1462 2239 1717 2309 intelligi,
1765 2246 1822 2292 et
1873 2237 2017 2308 quod
2068 2236 2151 2292 di-
2251 2236 2457 2308 ptibilis
2489 2234 2739 2288 hominis.
2762 2232 2941 2288 Gloria
2973 2227 3620 2303 incorruptibilisDeisicut
3640 2243 3783 2296 aqua,

567 2343 717 2391 ctum
743 2339 832 2390 est
873 2331 992 2388 Non
1029 2331 1268 2396 occides,
1311 2347 1416 2388 non
1449 2331 1743 2401 putandum
1772 2336 1857 2386 est
1877 2329 1991 2384 ﬁeri
2018 2342 2150 2383 con-
2253 2329 2546 2386 similitudo
2560 2326 2806 2398 imaginis
2827 2323 3192 2393 corruptibilis
3209 2324 3414 2379 hominis
3429 2323 3552 2377 sicut
3570 2320 3782 2389 sanguis,

567 2419 669 2484 tra-
695 2435 1021 2497 praeceptum
1073 2425 1196 2491 hoc,
1226 2425 1443 2494 quando
1478 2424 1566 2480 lex
1603 2422 1803 2479 occidit
1843 2420 1930 2476 vel
1980 2418 2153 2476 occidi
2256 2431 2312 2478 et
2339 2422 2441 2476 hoc
2468 2420 2684 2490 quidem
2716 2419 2772 2472 ﬁt
2807 2419 2857 2472 in
2885 2417 3048 2473 corde
3075 2417 3377 2488 impiorum.
3407 2415 3530 2470 Nam
3555 2414 3686 2469 Deus
3714 2413 3788 2466 in-

572 2523 804 2593 aliquem
831 2519 972 2577 Deus
995 2520 1180 2590 jubet:
1210 2517 1303 2574 ille
1324 2519 1470 2574 enim
1497 2517 1624 2573 facit
1643 2517 1734 2588 qui
1762 2516 1912 2586 jubet
1937 2512 2156 2585 quando
2257 2511 2652 2568 commutabilis
2691 2517 2892 2576 manet,
2929 2522 3105 2580 neque
3139 2508 3284 2563 enim
3311 2508 3432 2577 quia
3473 2516 3524 2561 et
3549 2503 3791 2573 Apostolus

572 2612 935 2668 ministerium
966 2624 1162 2681 negare
1189 2625 1296 2665 non
1329 2609 1477 2664 licet.
1503 2607 1562 2663 In
1605 2622 1672 2662 eo
1700 2607 1862 2663 etiam
1907 2604 2049 2674 quod
2079 2602 2157 2658 di—
2258 2607 2390 2663 dixit
2417 2606 2892 2661 Commutaverunt
2911 2643 2926 2666 ,
2954 2600 3076 2656 ideo
3101 2608 3332 2655 mutatus
3360 2609 3440 2653 est
3461 2599 3608 2653 Deus.
3632 2596 3788 2652 Secun-

577 2712 722 2758 clum
752 2711 867 2768 εει,
898 2701 1118 2757 Falsum
1162 2699 1529 2756 testimonium
1572 2712 1680 2754 non
1720 2697 1870 2752 dices
1897 2695 2159 2750 adversus
2261 2699 2386 2754 dum
2413 2703 2770 2766 praeceptum:
2799 2692 2914 2750 Non
2939 2692 3168 2762 accipies
3191 2705 3386 2746 nomen
3414 2689 3616 2744 Domini
3634 2687 3706 2741 Dei
3737 2682 3786 2738 tui

576 2790 888 2863 Ρῐοιίωυηι
920 2799 1099 2858 mum,
1125 2789 1296 2860 (illa?ri
1325 2790 1465 2846 εοιει
1509 2796 1688 2843 mrum
1732 2787 2059 2856 Ρΐοδίδίῑυω
2091 2785 2161 2839 Sit
2262 2792 2316 2847 in
2352 2803 2569 2845 vanum.
2623 2785 2724 2853 Qui
2749 2785 2892 2840 enim
2923 2785 3116 2853 accipit
3161 2796 3358 2838 nomen
3388 2781 3596 2836 Domini
3623 2780 3695 2834 Dei
3728 2777 3784 2831 sui

576 2897 741 2940 omne
769 2881 1146 2938 mendacium?
1175 2896 1243 2936 ne
1272 2879 1411 2937 forte
1435 2893 1542 2935 non
1575 2878 1648 2935 sit
1677 2877 1782 2933 hoc
1832 2886 2161 2946 praeceptum
2265 2884 2319 2939 in
2344 2895 2538 2936 vanum
2567 2894 2673 2934 non
2700 2876 3064 2932 mandabitur.
3095 2875 3296 2930 Nomen
3327 2874 3544 2929 Domini
3572 2873 3646 2928 Dei
3665 2868 3780 2924 nostri

581 2977 948 3032 adversuseos
963 2973 1525 3045 quidicunttuncesse
1539 2965 2161 3038 mentiendum,quando
2265 2975 2392 3031 Jesu
2419 2971 2618 3029 Christi
2646 2971 2847 3026 veritas
2874 2978 2995 3036 est;
3027 2972 3140 3038 ipse
3175 2967 3316 3022 enim
3349 2966 3496 3037 dixit
3529 2982 3543 3019 :
3585 2964 3670 3033 Ego
3700 2972 3783 3014 sunt

581 3068 634 3124 id
662 3068 1008 3125 mendacium
1036 3065 1256 3136 prodest
1292 3064 1489 3130 alicui,
1517 3072 1570 3119 et
1599 3063 1734 3118 nihil
1769 3062 1925 3117 obest
1951 3059 2048 3132 [ei]
2077 3058 2163 3114 cui
2269 3066 2486 3122 veritas.
2542 3063 2747 3117 Veritas
2803 3075 2934 3131 ergo
2962 3060 3203 3127 mundat,
3239 3057 3452 3112 vanitas
3511 3057 3730 3126 inquinat,
3753 3059 3789 3105 et

587 3161 870 3219 mentiris:
904 3160 1009 3215 tale
1055 3159 1253 3229 quippe
1302 3171 1410 3211 non
1448 3163 1533 3211 est
1570 3154 1828 3209 adversus
1862 3153 2164 3222 proximum
2270 3157 2520 3229 quoniam
2560 3157 2650 3225 qui
2674 3157 2906 3226 loquitur
2927 3154 3207 3210 veritatem
3228 3151 3296 3207 de
3342 3151 3455 3206 Deo
3485 3152 3702 3220 loquitur,
3726 3145 3790 3214 qui

589 3265 767 3317 illum;
796 3258 855 3306 ιη
884 3251 1004 3306 ideo
1035 3248 1283 3303 Videam?
1314 3245 1418 3301 hoc
1441 3244 1716 3300 addidisse
1747 3242 2023 3312 δοτίριυη
2049 3255 2170 3311 qua!
2271 3252 2416 3306 enim
2442 3249 2678 3319 loquitur
2699 3247 3035 3302 mendacium
3061 3245 3128 3300 de
3151 3259 3247 3301 suo
3277 3245 3519 3315 loquitur
3544 3263 3555 3295 :
3584 3243 3794 3297 veritatem

589 3351 770 3415 posset
788 3342 1025 3400 breviter
1037 3341 1238 3405 dicere,
1259 3338 1473 3394 Falsum
1492 3335 1856 3392 testimonium
1872 3348 1977 3389 non
2001 3333 2156 3398 dices1

2227 3339 2242 3402 Ξ
2274 3346 2422 3415 loqui
2454 3353 2536 3398 est
2566 3341 2958 3397 rationabiliter
2987 3340 3154 3411 loqui,
3186 3338 3482 3392 vanitatem
3511 3348 3667 3390 autem
3692 3331 3794 3400 loqui

588 3435 728 3490 sicut
755 3435 918 3490 dixit:
951 3433 1065 3489 Non
1089 3431 1325 3499 occides,
1353 3446 1461 3486 non
1485 3427 1866 3493 mmchaberis,
1895 3441 2001 3480 non
2031 3423 2172 3478 fura-
2277 3444 2522 3504 strepere
2553 3434 2726 3502 potius
2756 3445 2914 3502 quam
2949 3431 3116 3500 loqui,
3168 3429 3364 3484 merito
3400 3429 3523 3497 quia
3569 3423 3797 3481 secundum

589 3525 755 3592 beris;
779 3525 875 3582 sed
899 3525 1024 3580 hinc
1045 3539 1234 3595 “138m
1256 3523 1481 3593 (λυπειῖο
1501 3530 1606 3588 εει,
1623 3534 1723 3575 τιθο
1743 3533 1775 3574 ³
1799 3514 2175 3572 festinantibus
2277 3537 2603 3600 prmeeptum
2627 3534 2710 3582 est
2738 3525 2956 3581 dilectio
2983 3523 3246 3590 veritatis,
3271 3521 3354 3577 cui
3377 3521 3635 3576 contraria
3661 3526 3726 3572 est
3745 3513 3800 3567 di-

590 3619 876 3672 commode
896 3614 1668 3687 explicaripotest.quom0d0
1690 3610 2060 3681 accipiendum
2083 3608 2171 3661 δῑιε
2281 3620 2440 3676 lectio
2488 3617 2758 3673 vanitatis.
2807 3615 3068 3686 Loquitur
3109 3622 3287 3669 autent
3319 3613 3533 3676 veritas,
3569 3603 3803 3680 perstrepit

597 3709 799 3764 Perdes
843 3721 1037 3763 omnes
1076 3707 1167 3776 qui
1215 3709 1510 3776 loquuntur
1549 3703 1934 3765 mendacium;
1975 3708 2032 3756 et
2068 3695 2177 3750 ηοιί
2280 3711 2510 3768 vanitas.
2549 3711 2680 3765 Huic
2710 3716 2982 3780 przecepto
3030 3706 3270 3762 secundo
3315 3705 3617 3761 contrariam
3666 3700 3809 3752 videte

597 3801 738 3855 velle
785 3800 1006 3855 mentiri
1050 3814 1210 3854 omne
1247 3799 1607 3863 mendacium,
1655 3807 1712 3852 et
1756 3803 1950 3851 caetera
1996 3790 2180 3860 hujus-
2282 3805 2570 3860 secundam
2594 3802 2833 3872 plagam;
2867 3814 2987 3870 qua,
3008 3799 3200 3854 estiua
3230 3797 3446 3854 secunda
3468 3793 3814 3864 plaga?mna-

598 3890 765 3947 m0di-
2283 3913 2402 3953 rum
2428 3894 2748 3952 abundantia
2772 3909 2786 3947 :
2817 3893 2984 3948 babes
3009 3903 3322 3960 expressam
3344 3885 3662 3957 signiﬁcatam
3680 3878 3817 3933 vani-

509 3995 516 4002 ’
1177 4001 1402 4059 CAPUT
1430 4000 1597 4057 CXV.
2287 4000 2474 4057 tatem,
2507 3991 2550 4044 si
2579 3989 2823 4044 attendas
2852 3999 3101 4041 ranarum
3134 3984 3523 4054 loquacitatem.
3541 3976 3667 4032 Vide
3691 3985 3814 4027 ama-

596 4115 870 4183 Expositio
897 4115 1070 4170 decem
1088 4125 1466 4186 praceptorum
1484 4122 1532 4167 et
1555 4113 1725 4186 decem
1751 4111 2033 4186 plagarum
2044 4110 2186 4164 salva
2287 4098 2432 4186 ιοξθρ
2454 4085 2848 4186 feritatis-non.
2871 4080 3198 4186 accipientes
3227 4079 3286 4184 in
3316 4089 3518 4186 vanu“:
3537 4065 3814 4186 nomen-3t:

629 4166 878 4258 iisiis};
901 4166 1762 4259 dilibéc'ét’egiseamtuoné
1783 4166 2147 4254 adlpopufum.
2288 4181 2421 4237 mini
2454 4180 2550 4235 Dei
2577 4178 2680 4243 sui,
2707 4177 2851 4246 loqui
2881 4173 3193 4244 sapientiam
3224 4171 3365 4225 inter
3395 4166 3678 4259 perfectus,
3697 4166 3813 4214 etiam

666 4304 826 4358 Prius
849 4304 902 4357 in
934 4302 1286 4357 fundamento
1313 4301 1484 4371 posita
1510 4315 1692 4358 rerum
1715 4309 1986 4369 gestarum
2019 4296 2186 4352 ﬁrmi-

2289 4276 2428 4331 inter
2459 4269 2803 4341 imperfectos
2835 4285 2848 4321 :
2880 4281 2987 4323 non
3033 4265 3245 4336 quidem
3295 4261 3440 4331 loqui
3488 4257 3628 4330 quod
3671 4261 3815 4319 capere

597 4400 733 4455 tate,
762 4390 1174 4459 signiﬁeantiam
1203 4355 1464 4446 debemus
1484 4355 1780 4460 inquirere,
1815 4403 1884 4444 ne
1913 4388 2164 4443 subtractt

2291 4382 2398 4423 non
2443 4371 2690 4436 possunt,
2723 4375 2829 4416 non
2861 4369 3040 4416 tamen
3067 4356 3318 4412 recedere
3348 4370 3379 4409 a
3411 4355 3636 4409 veritate
3661 4355 3704 4400 et
3729 4355 3813 4412 per-

598 4483 949 4540 fundamonto
996 4482 1050 4536 in
1095 4495 1223 4538 aere
1267 4481 1406 4536 velle
1454 4481 1721 4536 aediﬁcare
1770 4481 2068 4535 videamur.
2106 4479 2165 4533 At

2289 4473 2416 4530 gere
2463 4457 2516 4510 in
2570 4453 2880 4509 vanitatem.
2933 4448 3192 4518 Quamvis
3237 4446 3379 4501 enim
3424 4441 3707 4514 imperfecti
3744 4445 3815 4487 nos

599 4577 786 4647 plagas
811 4577 999 4632 decem
1030 4589 1136 4630 non
1167 4573 1399 4644 pertinet
1427 4573 1566 4644 quod
1599 4574 1831 4642 primum
1863 4572 2063 4628 factum
2108 4583 2166 4627 es

2289 4523 2505 4618 capiunt
2537 4548 2582 4603 si
2623 4544 2750 4616 quid
2776 4543 2934 4614 paulo
2961 4541 3227 4597 excelsius
3263 4537 3427 4592 fuerit
3455 4535 3744 4604 diSpuutum
3765 4523 3815 4574 de

601 4627 741 4737 zigdi
789 4680 979 4731 causa,
1023 4674 1083 4721 ut
1121 4627 1269 4736 virga
1308 4667 1366 4720 in
1405 4627 1709 4734 serpeniem
1761 4669 2188 4728 converteretur;
2225 4735 2234 4737 _
2291 4642 2469 4697 Verbo
2492 4639 2587 4695 ῧθί
2612 4638 2727 4694 Deo
2749 4635 2888 4706 apud
2922 4635 3234 4737 Numidici
3269 4627 3602 4737 απυδ-ἴδειῇ
3619 4629 3818 4737 mit-SE:

603 4713 784 4814 aditus
813 4767 933 4814 erat
955 4759 1098 4814 enim
1149 4713 1267 4828 ipze
1303 4757 1370 4812 ad
1400 4713 1735 4812 Pharraonem
1766 4769 1874 4825 quo
1913 4713 2188 4810 common:
2212 4735 2268 4802 D
2291 4738 2402 4802 Ilia:
2423 4736 2744 4807 ,Ροεεῖῖηίῐυθ
2770 4727 3292 4828 “Pfirejiﬂﬁd-il'twr
3315 4721 3664 4828 ecf-loquitur

605 4807 2175 4920 anguinos:.igg..;:..‘.;agtgt.t...i.mis:
2289 4807 3824 4920 ιεηαυεωεηιετρςιτνυιοεοιπίειίιαιιιτιοιπίεειιωιειιτγτι

602 4942 840 5000 nondum
864 4906 1042 4997 autem
1073 4906 1432 4997 contumaces
1471 4906 1954 5006 feriebantur,lsed
2001 4937 2184 4993 divino
2291 4923 2629 4987 cruciﬁxum,
2657 4933 2764 4974 non
2789 4927 2966 4972 tamen
2991 4914 3080 4969 illa
3118 4922 3200 4968 est
3220 4908 3422 4965 veritas
3445 4917 3509 4961 et
3533 4909 3632 4960 ista
3654 4906 3824 5006 πωλεῖς-

602 5039 757 5110 aigno
784 5037 895 5109 jam
926 5037 1284 5092 terrebantur.
1319 5035 1474 5106 Virga
1510 5035 1776 5106 signiﬁcat
1819 4991 2042 5103 regnum
2069 5032 2183 5098 Dei,
2296 5016 2512 5073 vanitas
2531 5019 2885 5110 autem-esset
2905 5012 2948 5065 si
2976 5008 3250 5109 Christum
3282 5011 3677 5110 mortemmnon

603 5086 2044 5200 gggﬁﬁgggﬁigﬁpei;
2075 5086 2191 5179 ser;
2297 5111 2439 5165 visae
2466 5108 2561 5163 sed
2593 5107 2816 5161 tinxisse
2837 5104 3160 5165 diceremus,
3190 5099 3239 5154 si
3269 5096 3492 5152 vulnera
3513 5094 3609 5148 illa
3635 5086 3836 5200 inpluit-

605 5176 1190 5292 peus1autem°tempus
1225 5176 1568 5275 mortalitatis
1613 5176 1806 5288 iuris,
1855 5230 2000 5272 mors
2031 5176 2186 5270 enim
2298 5211 2526 5258 tasmate
2548 5200 2733 5265 fuisse,
2753 5197 2800 5250 si
2825 5195 3137 5265 sanguinem
3167 5206 3273 5292 non
3304 5202 3517 5292 verum.
3556 5176 3840 5292 sedsimile

605 5281 638 5370 λ
667 5320 918 5382 serpente
948 5281 1226 5383 propinata
1257 5318 1363 5366 est.
1390 5309 1665 5382 Tanquam
1684 5281 1822 5379 ergo
1840 5308 2098 5364 cadentes
2121 5306 2190 5362 de
2292 5303 2404 5349 tum
2426 5292 2492 5348 de
2511 5291 2818 5346 νυΙηθΓίῧιιε
2844 5299 3145 5352 emanasse.
3175 5285 3218 5340 εἰ
3250 5282 3413 5338 τειεειε
3435 5297 3571 5338 eum
3618 5281 3844 5338 οίεδίτπδ

605 5421 769 5462 manu
801 5375 1015 5460 Domini
1045 5375 1098 5460 in
1144 5413 1340 5461 terram
1381 5375 1639 5459 mortales
1666 5375 1842 5457 ede-eti
1873 5409 2018 5465 sunt,
2047 5396 2190 5452 unde
2294 5397 2546 5455 ωηαυεηι
2589 5393 2709 5453 ροει
2737 5382 2871 5436 Μελ
2906 5379 3130 5435 “me”
3161 5375 3739 5435 ἀοωοηειτδεεθοῧιπη
3759 5375 3852 5420 Ve”

604 5498 846 5570 proiecta
874 5499 1024 5568 virga
1051 5513 1117 5555 ex
1145 5513 1306 5554 manu
1337 5509 1563 5568 serpens
1590 5495 1781 5552 eﬁ'ecta
1809 5503 1916 5561 est,
1950 5493 2164 5550 fecerun

2292 5479 2393 5534 ista
2413 5478 2590 5534 omnia
2614 5489 2737 5530 vera
2763 5473 3009 5539 dicimus,
3025 5473 3159 5526 facta
3175 5470 3405 5525 dicimus
3425 5479 3605 5534 certa,
3626 5473 3853 5536 expressa,

548 5603 551 5607 ·
604 5555 662 5646 et
691 5555 830 5661 ιῖηοεῑ
859 5555 1156 5647 Pharaonis
1187 5555 1458 5656 similiter,
1484 5588 1652 5659 virgis
1700 5555 1914 5644 eorum,
1936 5586 2189 5657 proiectis
2295 5569 2512 5637 impleta
2541 5567 2808 5661 credimus
2831 5575 2886 5621 et
2911 5563 3284 5661 praedicant)“.
3306 5562 3564 5661 quamvis
3591 5560 3662 5617 de
3687 5555 3862 5661 ευωῖφξ

607 5654 885 5752 “mam
906 5681 1030 5738 facti
1051 5691 1198 5750 sum,
1228 5682 1327 5738 sed
1370 5654 1523 5752 prius
1548 5654 1774 5750 gemens
1803 5654 1995 5750 “Gygi,
2028 5654 2079 5732 id
2111 5683 2195 5731 εει
2297 5661 2440 5718 illius
2461 5660 2607 5718 etde
2632 5657 3051 5715 incommutabili
3079 5656 3303 5713 veritate
3315 5669 3419 5709 non
3446 5654 3864 5748 loquamur,‘n0‘0

607 5736 755 5841 virga
783 5771 986 5844 Moysi,
1033 5736 1316 5830 devoravit
1355 5736 1546 5829 omnes
1585 5736 1865 5842 serpentes
1892 5736 2194 5838 magorum.
2301 5755 2642 5812 tamenim!”
2687 5752 2742 5806 in
2787 5750 3099 5805 vallimem-
3157 5749 3257 5816 Qui
3287 5755 3468 5800 autem
3519 5745 3620 5799 illa
3645 5739 3807 5797 omni“
3832 5736 3871 5787 i‘

611 5838 765 5920 Tunc
790 5838 1006 5922 deum
1051 5867 1224 5922 cauda
1265 5838 1692 5937 comprehensa
1722 5863 2015 5921 idemidem
2049 5863 2200 5933 virga
2303 5849 2516 5904 Christo
2542 5847 2677 5904 falsa
2700 5854 2755 5903 et
2778 5843 3252 5912 simulatadicunt,
3278 5855 3424 5896 ranae
3444 5849 3580 5894 sunt
3612 5838 3877 5892 clamaan

609 5953 752 6012 facta
773 5964 858 6013 ut
896 5964 954 6014 et
979 5971 1208 6028 regnum
1238 5930 1502 6014 remeavit
1529 5956 1598 6013 ad
1626 5930 1846 6015 manum
1876 5973 1888 6010 :
1921 5960 2047 6011 sunt
2073 5930 2203 6022 ergo
2308 5946 2363 6002 in
2382 5943 2583 6015 palude
2601 5941 2913 6012 ;strepitum
2936 5939 3084 5997 vocis
3109 5937 3306 5994 habere
3321 5940 3579 6006 possunt,
3602 5930 3882 5987 doctrinam
