3968 6390
220 406 326 464 725

1406 396 1840 457 THESAURUS.
1879 399 2034 458 CAP.
2073 399 2236 459 CXV.

3383 399 3490 460 vas

218 518 496 589 sapientiae
539 518 810 574 insinuare
841 530 949 572 non
991 523 1234 586 possunt.
1295 511 1540 586 Denique
1595 515 1646 568 in
1689 513 1796 569 Ec-
1823 516 2324 589 AComparemus:
2357 517 2424 574 da
2471 517 2745 574 hominem
2792 517 3052 576 mmehari
3102 521 3486 593 meditantem,

218 613 379 670 clesia
397 611 684 682 loquuntur
707 612 971 665 hmrentes
989 609 1200 663 veritati
1220 609 1500 663 veritatem
1530 620 1800 678 perquam

219 706 356 760 facta
386 713 508 760 sunt
536 703 739 768 omnia,
769 703 1063 758 Veritatem
1097 700 1331 756 Verbum
1361 715 1578 756 carnem
1601 702 1800 757 factum

217 809 274 857 et
297 799 618 855 habitantem
646 799 700 854 in
723 798 1205 863 nobis,veritatem
1229 793 1504 852 Christum
1529 804 1711 850 natum
1733 793 1803 852 de

214 892 352 962 Deo,
380 908 542 946 unum
569 891 635 947 de
657 907 784 959 uno,
817 890 1149 961 unigenitum
1177 898 1231 944 et
1259 897 1610 953 coaeternum,
1655 886 1803 942 veri-

214 994 381 1041 tatem
393 994 607 1055 accepta
622 984 792 1039 forma
806 986 952 1039 servi
972 991 1153 1038 natum
1169 997 1233 1037 ex
1247 981 1455 1052 virgine
1476 979 1663 1046 Maria,
1680 993 1804 1049 pas-

214 1093 358 1138 sum.
383 1064 717 1142 crucifixum,
741 1086 1136 1145 resurgentem,
1167 1073 1544 1128 ascendentem
1573 1090 1585 1125 :
1606 1072 1804 1141 ubique

213 1171 498 1225 veritatem
533 1179 584 1224 et
607 1184 765 1238 quam
798 1166 1025 1238 perfecti
1046 1166 1263 1236 capiunt
1283 1175 1339 1221 et
1365 1177 1520 1234 quam
1549 1163 1803 1232 parvulus

212 1275 410 1332 capere
429 1275 533 1313 non
553 1268 764 1329 potest;
788 1261 1092 1323 veritatem,
1108 1267 1162 1312 et
1184 1257 1234 1311 in
1259 1271 1395 1326 pane
1413 1266 1466 1310 et
1494 1255 1546 1310 in
1570 1256 1729 1322 lacte,
1745 1256 1803 1311 in

210 1369 354 1426 pane
373 1368 684 1424 magnorum
697 1396 709 1417 ,
727 1353 779 1406 in
795 1352 933 1406 lacte
949 1352 1315 1420 parvulorum.
1334 1349 1476 1403 Idem
1491 1348 1690 1418 quippe
1702 1360 1804 1418 pa-

210 1447 303 1502 nis
320 1458 374 1501 ut
389 1446 472 1500 lac
491 1445 581 1498 fiat
599 1461 695 1514 per
708 1459 926 1499 carnem
945 1444 1228 1512 trajicitur.
1244 1442 1344 1508 Qui
1363 1449 1540 1496 autem
1559 1441 1685 1494 huic
1712 1454 1806 1494 ve-

208 1539 362 1593 ritati
376 1537 771 1604 contradicunt,
786 1545 839 1591 et
853 1537 905 1590 in
923 1551 1015 1589 sua
1037 1535 1270 1590 vanitate
1283 1534 1490 1603 decepti
1506 1534 1800 1602 decipiunt,

209 1644 361 1685 rana:
376 1630 730 1684 sunttmdium
755 1629 1048 1683 inferentes
1077 1627 1320 1693 auribus,
1340 1641 1444 1680 non
1470 1627 1646 1682 cibum
1666 1638 1808 1679 men-

207 1722 378 1777 tibus.
396 1722 532 1776 Audi
555 1721 786 1791 denique
821 1719 1066 1775 homines
1092 1717 1483 1773 rationabiliter
1500 1719 1800 1787 loquentes,

210 1831 322 1869 non
339 1825 461 1870 sunt
477 1814 702 1885 loquelae
715 1829 888 1884 neque
907 1826 1185 1868 sermones
1202 1825 1428 1881 quorum
1443 1826 1550 1865 non
1567 1809 1795 1865 audian-

1903 611 2154 682 conjugio
2194 626 2300 667 non
2346 617 2656 667 contentum
2705 624 2826 678 suo,
2855 613 3146 682 appetitum
3191 614 3484 684 quemdam

1902 705 2080 760 carnis
2111 705 2166 760 in
2192 719 2252 762 se
2280 705 2502 762 domare
2524 721 2634 761 non
2679 707 2814 773 vult,
2847 707 2937 776 qui
2966 715 3051 763 est
3090 706 3244 763 nobis
3269 708 3486 778 pecori-

1904 796 2113 866 busque
2141 800 2483 855 communis:
2515 799 2713 855 etenim
2745 799 3104 855 concumbere
3131 807 3190 856 et
3219 812 3482 871 generare

1903 890 2064 946 etiam
2093 890 2362 961 pecudum
2392 899 2517 958 est;
2545 891 2860 947 ratiocinari
2884 932 2900 958 ,
2930 891 3258 963 intelligere,
3293 893 3486 949 huma-

1903 995 2033 1036 num
2063 988 2166 1036 est.
2196 978 2326 1036 Ideo
2351 981 2491 1036 ratio
2519 997 2641 1052 qua:
2685 982 2938 1051 praesidet
2975 983 3029 1038 in
3079 993 3261 1039 mente
3306 994 3487 1040 otus

1904 1071 2190 1128 inferiores
2218 1071 2395 1127 carnis
2419 1082 2678 1144 tanquam
2720 1087 2954 1144 regnas
2979 1083 3034 1130 et
3059 1075 3346 1130 dominans
3369 1075 3487 1131 fre-1

1906 1177 2036 1218 nare
2080 1163 2260 1229 debet,
2285 1176 2394 1218 non
2433 1163 2786 1220 immoderate
2828 1173 2884 1220 et
2928 1165 3111 1220 illicito
3150 1168 3352 1235 passim
3392 1177 3487 1220 va-

1903 1270 2076 1326 geque
2109 1256 2310 1322 laxare,
2339 1255 2570 1326 ideoque
2612 1257 2744 1328 ipsis
2775 1258 3059 1327 pecoribus
3085 1266 3273 1313 natura
3300 1258 3485 1314 datum

1907 1359 2011 1417 est,
2039 1351 2352 1406 instituente
2379 1350 2660 1419 Creatore,
2689 1361 2750 1406 ut
2771 1366 2876 1406 non
2897 1364 3215 1408 moveantur
3240 1354 3307 1408 ad
3336 1354 3488 1409 femi-

1908 1458 2006 1498 nas
2043 1452 2097 1498 et
2119 1443 2184 1498 ad
2212 1445 2556 1499 concubitum
2590 1445 2689 1498 nisi
2719 1445 2884 1499 certis
2927 1445 3280 1514 temporibus,
3313 1460 3488 1516 neque

1907 1537 2053 1593 enim
2077 1536 2284 1592 ratione
2308 1552 2368 1594 se
2391 1536 2611 1594 cohibet
2631 1537 2736 1591 alio
2766 1546 3006 1606 tempore
3034 1552 3216 1608 pecus,
3246 1538 3342 1594 sed
3371 1553 3489 1593 om-

1909 1631 2039 1685 nino
2066 1632 2181 1701 ipso
2207 1641 2355 1686 motu
2398 1630 2716 1698 frigescente
2763 1630 3037 1698 torpescit.
3095 1629 3266 1684 Homo
3312 1641 3490 1686 autem

1911 1723 2036 1779 ideo
2065 1737 2284 1792 semper
2322 1722 2528 1777 moveri
2568 1730 2780 1788 potest,
2815 1721 2942 1791 quia
2974 1728 3030 1775 et
3073 1721 3350 1778 refrenare
3377 1739 3492 1778 mo-

1909 1824 2021 1870 tum
2053 1826 2246 1885 potest.
2282 1815 2398 1870 Tibi
2426 1814 2850 1869 dominationem
2883 1812 3108 1868 rationis
3144 1814 3369 1869 Creator
3398 1815 3493 1870 de-

210 1914 303 1962 tur
326 1922 482 1962 voces
499 1907 816 1972 eorum,sed
834 1920 993 1961 voces
1010 1920 1115 1960 non
1140 1904 1558 1974 inanes,quiain
1583 1917 1801 1958 omnem
1830 1893 1883 1962 Β
1907 1910 2008 1974 dit.
2042 1908 2137 1965 tibi
2186 1919 2455 1980 praecepta
2501 1907 2844 1964 continentia:
2896 1916 3148 1979 tanquam
3195 1908 3248 1962 in
3294 1909 3494 1964 bestias

209 2007 417 2056 terram
442 2002 603 2056 exivit
619 2016 782 2056 sonus
806 2015 989 2056 eorum
1003 2010 1054 2055 ct
1079 2000 1132 2054 in
1150 1997 1441 2054 lluesorbis
1465 2007 1621 2052 terra:
1637 1997 1801 2052 verba

212 2107 424 2148 eorum.
457 2093 513 2150 Si
541 2104 721 2148 autem
754 2103 806 2149 et
831 2109 993 2148 ranas
1033 2093 1113 2147 vis
1145 2092 1448 2148 ccontrario
1478 2091 1799 2159 intelligere,

214 2184 370 2240 illum
398 2201 611 2240 versum
644 2185 832 2256 psalmi
865 2185 1040 2240 recole
1069 2203 1079 2238 ;
1111 2183 1259 2238 Vana
1291 2183 1452 2238 locuti
1484 2190 1609 2236 sunt
1635 2195 1803 2235 unus-

214 2280 446 2350 quisque
483 2279 550 2335 ad
589 2281 892 2350 proximum
921 2293 1095 2332 suum.
1149 2277 1387 2332 Tertium
1429 2283 1756 2344 praeceptum
1787 2292 1799 2325 :

214 2373 486 2428 Memento
508 2374 648 2429 diem
673 2373 886 2428 sabbati
912 2371 1251 2426 sanctiﬁcare
1273 2384 1415 2423 eum.
1442 2368 1496 2420 In
1517 2368 1679 2421 tertio
1702 2368 1806 2420 isto

219 2471 490 2532 praecepto
519 2463 819 2528 insinuatur
839 2463 1083 2532 quaedam
1102 2459 1400 2513 vacationis
1423 2457 1662 2523 indictio,
1685 2469 1808 2524 qua:

219 2565 303 2610 est
349 2557 527 2612 cordis
565 2555 926 2626 tranquillitas
975 2570 1037 2609 ac
1067 2554 1286 2619 mentis,
1314 2568 1475 2621 quam
1505 2553 1628 2605 facit
1667 2551 1808 2605 bona

221 2649 594 2715 conscientia;
622 2647 695 2704 ibi
735 2647 1118 2711 sanctificatio,
1149 2646 1274 2715 quia
1303 2644 1375 2698 ibi
1407 2645 1639 2712 Spiritus
1689 2643 1807 2699 Dei.

219 2741 460 2810 Denique
489 2741 664 2796 videte
698 2741 1059 2805 vacationem,
1095 2740 1196 2794 hoc
1227 2748 1310 2794 est
1337 2739 1606 2808 quietem:
1637 2736 1813 2806 Super

217 2848 403 2903 quem,
438 2834 610 2902 inquit
641 2832 981 2905 (Dominus),
1017 2831 1321 2902 requiescet
1350 2831 1585 2900 Spiritus
1615 2829 1812 2885 meus?

217 2941 384 2994 super
405 2924 686 2991 humilem,
704 2934 757 2980 et
779 2925 1037 2995 quietum,
1057 2933 1113 2979 et
1135 2931 1456 2978 trementem
1481 2923 1644 2977 verba
1669 2935 1809 2976 mea.

217 3016 446 3087 inquieti
490 3033 618 3088 ergo
665 3019 914 3073 resiliunt
958 3018 1026 3073 ab
1064 3017 1268 3088 Spiritu
1315 3027 1525 3082 sancto,
1575 3015 1813 3070 rixarum

217 3117 513 3176 amatores,
562 3109 952 3164 calumniarum
1015 3111 1394 3174 seminatores,
1445 3106 1813 3164 contentionis

218 3218 382 3274 quam
438 3202 680 3259 veritatis
745 3202 1092 3272 cupidiores,
1135 3201 1503 3274 inquietudine
1555 3215 1650 3257 sua
1705 3214 1814 3254 non

1907 2004 2195 2062 inferiores
2239 2005 2351 2059 lora
2402 2004 2696 2068 concessit;
2737 2010 2891 2058 tenes
2921 2011 2978 2057 tu
3007 2002 3150 2072 quod
3177 2015 3339 2072 pecus
3385 2015 3495 2058 non

1909 2107 2102 2169 potest,
2131 2108 2184 2152 et
2221 2096 2345 2152 ideo
2371 2112 2556 2167 speras
2581 2107 2636 2152 tu
2665 2097 2808 2167 quod
2840 2112 3004 2167 pecus
3033 2111 3140 2154 non
3173 2106 3383 2166 potest;
3419 2098 3498 2152 la-

1908 2193 2068 2248 boras
2099 2193 2431 2263 aliquantum
2462 2193 2516 2246 in
2546 2191 2898 2255 continendo,
2922 2204 3032 2244 non
3071 2189 3278 2244 laborat
3307 2203 3492 2258 pecus,

1911 2286 2008 2341 sed
2052 2286 2306 2354 gaudebis
2350 2299 2566 2353 semper
2614 2285 2667 2338 in
2713 2283 3033 2346 aeternitate,
3068 2281 3135 2336 ad
3179 2296 3340 2350 quam
3387 2295 3498 2336 non

1908 2376 2157 2445 pervenit
2180 2389 2369 2444 pecus;
2393 2376 2435 2428 si
2463 2388 2598 2442 Opus
2625 2373 2828 2444 fatigat,
2853 2388 3061 2429 merces
3086 2374 3416 2439 consoletur,
3438 2382 3494 2428 et

1912 2466 2031 2535 ipsa
2060 2466 2202 2520 enim
2235 2467 2487 2535 patientia
2525 2474 2611 2521 est
2657 2467 2968 2521 interiorem
3016 2474 3217 2521 motum
3259 2467 3498 2534 frenare,

1910 2558 2135 2628 etquod
2181 2557 2348 2612 habes
2374 2571 2662 2612 commune
2707 2573 2828 2612 cum
2873 2571 3090 2627 pecore,
3107 2571 3216 2611 non
3243 2564 3500 2625 tanquam

1913 2666 2082 2722 pecus
2108 2651 2162 2706 in
2191 2652 2372 2706 omnia
2419 2652 2620 2707 laxare.
2661 2652 2816 2720 Quod
2841 2653 2887 2706 si
2915 2650 3303 2717 contempseris
3347 2656 3401 2702 te
3441 2650 3500 2704 ia

1911 2755 1990 2811 te,
2017 2755 2073 2800 et
2099 2746 2382 2816 imaginem
2418 2745 2510 2800 Dei
2542 2747 2595 2800 in
2619 2761 2722 2817 qua
2749 2746 2876 2801 fecit
2904 2755 2958 2801 te
2983 2743 3303 2814 neglexeris,
3323 2744 3500 2798 victus

1915 2837 2211 2906 cupiditate
2279 2838 2668 2892 insinuatarum
2729 2854 2944 2903 rerum,
2995 2847 3244 2907 tanquam
3302 2835 3505 2891 amisso

1917 2929 2137 2987 homine
2175 2931 2283 2986 eris
2320 2943 2518 3000 pecus,
2565 2945 2671 2985 non
2714 2931 2867 3001 quasi
2909 2943 3204 2985 conversus
3254 2931 3308 2983 in
3351 2937 3506 2982 natu-

1915 3039 2035 3080 ram
2075 3025 2308 3096 pecoris,
2340 3025 2435 3080 sed
2465 3026 2518 3080 in
2551 3025 2783 3079 hominis
2809 3023 2986 3078 forma
3015 3023 3218 3078 habens
3247 3021 3500 3076 similitu-

1915 3117 2097 3173 dinem
2150 3118 2396 3188 pecoris,
2450 3117 2541 3186 qui
2587 3131 2696 3172 non
2742 3115 2897 3172 audis
2951 3116 3271 3171 dicentem:
3330 3114 3506 3172 Nolite

1916 3223 2040 3265 esse
2091 3210 2230 3265 sicut
2279 3223 2452 3279 equus
2505 3218 2561 3264 et
2601 3209 2778 3264 mulus
2835 3222 2940 3263 non
2991 3208 3250 3263 habentes
3298 3206 3507 3262 intelle-

221 3297 291 3352 ad
331 3311 390 3352 se
429 3297 716 3353 admittunt
751 3298 986 3368 quietem
1029 3297 1236 3352 sabbati
1275 3297 1590 3366 spiritalem.
1613 3295 1890 3365 Contrac
1921 3314 2089 3360 (ιιιιηι,
2135 3303 2241 3360 sed
2271 3304 2412 3360 forte
2447 3303 2599 3376 eligi.
2638 3304 2734 3359 tibi
2778 3318 2899 3360 “se
2927 3317 3092 3374 pecus
3123 3303 3232 3374 ⁷ο
3258 3311 3313 3358 ει
3343 3302 3510 3357 libera

221 3391 452 3447 istorum
484 3393 908 3463 inquietudinem
934 3392 1155 3459 dicitur,
1180 3400 1435 3461 tanquam
1460 3401 1515 3447 ut
1533 3391 1817 3446 sabbatum

225 3487 462 3542 habeant
491 3488 544 3542 in
578 3487 740 3543 corde
771 3488 1248 3544 sanctiﬁcationem
1281 3487 1514 3556 Spiritus
1540 3486 1657 3540 Dei.
1690 3485 1822 3540 Esto

228 3582 424 3652 inquit,
447 3592 762 3638 mansuetus
776 3583 840 3636 ad
860 3582 1186 3636 audiendum
1202 3583 1425 3636 verbum
1450 3589 1508 3633 ttt
1530 3579 1820 3648 intelligas,

227 3673 772 3743 Quid-intellecturus
805 3674 971 3729 sum?
1003 3673 1168 3728 Deum
1200 3672 1473 3728 dicentem
1502 3671 1527 3726 ε’
1558 3671 1725 3726 Cessa
1756 3670 1824 3725 ab

227 3765 596 3834 inquietudine
629 3775 747 3834 tua,
791 3782 897 3821 non
929 3764 998 3823 sit
1036 3764 1294 3821 tumultus
1326 3765 1541 3834 quidam
1572 3763 1624 3817 itt
1660 3761 1824 3818 corde

231 3869 362 3928 tuo,
396 3875 489 3928 per
517 3861 918 3929 corruptionem
969 3857 1318 3914 volitantibus
1361 3855 1825 3928 phantasmatibus

233 3960 292 4008 et
345 3953 830 4022 compungentibus
883 3962 959 4006 te.
1015 3951 1134 4006 Non
1191 3953 1282 4007 sit.
1333 3950 1408 4005 Ita
1458 3951 1604 4006 enim
1649 3949 1824 4004 Deum

239 4043 614 4098 intellecturus
667 4060 727 4100 es
779 4046 1052 4099 dicentem
1101 4046 1244 4100 tibi:
1299 4044 1502 4101 Vacate
1549 4055 1604 4100 et.
1647 4044 1830 4101 videte

237 4135 492 4206 quoniam
531 4149 632 4205 ego
673 4150 791 4189 sum
829 4134 1133 4199 Dominus;
1174 4143 1231 4190 tu
1272 4150 1370 4205 per
1405 4134 1828 4205 inquietudinem

235 4242 430 4282 vacare
471 4243 578 4282 non
618 4228 727 4298 vis,
776 4227 1181 4283 contentionum
1229 4239 1438 4282 tuarum
1485 4227 1830 4295 corruptione

235 4332 498 4392 caecatus,
549 4324 720 4396 exigis
776 4325 962 4379 videre
1014 4325 1154 4393 quod
1206 4338 1313 4379 non
1375 4331 1546 4394 potes.
1599 4319 1831 4376 Attende

236 4416 384 4474 enim
417 4425 470 4471 et
498 4416 826 4471 contrariam
879 4415 1093 4470 tertiam
1139 4415 1352 4485 plagam
1393 4413 1518 4468 huic
1561 4417 1832 4482 praecepto

236 4509 420 4563 tertio.
481 4505 739 4579 Ciniphes
802 4516 941 4562 natae
1002 4515 1127 4561 sunt
1182 4507 1234 4561 in
1298 4515 1440 4561 terra
1493 4504 1712 4577 Egypti
1763 4502 1833 4560 de

235 4600 398 4657 limo:
424 4616 623 4656 muscae
667 4599 913 4672 quaedam
953 4608 1076 4655 sunt
1119 4599 1516 4664 minutissimm,
1549 4598 1832 4669 inquietis-

1921 3397 2103 3467 vagari
2133 3397 2372 3464 libidine,
2397 3396 2542 3451 nulla
2569 3397 2685 3465 lege
2713 3396 3009 3465 appetitum
3039 3396 3218 3450 carnis
3241 3396 3307 3448 ad
3337 3394 3512 3450 conti-

1923 3492 2164 3547 nentiam
2197 3491 2540 3545 refrenando.
2571 3489 2806 3544 Attende
2832 3490 3040 3558 plagam
3066 3508 3079 3542 :
3117 3489 3160 3543 si
3201 3503 3366 3557 pecus
3394 3502 3514 3543 esse

1928 3597 2034 3636 non
2081 3581 2268 3646 times,
2299 3581 2487 3634 saltem
2516 3579 2652 3633 mori
2691 3580 2841 3633 time.
2881 3579 3102 3634 Sextum
3151 3586 3512 3646 praeceptum:

1927 3675 2044 3732 Non
2076 3673 2330 3738 occides;
2361 3681 2509 3728 sexta
2541 3672 2695 3744 plaga
2729 3670 2958 3740 pustula:
2987 3670 3041 3726 in
3082 3685 3312 3740 corpore
3341 3681 3397 3726 et
3426 3684 3518 3726 ve-

1929 3768 2057 3823 sicae
2087 3767 2372 3822 bullientes
2392 3774 2450 3820 et
2471 3773 2761 3830 scatentes,
2789 3774 2843 3819 et
2865 3763 3111 3820 incendia
3135 3763 3416 3818 vulnerum
3443 3777 3515 3819 ex

1928 3860 2110 3915 favilla
2141 3858 2394 3915 fornacis.
2439 3857 2600 3914 Tales
2625 3865 2750 3912 sunt
2773 3857 2966 3912 anima:
3008 3856 3398 3913 homicidales:
3430 3870 3517 3910 ar-

1927 3953 2056 4009 dent
2086 3954 2187 4022 ira,
2218 3955 2342 4024 quia
2375 3967 2472 4022 per
2503 3953 2636 4008 iram
2686 3951 2959 4008 homicidii
3007 3951 3316 4008 fraternitas
3353 3951 3519 4020 depe-

1929 4047 2057 4111 riit;
2089 4047 2278 4101 ardent
2324 4045 2571 4100 homines
2599 4045 2700 4110 ira,
2728 4045 2919 4099 ardent
2947 4052 3004 4098 et
3030 4045 3223 4114 gratia,
3257 4043 3350 4097 sed
3381 4045 3520 4100 alius

1931 4145 2015 4190 est
2057 4135 2236 4189 fervor
2283 4135 2566 4200 sanitatis,
2596 4135 2734 4189 alius
2778 4134 2959 4189 fervor
3005 4133 3227 4199 ulceris,
3267 4132 3521 4189 ardentes

1931 4228 2143 4298 papula:
2171 4241 2268 4298 per
2294 4234 2465 4281 totum
2495 4236 2750 4295 concepta
2777 4224 3064 4282 homicidia
3092 4233 3322 4288 scatent.
3353 4232 3409 4280 et
3435 4239 3522 4282 sa-

1934 4335 2061 4376 num
2085 4335 2190 4376 non
2215 4329 2336 4386 est;
2365 4319 2556 4386 fervet,
2585 4319 2685 4375 sed
2711 4334 2818 4375 non
2848 4318 2916 4375 de
2941 4318 3145 4388 Spiritu
3175 4319 3290 4375 Dei.
3315 4317 3446 4374 Nam
3467 4326 3524 4375 et

1933 4412 2024 4481 qui
2053 4411 2166 4466 vult
2193 4411 2482 4467 subvenire
2501 4410 2696 4478 fervet,
2718 4420 2775 4466 et
2793 4410 2886 4482 qui
2912 4410 3024 4466 vult
3047 4410 3296 4466 occidere
3318 4407 3520 4465 fervet:

1933 4504 2028 4560 ille
2057 4513 2348 4575 praecepto,
2382 4503 2484 4559 iste
2513 4501 2740 4568 morbo;
2782 4502 2873 4558 ille
2911 4501 3068 4558 bonis
3113 4501 3390 4570 operibus,
3419 4501 3524 4558 iste

1934 4598 2165 4653 saniosis
2185 4597 2476 4653 ulceribus.
2507 4597 2567 4652 Si
2597 4610 2877 4668 possemus
2901 4595 3088 4651 videre
3114 4596 3323 4651 animas
3348 4593 3524 4650 hoi-

236 4694 414 4761 simm,
439 4693 743 4749 inordinate
769 4693 1083 4761 volitantes,
1112 4693 1164 4747 in
1193 4693 1380 4749 oculos
1403 4695 1692 4758 irruentes,
1723 4705 1829 4747 non
1854 4685 1914 4749 Ι)
1936 4691 2198 4758 cidarum,
2229 4691 2348 4760 plus
2393 4689 2768 4761 plangeremus
2818 4701 2976 4759 quam
3021 4688 3376 4756 putrescentis
3407 4703 3525 4744 cor-

235 4792 618 4860 permittentes
683 4789 954 4843 hominem
1023 4790 1301 4858 quiescere
1358 4788 1482 4842 dum
1541 4787 1828 4858 abiguntur

237 4890 296 4936 et
325 4882 556 4947 irruunt,
587 4879 713 4936 dum
762 4881 965 4934 abacta:
1001 4895 1189 4934 rursus
1239 4880 1465 4935 redeunt
1506 4879 1722 4951 [iterum
1759 4882 1831 4936 ir-

238 4983 428 5038 ruunt,
459 4973 587 5028 dum
632 4971 872 5042 expulsae
903 4969 1100 5025 fuerint
1147 4971 1343 5025 iterum
1385 4970 1660 5042 redeunt],
1694 4972 1833 5027 sicut

239 5066 462 5121 omnino
502 5081 635 5119 vana
684 5066 1061 5134 phantasmata
1111 5062 1292 5117 cordis
1345 5063 1829 5117 contentiosorum.

236 5160 445 5216 Tenete
492 5164 1055 5228 prteceptum,cavete
1110 5155 1342 5224 plagam.
1391 5154 1652 5222 Quartum
1699 5170 1833 5224 prm-

239 5267 458 5325 ceptum
490 5264 571 5308 est
600 5271 611 5305 :
646 5252 860 5307 Honora
896 5259 1099 5320 patrem
1128 5258 1278 5305 tuum
1311 5259 1365 5304 et
1397 5258 1621 5303 matrem
1653 5257 1834 5304 tuam:

245 5350 367 5404 huic
417 5347 685 5402 contraria
731 5353 920 5415 quarta
969 5342 1348 5416 Egyptiorum
1397 5343 1549 5413 plaga
1592 5343 1839 5414 κυνόμυια

239 5451 358 5506 est;
389 5439 512 5510 quid
554 5447 636 5494 est
663 5439 953 5511 κυνόμυιαῖ
999 5437 1190 5491 canina
1221 5451 1429 5504 musca,
1463 5433 1710 5489 Graecum
1742 5449 1836 5489 vo-

243 5532 494 5586 cabulum
528 5536 629 5585 est.
658 5527 925 5583 Caninum
955 5534 1039 5582 est
1067 5537 1320 5596 parentes
1367 5542 1486 5583 non
1515 5540 1832 5597 agnoscere,

245 5624 380 5679 nihil
412 5632 519 5677 tam
552 5622 801 5677 caninum
830 5635 993 5690 quam
1024 5635 1144 5674 cum
1175 5620 1252 5674 illi
1279 5620 1368 5690 qui
1394 5626 1694 5689 genuerunt
1724 5633 1833 5675 non

244 5725 612 5788 agnoscuntur
637 5758 652 5783 ,
688 5715 881 5769 merito
913 5725 1042 5779 ergo
1069 5721 1122 5767 et
1165 5712 1324 5766 catuli
1355 5727 1546 5767 canum
1574 5711 1702 5765 caeci
1733 5723 1833 5764 na-

246 5821 493 5866 scuntur.
541 5809 798 5876 Quintum
831 5813 1161 5876 praeceptum
1208 5813 1330 5860 est:
1363 5803 1478 5860 Non
1524 5802 1869 5860 mmchabe-.

244 5904 363 5967 ris;
395 5901 582 5973 quinta
612 5901 765 5972 plaga
809 5905 891 5953 est
919 5909 1064 5953 mors
1113 5895 1167 5952 in
1206 5910 1403 5966 pecora
1433 5895 1833 5967 Egyptiorum.

1941 4800 2067 4856 pora
2120 4785 2498 4840 ulceratorum.
2553 4782 2842 4852 Sequitur:
2881 4780 2996 4837 Non
3040 4780 3341 4843 furaberis,
3387 4795 3526 4850 prte-

1939 4887 2153 4949 ceptum
2183 4879 2493 4947 septimum,
2511 4883 2566 4929 et
2592 4875 2743 4944 plaga
2770 4873 2997 4943 septima
3025 4871 3230 4945 grando
3253 4871 3307 4926 in
3341 4871 3528 4925 fructi-

1941 4973 2072 5035 bus;
2105 4971 2246 5041 quod
2271 4979 2458 5025 contra
2487 4977 2816 5038 praeceptum
2844 4968 2962 5039 [per
2991 4969 3188 5022 furtum
3219 4973 3400 5019 contra
3432 4963 3528 5020 Dei

1941 5060 2293 5132 praeceptum]
2323 5059 2601 5123 subducis,
2629 5057 2699 5114 de
2745 5057 2886 5114 caelo
2929 5057 3130 5126 perdis.
3180 5053 3352 5108 Nemo
3381 5056 3527 5110 enim

1942 5154 2104 5209 habet
2133 5153 2388 5224 iniustum
2419 5152 2626 5207 lucrum
2655 5151 2771 5207 sine
2788 5151 2936 5222 justo
2961 5149 3176 5205 damno.
3217 5145 3372 5200 Verbi
3401 5162 3528 5214 gra-

1941 5248 2034 5315 tia,
2066 5247 2155 5315 qui
2183 5247 2390 5301 furatur
2425 5244 2655 5316 acquirit
2699 5251 2930 5308 vestem,
2956 5239 3050 5295 sed
3094 5236 3298 5294 scelesti
3326 5236 3532 5307 judicio

1942 5338 2140 5394 amittit
2161 5339 2353 5403 fidem;
2382 5337 2472 5392 ubi
2505 5338 2735 5402 lucrum,
2757 5335 2828 5392 ibi
2851 5334 3126 5398 damnum,
3159 5329 3435 5384 visibiliter
3456 5329 3534 5388 ita

1940 5445 2115 5500 crum,
2141 5430 2486 5485 invisibiliter
2506 5429 2793 5484 damnum:
2820 5426 3024 5480 lucrum
3047 5425 3118 5480 de
3137 5437 3233 5478 sua
3259 5423 3534 5485 caecitate,

1940 5523 2195 5577 damnum
2209 5523 2277 5578 de
2290 5521 2500 5577 Domini
2516 5521 2675 5575 nube.
2705 5518 2887 5588 Neque
2899 5515 3042 5571 enim
3054 5515 3249 5585 aliquid
3264 5514 3381 5570 sine
3402 5512 3534 5568 Pro-

1940 5615 2200 5681 videntia,
2215 5601 2548 5671 charissimi':
2564 5621 2658 5667 aut
2672 5610 2889 5668 evenire
2906 5608 3102 5678 putatis
3116 5621 3176 5662 ea
3193 5621 3314 5677 qua:
3333 5603 3534 5674 patiun-

1939 5719 2030 5766 tur
2059 5709 2330 5773 homines,
2361 5708 2662 5762 dormiente
2691 5704 2802 5759 Deo
2825 5702 2932 5772 pati
2957 5703 3020 5755 ﬂ?
3047 5701 3248 5758 Passim
3281 5700 3532 5755 videntur

1942 5804 2060 5860 fieri
2090 5802 2236 5868 haec,
2267 5801 2436 5857 nubes
2461 5797 2673 5868 colligi,
2703 5795 2902 5851 imbres
2948 5793 3153 5850 infundi
3172 5837 3187 5862 ,
3216 5792 3533 5864 grandinem

1897 5963 1906 5975 ι
1940 5894 2067 5966 iaci,
2097 5893 2349 5951 tonitruis
2381 5901 2580 5950 terram
2617 5885 2857 5958 concuti,
2897 5885 3270 5967 coruscatione
3314 5882 3528 5947 terreri,
