3968 6390
557 369 663 430 Ἶ27

1622 366 1688 423 D.
1719 357 2047 421 EUGYPPII
2090 356 2381 415 ABBATIS
2416 352 2744 412 AFRICANI

3724 355 3814 414 ἠδ

562 491 760 563 passim
788 493 1045 559 putantur
1076 484 1210 550 ﬁeri,
1241 491 1294 539 et
1322 481 1470 554 quasi
1499 479 1563 534 ad
1587 479 1823 535 divinam
1854 474 2145 546 providen-
2173 476 2227 538 Α
2249 475 2435 540 corde,
2467 473 2678 530 etiamsi
2701 473 2898 544 justam
2928 469 3000 526 ibi
3029 468 3426 526 successionem
3457 483 3696 539 qumras,
3722 487 3811 530 non

556 587 687 640 tiam
725 599 828 639 non
859 584 1153 652 pertinere.
1186 578 1382 632 Contra
1417 575 1547 629 tales
1589 570 1936 641 cogitationes
1965 567 2148 636 vigilat

555 678 650 734 ille
678 677 949 748 psalmus:
976 672 1209 727 Laudate
1256 669 1537 724 Dominum
1565 667 1634 721 de
1668 673 1809 720 terra
1833 705 1848 728 ,
1877 678 1998 716 cum
2033 659 2146 713 lau-

555 775 653 830 des
680 775 840 829 dictae
870 781 1048 826 essent
1079 769 1145 822 de
1171 769 1333 833 caelo,
1364 765 1628 819 dracones
1649 770 1706 817 et
1726 773 1915 814 omnes
1939 754 2140 826 abyssi,

556 865 714 936 ignis.
745 863 970 934 grando,
1004 863 1117 927 nix,
1147 859 1369 930 glacies,
1399 858 1617 927 spiritus
1647 851 2001 923 tempestatis,
2024 864 2144 918 qua:

555 961 758 1016 faciunt
805 958 1024 1012 verbum
1070 956 1206 1025 ejus.
1243 955 1382 1023 Ergo
1412 953 1502 1022 qui
1551 964 1649 1004 suo
1690 947 1832 1003 malo
1873 944 2144 1000 desiderio

551 1052 849 1108 forinsecus
881 1052 1148 1116 forantur,
1182 1049 1272 1104 Dei
1309 1048 1514 1117 judicio
1555 1045 1881 1099 intrinsecus
1923 1039 2139 1110 grandi-

530 1155 767 1201 -nantur.
817 1146 864 1200 0
908 1145 950 1198 si
1001 1155 1216 1212 po~sent
1260 1144 1525 1210 inspicere
1573 1152 1759 1207 agrum
1808 1136 1986 1191 cordis
2031 1133 2136 1197 sui,

548 1236 790 1308 profecto
841 1238 1102 1309 lugerent,
1135 1237 1260 1290 dum
1291 1235 1361 1290 ibi
1417 1247 1521 1287 non
1571 1231 1876 1285 invenirent
1914 1229 2051 1293 quod
2083 1227 2134 1280 in

545 1344 613 1386 Os
657 1332 852 1386 mentis
892 1332 1203 1392 mitterent;
1235 1337 1288 1382 et
1317 1327 1362 1382 si
1408 1330 1459 1380 in
1509 1325 1650 1378 furto
1692 1338 1790 1376 suo
1836 1321 2137 1375 invenirent

545 1423 689 1493 quod
723 1422 775 1476 in
810 1422 1116 1475 aviditatem
1165 1418 1368 1474 ventris
1418 1417 1710 1479 mitterent,
1745 1412 1918 1483 major
1967 1414 2133 1466 fames

547 1528 692 1572 esset
723 1515 960 1570 hominis
994 1513 1266 1568 interioris
1289 1553 1306 1578 ,
1341 1511 1511 1578 major
1543 1508 1747 1574 fames,
1783 1504 2135 1574 periculosior

547 1613 700 1683 plaga
747 1620 801 1665 et
847 1612 1062 1678 gravior
1093 1623 1257 1662 mors.
1307 1607 1453 1661 Multi
1515 1606 1706 1659 mortui
1755 1603 2045 1666 ambulant,
2079 1609 2134 1656 et

546 1706 695 1760 multi
741 1702 1026 1758 facinerosi
1057 1704 1122 1756 de
1154 1701 1303 1754 vanis
1335 1699 1532 1752 divitiis
1565 1696 1854 1751 exsultant.
1894 1695 2130 1763 Denique

542 1791 756 1853 servum
805 1797 894 1849 Dei
927 1796 1203 1862 Scriptura
1249 1793 1390 1845 intus
1420 1791 1740 1858 locupletem
1773 1789 1899 1842 dicit
1933 1805 1944 1840 :
1987 1788 2125 1842 Abs-

2252 567 2395 622 licet.
2429 566 2666 637 Denique
2711 566 2799 636 qui
2831 565 3013 619 volunt
3057 577 3142 618 res
3179 564 3381 618 alienas
3411 564 3809 633 tanquam'juste

2249 665 2546 736 possidere,
2580 663 2824 718 hmredes
2865 677 2925 716 se
2970 667 3214 730 quaerunt
3243 658 3358 712 fieri
3389 673 3419 712 a
3446 659 3803 715 morientibus.

2248 760 2382 827 Quid
2416 760 2558 815 enim
2592 769 2698 812 tam
2721 760 2920 827 justum
2952 757 3186 820 videtur,
3210 770 3368 825 quam
3398 769 3519 809 rem
3549 755 3651 809 sibi
3679 754 3804 810 dere-

2248 853 2426 908 lictam
2478 852 2772 922 possidere,
2808 851 3004 906 habere
3028 852 3149 920 jure
3179 849 3494 904 communi?
3526 848 3664 915 Quid
3693 850 3801 917 apud

2246 957 2299 1002 te
2322 947 2470 1010 facit,
2491 945 2684 1000 homo?
2704 946 2981 1000 dimissum
3004 953 3089 999 est
3110 943 3260 998 mihi.
3285 939 3673 996 Hereditatem
3697 954 3796 996 cou-

2243 1050 2460 1095 secutus
2489 1054 2629 1103 sum,
2668 1048 3040 1092 testamentum
3072 1037 3208 1108 lego,
3241 1033 3373 1089 nihil
3404 1031 3797 1102 videturjustius

2244 1135 2342 1187 ista
2373 1147 2502 1186 voce
2548 1131 2804 1184 avaritiae.
2842 1129 2920 1183 Tu
2966 1130 3149 1183 laudas
3189 1128 3337 1196 quasi
3381 1126 3514 1195 jure
3557 1126 3796 1196 p0ssiden-

2241 1234 2383 1289 tem,
2431 1225 2572 1279 Deus
2623 1223 2844 1278 damnat
2901 1220 3096 1288 injuste
3138 1221 3646 1287 concupiscentem.
3696 1219 3794 1274 Vide

2239 1318 2410 1389 qualis
2440 1331 2498 1372 es
2527 1317 2615 1386 qui
2648 1325 2802 1385 optas
2831 1324 2883 1370 te
2911 1314 2978 1368 ab
3023 1315 3202 1384 aliquo
3235 1312 3514 1367 lueredem
3549 1312 3679 1366 fieri.
3705 1312 3791 1366 Non

2237 1412 2320 1466 vis
2364 1420 2419 1465 ut
2466 1410 2656 1463 habeat
2705 1409 2966 1463 haeredes.
3012 1407 3066 1461 In
3116 1407 3422 1462 hatredibus
3471 1417 3648 1460 autem
3691 1408 3790 1461 nihil

2236 1504 2450 1559 charius
2501 1502 2876 1573 primogenito.
2915 1499 3145 1554 Proinde
3193 1500 3245 1552 in
3294 1498 3668 1568 primogenitis
3711 1498 3786 1552 tuis

2235 1600 2471 1670 puuieris
2499 1597 2612 1667 qui,
2642 1593 3070 1661 concupiscendo
3098 1606 3186 1647 res
3209 1592 3443 1656 alienas,
3474 1592 3526 1645 id
3557 1591 3687 1661 quod
3711 1591 3785 1645 tibi

2228 1692 2349 1762 jure
2373 1705 2475 1744 non
2503 1689 2798 1746 debebatur
2827 1686 2977 1757 quasi
3005 1687 3143 1755 juris
3166 1685 3411 1739 umbram
3449 1683 3720 1753 perquiris.
3740 1683 3784 1737 Et

2233 1787 2388 1842 facile
2409 1786 2743 1856 estquidem,
2771 1784 2984 1841 fratres.
3006 1780 3422 1848 corporabiliter
3444 1781 3680 1835 amittere
3699 1779 3782 1847 pri-

539 1890 808 1952 conditus,
857 1887 1049 1955 inquit,
1097 1884 1276 1940 cordis
1316 1883 1478 1936 vestri
1531 1883 1712 1947 homo,
1739 1883 1830 1950 qui
1877 1889 1960 1934 est
2009 1889 2132 1935 ante
2163 1873 2209 1934 Β
2237 1882 2551 1950 mogenitos.
2588 1879 2881 1934 Moriuntur
2910 1876 3052 1930 enim
3086 1874 3354 1939 homines,
3407 1876 3525 1929 sive
3565 1885 3676 1928 ante
3712 1885 3783 1942 με·

541 1980 711 2035 Deum
763 1980 947 2033 dives?
992 1994 1097 2033 non
1153 1989 1278 2031 ante
1335 1976 1578 2030 homines
1628 1975 1816 2041 dives,
1859 1974 1956 2028 sed
2003 1985 2126 2030 ante

541 2075 708 2131 Deum
760 2077 942 2141 dives;
1000 2083 1054 2130 et
1107 2073 1195 2128 ubi
1248 2074 1386 2126 Deus
1433 2070 1576 2124 videt
1633 2070 1703 2124 ibi
1758 2069 1930 2124 dives.
1986 2069 2124 2137 Quid

540 2184 673 2239 ergo
733 2169 826 2224 tibi
889 2169 1104 2240 prodest
1167 2169 1213 2222 si
1269 2167 1357 2220 ubi
1412 2165 1572 2220 homo
1629 2179 1733 2218 non
1781 2164 1930 2219 videt
1981 2163 2124 2218 fura-

538 2266 646 2335 tis,
679 2277 733 2322 et
773 2267 864 2322 ubi
906 2269 1042 2322 Deus
1083 2267 1226 2320 videt
1273 2260 1644 2335 grandinaris?
1683 2260 1945 2314 Octavum
1985 2272 2124 2326 prae-

533 2369 782 2429 ceptum:
842 2358 1057 2413 Falsum
1114 2355 1475 2412 testimonium
1536 2366 1640 2406 non
1701 2350 1888 2414 dices;
1939 2358 2126 2403 octava

533 2447 982 2520 plaga,locusta,
1015 2448 1212 2504 animal
1262 2447 1424 2502 dente
1471 2445 1710 2500 noxium.
1759 2442 1895 2509 Quid
1944 2451 2124 2496 autem

531 2543 646 2598 vult
679 2543 842 2597 falsus
873 2542 1041 2607 testis,
1064 2542 1166 2596 nisi
1188 2555 1384 2596 nocere
1409 2539 1707 2594 mordendo
1733 2546 1789 2593 et
1809 2550 2125 2591 consumere

529 2637 866 2693 mentiendo.
904 2637 1142 2706 Denique
1170 2637 1464 2690 admonens
1495 2633 1740 2687 homines
1773 2631 1867 2686 Dei
1899 2633 2126 2700 Aposto-

530 2727 636 2794 lus,
659 2744 726 2782 ne
750 2743 810 2783 se
836 2728 984 2784 falsis
1005 2728 1471 2784 criminationibus
1501 2732 1754 2795 appetant
1786 2723 1876 2797 [ne
1904 2738 2002 2778 nos
2027 2722 2126 2776 fal-

529 2824 843 2880 criminibus
891 2821 1271 2894 appetamus]:
1306 2820 1362 2876 Si
1403 2819 1681 2886 mordetis,
1715 2817 1905 2887 inquit,
1951 2825 2005 2870 et
2033 2831 2125 2871 co-

528 2918 744 2974 meditis
772 2919 1022 2985 invicem,
1051 2919 1226 2973 videte
1252 2932 1320 2973 ne
1345 2916 1412 2970 ab
1450 2914 1678 2970 invicem
1708 2910 2119 2967 consumamini.

528 3010 734 3066 Nonum
788 3023 1120 3082 praeceptum
1169 3019 1284 3065 est:
1339 3008 1456 3064 Non
1505 3007 1853 3075 concupisces
1902 3017 2122 3080 uxorem

529 3104 761 3172 proximi
796 3104 871 3158 tui
902 3121 915 3169 ;
950 3117 1092 3158 nona
1123 3101 1281 3173 plaga
1307 3142 1325 3168 ,
1369 3099 1554 3154 densa:
1602 3099 1861 3153 tenebrae.
1911 3094 2123 3149 Etenim

527 3208 610 3255 est
637 3197 883 3268 qumdam
913 3197 1167 3261 maechia,
1191 3204 1377 3250 contra
1407 3208 1565 3263 quam
1599 3205 1760 3260 supra
1791 3196 2119 3259 prmeeptum

2231 1982 2411 2028 rentes
2438 1987 2594 2039 suos,
2627 1972 2746 2024 sive
2778 1979 2897 2037 post
2927 1977 3180 2039 parentes
3207 1982 3335 2021 suos
3358 2009 3373 2031 ,
3425 1970 3656 2022 morituri
3688 1985 3780 2024 mo-

2230 2066 2464 2127 riuntur,
2509 2062 2636 2118 illud
2684 2063 2969 2117 molestum
3015 2069 3128 2123 est,
3161 2074 3228 2114 ne
3259 2075 3356 2128 per
3385 2059 3520 2115 hanc
3550 2061 3775 2116 occultam

2230 2165 2285 2212 et
2329 2157 2578 2226 injustam
2621 2153 3112 2216 concupiscentiam
3147 2153 3497 2221 primogenita
3527 2153 3681 2206 cordis
3711 2154 3772 2206 tui

2231 2251 2446 2322 perdas.
2470 2246 2863 2316 Primogenitus
2891 2246 3035 2300 enim
3073 2244 3125 2298 in
3155 2245 3311 2299 nobis
3338 2244 3587 2311 imaginem
3616 2243 3758 2296 habet

2229 2340 2413 2412 gratiae
2449 2340 2540 2395 Dei
2568 2380 2582 2405 ,
2613 2353 2782 2392 novus
2814 2345 2970 2391 natus
2996 2377 3010 2402 ,
3041 2339 3189 2406 prior
3217 2346 3367 2389 natus
3387 2376 3400 2399 ,
3430 2338 3552 2389 inter
3593 2349 3758 2388 omnes

2231 2444 2483 2502 tanquam
2512 2441 2664 2488 natos
2689 2472 2705 2496 ,
2737 2429 2918 2484 cordis
2948 2429 3117 2483 nostri
3147 2429 3495 2498 primogenita
3523 2427 3640 2481 tides
3665 2435 3763 2490 est;

2228 2541 2388 2584 nemo
2429 2525 2574 2580 enim
2620 2524 2760 2578 bene
2805 2531 3062 2588 operatur
3108 2521 3209 2575 nisi
3263 2522 3398 2575 fides
3447 2518 3769 2590 praeessent:

2226 2621 2407 2676 omnia
2437 2633 2599 2688 opera
2645 2625 2732 2672 tua
2775 2616 2942 2681 bona,
2987 2615 3078 2669 lilii
3111 2615 3186 2668 tui
3219 2625 3347 2668 sunt
3390 2614 3673 2684 spiritales,
3699 2611 3769 2666 sed

2226 2710 2366 2769 inter
2397 2711 2494 2766 hos
2540 2710 2631 2765 tibi
2680 2708 3036 2778 primogenita
3083 2719 3164 2762 est
3209 2707 3378 2772 ﬁdes;
3414 2706 3644 2776 quisquis
3684 2720 3765 2759 rem

2227 2807 2458 2862 alienam
2504 2803 2713 2858 occulte
2759 2800 3113 2870 concupiscis,
3143 2799 3374 2854 interius
3428 2797 3586 2854 ﬁdem
3616 2798 3756 2866 perdis.

2228 2899 2350 2954 Eris
2397 2897 2537 2952 enim
2585 2895 2757 2964 primo
2803 2895 2918 2948 sine
2957 2893 3121 2946 dubio
3169 2891 3496 2957 simulator,
3529 2890 3753 2957 obsequens

2226 3005 2336 3047 non
2380 2989 2644 3045 charitate
2672 2987 2766 3042 sed
2811 2985 3018 3048 fraude,
3051 2983 3212 3038 veluti
3259 2997 3458 3038 amans
3507 2993 3756 3048 eumaquo

2228 3094 2280 3140 te
2307 3085 2461 3153 cupis
2507 3083 2620 3137 fieri
2654 3080 2923 3134 haeredem
2949 3118 2965 3141 ,
2998 3076 3227 3131 amando
3257 3091 3383 3130 eum
3417 3076 3560 3130 mori
3602 3072 3761 3144 quaeris,

2227 3184 2364 3232 etut
2397 3178 2448 3229 in
2476 3189 2535 3228 re
2584 3173 2700 3242 ejus
2741 3181 2792 3227 te
2837 3171 3022 3224 videas
3069 3182 3465 3239 possessttrem,
3495 3167 3565 3221 illi
3611 3165 3761 3219 imides

527 3300 632 3359 est,
666 3293 828 3346 etiam
858 3291 911 3346 in
941 3305 1046 3344 non
1078 3287 1376 3358 appetenda
1406 3286 1653 3341 castitate
1683 3283 1869 3337 uxoris
1907 3282 2117 3336 alienas.
2149 3267 2197 3333 C
2230 3281 2618 3324 successorem.
2647 3265 2770 3319 Eia!
2800 3265 3013 3328 fratres.
3043 3264 3284 3317 decursis
3309 3261 3508 3316 decem
3541 3257 3764 3329 praeceptis

527 3383 771 3440 Moechus
815 3390 900 3438 est
948 3382 1090 3437 enim
1136 3380 1364 3451 quinon
1412 3379 1452 3432 it
1487 3377 1554 3432 ad
1593 3391 1820 3431 uxorem
1869 3373 2118 3441 alienam,

527 3485 733 3533 tantum
763 3478 884 3547 quia
915 3491 1020 3532 non
1062 3483 1345 3530 contentus
1381 3482 1462 3528 est
1501 3487 1617 3527 sua.
1671 3469 1790 3525 Jam
1834 3483 1964 3524 vero
2014 3484 2122 3524 non

527 3571 701 3626 solum
738 3581 854 3637 post
882 3583 1033 3624 suam
1078 3583 1335 3639 peccare,
1363 3567 1459 3623 sed
1487 3567 1647 3622 etiam
1679 3565 1906 3620 alienam
1952 3573 2123 3620 atten-

528 3671 668 3728 tare,
696 3680 823 3720 vere
849 3665 1030 3719 densaa
1056 3673 1182 3718 sunt
1214 3663 1471 3718 tenebrre.
1507 3661 1650 3717 Nihil
1680 3665 1825 3716 enim
1869 3660 1947 3715 sic
1976 3660 2125 3715 dolet

528 3759 587 3811 in
614 3757 776 3811 corde
809 3757 1097 3824 patientis;
1132 3766 1186 3809 et
1216 3757 1305 3824 qui
1357 3755 1460 3809 hoc
1505 3753 1632 3808 facit
1661 3753 1846 3821 alteri,
1882 3753 2011 3806 nihil
2046 3753 2124 3806 sic

529 3846 681 3900 volet
705 3847 838 3916 pati.
867 3848 946 3899 Ad
978 3846 1206 3898 alienam
1236 3844 1473 3912 paratior
1497 3852 1580 3898 est
1605 3843 1780 3897 omnis
1807 3842 1988 3896 homo:
2023 3842 2124 3898 hoc

529 3947 710 3994 autem
741 3936 924 3993 nescio
967 3949 1213 3990 utrumne
1251 3943 1333 3990 est
1369 3935 1462 4005 qui
1510 3933 1864 3988 tolerabiliter
1894 3934 2046 3988 ferat.
2078 3933 2123 3989 Ο

529 4031 727 4086 densas
773 4029 1021 4086 tenebras
1059 4028 1160 4083 ista
1194 4028 1536 4096 facientium,
1570 4027 1696 4081 talia
1738 4027 2124 4097 concupiscen-

527 4131 662 4184 tiuni
692 4128 705 4181 !
737 4143 865 4184 vere
897 4134 1239 4182 excmcantur
1270 4122 1451 4178 furore
1482 4121 1726 4176 horribili
1753 4139 1765 4174 :
1799 4120 1950 4175 furor
1976 4120 2121 4176 enim

526 4224 821 4281 indomitus
875 4233 958 4279 est
1013 4221 1332 4277 conculcare
1388 4218 1488 4272 viri
1543 4231 1788 4272 uxorem.
1843 4215 2120 4271 Decimum

529 4321 854 4385 praeceptum
887 4326 999 4369 est:
1029 4313 1144 4368 Non
1175 4311 1526 4381 concupisces
1556 4310 1716 4365 ullam
1747 4323 1860 4364 rem
1893 4306 2120 4376 proximi

530 4409 648 4472 tui,
682 4423 788 4461 non
830 4421 1013 4473 pecus,
1043 4421 1150 4460 non
1189 4406 1616 4474 possessionem,
1651 4418 1756 4459 non
1803 4402 2117 4473 snbjugum;

529 4515 640 4555 non
688 4499 884 4569 aliquid
936 4498 1157 4554 omnino
1203 4497 1431 4566 proximi
1475 4497 1547 4549 tui
1581 4495 1953 4564 concupiscas.
1985 4494 2120 4548 Huic

526 4594 675 4649 malo
723 4593 1016 4666 [mandato]
1070 4592 1225 4663 plaga
1273 4589 1541 4644 contraria
1588 4597 1671 4643 est
1706 4587 2119 4654 decima,mors

527 4657 1041 4757 primogenitorum,
1070 4657 1187 4739 -in'
1209 4697 1312 4754 qua
1365 4683 1521 4753 plaga
1587 4695 1708 4734 cum
1762 4681 2120 4749 comparatio-
2144 4661 2200 4723 Β
2224 4661 2422 4757 ἴτυεξηι
2451 4659 2625 4713 dictus
2653 4666 2735 4710 εει
2784 4657 2998 4757 Progr}?

526 4795 651 4837 nem
699 4778 981 4849 quamdam
1017 4792 1221 4848 quaero,
1257 4776 1386 4831 nihil
1429 4773 1560 4829 mihi
1594 4773 1808 4829 interim
1857 4774 2113 4838 occurrit,

526 4871 773 4926 fortassis
805 4877 1050 4924 occurrat
1095 4869 1287 4924 melius
1331 4867 1750 4937 diligentiusque
1795 4864 2116 4935 inquirenti-

523 4966 645 5032 bus,
674 4966 774 5020 nisi
801 4963 890 5034 qui
915 4977 1104 5018 omnes
1133 4978 1219 5018 res
1245 4975 1378 5031 quas
1403 4962 1565 5015 habet
1587 4959 1890 5016 haeredibus
1913 4967 2110 5025 servat,

519 5056 957 5127 reprehenditur.
1005 5054 1101 5109 Hic
1154 5063 1330 5108 autem
1373 5054 1568 5106 clamat
1606 5053 1696 5120 qui
1730 5066 1842 5105 rem
1885 5051 2111 5121 proximi

519 5151 872 5220 concupiscit,
895 5158 952 5204 et
974 5148 1062 5218 qui
1092 5147 1232 5202 furto
1256 5145 1448 5207 aufert,
1474 5155 1528 5201 et
1557 5148 1644 5216 qui
1677 5147 1884 5200 furatur
1911 5145 2106 5214 aliquid

520 5245 773 5315 proximi,
807 5259 912 5298 non
947 5252 1124 5314 potest
1155 5241 1253 5295 nisi
1287 5256 1402 5294 rem
1431 5241 1658 5310 proximi
1693 5239 1886 5302 furari;
1919 5237 2015 5291 sed
2043 5236 2111 5291 de

520 5335 666 5389 furto
695 5335 944 5404 superius
969 5335 1079 5403 jam
1107 5339 1438 5404 prmceptum
1471 5342 1588 5395 est;
1620 5328 1710 5383 ubi
1744 5327 2009 5395 intelligas
2055 5333 2111 5380 et

515 5427 757 5495 rapinam
789 5445 802 5480 :
829 5442 936 5481 non
963 5428 1103 5480 enim
1130 5425 1198 5481 de
1229 5425 1367 5479 furto
1399 5422 1716 5492 praeciperet
1743 5428 1797 5473 et
1825 5417 1893 5471 de
1922 5415 2107 5486 rapina

517 5528 721 5573 taceret
765 5519 1066 5588 Scriptura,
1097 5519 1201 5572 nisi
1251 5527 1304 5572 te
1355 5515 1656 5584 intelligere
1699 5510 1954 5565 voluisset
1984 5508 2109 5578 quia

514 5611 561 5662 si
598 5609 807 5682 poenale
837 5619 920 5665 est.
946 5611 1190 5665 clanculo
1221 5609 1457 5672 auferre,
1487 5605 1654 5660 multo
1685 5603 1905 5672 majoris
1932 5616 2108 5666 pinnae

515 5714 596 5757 est.
627 5707 891 5759 violenter
938 5707 1169 5774 eripere.
1194 5715 1198 5721 ‘
1229 5704 1460 5757 Auferre
1488 5713 1616 5769 ergo
1645 5697 1848 5752 nolenti
1877 5695 1988 5751 sive
2018 5709 2109 5751 oe-

510 5795 656 5848 culte
705 5810 824 5850 sive
875 5798 1048 5867 palam
1095 5794 1256 5854 habet
1285 5804 1612 5864 praeceptum
1659 5803 1839 5847 suum.
1893 5787 2104 5845 Concu-

509 5886 720 5956 piscere
767 5896 942 5944 autem
997 5902 1109 5944 rem
1160 5888 1421 5958 proximi,
1468 5884 1613 5958 quod
1659 5890 1813 5947 notat
1864 5882 2001 5941 Deus
2045 5880 2101 5938 in

2228 3360 2481 3418 etdecem
2506 3359 2691 3428 plagis,
2705 3367 3083 3422 comparantes
3100 3362 3511 3421 contemptores
3531 3359 3764 3422 praecepto-

2228 3467 2345 3509 rum
2393 3451 2744 3504 contumacia:
2775 3445 3170 3518 Egyptiornm,
3205 3455 3395 3498 cautos
3427 3461 3524 3500 vos
3569 3443 3763 3500 fecimus.

2228 3557 2286 3601 ut
2317 3544 2558 3598 habeatis
2585 3539 2764 3595 securi
2793 3555 2879 3595 res
2915 3535 3125 3591 vestras
3156 3538 3207 3591 in
3245 3540 3529 3607 praeceptis
3558 3536 3643 3591 Dei
3666 3551 3676 3585 :
3705 3545 3766 3586 res

2227 3644 2458 3700 vestras,
2486 3633 2725 3703 inquam,
2755 3645 2841 3685 res
2868 3629 3139 3684 interioris
3178 3645 3319 3684 arcte
3345 3639 3553 3693 vestrze,
3583 3627 3767 3681 interioo

2227 3730 2302 3785 ris
2330 3724 2566 3783 thesauri
2592 3723 2777 3788 vestri,
2803 3739 2889 3779 res
2920 3738 3050 3792 quas
3079 3723 3230 3778 vobis
3263 3738 3360 3778 nec
3387 3723 3483 3785 fur,
3515 3735 3602 3774 nec
3630 3720 3768 3779 iitro,

2227 3839 2328 3880 nec
2373 3821 2582 3877 vicinus
2631 3828 2823 3888 potens
2850 3814 3067 3889 [malus]
3101 3816 3271 3884 possit
3320 3814 3527 3872 auferre,
3559 3809 3640 3863 ubi
3674 3821 3764 3861 nec

2227 3919 2371 3972 tinea
2417 3930 2516 3970 nec
2564 3913 2754 3982 rubigo
2801 3910 3088 3964 metuenda
3138 3919 3241 3976 est,
3273 3923 3387 3963 cum
3429 3907 3605 3976 quibus
3632 3901 3767 3956 dives

2227 4009 2337 4065 exit
2378 4016 2432 4064 et
2477 4007 2806 4076 naufragus:
2837 4005 2914 4058 sic
2943 4003 3084 4057 enim
3116 4002 3268 4057 eritis
3300 4001 3512 4070 populus
3541 3998 3626 4052 Dei
3652 3997 3775 4050 inter

2226 4101 2439 4170 iniquos
2474 4099 2792 4171 Egyptios,
2823 4095 2930 4151 illis
2976 4096 3090 4150 huic
3139 4096 3190 4149 in
3249 4097 3416 4149 corde
3463 4092 3774 4164 patientibus,

2224 4195 2380 4248 vobis
2431 4201 2609 4246 autem
2661 4190 3042 4256 incolumibus,
3075 4189 3128 4244 in
3160 4189 3290 4258 ipsis
3336 4188 3673 4243 interioribus
3699 4188 3776 4240 ho-

2225 4290 2462 4347 minibus
2490 4289 2705 4355 vestris,
2725 4287 2898 4341 donec
2925 4285 3190 4342 educatur
3219 4286 3450 4355 populus
3487 4286 3557 4340 de
3585 4283 3777 4353 Egypto

2223 4383 2455 4454 quodam
2510 4380 2697 4436 Exodo
2743 4394 2862 4445 suo,
2894 4378 3038 4447 quod
3067 4385 3124 4432 et
3171 4377 3262 4447 lit,
3297 4393 3419 4431 nam
3477 4376 3606 4431 illud
3648 4371 3775 4428 semel

2223 4475 2422 4530 factum
2449 4481 2570 4541 est,
2604 4472 2705 4526 hoc
2735 4485 2842 4525 non
2870 4477 3047 4525 cessat
3085 4469 3222 4523 ﬁeri.
3271 4467 3643 4523 Sanctiﬁcatio
3668 4464 3772 4517 nulla

2223 4569 2402 4624 divina
2431 4579 2484 4624 et
2513 4581 2638 4621 vera
2678 4573 2763 4620 est
2790 4564 2891 4619 nisi
2940 4579 2969 4617 a
3014 4562 3215 4630 Spiritu
3261 4571 3477 4615 sancto.
3537 4560 3645 4615 Non
3666 4556 3766 4610 enim

3041 4653 3271 4724 Spiritus
3319 4666 3582 4718 sanctus,
3610 4666 3705 4708 cum
3726 4647 3776 4701 sit

2224 4762 2282 4810 et
2330 4752 2486 4806 Pater
2532 4759 2750 4804 sanctus
2790 4757 2844 4803 et
2877 4747 3043 4802 Filius
3089 4754 3346 4814 sant-tus,
3398 4761 3606 4801 nomen
3647 4753 3782 4796 tamen

2221 4847 2499 4919 proprium
2535 4845 2638 4899 hoc
2663 4843 2893 4913 Spiritus
2923 4841 3154 4911 accepit,
3190 4849 3249 4895 ut
3281 4841 3436 4894 tertia
3475 4842 3536 4894 in
3568 4837 3786 4893 Trinitate

2222 4953 2455 5011 persona
2502 4938 2734 5007 Spiritus
2784 4948 3002 4990 sanctus
3051 4935 3344 4988 diceretur.
3379 4933 3506 5001 Ipse
3537 4926 3788 5002 requiescit

2219 5048 2383 5102 super
2412 5033 2666 5086 humilem
2705 5039 2759 5085 et
2787 5029 3025 5100 quietum
3067 5037 3321 5098 tanquam
3353 5028 3405 5082 in
3440 5030 3674 5083 sabbato
3697 5040 3790 5079 suo.

2221 5125 2301 5180 Ad
2336 5125 2434 5180 hoc
2479 5123 2814 5193 septenarius
2862 5135 3118 5176 numerus
3153 5123 3317 5175 etiam
3371 5131 3573 5176 sancto
3606 5114 3790 5190 Spiritui

2221 5218 2530 5288 deputatur,
2553 5219 2794 5290 71Jioc
2825 5216 3124 5283 Scriptura;
3165 5223 3361 5270 nostra)
3392 5217 3533 5271 satis
3567 5214 3794 5270 indicant.

2220 5311 2467 5366 Viderint
2497 5312 2717 5365 meliora
2751 5310 2999 5364 meliores
3027 5318 3079 5362 et
3127 5308 3332 5376 majora
3385 5309 3649 5377 majores,
3681 5315 3725 5362 et
3749 5305 3798 5356 de

2218 5404 2323 5458 isto
2352 5403 2656 5472 septenario
2687 5417 2910 5456 numero
2958 5401 3210 5454 subtilius
3263 5400 3464 5469 aliquid
3497 5411 3560 5457 et
3593 5401 3800 5455 mviniut

2218 5496 2420 5566 aliquid
2452 5496 2630 5550 dicant
2660 5508 2713 5549 et
2741 5494 3030 5563 explicent.
3064 5492 3175 5561 Ego
3206 5500 3384 5548 tamen
3419 5495 3572 5563 quod
3611 5495 3662 5546 in
3691 5503 3802 5561 pra.-

2216 5593 2356 5648 senti
2386 5599 2468 5646 sat
2496 5600 2581 5647 est
2611 5590 2738 5645 illud
2766 5590 2943 5655 video,
2963 5587 3091 5643 illud
3123 5602 3223 5643 vos
3247 5587 3315 5642 ad
3346 5587 3652 5642 videndum
3680 5600 3808 5642 com-

2214 5704 2480 5756 memoro,
2518 5688 2874 5759 septenariam
2921 5688 3079 5741 istam
3118 5685 3383 5740 rationem
3420 5684 3672 5741 inveniri
3701 5695 3810 5753 pru-

2212 5784 2330 5854 prie
2377 5793 2562 5839 sancto
2613 5780 2836 5851 Spiritui
2884 5780 3219 5850 deputatam,
3267 5777 3392 5848 quia
3445 5780 3692 5846 septimo
3735 5776 3813 5828 die

2210 5887 2365 5936 sonat
2394 5875 2766 5935 sanctiﬁcatio.
2783 5874 2848 5934 Et
2878 5872 3019 5936 unde
3041 5873 3331 5948 probamus
3357 5880 3557 5929 sancto
3590 5865 3810 5942 Spiritui
