3968 6390
173 359 254 417 729

1332 342 1764 403 THESAURUS.
1804 340 1958 400 CAP.
2001 343 2190 403 CXVI;

3200 336 3407 417 "730

174 472 374 545 deputari
413 470 771 541 septenariam
805 467 1015 527 numeri
1055 468 1351 525 rationem?
1380 465 1516 521 Dicit
1544 464 1711 519 Isaias
1743 460 1799 523 Α
1825 459 1919 516 tibi
1947 460 2022 517 dii
2050 463 2139 518 alii
2173 471 2373 532 prater
2400 478 2529 522 me:
2562 464 2650 522 cui
2677 467 2945 523 contraria
2972 468 3131 540 plaga
3157 476 3243 527 est
3268 486 3407 545 aqua

173 570 385 640 Spiritum
420 565 512 619 Dei
555 563 738 617 venire
777 576 939 631 super
970 561 1208 627 ﬁdelem,
1240 573 1403 629 super
1451 553 1709 610 Christia-

173 676 277 719 num
297 701 310 723 ,
335 672 492 725 super
534 654 733 711 Christi
780 660 1079 708 membrum
1106 695 1122 716 ,
1173 650 1450 721 sapientiae
1477 657 1530 703 et
1558 644 1715 700 intel-

172 757 327 817 lectus,
357 749 563 805 consilii
616 757 671 803 et
716 747 1071 811 fortitudinis,
1105 745 1349 801 scientiae
1398 751 1453 797 et
1500 740 1715 811 pietatis

168 848 379 917 spiritum
409 840 621 898 timoris
645 840 759 896 Dei.
786 841 842 896 Si
872 840 1044 896 secuti
1069 839 1223 908 estis,
1251 846 1458 909 septem
1481 849 1568 891 res
1595 849 1717 904 per-

167 940 305 1004 curri,
333 947 576 1007 tanquam
607 933 1024 990 descendentem
1068 932 1135 988 ad
1172 946 1273 988 nos
1300 930 1562 1001 Spiritum
1596 927 1713 993 Dei,

168 1030 447 1101 asapientia
474 1043 641 1099 usque
670 1027 736 1081 ad
780 1027 1050 1096 timorem,
1082 1034 1144 1080 ut
1183 1039 1282 1080 nos
1312 1021 1665 1078 ascendamus
1685 1035 1717 1076 a

166 1125 332 1181 timore
357 1121 420 1176 ad
451 1120 799 1190 sapientiam;
832 1120 1043 1173 initium
1093 1117 1373 1188 sapientia
1405 1116 1567 1169 timor
1596 1112 1717 1168 Dei.

165 1216 228 1271 ita
250 1229 365 1284 ergo
390 1211 726 1283 septenarius
758 1209 981 1280 spiritus
1010 1218 1065 1264 et
1096 1222 1235 1262 unus
1264 1206 1509 1275 spiritus,
1536 1212 1718 1272 septe-

162 1308 293 1366 naria
319 1308 625 1376 operatione
657 1318 815 1369 unus,
840 1318 908 1357 an
953 1300 1154 1371 aliquid
1185 1298 1486 1355 evidentius
1523 1294 1722 1350 vultis?

163 1404 490 1461 Pentecosten
515 1400 655 1456 diem
679 1398 871 1453 festum
887 1397 1163 1467 Scriptura
1182 1403 1364 1450 sancta
1387 1391 1452 1447 de
1468 1391 1723 1460 septima-

161 1498 233 1551 nis
256 1496 437 1551 factum
470 1500 878 1548 commemorat.
907 1488 1123 1544 Habetis
1154 1488 1205 1541 in
1234 1486 1509 1555 Scriptura
1537 1481 1721 1537 Tobias

160 1588 236 1644 ubi
264 1587 530 1642 evidenter
556 1585 756 1640 dicitur
786 1585 944 1640 istum
971 1583 1111 1637 diem
1142 1580 1337 1636 factum
1370 1579 1437 1634 de
1466 1578 1725 1647 septima-

159 1682 251 1735 nis.
306 1679 513 1748 Septies
567 1679 710 1731 enim
757 1687 967 1745 septem
1024 1673 1373 1744 quadraginta
1431 1684 1625 1725 novem
1671 1668 1728 1724 in

157 1789 346 1829 sumina
378 1772 623 1827 redeunt.
652 1770 759 1827 Sed
789 1781 1040 1840 tanquam
1072 1779 1127 1822 ut
1154 1768 1407 1823 redeatur
1436 1764 1502 1818 ad
1529 1770 1721 1833 caput:

1816 569 2076 611 conversa
2108 558 2159 612 in
2181 560 2523 630 sanguinem,
2548 572 2767 631 propter
2787 562 2932 632 quod
2956 579 3224 619 summum
3254 568 3407 635 prin-

1816 645 2015 715 cipium
2056 646 2328 705 Creatoris
2372 652 2441 706 ad
2488 652 2896 708 simulationem
2948 655 3193 712 humanae
3230 658 3410 714 carnis

1817 740 2129 797 adductum.
2148 744 2455 800 Secundum
2482 757 2810 818 prmceptum
2830 766 2843 801 :
2867 747 2943 804 Ne
2960 750 3191 818 accipias
3214 766 3408 809 nomen

1819 834 2035 889 Domini
2082 836 2176 891 Dei
2225 838 2300 892 tui
2350 839 2402 893 in
2439 854 2656 907 vanum,
2690 842 2955 912 pertinet,
2982 855 3237 911 quantum
3268 846 3412 902 arbi-

1822 933 1954 992 tror,
1981 926 2048 981 ad
2071 942 2294 996 regnum
2320 929 2438 993 Dei,
2464 932 2607 1000 quod
2637 940 2721 987 est
2749 932 2916 988 Filius
2947 934 3063 991 Dei.
3098 935 3246 992 Unus
3266 940 3411 993 enim

1824 1018 1966 1074 Deus
2007 1029 2062 1075 et
2111 1034 2250 1075 unus
2293 1020 2549 1077 Dominus
2593 1034 2779 1080 noster
2828 1025 2986 1082 Jesus
3025 1024 3273 1084 Christus
3317 1044 3413 1101 per

1824 1129 1982 1185 quem
2014 1115 2216 1169 omnia.
2264 1115 2712 1173 Contraverbam
2737 1157 2753 1184 ,
2783 1134 2928 1175 rana
2957 1160 2973 1185 ,
3002 1122 3180 1178 videte
3225 1132 3413 1180 contra

1826 1206 2047 1261 verbum
2075 1221 2258 1273 ranas,
2280 1216 2469 1263 contra
2492 1210 2751 1267 rationem
2776 1213 3084 1283 strepitum,
3108 1226 3296 1271 contra
3321 1232 3415 1273 ve-

1829 1298 2044 1355 ritatem
2076 1300 2383 1355 vanitatem.
2416 1300 2658 1355 Tertium
2690 1316 3016 1374 praeceptum
3049 1307 3118 1361 de
3144 1308 3369 1363 sabbato
3399 1346 3415 1375 ,

1829 1392 2106 1461 pertinens
2132 1392 2200 1446 ad
2229 1391 2488 1463 Spiritum
2520 1403 2762 1450 sanctum
2795 1406 3014 1467 propter
3036 1402 3420 1458 sanctiﬁcatio-

1829 1499 1977 1550 nem,
2002 1500 2121 1555 quae
2146 1485 2312 1554 prima
2342 1486 2394 1539 in
2418 1484 2643 1541 sabbato
2670 1490 2871 1552 sonuit,
2904 1491 3047 1560 quod
3070 1492 3224 1548 vobis
3254 1494 3416 1563 paulo

1830 1584 1955 1631 ante
2002 1576 2352 1632 vehementer
2388 1588 2648 1648 quantum
2699 1580 2974 1649 potuimus
3014 1586 3420 1641 commendavi-

1832 1684 1953 1724 mus
1979 1688 1991 1724 :
2024 1669 2152 1726 huic
2184 1681 2452 1741 praecepto
2481 1673 2752 1727 contraria
2782 1671 3096 1743 inquietudo
3140 1677 3194 1731 in
3224 1679 3422 1734 muscis

1832 1764 1901 1820 de
1948 1765 2297 1833 corruptione
2342 1765 2686 1820 nascentibus
2707 1807 2723 1832 ,
2756 1765 2809 1820 in
2840 1767 3027 1822 oculos
3057 1768 3423 1837 irruentibus;

157 1866 344 1936 Spiritu
372 1869 513 1920 enim
545 1872 731 1918 sancto
757 1863 822 1917 ad
875 1861 1132 1917 unitatem
1162 1857 1490 1929 colligimur,
1525 1872 1630 1911 non
1657 1855 1727 1909 ab
1760 1853 1806 1913 Β
1835 1857 1957 1912 ideo
2002 1857 2056 1911 in
2108 1857 2211 1911 hoc
2265 1857 2428 1913 tertio
2482 1859 2638 1930 signo
2692 1857 3025 1923 defecerunt,
3059 1861 3150 1930 qui
3204 1862 3426 1916 unitatis

156 1963 345 2016 unitate
391 1960 791 2030 dispergimur:
841 1954 963 2011 ideo
1017 1954 1083 2007 ad
1134 1950 1484 2023 quadraginta
1534 1962 1726 2003 novem

155 2054 353 2110 additur
399 2068 561 2107 unum
595 2050 846 2115 unitatis,
888 2058 942 2103 et
990 2048 1126 2102 ﬁunt
1173 2039 1581 2115 quinquaginta.
1611 2039 1729 2093 Non

152 2162 273 2218 ergo
304 2147 408 2217 jam
449 2148 567 2201 sine
605 2158 767 2201 causa
806 2140 1248 2213 quinquagesimo
1274 2138 1365 2192 die
1396 2144 1517 2205 post
1541 2149 1733 2189 ascen-

150 2239 345 2295 sionem
394 2238 605 2293 Domini
647 2238 794 2292 venit
842 2234 1077 2304 Spiritus
1124 2239 1366 2286 sanctus.
1416 2225 1734 2282 Resurrcxit

147 2330 419 2395 Dominus,
454 2330 697 2384 ascendit
721 2329 789 2383 ab
820 2326 1027 2393 inferis,
1060 2324 1296 2378 nondum
1334 2321 1385 2374 in
1411 2320 1605 2374 cmlum
1630 2335 1640 2369 :
1667 2318 1735 2372 ab

147 2420 243 2477 illa
265 2421 674 2485 resurrectione,
707 2421 774 2474 ab
797 2418 886 2472 illa
918 2418 985 2471 ab
1014 2416 1203 2471 inferis
1230 2414 1597 2478 assumptione
1633 2425 1735 2463 nu-

148 2521 421 2567 merantur
441 2511 828 2583 quinquaginta
849 2509 987 2573 dies,
1018 2516 1073 2561 et
1094 2507 1243 2562 venit
1267 2503 1498 2573 Spiritus
1518 2511 1738 2556 sanctus

144 2605 201 2662 in
248 2604 705 2675 quinquagenario
756 2615 1005 2666 numero,
1058 2608 1309 2667 tanquam
1358 2596 1591 2650 natalem
1636 2593 1740 2647 sibi

142 2696 285 2768 apud
317 2711 415 2750 uos
446 2696 671 2751 faciens.
704 2693 1065 2762 Quadraginta
1094 2692 1238 2746 enim
1280 2688 1469 2744 diebus
1495 2688 1580 2741 hic
1612 2702 1742 2741 con-

142 2795 393 2846 versatus
430 2796 517 2842 est
563 2787 822 2841 Dominus
850 2800 971 2838 cum
1004 2782 1288 2851 discipulis
1334 2781 1468 2846 suis,
1512 2779 1740 2850 quadra-

138 2880 348 2951 gesimo
371 2879 460 2935 die
488 2878 734 2934 ascendit
764 2877 817 2931 in
842 2877 1059 2940 coelum,
1091 2881 1147 2929 et
1189 2874 1419 2943 peractis
1453 2872 1524 2926 ibi
1555 2872 1742 2927 decem

139 2974 332 3029 diebus
377 2982 625 3042 tanquam
674 2970 887 3025 decimo
928 2976 1324 3040 praeceptorum
1376 2966 1561 3034 signo,
1595 2963 1744 3019 venit

136 3069 371 3139 Spiritus
412 3079 654 3131 sanctus,
682 3067 803 3136 quia
848 3079 1005 3121 nemo
1051 3063 1233 3130 implet
1282 3061 1455 3131 legem
1503 3059 1604 3113 nisi
1649 3072 1743 3127 per

135 3159 366 3232 gratiam
395 3159 630 3228 Spiritus
657 3158 850 3212 sancti.
909 3156 1111 3226 Itaque,
1148 3154 1362 3215 fratres.
1396 3152 1742 3208 manifestum

1835 1951 2036 2007 inimici
2079 1951 2336 2019 S,.iritum
2365 1960 2613 2008 sanctum
2654 1969 2759 2008 non
2804 1953 3079 2009 habuere:
3113 1953 3239 2008 facit
3283 1956 3427 2010 enim

1838 2045 1939 2100 hoc
1980 2044 2213 2113 Spiritus
2242 2054 2461 2101 sanctus
2494 2061 2671 2116 poena.
2706 2047 2869 2103 Aliud
2901 2048 3044 2103 enim
3077 2047 3207 2103 facit
3231 2049 3426 2118 gratia,

1836 2138 1980 2191 aliud
2012 2152 2204 2206 poena;
2237 2138 2379 2193 aliud
2414 2138 2559 2193 enim
2598 2138 2725 2195 facit
2757 2139 3065 2208 implendo,
3096 2140 3239 2194 aliud
3268 2140 3430 2196 dese-

1839 2230 2028 2285 rendo.
2059 2230 2297 2297 Denique
2337 2238 2396 2283 ut
2437 2230 2546 2299 jam
2579 2231 2862 2285 evidenter
2892 2231 3025 2298 ipsis
3052 2232 3433 2287 conﬁtentibus

1840 2324 2011 2391 magis
2060 2321 2359 2376 Pharaonis
2408 2337 2703 2391 agnoscere
2732 2322 3008 2377 valeamus
3040 2323 3311 2392 quomodo
3338 2339 3434 2395 ap-

1840 2414 2069 2484 pellatus
2087 2423 2168 2467 est
2194 2413 2249 2466 in
2272 2412 2562 2481 Evangelio
2586 2413 2820 2482 Spiritus
2842 2414 2958 2478 Dei,
2985 2415 3270 2469 videamus
3289 2415 3434 2485 quod

1842 2520 2039 2561 nomen
2064 2505 2293 2574 accepit,
2325 2505 2644 2575 objicientes
2675 2504 2904 2561 Domino
2930 2508 3233 2562 convicium
3263 2507 3434 2563 Judaei

1844 2615 1965 2656 cum
1995 2599 2286 2654 dixissent:
2322 2599 2419 2655 Hic
2449 2614 2555 2653 non
2588 2598 2737 2668 ejicit
2764 2600 3028 2654 daemonia
3060 2599 3163 2653 nisi
3194 2601 3246 2655 in
3278 2600 3437 2657 Beel-

1847 2696 2020 2751 zebub
2047 2695 2289 2764 principe
2317 2694 2744 2761 dmmoniorum;
2780 2694 3058 2764 respondit
3091 2694 3217 2749 ille:
3250 2694 3309 2754 Si
3337 2710 3437 2766 ego

1845 2789 1900 2844 in
1930 2790 2132 2861 Spiritu
2181 2788 2275 2844 Dei
2322 2789 2484 2858 ejicio
2529 2787 2829 2853 daemonia,
2856 2800 3001 2844 certe
3032 2789 3345 2857 supervenit
3386 2789 3440 2846 in

1846 2880 2000 2935 vobis
2044 2896 2269 2951 regnum
2302 2880 2397 2935 Dei
2427 2898 2441 2934 :
2471 2880 2612 2949 quod
2646 2880 2784 2935 alius
2815 2881 3143 2952 evangelista
3179 2882 3258 2936 sic
3285 2896 3441 2937 enar-

1845 2984 1970 3030 rat:
1999 2973 2056 3029 Si
2087 2987 2186 3043 ego
2214 2975 2264 3027 in
2290 2973 2458 3042 digito
2492 2972 2584 3027 Dei
2615 2972 2774 3042 ejicio
2803 2972 3093 3027 daemonia.
3123 2972 3273 3041 Quod
3306 2974 3443 3028 alius

1845 3065 2177 3135 evangelista
2224 3064 2359 3118 dixit
2412 3064 2647 3128 Spiritus
2694 3064 2824 3131 Dei,
2872 3064 3010 3119 alius
3059 3064 3195 3119 dixit
3246 3064 3445 3135 digitus

1849 3159 1941 3213 Dei
1970 3177 1985 3224 ;
2014 3173 2141 3228 ergo
2184 3157 2380 3226 digitus
2429 3157 2527 3212 Dei
2569 3157 2802 3227 Spiritus
2850 3158 2988 3224 Dei,
3021 3159 3143 3214 ideo
3188 3158 3272 3214 lex
3320 3159 3446 3215 data

134 3263 224 3309 est
265 3254 633 3321 septenariutn
678 3252 840 3304 istum
884 3264 1169 3304 numerum
1208 3245 1278 3300 ad
1314 3243 1573 3313 Spiritum
1621 3260 1746 3298 san-
1770 3252 1820 3315 ο
1851 3252 2049 3319 scripta
2099 3250 2264 3320 digito
2316 3251 2442 3319 Dei,
2477 3265 2596 3319 qua:
2626 3250 2709 3305 lex
2742 3251 2865 3304 data
2895 3258 2980 3305 est
3022 3252 3072 3304 in
3105 3258 3289 3306 monte
3318 3250 3447 3306 Sina

135 3354 288 3403 ctum
322 3347 613 3416 pertinere.
638 3344 893 3414 Quisquis
927 3358 1104 3398 autem
1137 3357 1242 3395 non
1286 3340 1526 3394 cohaeret
1549 3337 1742 3393 unitati

133 3439 369 3503 Christi,
400 3446 456 3493 et
504 3437 737 3491 oblatrat
782 3436 1046 3489 advi'rsus
1097 3436 1357 3487 unitatem
1398 3430 1631 3496 Christi,
1665 3430 1745 3483 iu-

134 3531 493 3602 telligendum
522 3539 604 3584 est
632 3544 756 3584 eum
787 3544 893 3582 non
926 3526 1130 3580 habere
1157 3525 1417 3595 Spiritum
1463 3531 1742 3589 sanctum;

131 3625 524 3679 contentiones
562 3623 706 3677 enim
748 3627 801 3675 et
841 3619 1214 3675 dissensiones
1247 3634 1352 3673 non
1393 3618 1599 3671 faciunt
1643 3615 1747 3671 nisi

129 3715 429 3777 animales,
452 3713 520 3769 de
545 3713 739 3783 quibus
762 3712 1049 3781 Apostolus
1078 3709 1238 3765 dicit:
1272 3710 1535 3764 Animalia
1563 3716 1745 3763 autem

126 3807 312 3862 homo
343 3821 451 3861 non
481 3803 705 3874 percipit
733 3818 794 3859 ea
817 3818 937 3872 (μηδ
967 3811 1092 3856 sunt
1134 3801 1368 3871 Spiritus
1397 3801 1511 3856 Dei.
1542 3799 1748 3856 Deinde

123 3896 411 3965 scriptum
440 3904 597 3951 estet
621 3896 672 3949 in
696 3894 935 3964 Epistola
959 3893 1112 3949 Judze
1135 3895 1397 3961 apostoli:
1427 3894 1489 3948 lli
1512 3901 1638 3948 sunt
1657 3894 1747 3961 qui

120 3998 443 4057 segregant
467 3988 813 4055 semetipsos:
848 3987 1253 4054 reprehendens
1296 3987 1616 4056 loquebatur
1644 4003 1659 4044 :
1693 3987 1749 4041 hi

122 4085 279 4135 sunt
321 4078 413 4146 qui
454 4085 737 4146 segregant
780 4078 1140 4145 semetipsos,
1180 4078 1441 4132 animales
1490 4077 1749 4145 Spiritum

120 4184 256 4227 non
311 4166 594 4222 habentes.
643 4166 779 4234 Quid
828 4166 1194 4221 manifestius?
1246 4167 1373 4235 quid
1414 4166 1752 4221 evidentius?

119 4261 353 4320 merito
376 4260 595 4315 veniant
623 4260 724 4315 etsi
752 4257 941 4315 eadem
972 4258 1257 4315 credentes
1282 4274 1400 4330 quae
1428 4272 1549 4324 nos,
1576 4266 1753 4314 tamen

123 4353 433 4424 accepturi
476 4352 732 4422 Spiritum
764 4360 1010 4407 sanctum
1060 4366 1219 4422 quem
1250 4352 1452 4407 habere
1482 4365 1586 4406 non
1627 4366 1754 4420 pos-

121 4459 281 4506 sunt
311 4446 550 4516 quandiu
581 4451 707 4500 sunt
749 4445 934 4500 hostes
965 4446 1206 4501 unitatis.
1244 4444 1355 4501 Hos
1383 4455 1562 4500 autem
1599 4459 1753 4499 com-

124 4547 307 4612 parat
335 4537 628 4608 Apostolus
658 4538 829 4606 magis
860 4536 1154 4592 Pharaonis
1180 4555 1193 4591 :
1220 4537 1526 4603 Habentes,
1558 4536 1752 4607 inquit,

1844 3345 2298 3414 quinquagesimo
2328 3342 2417 3396 die
2460 3352 2581 3409 post
2609 3342 2940 3397 occisionem
2990 3341 3128 3410 ovis,
3171 3340 3447 3397 celebrato

1850 3436 2054 3491 Pascha
2086 3451 2113 3486 a
2146 3434 2343 3503 populo
2391 3432 2725 3487 Judaeorum.
2781 3432 3078 3502 Implentur
3119 3432 3237 3486 dies
3291 3434 3448 3501 quin-

1851 3528 2101 3596 quaginta
2141 3534 2260 3595 post
2305 3525 2631 3579 occisionem
2664 3526 2803 3590 ovis,
2834 3532 2890 3578 et
2924 3525 3083 3579 datur
3112 3526 3200 3580 lex
3246 3530 3449 3594 scripta

1851 3616 2018 3686 digito
2047 3616 2163 3669 Dei.
2185 3615 2484 3684 Implentur
2504 3614 2893 3685 quinquaginta
2920 3615 3038 3671 dies
3070 3626 3190 3686 post
3218 3614 3448 3672 occisio-

1851 3725 1975 3767 nem
2016 3709 2215 3763 Christi
2243 3750 2256 3773 ,
2288 3716 2345 3764 et
2373 3710 2523 3763 venit
2553 3708 2786 3779 Spiritus
2818 3718 3056 3765 sanctus.
3104 3708 3317 3765 Gratias
3344 3709 3449 3765 Do-

1852 3805 2019 3867 mino,
2046 3802 2338 3857 occultanti
2374 3802 2738 3871 providenter,
2766 3802 3027 3871 aperienti
3055 3801 3447 3858 suaviter..lam

1851 3896 2032 3951 videte
2077 3895 2178 3949 hoc
2209 3897 2394 3960 etiam,
2429 3895 2640 3961 fratres,
2674 3894 2970 3949 Pharaonis
3012 3908 3196 3961 magos
3222 3894 3448 3948 eviden-

1856 3986 2065 4040 tissime
2088 3986 2371 4050 conﬁteri;
2396 3984 2711 4041 deﬁcientes
2733 3985 2786 4039 in
2809 3986 2972 4040 tertio
2998 3984 3151 4051 signo
3171 3985 3445 4039 dixerunt:

1854 4078 2064 4148 Digitus
2094 4076 2190 4131 Dei
2220 4083 2304 4131 est
2336 4076 2441 4131 hic.

2433 4188 2661 4246 CAPUT
2700 4187 2887 4244 CXVI.

1856 4282 1991 4340 Item
2035 4281 2571 4353 expositionecalogi
2619 4281 2688 4335 ad
2725 4281 3008 4353 populum;
3039 4294 3103 4334 ex:
3132 4283 3357 4333 tractatu
3383 4281 3449 4334 dc

2284 4352 2475 4407 Decem
2517 4352 2731 4407 chordis
2767 4353 3018 4423 psalterii.

1928 4449 2062 4505 Tota
2108 4448 2195 4504 lex
2238 4447 2294 4503 in
2337 4446 2547 4501 duobus
2600 4446 2889 4517 praeceptis
2925 4454 3028 4511 est,
3063 4444 3118 4499 in
3164 4443 3453 4499 dilectione

1857 4543 1952 4600 Dei
1984 4553 2037 4599 et
2065 4542 2356 4598 dilectione
2400 4539 2652 4609 proximi.
2686 4538 2770 4595 Ad
2796 4537 2905 4593 duo
2953 4537 3135 4606 itaque
3162 4544 3451 4606 praecepta,

121 4633 387 4688 formam
436 4629 669 4700 pietatis,
699 4628 795 4684 sed
842 4629 1095 4685 virtutem
1126 4628 1242 4700 ejus
1271 4630 1624 4699 abnegantes,
1659 4632 1749 4701 qui
1777 4648 1834 4710 Β
1860 4637 1911 4691 id
1942 4644 2025 4691 est
2066 4635 2133 4690 ad
2173 4634 2515 4692 dilectionem
2549 4632 2646 4687 Dei
2675 4640 2731 4686 et
2778 4629 3008 4701 proximi
3058 4630 3291 4699 pertinet
3340 4627 3453 4682 De-

124 4724 189 4781 in
220 4724 396 4793 signo
427 4723 585 4778 tertio
607 4721 940 4777 defecerunt.
972 4720 1089 4776 Jam
1119 4722 1295 4779 videte
1319 4737 1486 4792 quare
1504 4722 1563 4777 in
1592 4727 1752 4778 tertio

121 4819 306 4891 signo
351 4815 710 4881 defecerunt;
741 4822 1073 4869 mementote
1122 4828 1217 4868 eos
1255 4814 1349 4883 qui
1399 4814 1755 4870 adversantur

121 4910 350 4965 unitati
398 4924 503 4963 non
535 4906 738 4963 habere
765 4904 1023 4977 Spiritum
1046 4917 1311 4960 sanctum.
1344 4905 1475 4961 Tria
1504 4922 1635 4962 vero
1664 4907 1755 4963 illa

120 5010 431 5073 praecepta
458 5001 629 5068 prima
658 5001 710 5055 in
745 4999 1013 5070 Decalogo
1039 4999 1105 5053 ad
1139 4999 1231 5054 Dei
1253 4997 1601 5054 dilectionem
1636 5014 1757 5067 per-

121 5098 330 5150 tinere
367 5094 761 5163 intelliguntur,
789 5099 850 5146 ut
896 5097 1105 5160 septem
1152 5097 1346 5144 caetera
1389 5088 1759 5161 intelligantur

117 5189 197 5244 ad
230 5187 599 5244 dilectionem
632 5184 867 5257 proximi
912 5184 1209 5255 pertinere,
1241 5190 1300 5238 ut
1325 5182 1533 5238 duabus
1564 5184 1760 5239 tabulis

119 5281 282 5352 legis
307 5290 368 5335 et
400 5278 585 5333 decem
613 5277 903 5348 praeceptis
926 5277 1032 5332 duo
1063 5277 1151 5330 illa
1186 5284 1436 5345 tanquam
1466 5278 1760 5332 summaria

117 5382 433 5448 praecepta
477 5381 790 5428 teneantur:
842 5370 1041 5440 Diliges
1082 5368 1365 5423 Dominum
1399 5368 1566 5423 Deum
1613 5380 1761 5424 tuum

118 5486 196 5523 ex
236 5476 373 5523 toto
415 5465 577 5520 corde
606 5473 717 5529 tuo,
745 5471 800 5517 et
847 5477 914 5517 ex
959 5471 1066 5516 tota
1113 5460 1296 5517 anima
1327 5471 1447 5528 tua,
1473 5470 1530 5516 et
1557 5476 1621 5516 ex
1654 5469 1763 5517 tota

116 5563 365 5617 virtute
414 5569 523 5623 tua,
552 5566 608 5614 et
654 5556 846 5626 diliges
896 5555 1199 5627 proximum
1242 5565 1391 5611 tuum
1434 5564 1686 5628 tanquam
1711 5566 1765 5614 te

119 5654 383 5721 ipsum;
419 5649 473 5703 in
502 5649 586 5705 his
626 5648 843 5703 duobus
886 5649 1170 5717 praeceptis
1209 5655 1320 5703 tota
1351 5648 1437 5703 lex
1481 5648 1680 5719 pendet
1708 5658 1767 5705 et

117 5744 475 5819 prophetae.
526 5742 850 5799 Referamus
890 5754 1021 5812 ergo
1052 5741 1151 5795 tria
1182 5740 1353 5811 prima
1399 5755 1669 5814 praecepta
1699 5745 1765 5800 ad

120 5837 522 5903 dilectionem
539 5834 655 5893 Dei.
669 5834 804 5902 Quae
827 5832 930 5889 tria
945 5832 1151 5905 prima?
1172 5832 1414 5892 Primum
1432 5850 1446 5893 ;
1465 5834 1585 5897 Non
1604 5846 1764 5896 erunt

1858 4729 2099 4799 caiogus.
2140 4728 2220 4781 Ad
2254 4725 2483 4793 primum
2527 4730 2855 4793 praeceptum
2904 4730 3013 4777 tres
3038 4718 3257 4774 chordae
3287 4716 3455 4786 perti‘

1858 4831 2008 4887 neut,
2029 4822 2151 4892 quia
2170 4820 2312 4875 Deus
2335 4826 2421 4872 est
2442 4818 2674 4871 trinitas.
2700 4815 2784 4871 Ad
2812 4815 3038 4870 alterum
3062 4828 3191 4868 vero
3216 4825 3455 4882 praecepi

1862 4927 1997 4981 tum,
2025 4916 2077 4968 id
2098 4920 2204 4978 est,
2232 4912 2297 4965 ad
2320 4909 2667 4964 dilectionem
2694 4907 2946 4979 proximi,
2974 4916 3182 4976 septem
3212 4903 3450 4958 chordae:

1864 5006 2134 5079 quomodo
2165 5005 2373 5058 vivatur
2412 5003 2553 5059 inter
2583 5002 2853 5059 homines.
2886 5001 3019 5056 Nam
3053 5001 3173 5070 ipse
3201 5012 3456 5052 numerus

1864 5104 2203 5175 septenarius
2246 5109 2502 5172 tanquam
2544 5108 2749 5170 septem
2792 5098 3118 5154 chordarum
3162 5093 3346 5161 incipit
3386 5091 3455 5145 ab

1865 5200 2074 5255 honore
2120 5206 2420 5269 parentum.
2458 5194 2672 5249 Honora
2717 5202 2924 5264 patrem
2967 5201 3116 5244 tuum
3148 5196 3203 5243 et
3231 5194 3455 5241 matrem

1867 5300 2029 5347 tuam.
2064 5290 2145 5345 Ad
2178 5297 2429 5359 parentes
2450 5288 2593 5344 enim
2616 5301 2745 5342 suos
2776 5284 2941 5339 homo
2964 5280 3143 5350 aperit
3172 5277 3379 5346 oculos,
3404 5286 3457 5331 et

1868 5384 1985 5439 hac
2013 5384 2119 5437 vita
2148 5382 2216 5436 ab
2246 5381 2460 5435 illorum
2509 5378 2744 5433 amicitia
2776 5375 2938 5431 sumit
2966 5370 3269 5427 exordium.
3301 5369 3459 5435 Quis-

1868 5476 1990 5547 quis
2037 5482 2215 5529 autem
2257 5474 2369 5526 suis
2422 5470 2729 5541 parentibus
2779 5481 2885 5525 non
2930 5464 3106 5521 defert
3154 5463 3415 5519 honorem

1874 5567 2066 5640 quibus
2098 5579 2318 5635 parcere
2348 5563 2587 5633 poterit?
2616 5562 2682 5616 Et
2708 5559 2840 5615 dicit
2882 5558 3206 5627 Apostolus:
3242 5556 3458 5611 llonora

1876 5670 2077 5731 patrem
2122 5665 2269 5711 tuum
2310 5665 2365 5711 et
2399 5663 2627 5709 matrem
2657 5663 2825 5719 tuam,
2854 5650 2995 5721 quod
3021 5659 3104 5705 est
3149 5646 3457 5703 mandatum

1874 5747 2432 5827 primunt.Quomodo
2478 5747 2709 5817 primum
2756 5743 2969 5813 quando
3011 5751 3262 5814 quartum
3310 5753 3457 5796 mane

1875 5842 2057 5902 datum
2099 5849 2216 5911 est,
2249 5842 2351 5899 nisi
2398 5840 2522 5913 quia
2553 5840 2607 5897 in
2633 5838 2940 5911 septenario
2968 5848 3195 5894 numero
3224 5840 3314 5892 est
3349 5831 3457 5905 pri-
