3968 6390
201 402 312 472 7S3

1382 412 1822 477 THESAUBUS.
1837 416 1996 478 CAP.
2033 418 2268 480 CXVIII.

3353 444 3479 518 ,734

197 546 441 603 morum,
464 541 517 590 et
531 530 853 591 verecundia
881 514 1097 604 major:
1129 538 1184 588 et
1209 529 1355 589 Deus
1385 544 1547 603 super
1573 540 1646 600 te,
1671 542 1789 590 tan-
1814 536 1872 601 Α
1898 553 2038 595 mam
2069 542 2348 612 chordam,
2380 543 2574 602 cecidit
2593 543 2767 602 bestia
2786 549 3114 622 rapacitatis.
3142 550 3259 611 Non
3282 514 3477 617 falsum

198 638 315 685 tum
357 626 519 683 Dens.
568 622 785 683 Iuvenis
823 625 965 682 enim
999 622 1151 681 facile
1178 638 1335 696 pares
1379 624 1560 693 viros,
1590 626 1786 696 quibus

196 736 307 779 non
336 724 530 778 timeas
558 721 879 777 erubescere
905 721 1025 792 quia
1073 720 1275 777 faciunt
1322 719 1453 775 illud
1495 719 1669 776 multi.
1719 720 1786 778 Et

197 822 343 871 tanta
366 819 451 871 est
473 814 797 884 perversitas
818 810 1031 885 generis
1050 812 1267 868 humani
1291 820 1349 868 ut
1371 813 1657 885 aliquando
1672 828 1784 871 me-

195 906 457 965 tuendum
482 908 552 965 sit
574 921 642 965 ne
657 916 835 964 castus
849 907 1131 965 erubescat
1147 908 1286 963 inter
1311 906 1607 978 impudicos
1623 925 1637 975 ;
1663 908 1785 966 ideo

193 1014 302 1058 non
329 1014 485 1059 cesso
514 1011 730 1073 tangere
759 1002 993 1074 quintam
1024 1002 1179 1058 istam
1226 1001 1482 1058 chordam
1508 1044 1523 1069 ,
1559 1012 1781 1073 propter

194 1092 370 1165 ipsam
401 1106 711 1164 perversam
743 1092 1188 1151 consuetudinem
1215 1103 1269 1151 et
1299 1094 1472 1151 labem
1502 1094 1685 1163 totius,
1725 1103 1785 1153 ut

191 1184 326 1250 dixi,
353 1187 569 1255 generis
594 1184 834 1241 humani.
864 1185 920 1242 Si
944 1185 1065 1257 quis
1088 1185 1229 1242 inter
1256 1200 1351 1242 vos
1380 1185 1538 1241 faciat
1564 1185 1787 1242 homici-

190 1275 344 1332 dium
370 1276 533 1350 (quod
574 1285 781 1333 avertat
808 1276 999 1349 Deus),
1042 1278 1309 1348 repellere
1339 1276 1486 1333 illum
1532 1278 1690 1333 vultis
1717 1277 1787 1336 de

192 1368 385 1439 patria,
411 1378 467 1425 et
491 1370 772 1435 continuo,
798 1370 842 1425 si
870 1370 985 1427 fieri
1015 1378 1213 1441 potest,
1244 1368 1552 1426 excludere.
1588 1370 1643 1427 Si
1667 1372 1786 1442 quis

188 1459 381 1519 fecerit
405 1462 625 1530 furtum,
649 1463 845 1520 odistis
876 1463 1022 1519 illum
1050 1478 1151 1520 nec
1172 1463 1357 1520 videre
1377 1463 1552 1520 vultis.
1578 1462 1638 1521 Si
1666 1464 1787 1535 quis

186 1552 333 1609 dicat
362 1552 557 1609 falsum
589 1555 951 1612 testimonium
980 1598 995 1623 ,
1029 1554 1452 1621 abominamini,
1496 1569 1595 1611 nec
1634 1555 1786 1613 vobis

186 1646 356 1703 homo
385 1644 613 1704 videtur.
646 1648 707 1703 Si
735 1648 858 1719 quis
879 1647 1229 1717 concupiscat
1246 1661 1335 1703 res
1361 1645 1584 1716 alienas,
1603 1655 1786 1716 raptor

185 1749 244 1797 et
293 1740 524 1812 iniustus
548 1741 855 1812 deputatur.
891 1740 951 1798 Si
997 1741 1114 1813 quis
1158 1741 1431 1797 volutatus
1461 1740 1622 1796 fuerit
1661 1756 1783 1797 cum

184 1833 401 1889 ancillis
427 1836 563 1901 suis,
592 1842 825 1902 amatur,
854 1834 1051 1891 blande
1076 1834 1337 1905 accipitur
1356 1878 1372 1902 ,
1396 1843 1783 1890 convertuntur

1891 633 2249 692 testimonium
2282 638 2428 695 dices
2453 658 2467 707 ;
2494 640 2668 714 tangis
2707 651 2949 699 octavam
2972 644 3252 715 chordam,
3280 650 3478 709 cecidit

1887 723 2058 782 bestia
2113 726 2381 785 falsitatis.
2430 730 2543 787 Non
2586 734 2935 807 concupisces
2980 752 3202 794 uxorem
3244 741 3477 811 proximi

1890 818 1995 885 tui;
2031 818 2201 890 tangis
2227 835 2421 877 nonam
2462 823 2754 895 chordam,
2783 826 2980 883 cecidit
3007 827 3177 884 bestia
3209 831 3478 889 adulteri-

1888 926 1971 967 na:
1994 912 2349 983 cogitationis.
2364 916 2529 981 Aliud
2554 926 2636 974 est
2665 919 2807 975 enim
2821 936 2929 977 non
2954 920 3131 979 facere
3158 924 3353 995 aliquid
3370 924 3475 983 tale

1888 1016 2083 1077 praeter
2110 1022 2331 1063 uxorem
2352 1050 2365 1075 ,
2389 1009 2530 1066 aliud
2558 1027 2665 1068 non
2688 1024 2942 1083 appetere
2964 1015 3196 1072 alienam
3228 1034 3475 1077 uxorem.

1886 1099 2012 1155 Ideo
2041 1098 2149 1156 duo
2180 1109 2447 1171 praecepta
2486 1114 2610 1158 sunt
2632 1145 2648 1171 ,
2689 1105 2803 1160 Non
2836 1107 3214 1177 mmchaberis,
3247 1116 3330 1177 et,
3356 1108 3475 1168 Non
3512 1158 3523 1165 .

1888 1196 2235 1262 concupisces
2280 1211 2503 1253 uxorem
2537 1200 2834 1268 proximam
2882 1198 3136 1272 [proximi
3186 1201 3308 1276 tui].
3358 1204 3475 1262 Non

1888 1288 2242 1358 concupisces
2269 1304 2382 1345 rem
2412 1290 2639 1358 proximi
2682 1293 2792 1359 tui;
2825 1294 2997 1365 tangis
3023 1294 3286 1351 decimam
3316 1296 3478 1352 chor-

1888 1379 2033 1447 dam,
2063 1381 2256 1437 cecidit
2287 1382 2456 1438 bestia
2485 1384 2812 1454 cupiditatis.
2846 1386 2921 1441 Ita
2964 1386 3279 1443 cadentibus
3304 1388 3477 1446 omni-

1890 1484 1993 1541 bus
2022 1484 2239 1551 bestiis,
2266 1500 2489 1541 securus
2518 1495 2573 1541 et
2601 1487 2857 1545 innocens
2885 1489 2937 1545 in
2969 1490 3062 1547 Dei
3106 1491 3393 1549 dilectione
3422 1497 3478 1549 et

1890 1578 2123 1635 humana
2152 1580 2405 1635 societate
2432 1580 2690 1635 versaris.
2723 1581 2971 1652 Tangens
3000 1582 3230 1641 chordas
3255 1585 3476 1652 decem,

1889 1680 2019 1743 quot
2046 1671 2246 1727 bestias
2277 1670 2511 1728 occidis?
2540 1672 2671 1727 Nam
2696 1672 2863 1729 multa
2891 1674 3063 1745 capita
3090 1686 3213 1732 sunt
3238 1677 3340 1734 sub
3360 1677 3479 1735 istis

1888 1764 2171 1833 capitibus.
2207 1765 2261 1820 In
2293 1765 2511 1838 singulis
2552 1766 2789 1837 chordis,
2833 1782 2938 1825 non
2982 1770 3217 1841 singulas
3254 1771 3475 1843 bestias,

1890 1856 1984 1912 sed
2008 1872 2195 1928 greges
2220 1856 2476 1913 interficis
2502 1858 2811 1913 bestiarum.
2832 1858 2924 1914 Sic
2942 1874 3072 1932 ergo
3090 1861 3358 1919 canticum
3380 1878 3477 1919 no-

183 1926 410 1982 mine"
442 1927 496 1982 in
523 1928 668 1998 3063-
699 1929 757 1985 δί
804 1930 926 2001 quis
958 1938 1138 1985 επίθω
1168 1929 1365 1986 “imi
1407 1932 1496 2002 (ἰοί
1526 1930 1669 1986 dicat
1719 1944 1778 1986 8°
1807 1933 1855 1995 B
1884 1926 2155 2002 vumvcum
2195 1962 2399 2016 amore,
2428 1962 2533 2003 non
2562 1962 2682 2004 cum
2716 1949 2927 2017 timore,
2960 1926 3223 2008 cantabis.
3253 1952 3369 2009 Noli
3396 1954 3476 2010 di-

181 2028 425 2086 castum,
458 2034 567 2076 non
608 2019 789 2077 facere
827 2022 1182 2089 adulterium,
1242 2031 1427 2077 notum
1477 2030 1658 2077 autem
1709 2022 1783 2077 sit

180 2109 328 2180 quod
375 2125 481 2167 non
506 2108 685 2179 faciat,
719 2111 991 2169 erubescit
1034 2113 1294 2170 accedere
1324 2114 1389 2169 ad
1418 2113 1540 2169 illos
1566 2130 1671 2169 non
1693 2116 1776 2171 sui

182 2200 411 2270 similes,
442 2216 510 2259 ne
531 2202 809 2271 insultent,
840 2218 907 2260 ne
928 2203 1209 2271 irrideant,
1234 2218 1302 2261 ne
1326 2202 1504 2261 dicant
1530 2218 1637 2260 non
1662 2220 1781 2261 esse

178 2294 381 2350 virum.
403 2296 485 2352 Ad
511 2296 615 2353 hoc
638 2297 857 2369 delapsa
881 2308 964 2355 est
981 2297 1213 2354 humana
1245 2299 1585 2369 perversitas,
1621 2306 1678 2353 ut
1699 2297 1780 2353 vir

182 2386 450 2441 habeatur
476 2387 647 2443 victus
676 2402 705 2443 a
739 2389 992 2458 libidine,
1021 2399 1076 2445 et
1102 2391 1189 2445 vir
1206 2402 1312 2445 non
1334 2390 1591 2444 habeatur
1612 2388 1782 2443 victor

188 2477 447 2534 libidinis.
490 2478 905 2551 Triumphantes
933 2484 1201 2538 exsultant
1243 2490 1300 2537 et
1340 2497 1447 2536 non
1493 2490 1616 2535 sunt
1656 2480 1776 2535 viri.

181 2565 380 2624 lacent
408 2571 663 2639 prostrati
692 2580 747 2627 et
790 2572 890 2627 viri
920 2572 1083 2628 sunt!
1114 2572 1170 2628 Si
1213 2581 1525 2643 spectares,
1559 2573 1651 2629 ille
1685 2572 1781 2627 tibi

178 2659 460 2718 videretur
509 2660 699 2718 fortior
728 2665 829 2734 qui
862 2661 1072 2733 jaceret
1110 2662 1212 2719 sub
1256 2662 1428 2719 bestia
1456 2706 1470 2733 ,
1500 2677 1659 2733 quam
1689 2660 1781 2733 qui

178 2751 477 2824 perimeret
505 2753 756 2811 bestiam.
782 2754 888 2812 Sed
919 2756 1043 2827 quia
1064 2755 1417 2813 dissimulatis
1443 2771 1473 2811 a
1498 2771 1671 2828 pugna
1693 2755 1777 2811 in-

178 2846 418 2911 teriore,
450 2858 507 2904 et
527 2846 799 2904 delectant
824 2862 920 2904 vos
948 2865 1137 2919 pugnas
1163 2850 1458 2906 exteriores
1477 2890 1493 2915 ,
1524 2849 1647 2906 ideo
1672 2862 1779 2904 non

176 2940 345 2998 vultis
368 2941 640 3012 pertinere
666 2941 733 2997 ad
760 2942 1028 2999 canticum
1051 2957 1273 3012 novum,
1307 2941 1397 2999 ubi
1419 2942 1641 3000 dicitur:
1675 2942 1778 3012 Qui

178 3035 346 3091 docet
388 3048 577 3090 manus
622 3049 771 3092 meas
811 3034 878 3091 ad
910 3036 1157 3107 praelium
1188 3044 1240 3091 et
1284 3034 1481 3107 digitos
1511 3049 1661 3091 meos
1709 3033 1778 3090 ad

176 3126 408 3184 bellum.
432 3124 528 3182 Est
550 3126 695 3182 enim
719 3125 920 3182 bellum
946 3128 1089 3195 quod
1116 3140 1299 3183 secum
1330 3128 1438 3197 agit
1460 3125 1643 3193 homo,
1668 3124 1775 3197 73

177 3221 439 3278 dimicans
467 3231 650 3278 contra
676 3220 1142 3293 concupiscentias
1164 3222 1331 3276 malas
1352 3263 1366 3287 ,
1396 3218 1618 3276 frenans
1642 3234 1775 3275 ava-

176 3408 368 3464 cidans
399 3406 703 3469 libidinem.
722 3404 830 3463 Has
855 3421 1057 3477 pugnas
1084 3407 1216 3463 facis
1244 3405 1294 3460 in
1319 3406 1551 3473 occulto,
1585 3414 1641 3460 et
1669 3420 1775 3459 non

176 3501 415 3557 vinceris
461 3500 514 3556 in
558 3508 767 3571 aperto.
802 3499 882 3555 Ad
913 3500 1014 3555 hoc
1053 3498 1317 3556 docentur
1355 3513 1547 3553 manus
1582 3507 1775 3553 vestrae

176 3595 247 3651 ad
276 3595 519 3667 praelium
542 3634 557 3658 ,
585 3600 639 3649 et
667 3592 817 3661 digiti
845 3592 1007 3647 vestri
1041 3589 1106 3645 ad
1153 3588 1377 3645 bellum.
1405 3589 1520 3645 Non
1550 3599 1632 3645 est
1671 3590 1778 3645 hoc

176 3685 236 3742 in
283 3684 600 3757 spectaculis
628 3682 852 3749 vestris,
887 3683 942 3738 in
986 3683 1092 3740 illis
1134 3684 1456 3755 spectaculis
1494 3698 1600 3740 non
1635 3683 1777 3740 idem

177 3786 407 3836 venator
446 3776 587 3848 quod
629 3774 943 3835 citharista:
984 3775 1132 3833 aliud
1179 3776 1290 3857 agit
1334 3786 1597 3843 venator,
1633 3776 1777 3833 aliud

178 3870 313 3926 facit
341 3868 636 3925 citharista.
684 3867 740 3923 In
773 3869 1081 3938 spectaculo
1108 3867 1204 3923 Del
1249 3883 1411 3924 unum
1458 3878 1582 3935 est;
1617 3876 1778 3940 tange

179 3962 397 4019 easdem
426 3961 612 4015 decem
652 3959 915 4027 chordas,
948 3972 1000 4015 et
1044 3960 1189 4017 feras
1218 3962 1454 4027 occides,
1487 3971 1777 4033 utrumque

181 4051 345 4106 simul
386 4050 539 4104 facis.
568 4048 766 4119 Tangis
795 4052 1021 4121 primam
1050 4051 1307 4106 chordam
1335 4068 1439 4123 qua
1469 4068 1609 4107 unus
1639 4053 1775 4108 coli-

186 4152 274 4199 tur
326 4136 500 4207 Deus,
551 4142 745 4197 cecidit
777 4140 946 4197 bestia
997 4143 1419 4211 superstitionis.
1456 4143 1654 4213 Tangis
1694 4160 1780 4200 se-

182 4234 448 4303 cundam,
498 4248 602 4305 qua
649 4248 755 4307 non
800 4233 1001 4304 accipis
1032 4249 1227 4289 nomen
1261 4232 1474 4288 Domini
1504 4233 1599 4289 Dei
1622 4233 1697 4289 tui
1726 4234 1779 4290 in

181 4342 402 4390 vanum,
436 4324 631 4381 cecidit
660 4324 832 4381 bestia
871 4325 1071 4380 erroris
1114 4323 1465 4380 nefandarum
1513 4324 1778 4381 itaaresum

177 4435 305 4493 qua:
328 4418 378 4474 id
412 4426 752 4492 putaverunt.
785 4417 981 4488 Tangis
1015 4418 1224 4473 tertiam
1264 4417 1522 4472 chordam
1562 4417 1652 4473 ubi
1684 4434 1781 4489 pro

179 4527 283 4583 spe
334 4508 528 4566 futura:
557 4511 756 4581 quietis
787 4508 919 4565 facis
962 4508 1221 4580 quidquid
1256 4509 1416 4577 facis,
1458 4511 1777 4568 interficitur

180 4603 460 4662 crudelior
486 4603 699 4658 caeteris
729 4600 917 4659 bestiis
943 4616 1096 4658 amor
1117 4602 1302 4658 saeculi
1331 4601 1513 4670 hujus.
1548 4602 1775 4672 Propter

182 4711 429 4754 amorem
457 4696 599 4752 enim
633 4696 816 4751 steculi
847 4695 1005 4767 hujus
1034 4696 1279 4753 laborant
1308 4699 1553 4755 homines
1580 4699 1632 4755 in
1659 4714 1775 4755 om-
1799 4715 1854 4776 ι)

177 4788 345 4850 nibus
371 4788 638 4857 negotiis;
665 4798 716 4842 tu
746 4796 923 4843 autem
964 4788 1017 4842 in
1061 4789 1311 4844 omnibus
1346 4791 1499 4846 bonis
1524 4792 1775 4861 operibus

178 4878 299 4935 tuis
337 4876 540 4945 labora,
570 4891 675 4932 non
706 4888 928 4947 propter
972 4892 1211 4933 amorem
1244 4879 1425 4935 saeculi
1466 4881 1645 4952 hujus,
1679 4881 1773 4938 sed

175 4980 408 5043 propter
437 4971 819 5040 sempiternam
859 4970 1099 5040 requiem
1128 4984 1284 5040 quam
1318 4960 1580 5041 promittit
1610 4972 1771 5030 Deus.

177 5063 323 5119 Vide
366 5062 633 5133 quomodo
676 5062 835 5118 simul
884 5071 1172 5133 utrumque
1222 5061 1386 5129 facis,
1443 5072 1497 5119 et
1543 5064 1773 5123 chordas

179 5156 363 5225 tangis
392 5164 447 5211 et
491 5154 689 5211 bestias
720 5154 923 5212 occidis
943 5196 959 5223 ,
992 5155 1046 5211 id
1073 5163 1157 5212 est
1179 5196 1195 5222 ,
1224 5164 1279 5211 et
1307 5154 1581 5212 citharista
1613 5172 1671 5213 es
1716 5167 1772 5215 et

174 5258 427 5305 venator.
463 5246 580 5305 Non
631 5263 726 5304 vos
771 5247 917 5321 [nos]
963 5249 1232 5306 delectant
1286 5248 1410 5306 talia
1466 5253 1772 5320 spectacula

177 5340 279 5397 ubi
307 5349 685 5409 promerentur
712 5339 1147 5414 [promeremur]
1185 5343 1370 5398 oculos
1397 5342 1624 5398 editoris
1643 5385 1656 5408 ,
1680 5344 1774 5400 sed

180 5436 378 5493 oculos
408 5435 789 5505 redemptoris.
820 5435 1037 5491 Iionora
1065 5444 1269 5505 patrem
1294 5445 1440 5491 tuum
1465 5446 1518 5491 et
1548 5445 1774 5493 matrem

180 5540 367 5595 tuam;
413 5512 586 5599 tangis
615 5537 860 5599 quartam
890 5528 1147 5584 chordam
1171 5537 1230 5584 ut
1253 5528 1514 5585 honorem
1541 5531 1777 5600 parenti-

180 5623 290 5678 bus
320 5618 551 5690 deferas,
582 5618 775 5675 cecidit
820 5618 989 5672 bestia
1032 5618 1339 5687 impietatis.
1372 5619 1487 5674 Non
1538 5622 1779 5675 moecha-

182 5712 366 5778 beris;
400 5711 573 5781 tangis
619 5710 861 5781 quintam
893 5710 1187 5774 chordam,
1218 5711 1411 5767 cecidit
1460 5712 1631 5768 beStia
1658 5712 1778 5769 libi-

185 5805 352 5863 dinis.
382 5804 496 5861 Non
517 5804 772 5871 occides;
805 5804 980 5874 tangis
1023 5811 1226 5860 sextam
1257 5804 1510 5861 chordam
1530 5846 1545 5873 ,
1583 5807 1779 5862 cecidit

188 5899 366 5959 bestia
393 5898 745 5956 crudelitatis.
777 5896 895 5954 Non
926 5896 1125 5953 furtum
1160 5893 1360 5965 facies;
1390 5900 1560 5969 tangis
1607 5899 1777 5970 septi-

1883 2055 2006 2096 cere
2027 2039 2154 2106 tibi,
2180 2040 2393 2110 quando
2416 2039 2552 2096 forte
2579 2041 2911 2098 luxurianter
2939 2043 3143 2113 aliquid
3176 2045 3253 2100 vis
3276 2060 3474 2117 agere:

1881 2141 2071 2199 Adhuc
2099 2155 2319 2196 uxorem
2361 2157 2465 2198 non
2516 2142 2723 2210 habeo,
2774 2142 2914 2199 facio
2958 2144 3102 2216 quod
3152 2145 3309 2216 volo,
3362 2161 3472 2203 non

1883 2247 2029 2300 enim
2056 2254 2175 2315 post
2216 2260 2436 2300 uxorem
2469 2261 2642 2302 meam
2690 2261 2878 2317 pecco.
2910 2246 3028 2303 Jam
3058 2249 3198 2303 nosti
3240 2249 3470 2318 pretium

1884 2354 2055 2413 tuum,
2080 2346 2192 2415 jam
2223 2346 2365 2399 nosti
2408 2361 2513 2412 quo
2553 2346 2765 2401 accedis
2788 2386 2803 2412 ,
2827 2346 2956 2416 quid
2980 2346 3298 2414 manduces,
3341 2348 3470 2417 quid

1882 2435 2069 2501 bibas,
2099 2436 2206 2489 imo
2233 2449 2392 2505 quem
2426 2435 2745 2499 manduces,
2775 2450 2934 2505 quem
2963 2436 3138 2492 bibas.
3170 2436 3396 2492 Abstine
3423 2446 3477 2494 te

1884 2541 1914 2582 a
1943 2528 2422 2594 fornicationibus,
2452 2542 2519 2584 ne
2562 2536 2699 2584 torte
2726 2528 2875 2585 dicas
2904 2529 3036 2584 mihi
3056 2569 3072 2597 ,
3106 2530 3172 2585 ad
3211 2529 3473 2587 fornicem

1883 2621 2042 2689 vado,
2077 2620 2146 2675 ad
2174 2620 2510 2677 meretricem
2544 2636 2707 2691 pergo
2732 2664 2747 2689 ,
2781 2624 2846 2677 ad
2888 2623 3227 2691 prostitutam
3259 2638 3347 2689 eo,
3376 2636 3478 2681 nec

1885 2714 2015 2770 illud
2070 2721 2392 2783 praeceptum
2444 2714 2586 2768 violo
2615 2728 2721 2783 quo
2770 2713 2972 2771 dictum
3022 2724 3125 2780 est,
3174 2714 3292 2769 Non
3338 2729 3475 2771 mm-

1882 2804 2133 2861 cbaberis
2150 2846 2163 2871 ,
2187 2805 2309 2875 quia
2331 2819 2551 2861 uxorem
2577 2805 2813 2862 nondum
2830 2805 3002 2862 habeo
3022 2850 3036 2875 ,
3062 2821 3162 2863 nec
3181 2818 3299 2877 post
3325 2806 3477 2864 illam

1882 2898 2086 2969 aliquid
2112 2896 2281 2965 facio;
2308 2913 2409 2955 nec
2433 2898 2566 2955 illud
2589 2911 2915 2970 praceptum
2943 2900 3086 2956 violo
3107 2900 3250 2972 quod
3269 2900 3473 2958 dictum

1883 3000 1987 3059 est,
2015 2991 2135 3048 Non
2154 2993 2507 3063 concupisces
2530 3008 2760 3049 uxorem
2782 2993 3012 3065 proximi
3036 2995 3132 3051 tui.
3160 2995 3262 3064 Qui
3284 2995 3352 3051 ad
3379 3010 3477 3064 po-

1880 3084 2074 3141 blicam
2096 3085 2255 3153 vado,
2284 3087 2338 3142 in
2367 3087 2510 3158 quod
2542 3097 2867 3158 praceptum
2910 3089 3168 3145 incurro?
3190 3090 3308 3145 Non
3328 3089 3478 3145 inve-

1881 3175 2058 3231 nimus
2087 3176 2381 3244 chordam,
2429 3192 2588 3248 quam
2641 3180 2953 3248 tangamus?
3010 3194 3118 3234 non
3176 3179 3481 3235 invenimus

1882 3456 2257 3527 ligamentum,
2296 3456 2391 3510 sed
2420 3465 2817 3511 ornamentum.
2860 3456 2974 3511 Non
3017 3457 3162 3510 enim
3205 3455 3463 3525 ligamen-

1884 3555 2031 3611 tum,
2064 3547 2157 3601 sed
2205 3554 2579 3601 ornamentum
2626 3547 2681 3600 in
2725 3546 2856 3614 ipsis
2900 3545 3088 3601 decem
3121 3545 3338 3600 chordis
3378 3544 3463 3599 in-

1883 3639 2146 3694 venimus.
2198 3638 2397 3694 Decem
2440 3638 2587 3699 enim
2633 3647 2900 3709 pmcepta
2951 3638 3019 3693 ad
3048 3638 3154 3694 duo
3194 3639 3285 3694 illa
3325 3639 3469 3696 refe-

1883 3741 2103 3797 runtur,
2134 3730 2273 3786 sicut
2300 3730 2601 3786 audivimus
2630 3742 2686 3787 ut
2708 3731 2994 3804 diligamus
3018 3732 3185 3788 Deum
3206 3742 3262 3789 et
3291 3733 3475 3803 proxi-

1882 3837 2061 3890 mum,
2092 3832 2147 3880 et
2188 3824 2297 3880 duo
2337 3824 2428 3880 illa
2452 3824 2524 3880 ad
2553 3841 2715 3882 unum
2743 3826 2893 3883 illud.
2930 3827 3101 3884 Unum
3143 3837 3228 3885 est
3250 3838 3430 3884 autem
3454 3844 3475 3885 :

1882 3916 2035 3984 Quod
2058 3917 2153 3973 tibi
2172 3918 2289 3973 fieri
2311 3933 2417 3974 non
2442 3919 2548 3987 vis,
2569 3920 2661 3975 alii
2680 3935 2749 3976 ne
2780 3920 2995 3978 feceris.
3024 3922 3101 3978 Ibi
3125 3923 3477 3979 continentur

1882 4008 2095 4075 decem,
2123 4010 2201 4065 ibi
2227 4012 2570 4067 continentur
2599 4013 2728 4067 duo.
2749 4013 2858 4069 Sed
2879 4015 3056 4069 dices:
3084 4014 3309 4069 Furtum
3332 4015 3377 4069 si
3401 4014 3477 4068 fa-

1883 4102 2021 4157 ciam
2051 4142 2068 4169 ,
2096 4103 2150 4157 id
2182 4104 2319 4159 facio
2343 4106 2486 4174 quod
2516 4105 2629 4175 pati
2656 4105 2783 4161 nolo
2810 4123 2825 4159 :
2854 4106 2901 4159 si
2932 4106 3174 4160 occidam
3194 4149 3210 4173 ,
3238 4106 3293 4159 id
3334 4105 3479 4160 facio

1883 4193 2025 4261 quod
2062 4192 2132 4247 ab
2153 4192 2324 4249 altero
2356 4196 2465 4263 pati
2510 4196 2638 4250 nolo
2672 4214 2683 4247 :
2710 4195 2757 4250 si
2784 4197 3097 4266 parentibus
3140 4196 3274 4251 meis
3301 4196 3477 4251 hono-

1883 4297 1999 4337 rem
2028 4297 2135 4339 non
2161 4282 2421 4351 deferam,
2451 4286 2666 4356 quando
2694 4287 2819 4344 volo
2838 4287 3111 4344 deferatur
3140 4287 3272 4342 mihi
3292 4301 3323 4341 a
3353 4286 3479 4343 filiis

1884 4378 2042 4445 meis,
2066 4378 2119 4433 id
2144 4378 2283 4433 facio
2311 4380 2452 4449 quod
2477 4381 2582 4455 pati
2612 4380 2779 4437 nolo:
2821 4382 2866 4438 si
2896 4382 2998 4436 sim
3027 4380 3271 4437 machus
3300 4390 3353 4437 et
3376 4380 3475 4436 ali-

1887 4469 2009 4538 quid
2062 4469 2168 4526 tale
2200 4470 2421 4540 moliar,
2456 4470 2509 4527 id
2552 4471 2694 4528 facio
2743 4471 2887 4543 quod
2932 4474 3042 4544 pati
3088 4474 3229 4530 nolo.
3263 4474 3397 4530 Nam
3425 4474 3476 4530 si

1885 4560 2004 4632 quis
2033 4560 2425 4633 interrogetur,
2452 4561 2585 4619 dicit
2607 4602 2625 4630 ,
2660 4562 2798 4619 Nolo
2840 4573 2899 4620 ut
2928 4578 3062 4620 uxor
3092 4578 3209 4619 mea
3242 4567 3347 4621 tale
3377 4567 3477 4622 ali-

1884 4653 2012 4724 quid
2041 4653 2234 4721 faciat;
2265 4654 2313 4710 si
2342 4655 2665 4725 concupisco
2688 4670 2911 4713 uxorem
2942 4658 3170 4727 proximi
3190 4659 3329 4727 mei,
3349 4660 3476 4717 nolo

1879 4748 2163 4819 quisquam
2184 4747 2531 4817 concupiscat
2556 4761 2762 4812 meam;
2790 4746 2843 4802 id
2861 4747 3000 4803 facio
3018 4749 3161 4819 quod
3186 4750 3295 4820 pati
3312 4751 3474 4807 nolo:

1880 4840 1924 4895 si
1964 4840 2288 4909 concupisco
2326 4853 2439 4894 rem
2491 4838 2721 4908 proximi
2767 4839 2896 4906 mei,
2922 4841 3047 4898 nolo
3094 4850 3152 4898 ut
3197 4842 3476 4899 auferatur

1881 4945 2032 4996 mea;
2059 4930 2113 4985 id
2138 4931 2274 4985 facio
2298 4929 2444 5000 quod
2472 4931 2582 5000 pati
2606 4931 2752 4986 nolo.
2794 4930 2928 4988 Cum
2958 4948 3091 4991 vero
3135 4935 3203 4988 ad
3229 4934 3475 4989 meretri-

1879 5040 2003 5082 cem
2032 5040 2098 5082 eo
2118 5066 2135 5094 ,
2155 5024 2244 5082 cui
2272 5025 2411 5083 facio
2438 5026 2581 5096 quod
2609 5027 2719 5097 pati
2754 5028 2883 5084 nolo
2901 5029 2925 5084 ι
2946 5028 3101 5095 Quod
3124 5028 3341 5099 gravius
3368 5036 3471 5093 est,

1882 5122 1984 5194 ipsi
2012 5123 2143 5179 Deo.
2180 5123 2727 5193 lntelligatsanctitas
2754 5134 2953 5184 vestra.
2986 5126 3345 5196 Etenimquod
3373 5126 3471 5183 tibi

1882 5217 1995 5272 fieri
2025 5233 2132 5273 non
2162 5219 2276 5285 vis,
2308 5218 2401 5274 alii
2431 5235 2499 5276 ne
2526 5220 2750 5287 feceris,
2778 5222 2847 5276 ad
2874 5222 2982 5276 dno
3006 5229 3271 5288 praecepta
3302 5220 3475 5289 perti-

1881 5320 2013 5369 net:
2046 5311 2316 5382 quomodo
2355 5312 2589 5383 pertinet
2614 5316 2681 5368 ad
2707 5314 2815 5369 duo
2861 5311 3167 5382 praecepta?
3191 5311 3239 5367 si
3268 5312 3474 5373 homini

1884 5424 1991 5465 non
2021 5408 2215 5465 feceris
2244 5407 2381 5477 quod
2414 5407 2523 5477 pati
2553 5423 2660 5463 non
2684 5405 2845 5462 visab
2866 5405 3087 5461 homine
3105 5445 3121 5470 ,
3151 5406 3217 5461 ad
3240 5409 3471 5476 proximi

1886 5512 2211 5573 praeceptum
2230 5505 2499 5573 pertinet,
2521 5502 2587 5558 ad
2610 5501 2951 5557 dilectionem
2982 5503 3233 5572 proximi,
3256 5502 3323 5557 ad
3350 5517 3468 5574 sep-

1885 5601 1993 5650 tem
2022 5592 2285 5659 chordas;
2316 5593 2363 5647 si
2391 5603 2571 5648 autem
2611 5590 2754 5661 quod
2777 5606 2885 5647 non
2907 5591 2987 5648 vis
3018 5592 3127 5661 pati
3156 5595 3227 5647 ab
3255 5593 3472 5652 homine

1888 5682 1990 5755 ipsi
2018 5683 2127 5739 Deo
2161 5684 2240 5739 vis
2283 5682 2493 5752 facere,
2524 5683 2653 5754 quid
2685 5692 2770 5740 est
2816 5684 2962 5739 hoc?
2991 5699 3096 5739 non
3140 5683 3272 5739 facis
3315 5684 3471 5742 alteri

1888 5778 2028 5850 quod
2066 5778 2172 5848 pati
2198 5792 2303 5836 non
2332 5778 2442 5848 vis,
2472 5778 2685 5835 charior
2707 5779 2795 5834 tibi
2815 5778 2987 5836 factus
3013 5787 3099 5836 est
3125 5778 3286 5835 homo
3306 5791 3467 5849 quam

1892 5874 2034 5931 Deus
2052 5873 2077 5927 τ
2108 5872 2250 5945 Ergo
2265 5874 2533 5944 quomodo
2556 5872 2806 5943 iniuriam
2821 5873 2979 5941 facio,
3012 5875 3184 5947 inquit
3210 5872 3458 5948 [inquis],
