3968 6390
554 371 660 429 755

1644 374 1707 429 u.
1740 371 2074 431 EUGYPPII
2114 372 2410 432 ABBATIS
2438 360 2771 435 AFRICANI‘
3746 370 3837 445 ἴδε

549 486 701 544 Deo?
727 473 1032 559 corrumpis
1058 494 1115 544 te
1139 486 1347 559 ipsum;
1367 486 1438 542 Et
1466 486 1611 544 unde
1636 488 1894 558 injuriam
1927 479 2037 545 Deo
2066 479 2149 544 fa-i
2173 492 2231 553 Α
2251 490 2343 547 bat
2370 491 2647 562 lampadas
2670 506 2728 550 et
2746 502 2985 552 montem
3007 494 3485 570 fumantem,un
3511 503 3759 573 pertinet
3776 510 3834 563 ad

551 582 663 650 cio,
681 581 806 653 quia
827 582 1117 651 corrumpo
1134 596 1221 636 me
1243 581 1444 651 ipsum?
1474 582 1615 638 unde
1637 584 1731 639 tibi
1753 582 1877 640 facit
1899 584 2146 654 injuriam

549 675 646 747 qui
667 675 895 731 voluerit
927 674 1068 730 forte
1112 673 1361 743 lapidare
1399 675 1636 731 tabulam
1659 684 1801 732 tuam
1843 678 2063 748 pictam,
2090 681 2143 734 itt

549 780 661 838 qua
685 768 867 823 tabula
897 767 1073 837 imago
1102 775 1193 822 tua
1223 777 1346 834 est,
1391 768 1447 823 in
1475 769 1638 826 domo
1679 779 1769 826 tua
1798 772 2031 829 inaniter
2054 787 2150 842 po-

551 859 656 916 sita
686 859 753 914 ad
785 874 979 914 vanum
1017 860 1280 915 honorem
1317 870 1489 929 tuum,
1509 877 1610 917 nec
1630 864 1905 929 sentiens,
1938 879 2038 920 nec
2063 865 2145 919 lo-

2252 596 2471 638 sensum
2502 583 2738 652 videndi,
2772 586 2877 641 nisi
2908 588 3028 657 quis
3055 588 3198 645 dicat
3224 605 3328 647 nec
3351 601 3459 648 tam
3490 593 3738 653 breviter
3766 601 3832 658 tli-

2250 678 2514 746 cendum;
2543 679 2707 737 fuisse
2732 681 2827 737 sed
2853 688 2911 736 ut
2933 689 3104 738 totum
3134 683 3426 741 diceretur.
3448 688 3731 747 Audiebat
3753 708 3829 749 vo-

2248 784 2389 839 cem,
2420 782 2475 828 et
2500 774 2713 831 videbat
2744 775 3017 847 lampadas
3041 818 3058 846 ,
3086 786 3144 834 et
3169 778 3422 836 audiebat
3440 796 3647 840 vocem
3678 787 3823 854 tuba,

2249 873 2305 919 et
2351 864 2567 923 videbat
2591 878 2829 926 montem
2877 870 3195 928 fumantem.
3228 872 3342 930 Duo
3389 875 3609 947 quippe
3651 895 3821 949 genera

552 953 756 1021 quens,
784 964 884 1005 nec
909 951 1138 1007 videns?
1160 952 1205 1007 si
1231 953 1352 1023 quis
1382 953 1527 1008 illam
1557 954 1780 1024 lapidet,
1814 972 1992 1012 nonne
2013 959 2069 1014 in
2093 966 2146 1014 te
2248 959 2397 1015 vocis
2416 971 2588 1030 erant,
2614 974 2669 1020 et
2689 964 2758 1020 de
2782 964 3034 1033 nubibus,
3062 967 3203 1023 sicut
3226 969 3490 1037 tonitrua,
3530 978 3592 1025 et
3611 971 3679 1028 de
3699 974 3817 1040 tuba;

540 1041 593 1099 it
621 1044 998 1099 contumelia?
1030 1044 1164 1099 Cum
1196 1060 1325 1101 vero
1358 1047 1645 1117 imaginem
1678 1048 1776 1103 Dei
1806 1051 1949 1119 quod
1980 1067 2039 1107 es
2085 1062 2143 1107 tu

545 1135 855 1203 corrumpis
902 1136 955 1191 in
986 1144 1037 1191 te
1066 1152 1163 1208 per
1192 1137 1577 1195 fornicationes
1618 1150 1673 1196 et
1699 1157 1795 1212 per
1816 1142 2143 1201 diffluentias

539 1222 808 1292 libidinis,
844 1228 1081 1283 attendis
1111 1229 1237 1301 quia
1268 1231 1333 1283 ad
1353 1230 1555 1287 nullius
1577 1248 1803 1289 uxorem
1831 1238 2138 1307 acoessisti;

544 1322 784 1376 attendis
826 1323 948 1392 quia
1005 1332 1130 1394 post
1158 1340 1378 1380 uxorem
1431 1336 1575 1379 tuam
1620 1326 1749 1382 nihil
1780 1326 1978 1395 fecisti,
2012 1331 2139 1401 quia

542 1428 768 1469 uxorem
800 1430 905 1470 non
934 1416 1132 1484 habes,
1177 1428 1231 1473 et
1264 1434 1373 1474 non
1402 1421 1635 1476 attendis
1665 1438 1761 1492 per
1790 1423 2042 1479 libidines
2085 1436 2140 1483 et

533 1505 759 1563 illicitas
782 1507 1165 1564 fornicationes
1181 1510 1337 1580 cujus
1361 1511 1649 1583 imaginem
1668 1514 1910 1569 violasti?
1924 1516 2138 1572 Postre-

532 1614 632 1656 mo
660 1600 824 1670 Deus,
850 1604 940 1672 qui
973 1604 1078 1658 scit
1108 1605 1235 1674 quid
1267 1605 1364 1660 tibi
1398 1606 1527 1662 utile
1553 1609 1641 1675 sit,
1668 1609 1760 1679 qui
1782 1625 1908 1666 vere
1934 1611 2013 1666 sic
2038 1628 2137 1683 gu-

534 1691 730 1748 bernat
752 1708 940 1751 servos
960 1711 1087 1753 suos
1110 1697 1177 1751 ad
1211 1698 1493 1756 utilitatem
1525 1701 1735 1757 illorum
1765 1719 1871 1760 non
1901 1706 1967 1759 ad
1981 1720 2133 1761 suam

531 1785 672 1856 (non
687 1789 832 1842 enim
852 1788 1055 1859 indiget
1071 1791 1242 1848 servis
1256 1796 1403 1863 quasi
1421 1794 1487 1849 ad
1501 1795 1846 1866 adjutorium,
1868 1800 1960 1855 sed
1980 1809 2033 1855 tu
2051 1804 2134 1857 in-

2245 1049 2293 1103 si
2318 1060 2495 1107 tamen
2530 1053 2701 1123 ipsam
2748 1056 2888 1111 dixit
2916 1070 3137 1124 vocem,
3169 1074 3291 1129 quae
3334 1060 3406 1116 de
3431 1061 3681 1119 nubibus
3721 1066 3820 1122 ede-

2245 1140 2423 1198 batur.
2455 1145 2533 1199 Ac
2564 1160 2656 1213 per
2683 1148 2786 1202 hoc
2830 1148 3025 1205 melius
3044 1149 3101 1206 in
3132 1150 3218 1206 his
3245 1167 3368 1223 qua:
3396 1152 3466 1209 ad
3502 1169 3723 1211 sensum
3745 1174 3815 1213 au-

2244 1231 2424 1289 diendi
2448 1238 2827 1307 pertinebant,
2851 1242 3122 1311 generalis
3147 1259 3341 1300 sensus
3361 1254 3445 1301 est
3480 1249 3715 1317 positus,
3738 1250 3813 1307 hoc

2257 1332 2343 1379 est
2368 1324 2615 1393 videndi,
2664 1342 2786 1384 cum
2827 1330 3070 1388 breviter
3117 1342 3286 1389 totum
3341 1335 3518 1391 vellet
3571 1336 3811 1409 Scriptura

2242 1418 2564 1489 complecti,
2595 1436 2753 1491 quam
2788 1432 2848 1479 ut
2890 1425 2942 1479 in
2984 1426 3065 1481 his
3090 1442 3209 1497 qua:
3240 1428 3526 1498 pertinent
3543 1431 3612 1486 ad
3636 1432 3809 1488 videndi

2243 1520 2485 1575 sensum,
2516 1511 3011 1584 subintelligeretur
3056 1518 3313 1575 auditus:
3351 1535 3463 1590 quo
3520 1538 3672 1579 more
3696 1524 3807 1595 loqui

2241 1611 2343 1654 nos
2371 1600 2631 1659 solemus.
2660 1602 2793 1660 Nam
2824 1606 2949 1663 vide
2975 1609 3103 1679 quid
3149 1620 3309 1667 sonet
3350 1612 3604 1671 solemus
3632 1616 3805 1685 dicere,

2240 1690 2366 1746 audi
2394 1694 2521 1763 quid
2552 1694 2726 1752 luceat
2752 1713 2864 1755 non
2888 1702 3147 1759 solemus.

2801 1810 3031 1871 CAPUT
3091 1815 3255 1873 CXX.

534 1875 690 1948 diges
708 1878 920 1934 Domini
944 1881 1191 1952 auxilio),
1218 1883 1331 1953 ipse
1348 1900 1478 1957 ergo
1504 1888 1760 1946 Dominus
1783 1892 1870 1961 qui
1887 1895 1988 1948 scit
2005 1894 2133 1962 quid
2160 1877 2211 1940 Β
2242 1892 2511 1983 Quomodo
2537 1878 2883 1983 intelligatur:
2912 1903 3037 1983 Non
3061 1923 3245 1983 coques
3272 1925 3470 1983 agnum
3492 1915 3547 1968 in
3569 1916 3694 1972 lacte
3716 1933 3801 1972 ωε

535 1967 635 2022 tibi
655 1968 788 2024 utile
802 1968 895 2038 sit,
919 1986 1142 2026 uxorem
1166 1977 1455 2042 concessit,
1471 1975 1871 2050 nihilamplius.
1901 1982 2012 2038 Hoc
2019 1984 2135 2053 jus-

534 2059 646 2127 sit,
676 2060 777 2116 hoc
802 2065 1088 2134 praecepit,
1138 2080 1205 2121 ne
1235 2083 1332 2134 per
1355 2070 1568 2128 illicitas
1592 2073 1891 2144 voluptates
1918 2088 2134 2135 corruat

538 2155 800 2224 templum
816 2156 930 2225 ejus
944 2158 1087 2228 quod
1103 2174 1225 2215 esse
1237 2164 1449 2232 cmpisti
1466 2180 1480 2222 :
1500 2168 1735 2236 nunquid
1753 2184 1851 2239 ego
1864 2170 1964 2227 hoc
1975 2171 2131 2227 dico?

534 2245 854 2314 Apostolum
886 2251 1102 2323 audite:
1133 2252 1362 2310 Nescitis
1394 2256 1516 2325 quia
1550 2260 1805 2328 templum
1838 2263 1933 2317 Dei
1966 2264 2128 2333 estis,

533 2344 593 2393 et
623 2338 855 2408 Spiritus
885 2341 981 2397 Dei
1011 2344 1217 2401 habitat
1256 2349 1306 2402 in
1350 2349 1543 2404 vobis?
1575 2351 1677 2407 hoc
1716 2354 1844 2408 dicit
1870 2356 2127 2413 Christia-

533 2430 647 2505 nis,
697 2432 798 2488 hoc
845 2433 976 2489 dicit
1006 2434 1252 2493 fidelibus
1284 2456 1298 2492 :
1333 2440 1559 2497 Neu-scitis
1592 2446 1716 2514 quia
1751 2450 2007 2517 templum
2031 2450 2127 2506 Dei

532 2524 687 2589 eatis,
722 2536 775 2582 et
805 2525 1038 2596 Spiritus
1070 2530 1165 2586 Dei
1206 2532 1416 2588 habitat
1443 2536 1495 2591 in
1528 2538 1720 2593 vobis?
1752 2540 1807 2597 Si
1841 2545 1962 2612 quis
1992 2553 2127 2600 tem-

528 2616 677 2686 plum
706 2617 797 2673 Dei
825 2624 1126 2690 corruperit
1154 2665 1168 2687 ,
1202 2638 1514 2697 corrumpet
1544 2631 1691 2686 illum
1726 2632 1886 2689 Deus.
1918 2636 2129 2694 Videtis

528 2711 809 2777 quomodo
842 2713 1116 2770 minatur?
1148 2731 1253 2771 non
1284 2718 1365 2773 vis
1395 2724 1667 2792 corrumpi
1706 2725 1921 2781 domum
1957 2738 2123 2800 tuam,

527 2798 699 2871 quare
726 2805 1030 2875 corrumpis
1060 2805 1279 2861 domum
1306 2809 1435 2864 Dei?
1459 2822 1605 2868 certe
1633 2813 1766 2869 facis
1792 2816 1953 2873 alicui
1981 2798 2125 2887 quod

527 2892 640 2962 pati
674 2908 779 2950 non
818 2898 920 2951 vis.
973 2897 1088 2952 Non
1122 2908 1205 2954 est
1246 2915 1376 2971 ergo
1416 2919 1518 2972 qua
1577 2907 1853 2971 evadatur,
1912 2918 2126 2967 tenetur

525 2980 617 3039 ille
652 2987 742 3055 qtti
793 3001 853 3042 se
906 2990 1076 3043 teneri
1117 3006 1225 3045 non
1272 2993 1515 3060 putabat.
1566 2993 1755 3051 Omnia
1801 3000 1943 3055 enim
1995 3017 2123 3070 pec-

526 3084 644 3131 cata
668 3076 947 3134 hominum
990 3092 1082 3135 aut
1103 3085 1169 3138 ad
1199 3089 1565 3157 corruptelam
1598 3096 1872 3161 pertinent
1898 3098 2125 3167 flagitio-

522 3175 665 3231 rum,
701 3177 793 3222 aut
820 3170 885 3223 ad
913 3170 1157 3229 facinora
1185 3179 1413 3233 nocendi
1456 3198 1468 3233 :
1498 3183 1622 3251 quia
1653 3184 1763 3240 Deo
1796 3202 1984 3242 nocere
2014 3203 2120 3242 non

2370 1969 2463 2021 tria
2490 1986 2598 2023 sua:
2614 1985 2636 2035 ;
2665 1969 2729 2026 ea:
2750 1975 2929 2029 eodem
2955 1977 3086 2031 libro
3120 1969 3481 2044 Quintianum
3508 1969 3695 2042 Exodi.

2270 2104 2275 2110 .
2310 2058 2425 2115 Non
2453 2076 2653 2131 coques
2681 2080 2878 2136 agnum
2910 2068 2964 2123 in
2994 2069 3133 2127 lacte
3161 2075 3350 2129 matris
3377 2091 3508 2133 sua.
3548 2080 3798 2148 Quomodo

2236 2152 2572 2225 intelligatur
2593 2156 2659 2212 ad
2682 2160 2971 2216 verborum
3004 2167 3407 2235 proprietatem,
3437 2173 3611 2228 nescio
3631 2184 3794 2230 utrum

2235 2245 2409 2312 possit
2437 2248 2680 2316 reperiri.
2712 2249 2771 2305 Si
2798 2252 2943 2308 enim
2972 2256 3198 2325 alicujus
3230 2258 3605 2329 signiﬁcationis
3629 2278 3779 2319 causa

2232 2336 2568 2406 prohibitum
2600 2345 2994 2416 acceperimus,
3016 2363 3214 2419 agnum
3246 2352 3300 2407 in
3322 2354 3448 2410 lacte
3466 2358 3637 2426 coqui,
3664 2357 3781 2410 nul-

2234 2428 2321 2484 lus
2350 2447 2480 2487 usus
2509 2442 2595 2488 est
2622 2436 2694 2489 ita
2718 2440 3005 2507 coquendi.
3039 2440 3094 2497 Si
3126 2451 3307 2499 autem
3333 2446 3383 2500 in
3408 2447 3588 2502 diebus
3617 2450 3791 2518 quibus

2232 2521 2485 2591 laetatur,
2519 2529 2640 2597 quis
2670 2528 2771 2584 hoc
2815 2531 3001 2587 habuit
3033 2550 3270 2605 unquam
3311 2537 3612 2595 Judaeorum
3639 2542 3691 2596 in
3711 2542 3789 2596 ob-

2230 2617 2560 2684 servatione,
2589 2628 2644 2674 ut
2675 2635 2872 2691 agnum
2900 2638 3004 2679 non
3027 2638 3287 2697 coqueret
3316 2631 3418 2685 nisi
3451 2647 3572 2687 cum
3597 2632 3785 2689 desiste.

2231 2716 2315 2762 ret
2352 2713 2583 2780 augere?
2632 2713 2772 2782 Quid
2813 2726 2897 2772 est
2930 2728 3112 2775 autem
3169 2722 3223 2777 in
3267 2722 3409 2779 lacte
3460 2727 3640 2782 matris
3666 2741 3775 2795 sua,

2230 2802 2381 2871 quasi
2428 2813 2631 2872 posset,
2665 2806 2876 2863 etiamsi
2920 2810 3024 2866 hoc
3063 2813 3485 2886 intelligeretur,
3529 2820 3635 2874 sine
3659 2818 3769 2887 hujus

2229 2895 2484 2963 praecepti
2538 2900 2969 2966 transgressione
3013 2905 3192 2974 coqui,
3244 2906 3291 2960 si
3329 2922 3397 2963 eo
3448 2919 3579 2965 nato
3619 2922 3766 2965 mortua

2184 2996 2187 2997 '
2228 2994 2402 3042 matre
2423 2989 2565 3060 ejus,
2599 2992 2667 3045 ab
2696 3008 2797 3049 ove
2821 2994 2926 3050 alia
2950 2996 3256 3064 laetaretur,
3287 3016 3412 3056 cum
3440 3003 3657 3075 alicujus
3678 3020 3771 3075 pro-

2228 3075 2371 3134 fecto
2403 3081 2478 3135 rei
2521 3082 2889 3151 significanda
2926 3102 3088 3144 causa
3134 3106 3256 3148 esse
3286 3106 3619 3163 praeceptum
3659 3110 3775 3150 nano

2229 3170 2509 3237 ambigat?
2543 3173 2650 3229 Sed
2702 3179 2866 3232 etiam
2910 3178 3000 3234 illa
3051 3198 3171 3251 quae
3216 3196 3447 3254 possunt
3492 3189 3774 3244 observantia

522 3271 677 3331 potes
700 3262 755 3315 in
784 3263 1112 3321 facinoribus
1133 3309 1149 3336 ,
1177 3269 1228 3323 in
1261 3270 1475 3342 ﬂagitiis
1505 3289 1625 3329 eum
1654 3278 1904 3345 offendis,
1932 3280 1983 3334 in
2006 3296 2124 3335 cor—
2149 3259 2198 3324 ο
2232 3260 2486 3329 “cum”,
2520 3280 2625 3321 ηοη
2650 3269 2769 3325 Sine
2798 3286 2961 3327 causa
3003 3274 3077 3329 ita
3118 3287 3388 3348 praecepta
3423 3290 3573 3346 sunt,
3614 3281 3775 3352 signiﬁ-

521 3354 749 3423 ruptelis
779 3356 1034 3425 offendis,
1069 3365 1120 3416 in
1152 3373 1203 3418 te
1226 3364 1298 3418 illi
1326 3364 1456 3421 facis
1498 3368 1749 3438 injuriam
1775 3387 1789 3424 :
1821 3372 1950 3427 faris
1979 3377 2121 3430 enim

520 3441 770 3514 injuriam
798 3452 988 3518 gratia:
1035 3453 1231 3521 ipsius,
1262 3456 1407 3512 dono
1452 3459 1641 3529 ipsius.
1677 3461 1905 3517 Servum
1936 3466 1980 3519 si
2029 3465 2124 3519 ha-

519 3532 679 3593 beres
702 3580 718 3607 ,
748 3542 919 3597 velles
970 3553 1030 3598 ut
1079 3549 1315 3604 serviret
1344 3550 1458 3606 tibi
1487 3567 1676 3607 servus
1704 3562 1858 3609 tuus:
1895 3556 2036 3610 servi
2065 3566 2119 3612 tu

520 3630 735 3686 meliori
783 3625 1011 3692 Ι)δωὶηο
1054 3638 1167 3695 Deo
1199 3649 1309 3696 tuo.
1343 3642 1570 3699 Servum
1616 3655 1763 3701 tuum
1806 3663 1912 3703 non
1959 3657 2013 3703 tu
2039 3649 2120 3704 fe-

521 3720 641 3777 cisti
662 3766 676 3786 ,
709 3732 765 3777 et
810 3732 862 3779 te
890 3736 942 3779 et
970 3741 1183 3784 servum
1214 3741 1365 3785 tuum
1401 3733 1493 3787 ille
1522 3734 1675 3789 fecit:
1708 3737 1789 3790 vis
1825 3747 1883 3791 ut
1926 3740 2123 3794 serviat

519 3815 617 3871 tibi
658 3827 783 3869 cum
824 3832 932 3886 quo
956 3816 1133 3874 factus
1173 3836 1255 3889 es,
1300 3832 1355 3877 et
1395 3838 1501 3879 non
1533 3826 1614 3879 vis
1646 3828 1851 3882 servire
1877 3829 1983 3883 eia
2014 3845 2121 3899 quo

520 3902 694 3960 factus
719 3918 818 3971 es;
850 3920 983 3976 ergo
1012 3924 1133 3965 cum
1165 3915 1246 3966 vis
1284 3921 1343 3967 ut
1386 3914 1587 3971 serviat
1635 3916 1725 3971 tibi
1768 3932 1955 3975 servus
2001 3931 2121 3977 tuus

520 3993 709 4061 homo,
759 4006 814 4052 et
857 4008 911 4055 tu
944 4015 1050 4057 non
1082 4004 1163 4058 vis
1194 4007 1402 4062 servire
1444 4007 1674 4063 Domino
1713 4009 1823 4065 Deo
1848 4021 1957 4080 tuo,
1988 4014 2119 4071 facis

518 4086 632 4147 Deo
657 4093 798 4163 quod
833 4103 889 4151 tu
922 4100 1033 4168 pati
1064 4113 1170 4155 non
1194 4101 1299 4157 vis.
1335 4102 1480 4174 Ergo
1510 4104 1641 4160 illud
1683 4122 1846 4162 unum
1878 4124 2119 4182 praecep-

520 4193 632 4241 tum
662 4189 904 4245 continet
948 4193 1094 4260 duo,
1145 4195 1236 4252 illa
1281 4196 1390 4253 duo
1439 4200 1717 4256 continent
1753 4200 1974 4271 decem,
2024 4205 2116 4262 illa

516 4278 705 4336 decem
736 4286 1015 4341 continent
1051 4290 1255 4343 omnia.

1081 4399 1311 4458 CAPUT
1349 4405 1535 4461 CXIX.

598 4486 739 4553 Quid
766 4488 832 4543 ait
862 4490 932 4544 Et
952 4493 1117 4567 omnis
1147 4494 1371 4564 populus
1400 4498 1598 4567 videbat
1626 4514 1791 4567 voces;
1817 4519 1879 4557 ea;
1910 4504 2042 4559 libro

1017 4564 1372 4631 Quwstionum
1416 4566 1606 4623 Exodi.

2229 3364 2354 3410 cant
2401 3358 2541 3413 enim
2585 3360 2812 3431 aliquid.
2868 3364 2983 3420 Hoc
3021 3382 3151 3423 vero
3194 3372 3469 3438 quomodo
3509 3374 3777 3429 observetur

2226 3448 2293 3502 ad
2327 3452 2706 3519 proprietatem
2738 3455 3049 3523 verborum,
3072 3468 3164 3514 aut
3194 3477 3300 3517 non
3322 3474 3424 3527 est,
3459 3468 3551 3520 aut
3571 3450 3665 3521 non
3689 3465 3778 3520 elu-

2224 3550 2332 3597 cet.
2365 3540 2697 3600 lntellectum
2729 3557 2907 3604 tamen
2933 3548 3001 3604 de
3029 3550 3248 3607 Christo
3277 3556 3518 3625 approbo
3543 3557 3674 3627 quod
3701 3558 3779 3611 hac

2226 3635 2503 3705 prophetia
2545 3639 2835 3707 praedictus
2879 3650 2984 3707 est,
3037 3658 3145 3699 non
3184 3646 3508 3703 occidendus
3544 3664 3572 3702 a
3602 3648 3780 3705 Judxis

2224 3721 2421 3793 infans,
2452 3714 2667 3797 quando
2714 3730 2953 3788 Herodes
2995 3748 3248 3804 quaerens
3279 3752 3397 3792 eum
3426 3748 3479 3792 ut
3502 3740 3776 3806 occideret,

2222 3836 2333 3877 non
2364 3822 2589 3892 invenit,
2621 3835 2680 3880 ut
2706 3840 2909 3897 coques
2937 3828 3081 3899 quod
3107 3830 3314 3887 dictum
3336 3840 3407 3887 est
3434 3833 3682 3900 pertineat
3710 3830 3775 3885 ad

2223 3914 2401 3983 ignem
2424 3918 2714 3986 passionis,
2732 3918 2836 3974 hoc
2862 3929 2947 3976 est
2968 3921 3385 3979 tribulationem.
3405 3923 3550 3980 Unde.
3564 3924 3777 3978 dicitur:

2224 4002 2365 4060 Vasa
2397 4006 2539 4079 figuli
2564 4009 2755 4079 probat
2785 4010 2998 4081 fornax,
3028 4022 3081 4069 et
3112 4013 3361 4070 homines
3386 4016 3552 4086 justos
3577 4014 3782 4071 tentatio

2223 4098 2609 4156 tribulationis.
2640 4103 2773 4171 Quia
2802 4118 2930 4175 ergo
2958 4121 3063 4161 non
3093 4116 3178 4163 est
3208 4116 3335 4163 tunc
3372 4109 3545 4164 infans
3588 4121 3776 4177 passus,

2220 4210 2346 4253 cum
2386 4211 2661 4269 quaerente
2692 4200 2905 4257 Herode
2932 4202 3073 4258 illius
3105 4204 3251 4258 modi
3296 4205 3594 4275 periculum
3630 4202 3782 4259 immi-

2221 4300 2352 4345 nere
2379 4291 2677 4359 videretur,
2717 4294 3031 4362 praadictum
3062 4305 3145 4351 est
3172 4296 3255 4350 his
3296 4297 3525 4352 verbis:
3572 4296 3677 4351 Non
3713 4311 3781 4351 co-

2217 4398 2351 4455 ques
2388 4399 2585 4455 agnum
2615 4387 2667 4440 itt
2696 4386 2833 4443 lacte
2860 4389 3047 4443 matris
3084 4403 3216 4444 sua).
3237 4420 3311 4430 —
3336 4390 3437 4443 llic
3470 4395 3589 4463 jam
3614 4406 3673 4446 ea:
3694 4390 3774 4443 alio

2160 4516 2167 4519 ι
2218 4492 2368 4547 opere
2392 4479 2557 4532 sancti
2585 4479 2861 4548 Augustini
2886 4498 3000 4548 qua:
3033 4493 3316 4551 sequuntur
3340 4484 3563 4552 adiecta
3588 4494 3705 4539 attat.
3724 4509 3777 4523 -

2219 4566 2336 4626 Non
2366 4568 2583 4625 occides
2606 4568 2907 4637 Christum,
2943 4573 3219 4643 pr0phetia
3250 4566 3397 4629 enim
3428 4576 3644 4632 videtur
3667 4586 3769 4642 prt-

591 4646 663 4704 Et
689 4653 864 4708 omnis
894 4656 1124 4725 populus
1152 4657 1371 4714 videbat
1399 4674 1607 4725 vocem,
1638 4672 1692 4718 et
1720 4664 2024 4735 lampadas,
2056 4680 2111 4727 ει
2139 4644 2195 4705 D
2219 4676 2466 4729 monens,
2499 4677 2567 4717 ne
2615 4677 2674 4719 se
2724 4664 2850 4719 boni
2899 4666 3159 4722 Israelita:
3207 4669 3489 4724 sociarent
3543 4670 3685 4723 malis
3705 4666 3775 4720 Ju-

519 4754 706 4798 vocem
758 4745 934 4813 tubae,
986 4756 1041 4803 et
1086 4760 1323 4805 montem
1379 4751 1695 4810 fumantem.
1749 4756 1897 4813 Solet
1942 4762 2109 4829 qua>ri

516 4836 788 4907 quomodo
812 4840 1041 4909 populus
1082 4843 1301 4900 videbat
1343 4862 1530 4903 vocem
1552 4891 1568 4916 ,
1601 4864 1722 4904 cum
1758 4866 1855 4907 vox
1904 4868 2010 4908 non
2040 4856 2106 4912 ad

514 4926 722 4996 visum,
755 4929 849 4985 sed
899 4933 1075 4999 potius
1117 4935 1184 4989 ad
1212 4938 1448 4993 auditum
1508 4943 1776 5010 pertinere
1821 4945 2103 5004 videatur?

513 5017 623 5076 Sed
653 5021 793 5076 sicut
823 5023 983 5078 modo
1009 5024 1118 5079 dixi
1147 5026 1390 5084 videatur
1421 5031 1489 5086 de
1518 5034 1765 5090 omnibus
1791 5052 1911 5107 quae
1943 5053 1973 5093 a
2004 5054 2091 5096 me

514 5113 655 5169 dicta
682 5127 825 5184 sunt,
861 5118 939 5173 sic
966 5117 1153 5175 videre
1192 5121 1330 5177 solet
1361 5139 1456 5191 pro
1483 5129 1720 5196 generali
1746 5144 1910 5187 sensu
1944 5134 2089 5204 poni,

511 5221 620 5261 non
652 5209 825 5264 solum
858 5213 1124 5282 corporis,
1160 5229 1344 5270 verum
1386 5217 1549 5273 etiam
1598 5222 1826 5290 animze,
1860 5225 2003 5280 unde
2041 5236 2096 5282 et

510 5297 645 5355 illud
698 5311 819 5357 est:
853 5304 985 5361 Cum
1034 5307 1257 5364 vidisset
1300 5308 1468 5367 Jacob
1497 5313 1621 5383 quia
1670 5326 1793 5371 sunt
1850 5333 1989 5374 escae
2034 5320 2090 5376 in

2218 4754 2368 4821 datis,
2395 4771 2425 4809 a
2449 4756 2642 4826 quibus
2670 4755 2916 4813 Christus
2945 4774 3133 4827 passus
3162 4769 3265 4814 est.
3289 4760 3601 4817 Tribulatio
3620 4760 3783 4832 quippe

2215 4850 2482 4921 passionis
2538 4859 2790 4921 tanquam
2842 4852 2978 4923 ignis
3029 4863 3133 4923 est,
3184 4853 3329 4910 unde
3386 4858 3656 4928 scriptum
3704 4861 3782 4915 est.

2214 4941 2491 5012 Tanquam
2535 4956 2722 4997 aurum
2762 4943 2817 4998 in
2850 4943 3069 5001 fornace
3109 4946 3353 5014 probavit
3401 4962 3528 5014 eos,
3581 4958 3638 5004 et
3677 4948 3787 5001 sicut

2211 5034 2539 5089 holocausta:
2571 5035 2797 5090 hostiam
2827 5035 3031 5106 accepit
3060 5037 3204 5092 illos.
3244 5036 3341 5092 Cui
3372 5041 3674 5095 sententia:
3702 5039 3789 5092 Do.

2208 5124 2388 5183 minus
2418 5142 2630 5198 quoque
2670 5137 2954 5185 attestatur
2984 5130 3204 5186 dicens:
3257 5130 3609 5200 Baptismum
3641 5132 3788 5186 habeo

2206 5218 2465 5288 baptizari
2490 5234 2649 5291 quem
2677 5236 2771 5276 vos
2799 5223 3036 5278 nescitis.
3072 5223 3190 5279 Hoc
3216 5225 3360 5279 enim
3394 5226 3473 5278 ait
3498 5240 3633 5281 cum
3656 5225 3792 5280 ditis—

2205 5321 2308 5378 set,
2354 5312 2531 5384 Ignem
2573 5314 2695 5368 veni
2746 5316 2964 5371 mittere
3015 5317 3069 5370 in
3128 5318 3423 5384 mundum;
3480 5318 3626 5376 dicit
3668 5316 3793 5373 enim

507 5392 777 5465 Egypto,
811 5397 955 5454 unde
984 5401 1166 5471 utique
1205 5402 1401 5459 absens
1442 5415 1575 5461 erat.
1612 5407 1928 5479 Quanquam
1961 5427 2099 5468 non-
2202 5404 2475 5461 Joannes:
2508 5408 2626 5477 Ipse
2666 5424 2761 5463 vos
2806 5410 3099 5478 baptizabit
3146 5412 3199 5465 in
3253 5410 3466 5480 Spiritu
3528 5421 3720 5467 sancto
3753 5416 3795 5461 et

508 5486 639 5541 nulli
670 5487 854 5545 videre
901 5506 1089 5547 vocem
1124 5494 1256 5550 nihil
1306 5496 1449 5551 aliud
1481 5512 1602 5553 esse
1630 5500 1875 5556 arbitrati
1924 5514 2049 5559 sunt
2078 5547 2093 5572 ,

508 5592 667 5648 quam
694 5582 1020 5655 intelligere,
1042 5588 1131 5657 qui
1160 5590 1304 5645 visus
1327 5593 1520 5646 mentis
1546 5602 1647 5647 est.
1681 5594 1811 5649 Cum
1845 5612 1974 5653 vero
2007 5598 2093 5654 hic

507 5666 747 5727 breviter
774 5673 1058 5733 dicendum
1088 5692 1253 5750 esset,
1287 5684 1429 5753 quod
1476 5684 1705 5754 populus
1737 5687 1951 5744 videbat
1994 5706 2093 5746 vo-

509 5770 657 5851 cem,
690 5772 744 5817 et
768 5764 1070 5839 lampadas,
1112 5780 1168 5827 et
1192 5787 1380 5829 vocem
1422 5776 1586 5842 tubae,
1618 5786 1673 5833 et
1700 5778 1807 5851 74
1847 5789 2083 5838 montem

511 5843 828 5925 fumantem,
868 5861 1097 5928 quaestio
1122 5863 1294 5933 major
1323 5866 1576 5938 oriretur,
1606 5843 1877 5942 quomodo
1906 5873 2094 5931 audie-

2202 5498 2346 5569 igne,
2379 5500 2520 5569 quod
2559 5500 2872 5571 intelligitur
2898 5510 2953 5556 et
2985 5503 3324 5572 purgatione
3353 5502 3795 5559 sanctificationis

2202 5596 2257 5644 et
2278 5589 2594 5658 probatione
2628 5590 3005 5648 tribulationis.
3046 5594 3309 5649 Eumdem
3361 5595 3548 5666 ignem
3598 5592 3794 5667 signiti-

2206 5680 2346 5735 cavit
2382 5681 2541 5737 etiam
2578 5682 2692 5753 ipse
2721 5698 2843 5738 cum
2892 5685 2957 5738 ad
2998 5671 3306 5755 passionem
3347 5687 3672 5755 duceretur,
3719 5683 3798 5738 ubi

2205 5770 2339 5828 dixit
2380 5772 2483 5829 illis
2509 5774 2600 5845 qui
2630 5789 2752 5830 eum
2788 5776 3111 5847 plangebant
3139 5779 3280 5848 quod
3316 5794 3481 5847 super
3509 5795 3580 5836 se
3626 5780 3801 5851 potius

2206 5867 2457 5943 plangere
2498 5870 2777 5930 deberent.
2811 5872 2887 5928 lta
2924 5872 3067 5930 enim
3098 5875 3401 5932 terminavit
3435 5884 3493 5931 ut
3548 5876 3798 5931 diceret:
