3968 6390
164 332 252 397 ⁸157

1333 318 1772 386 ἸἩΕΞΑΗΒΗΒ.
1811 324 1965 382 CAP.
2004 318 2215 379 CXXII.

3298 312 3406 372 758

160 456 210 513 Si
231 452 449 511 inviridi
472 428 616 524 ligno
641 452 744 508 hoc
770 446 992 517 faciunt,
1016 420 1071 505 in
1096 447 1250 505 arido
1271 447 1401 517 quid
1436 447 1570 503 ﬁet?
1597 445 1713 502 Mo-
1739 450 1797 512 Α
1823 441 2173 505 obumbrant,
2197 437 2320 509 quia
2342 436 2476 502 Deo,
2499 448 2605 491 non
2632 430 2732 491 sibi
2754 434 3003 491 tribuunt
3023 449 3227 506 pennas
3248 452 3399 509 suas,

162 556 336 603 nentur
363 559 492 616 ergo
515 544 639 599 boni
662 558 729 600 ne
750 544 819 599 ad
841 543 1111 599 Christum
1141 540 1567 611 cruciﬁgendum
1598 553 1715 594 ma-

160 642 216 697 lis
240 640 605 697 consentiant:
636 639 810 693 dictus
838 646 922 693 est
948 638 1090 693 enim
1120 636 1308 706 Agnus
1334 635 1431 690 Dei
1458 634 1551 704 qui
1576 634 1715 690 tollit

158 742 354 802 peccata
381 731 585 786 mundi.
613 728 730 784 Non
750 743 877 799 ergo
902 742 1100 798 coques
1129 742 1320 796 agnum
1352 727 1404 780 iu
1435 726 1574 781 lacte
1599 739 1717 780 ma-

158 825 243 878 tris
269 838 396 891 sum,
430 837 539 877 non
569 823 783 893 ingeres
814 821 1026 876 Christo
1053 820 1229 891 ignem
1260 818 1527 888 passionis
1548 817 1600 872 in
1627 816 1719 872 illo

155 916 233 970 die
260 928 363 985 quo
392 922 685 982 conceptus
724 920 827 978 est,
879 921 1002 966 tunc
1031 911 1193 965 etiam
1237 917 1293 964 et
1321 921 1509 978 passus
1548 906 1718 960 tradi-

156 1016 252 1071 tur,
291 1005 344 1060 id
382 1015 467 1060 est
507 1018 602 1058 vui
646 1002 862 1059 calend.
906 1002 1129 1072 Aprilis,
1170 1016 1236 1057 ex
1277 1014 1385 1071 quo
1424 999 1512 1053 die
1548 1011 1719 1067 usque

152 1100 200 1154 in
226 1112 314 1154 vni
343 1096 559 1152 calend.
585 1094 827 1151 Januarii
850 1109 958 1164 quo
978 1104 1135 1149 natus
1158 1090 1586 1156 commendatur,
1620 1104 1719 1143 no-

149 1206 259 1248 vem
298 1202 515 1244 menses
541 1196 936 1259 computantur,
984 1186 1198 1241 decimo
1225 1184 1494 1240 inchoato.
1528 1182 1717 1237 Perhi-

148 1279 333 1340 beutur
359 1293 537 1339 autem
580 1282 744 1339 ubera
774 1281 1095 1338 feminarum
1125 1294 1192 1335 ex
1221 1278 1309 1334 die
1349 1275 1719 1346 conceptionis

147 1374 222 1429 lac
247 1372 522 1444 colligere.
555 1372 651 1427 Est
689 1373 826 1427 alius
852 1385 1043 1426 sensus
1072 1370 1301 1426 facilior.
1352 1368 1467 1423 Non
1513 1381 1716 1437 coques

146 1479 329 1535 agnum
365 1465 418 1518 in
448 1462 588 1519 lacte
616 1462 802 1517 matris
831 1476 965 1531 suae,
998 1462 1275 1531 parvulum
1306 1460 1481 1515 adhuc
1509 1470 1563 1514 et
1605 1459 1718 1513 lac-

146 1565 360 1621 tantem,
391 1554 639 1625 qualibus
665 1554 801 1611 dicit
841 1552 1174 1623 Apostolus:
1206 1552 1313 1608 Lac
1349 1550 1503 1606 vobis
1533 1559 1719 1621 potum

144 1649 279 1717 dedi,
300 1662 406 1703 non
428 1663 635 1703 escam.
663 1648 776 1701 Non
802 1647 985 1701 mittes
1009 1646 1060 1701 in
1084 1659 1477 1715 praeproperam
1510 1642 1723 1713 passio-

141 1756 280 1811 nem,
314 1749 564 1812 tanquam
607 1738 825 1795 Christo
849 1737 919 1793 sit
947 1738 1172 1803 dictum,
1194 1737 1284 1807 qui
1315 1736 1509 1790 talibus
1546 1733 1723 1788 adhuc

1820 533 1875 588 id
1903 540 1987 588 est
2030 531 2314 586 Dominum
2346 526 2562 603 [Deum]
2593 532 2860 583 honorant
2888 529 3178 584 virtutibus
3208 529 3406 598 quibus

1819 630 2097 694 praestant,
2122 632 2178 676 et
2208 622 2386 675 vultus
2414 636 2601 675 eorum
2631 635 2737 674 non
2768 629 2894 674 sunt
2919 619 3021 674 nisi
3049 622 3101 673 in
3137 620 3405 691 propitia-
3500 656 3505 661 -

1821 714 2196 783 torium,quia
2242 713 2538 782 cuicunque
2581 711 2843 781 profectui
2895 711 2959 765 ad
3010 712 3405 767 multitudinem

1820 808 2058 862 scientiae
2088 820 2214 875 spes
2234 820 2342 861 non
2370 816 2476 872 est,
2510 804 2614 859 nisi
2648 806 2701 859 in
2732 804 2824 859 Dei
2852 803 3242 861 misericordia.

2315 946 2421 1017 75
2439 944 2668 999 carus
2698 942 2906 997 cxxn.

1825 1038 1973 1106 Quod
1999 1037 2189 1093 dicenti
2218 1037 2421 1107 Moysi:
2457 1036 2680 1091 Ostende
2711 1036 2836 1089 mihi
2866 1035 3082 1103 gloriam
3106 1042 3270 1098 tuam,
3302 1049 3411 1088 res-

1893 1111 2069 1181 pandit
2103 1108 2387 1181 Dominus:
2417 1107 2526 1177 Ego
2554 1107 2778 1181 ιριηεὶρο
2808 1118 2929 1160 ante
2960 1116 3030 1172 te,
3053 1119 3157 1161 etc.
3187 1123 3202 1172 ;
3230 1120 3293 1159 ex
3316 1120 3410 1159 eo-

1893 1177 2008 1235 dem
2037 1180 2166 1233 libro
2197 1180 2547 1244 Qua’stiouum
2577 1177 2767 1231 Exodi.

1893 1271 2026 1327 Cum
2054 1272 2283 1326 dixisset
2312 1270 2526 1341 Moyses
2558 1269 2623 1323 ad
2656 1268 2941 1323 Dominum
2970 1311 2985 1337 ,
3008 1267 3245 1323 Ostende
3278 1266 3409 1322 mihi

1824 1364 2051 1434 gloriam
2088 1373 2253 1429 tuam,
2287 1362 2567 1431 respondit
2601 1362 2650 1416 ei
2692 1361 2950 1416 Dominus
2974 1401 2991 1428 ,
3024 1361 3135 1431 Ego
3170 1360 3412 1416 transibo

1826 1473 1951 1516 ante
1975 1469 2025 1515 te
2050 1460 2105 1515 in
2138 1458 2308 1529 gloria
2341 1473 2480 1524 mea,
2503 1465 2558 1511 et
2580 1456 2786 1525 vocabo
2816 1471 3011 1511 nomen
3042 1455 3249 1509 Domini
3283 1455 3405 1527 [no-

1827 1552 1973 1606 mine
2016 1550 2247 1619 Domini,
2289 1550 2367 1603 vel
2425 1548 2656 1603 vocabor
2703 1545 2758 1601 in
2816 1548 3032 1601 nomine
3082 1545 3315 1616 Domini]
3359 1546 3414 1601 in

1826 1650 2121 1711 conspectu
2162 1650 2253 1696 tuo
2281 1650 2335 1695 et
2375 1639 2673 1694 miserebor
2697 1637 2785 1693 cui
2818 1639 3072 1693 misertus
3106 1654 3201 1693 ero
3230 1648 3283 1693 et
3313 1637 3415 1692 mi-

1828 1733 2178 1788 sericordiam
2228 1732 2492 1801 praestabo
2540 1731 2623 1785 cui
2677 1735 2981 1799 praestitero
3022 1745 3036 1783 :
3084 1746 3206 1785 cum
3258 1730 3415 1799 paulo

96 1852 99 1853 '
140 1836 411 1907 discipulis
460 1835 701 1905 pepercit
748 1848 846 1903 pro
891 1833 1085 1904 quibus
1131 1844 1192 1887 se
1234 1831 1469 1887 on‘erens
1507 1829 1629 1883 ait:
1663 1826 1721 1883 Si
1758 1831 1802 1889 Β
1829 1833 1955 1879 ante
1984 1824 2248 1888 dixisset,
2300 1823 2416 1893 lpse
2446 1821 2761 1878 antecedam
2809 1830 2862 1877 te
2919 1830 2975 1877 et
3022 1824 3261 1891 requiem
3316 1820 3414 1876 tibi

139 1944 262 1999 ergo
292 1943 378 1983 me
409 1928 671 1997 quaeritis,
701 1926 861 1981 sinite
891 1925 991 1979 hos
1020 1924 1191 1980 abire.
1223 1924 1400 1993 Atque
1431 1930 1487 1976 ut
1516 1919 1717 1975 intelli-

138 2031 351 2093 geretur
382 2020 561 2075 adhuc
587 2034 680 2075 eos
706 2018 975 2073 invalidos
1003 2027 1056 2073 et
1085 2018 1261 2073 minus
1304 2018 1525 2072 idoneos
1555 2015 1721 2070 fuisse

136 2111 388 2182 passioni,
417 2122 668 2181 tanquam
697 2124 865 2177 agnos
894 2110 948 2163 in
977 2110 1116 2164 lacte
1142 2108 1349 2173 matris,
1392 2114 1611 2162 secutus
1643 2105 1721 2159 ait

135 2203 478 2274 evangelista,
522 2211 580 2258 ut
613 2202 935 2272 impleretur
973 2216 1152 2256 sermo
1180 2216 1342 2272 quem
1370 2199 1546 2253 dixit:
1578 2197 1718 2265 Quia

132 2313 267 2368 quos
291 2296 486 2354 dedisti
532 2298 683 2364 mihi,
733 2312 840 2353 non
882 2296 1090 2367 perdidi
1133 2310 1200 2351 ex
1235 2294 1317 2349 eis
1346 2306 1715 2363 quemquam;

130 2391 282 2445 unde
311 2398 555 2459 apparet,
580 2404 696 2455 eos,
728 2393 773 2444 si
806 2399 932 2443 tunc
962 2397 1291 2458 paterentur,
1320 2384 1485 2438 fuisse
1512 2383 1719 2452 peritu-

132 2494 268 2545 ros;
292 2480 397 2535 hoc
419 2479 560 2535 enim
588 2488 714 2535 tunc
739 2495 845 2535 non
875 2480 1015 2549 passi
1044 2487 1168 2533 sunt
1193 2476 1335 2547 quod
1362 2485 1545 2544 postea
1580 2473 1724 2542 passi

130 2583 288 2641 sunt,
304 2589 411 2630 nou
426 2572 603 2629 adhuc
623 2574 745 2643 agni
758 2572 813 2627 in
829 2573 986 2641 lacte,
1000 2572 1219 2640 sedjam
1243 2569 1441 2625 arietes
1462 2568 1518 2623 in
1534 2582 1721 2639 grege.

705 2688 935 2745 CAPUT
959 2688 1145 2744 CXXI:

128 2779 247 2836 Cur
269 2781 704 2852 propitiatorium,
735 2796 870 2834 arca:
903 2777 1373 2852 superponendunr
1397 2775 1623 2842 dixerit;
1664 2790 1727 2829 ex

434 2853 609 2907 eodem
649 2850 780 2906 libro
811 2852 1167 2918 Quaestionum
1200 2847 1395 2902 Exodi.

204 2944 646 3017 Propitiatorium
701 2942 812 3016 [ad]
842 2943 966 3013 quid
995 2942 1138 2997 dicat
1178 2938 1725 3010 superimponendum

126 3052 301 3107 super
329 3052 510 3093 arcam
540 3035 710 3108 quieri
742 3036 881 3090 solet
908 3052 919 3085 :
954 3034 1051 3090 sed
1081 3048 1203 3088 cum
1234 3047 1456 3087 aureum
1489 3029 1603 3085 fieri
1638 3030 1727 3099 ju-

124 3132 285 3197 beat,
340 3130 563 3200 ejusque
611 3126 997 3198 longitudinem
1036 3135 1092 3181 et
1134 3123 1472 3180 latitudinem
1523 3129 1724 3176 tantam

1830 1915 1997 1983 dabo,
2054 1913 2197 1984 quod
2254 1913 2464 1985 Moyses
2515 1912 2593 1969 sic
2641 1913 2855 1968 videtur
2899 1913 3204 1982 accepisse,
3256 1922 3412 1967 ante—

1827 2007 2013 2062 cedam
2047 2016 2121 2075 te,
2175 2016 2429 2077 tanquam
2472 2021 2576 2061 non
2604 2006 2654 2061 ei
2684 2004 2817 2077 [qui]
2868 2006 3062 2076 p0pnlo
3093 2019 3331 2075 praesens
3363 2006 3415 2060 in

1827 2100 2023 2156 itinere
2054 2101 2261 2155 futurus
2289 2112 2463 2167 esset,
2493 2110 2547 2156 et
2576 2100 2699 2155 ideo
2725 2099 2835 2154 ait:
2870 2101 2926 2155 Si
2961 2117 3065 2156 non
3098 2110 3152 2155 tu
3192 2101 3305 2171 ipse
3336 2100 3413 2156 si-

1828 2193 1941 2247 mul
1966 2194 2176 2248 veneris
2201 2194 2502 2256 nobiscum,
2523 2208 2589 2247 ne
2611 2207 2698 2247 me
2719 2192 2915 2247 educas
2945 2195 3086 2259 hinc,
3118 2203 3173 2248 et
3194 2202 3414 2249 caetera.

1830 2284 1972 2340 Deus
1999 2296 2176 2341 autem
2208 2302 2381 2355 neque
2408 2286 2508 2341 hoc
2536 2286 2586 2340 ei
2617 2286 2826 2355 negavit
2855 2286 3059 2353 dicens,
3090 2288 3156 2340 Et
3188 2288 3289 2342 hoc
3317 2288 3413 2342 tibi

1830 2376 2051 2429 verbum
2099 2376 2242 2445 quod
2286 2374 2469 2430 dixisti
2522 2375 2732 2431 faciam.
2784 2378 3067 2443 Quomodo
3118 2393 3247 2448 ergo
3292 2393 3416 2433 cum

1830 2467 2055 2524 dixisset
2091 2470 2142 2524 ei
2185 2469 2446 2538 Moyses,
2502 2470 2739 2525 Ostende
2787 2471 2915 2525 mihi
2960 2472 3182 2542 gloriam
3229 2481 3375 2526 tuam
3402 2513 3419 2539 ,

1830 2575 2017 2618 rursus
2047 2570 2299 2631 tanquam
2338 2576 2730 2630 praecessurus,
2774 2572 2827 2618 et
2855 2577 2960 2617 non
2987 2578 3107 2618 cum
3140 2565 3219 2619 eis
3259 2562 3421 2619 simul

1831 2654 2042 2710 futurus
2085 2655 2298 2711 videtur
2336 2654 2557 2724 dicere,
2600 2658 2712 2727 Ego
2758 2658 2996 2714 transibo
3034 2669 3159 2716 ante
3202 2670 3272 2726 te,
3316 2660 3420 2714 nisi

1831 2750 1959 2819 quia
2000 2754 2100 2807 hoc
2128 2752 2272 2807 aliud
2319 2755 2439 2809 est?
2471 2754 2563 2810 llle
2607 2756 2802 2826 quippe
2848 2756 3156 2826 intelligitur
3186 2756 3334 2825 loqui
3363 2763 3423 2812 et

1832 2843 2045 2912 dicere,
2072 2844 2334 2901 Transibo
2358 2857 2483 2903 ante
2510 2858 2588 2915 te,
2623 2847 2691 2904 de
2722 2865 2829 2920 quo
2859 2848 2986 2904 dicit
3022 2849 3371 2919 Evangelium
3397 2888 3420 2916 ,

1830 2935 1966 2991 Cum
1998 2938 2233 2993 venisset
2264 2941 2390 2994 liora
2426 2950 2482 2995 ut
2511 2941 2760 2997 transiret
2787 2941 2946 2997 .lesus
2975 2943 3041 2997 de
3073 2942 3173 2997 hoc
3216 2940 3423 2997 mundo

1832 3031 1900 3085 ad
1931 3030 2142 3087 Patrem
2171 3050 2186 3099 ;
2226 3034 2315 3103 qui
2346 3036 2602 3091 transitus
2642 3037 2803 3091 etiam
2836 3036 3035 3092 Pascha
3070 3035 3423 3107 interpretari

1833 3124 2169 3195 perhibetur.
2200 3127 2325 3182 Haec
2348 3128 2526 3200 itaque
2549 3144 2737 3200 magna
2760 3131 2982 3186 omnino
3010 3131 3291 3201 prophetia
3312 3141 3420 3186 est.

125 3221 411 3293 exprimat
437 3230 633 3291 quanta
660 3229 714 3275 et
751 3218 919 3289 ipsius
945 3232 1085 3273 arca:
1128 3218 1269 3272 dicta
1305 3225 1406 3282 est,
1441 3212 1729 3285 proculdu-
1756 3214 1804 3280 C
1834 3217 1956 3288 Ipse
1980 3219 2126 3273 enim
2159 3230 2284 3275 ante
2313 3234 2501 3277 omnes
2527 3233 2745 3278 sanctus
2772 3223 2988 3279 transiit
3011 3222 3077 3278 ad
3108 3222 3322 3278 Patrem
3352 3220 3425 3278 de

122 3316 231 3372 bio
261 3315 405 3370 velut
434 3314 668 3370 tabulam
697 3328 919 3369 auream
962 3322 1123 3369 tantae
1154 3315 1340 3369 formae
1377 3311 1493 3367 fieri
1523 3325 1729 3381 praece-

126 3407 216 3478 pit
250 3422 356 3479 qua
382 3414 654 3476 tegeretur
689 3421 813 3461 arca
846 3423 858 3459 :
890 3408 961 3461 ita
1002 3414 1062 3460 ut
1098 3405 1153 3459 in
1195 3406 1310 3474 ipso
1350 3401 1730 3474 propitiatorio

125 3511 329 3558 essent
372 3501 479 3556 duo
523 3500 821 3568 Cherubin,
860 3499 987 3554 hinc
1029 3508 1190 3565 atque
1240 3495 1366 3551 inde
1410 3495 1732 3551 alterutrum

126 3592 509 3658 attendentes,
558 3592 633 3646 ita
662 3597 723 3645 ut
748 3588 925 3645 vultus
970 3601 1155 3644 eorum
1200 3588 1254 3644 in
1303 3586 1733 3657 propitiatorium

123 3692 334 3741 essent
360 3692 417 3741 et
457 3684 647 3752 pennis
686 3682 801 3739 suis
845 3680 1230 3737 obumbrarent
1275 3679 1731 3751 prepiiiatorium,

123 3779 289 3849 quod
349 3794 599 3850 magnum
651 3787 735 3835 est
792 3785 1211 3834 sacramentum.
1275 3777 1481 3831 Aurum
1536 3775 1732 3845 quippe

118 3870 413 3942 signiﬁcat
440 3872 782 3941 sapientiam,
827 3883 951 3926 arca
982 3869 1250 3941 significat
1293 3880 1562 3925 secretum
1615 3866 1731 3922 Dei.

118 3964 195 4019 1n
230 3972 358 4016 arca
381 3964 527 4031 jussa
558 3970 687 4017 sunt
714 3964 838 4030 poni
869 3965 985 4026 lex,
1029 3972 1084 4017 et
1112 3975 1330 4029 manna,
1358 3970 1415 4017 et
1443 3962 1593 4031 virga
1627 3962 1733 4013 Aa-

116 4070 273 4112 ron.
299 4053 359 4105 ln
383 4052 526 4121 Lege
552 4064 821 4123 praecepta
841 4064 987 4119 sunt,
1028 4057 1174 4124 virga
1207 4063 1445 4123 potestas
1471 4054 1740 4122 signitica-

120 4152 239 4196 tur
288 4138 639 4209 [potestatem
690 4138 1015 4211 significat],
1060 4157 1256 4196 manna
1307 4142 1558 4212 gratiam,
1614 4140 1739 4209 quia

113 4230 252 4288 nisi
285 4244 407 4286 cum
435 4233 627 4302 gratia,
657 4247 764 4287 non
803 4245 887 4289 est
917 4240 1154 4303 potestas
1186 4243 1449 4304 praecepta
1485 4232 1736 4289 faciendi.

118 4325 535 4380 Verumtamen
574 4327 700 4396 quia
743 4326 832 4382 lex
868 4343 897 4382 a
924 4328 1121 4397 quovis
1166 4327 1479 4398 proliciente
1522 4343 1629 4383 non
1673 4344 1740 4384 ex

113 4419 298 4478 ornni
332 4431 482 4487 parte
520 4422 847 4490 completur,
898 4422 1330 4492 propitiatorium
1372 4429 1459 4478 est
1484 4421 1736 4493 desuper.

113 4513 222 4571 Ad
260 4512 365 4567 hoc
393 4513 538 4567 enim
566 4526 702 4585 opus
729 4524 815 4569 est
848 4521 905 4568 ut
936 4514 1199 4584 propitius
1229 4513 1298 4568 sit
1324 4513 1488 4582 Deus,
1532 4521 1588 4569 et
1616 4513 1738 4568 ideo

1835 3309 1939 3367 hoc
1987 3313 2186 3368 saeculo
2231 3329 2420 3383 parare
2449 3315 2556 3370 illis
2602 3315 2909 3372 mansiones
2940 3317 3089 3387 regni
3135 3318 3425 3383 ctelorum,

1833 3417 1967 3472 quas
1991 3404 2140 3459 dabit
2161 3404 2263 3460 illis
2289 3407 2342 3461 in
2366 3408 2761 3464 resurrectione
2787 3416 3137 3474 mortuorum,
3163 3409 3424 3479 quoniam

1836 3496 2158 3551 transiturus
2188 3505 2314 3552 ante
2344 3513 2531 3553 omnes
2572 3500 2961 3571 primogenitus
2988 3514 3020 3553 a
3050 3502 3274 3554 mortuis
3312 3500 3425 3555 fac-

1838 3596 1924 3644 tus
1950 3600 2054 3643 est.
2086 3588 2325 3644 Gratiam
2359 3605 2490 3646 vero
2532 3606 2686 3646 suam
2717 3591 2773 3646 in
2813 3606 2879 3648 eo
2918 3591 3037 3661 ipso
3076 3590 3231 3647 valde
3274 3605 3429 3646 cum-

1838 3681 2096 3749 mendat,
2148 3697 2269 3738 cum
2318 3682 2485 3750 dicit,
2522 3683 2589 3738 Et
2626 3684 2831 3740 vocabo
2874 3699 3071 3740 nomen
3118 3684 3324 3739 Domini
3368 3684 3430 3743 in.

1838 3784 2131 3845 conspectu
2172 3787 2283 3846 tuo,
2323 3787 2573 3848 tanquam
2608 3778 2663 3833 in
2693 3788 2981 3850 conspectu
3027 3779 3208 3849 populi
3237 3777 3427 3844 Israel,

1837 3868 1990 3939 cujus
2020 3868 2252 3939 Moyses,
2285 3883 2408 3924 cum
2440 3870 2556 3926 haec
2593 3871 2805 3928 audiret
2842 3882 3048 3944 typum,
3089 3872 3329 3943 gerebat.
3362 3872 3423 3926 In

1837 3971 2132 4029 conspectu
2183 3961 2327 4016 enim
2357 3959 2534 4031 gentis
2575 3964 2742 4034 ipsius
2773 3965 2968 4034 ubique
3011 3965 3291 4034 dispersae,
3321 3979 3423 4018 vo-

1840 4060 1994 4106 catur
2039 4052 2299 4109 Dominus
2324 4052 2587 4123 {Christus
2631 4056 2684 4110 in
2735 4036 3278 4126 omnibusxgeutibus.
3318 4057 3427 4111 Vo-

1841 4143 1977 4198 cabo
2027 4153 2205 4200 autem
2249 4145 2405 4214 dixit,
2464 4161 2572 4201 non
2626 4148 2875 4215 vocabor,
2927 4148 3159 4202 activum
3202 4148 3429 4203 verbum

1841 4249 1940 4305 pro
1970 4236 2180 4305 passivo
2210 4251 2415 4305 ponens
2443 4237 2496 4292 in
2527 4254 2723 4309 genere
2749 4239 3035 4296 locutionis
3060 4240 3335 4307 inusitato,
3370 4244 3429 4296 in

1841 4343 1951 4399 quo
1978 4330 2228 4383 nimirum
2256 4344 2480 4399 magnus
2509 4345 2700 4387 sensus
2730 4332 2889 4399 latet;
2920 4334 2999 4388 sic
3021 4333 3165 4389 enim
3198 4333 3433 4391 fortasse

1841 4423 2146 4493 significare
2184 4424 2353 4479 voluit
2392 4426 2627 4494 seipsum
2661 4426 2763 4483 hoc
2794 4428 2971 4484 facere
2993 4467 3012 4495 ,
3061 4428 3113 4483 id
3143 4439 3225 4483 est
3254 4428 3427 4499 gratia

1842 4530 1938 4572 sua
1969 4516 2082 4572 ﬁeri
2116 4526 2172 4572 ut
2201 4526 2424 4573 vocetur
2454 4518 2711 4576 Dominus
2739 4521 2795 4576 in
2835 4520 3089 4577 omnibus
3128 4522 3376 4593 gentibus
3408 4538 3431 4589 ,1

116 4604 389 4672 desuper
444 4603 693 4674 ponitur,
747 4609 870 4675 quia
916 4606 1319 4675 superexsultat
1365 4606 1736 4663 misericordia
1764 4598 1821 4660 Ι)
1844 4608 1986 4679 quod
2009 4622 2136 4664 vero
2162 4608 2402 4679 addidit,
2430 4609 2497 4664 Et
2520 4610 2818 4668 miserebor
2837 4611 2922 4667 cui
2950 4613 3202 4668 misertus
3227 4627 3343 4682 ero,
3374 4622 3436 4670 et

116 4695 369 4767 iudicio.
403 4697 516 4751 Duo
541 4696 684 4752 enim
710 4694 883 4771 [vero]
909 4698 1176 4754 Cherubin
1203 4699 1391 4770 pennis
1414 4701 1526 4756 suis
1546 4701 1735 4756 obum-

112 4791 313 4847 brant
342 4790 796 4861 propitiatorium,
829 4790 883 4846 id
912 4800 996 4846 est
1024 4792 1290 4848 honorant
1319 4794 1566 4861 velando,
1599 4810 1735 4864 quo-

113 4886 297 4942 niam
323 4884 619 4942 ministeria
647 4882 944 4957 [mysteria]
977 4885 1049 4942 ibi
1077 4886 1177 4941 ista
1198 4895 1325 4942 sunt
1350 4898 1406 4943 et
1426 4886 1652 4942 invicem
1675 4902 1736 4943 se

113 4980 456 5043 attendunt,
501 4980 625 5049 quia
665 4986 984 5035 consonant.
1026 4979 1143 5034 Duo
1188 4980 1385 5049 quippe
1428 4980 1498 5035 ibi
1545 4979 1736 5036 Testa-

110 5079 333 5129 menta
363 5069 680 5141 ﬁgurantur,
715 5081 769 5128 et
798 5070 977 5127 vultus
1006 5085 1193 5126 eorum
1226 5081 1349 5126 sunt
1392 5072 1444 5125 in
1476 5072 1735 5142 propitia-

109 5171 374 5232 torium,
408 5169 529 5239 quia
558 5168 978 5225 misericordiam
1007 5166 1102 5224 Dei
1131 5166 1388 5241 [Domini]
1419 5168 1472 5222 in
1499 5182 1600 5237 qua
1630 5182 1736 5223 una

107 5275 272 5333 spes
307 5269 410 5327 est,
447 5259 599 5315 valde
624 5260 1028 5315 commendant.
1080 5259 1320 5329 Denique
1352 5258 1478 5314 hinc
1521 5272 1583 5313 se
1609 5272 1735 5328 pro-

108 5353 302 5408 misit
334 5351 632 5406 locuturum
664 5348 806 5406 Deus
848 5350 914 5405 ad
964 5350 1183 5422 Moysen
1219 5351 1287 5406 de
1326 5351 1502 5407 medio
1531 5349 1737 5405 Cheru-

105 5446 222 5501 bin
256 5442 555 5498 desursum
588 5444 962 5513 propitiatorii.
994 5443 1165 5499 Porro
1195 5445 1242 5501 si
1280 5454 1527 5501 creatura
1573 5444 1739 5498 ratio-

106 5539 291 5596 nalis
318 5538 371 5592 in
413 5538 757 5593 multitudine
800 5537 1049 5593 scientiae
1086 5538 1354 5607 (quoniam
1389 5539 1528 5594 hanc
1576 5538 1741 5593 inter-

103 5633 509 5704 pretationem
543 5630 744 5687 habent
769 5629 1069 5701 Cherubin)
1100 5631 1307 5687 duobus
1336 5632 1465 5701 ipsis
1494 5631 1737 5685 animali-

106 5731 242 5783 bus
279 5727 633 5796 significatur.
671 5726 792 5781 ideo
825 5728 931 5780 duo
961 5738 1086 5780 sunt
1127 5737 1182 5780 ut
1223 5726 1532 5782 societatem
1562 5725 1739 5781 chari-

106 5827 280 5879 tatis
314 5820 712 5890 commendent,
733 5834 789 5880 et
808 5821 929 5879 ideo
954 5820 1145 5893 pennis
1171 5821 1281 5877 suis
1304 5820 1738 5892 propitiatorium

1845 4698 2266 4755 misericordiam
2309 4700 2575 4768 praestabo
2623 4700 2711 4757 cui
2744 4701 3166 4758 misericordiam
3219 4704 3433 4773 praesti—

1845 4804 2000 4861 tero;
2044 4793 2116 4848 ibi
2144 4794 2304 4863 plane
2332 4794 2640 4862 expressius
2680 4792 2915 4849 ostendit
2955 4793 3289 4851 vocationem
3320 4808 3430 4864 qua

1845 4899 1943 4939 nos
1964 4886 2172 4943 vocavit
2200 4886 2252 4939 in
2277 4899 2436 4940 suum
2465 4900 2689 4957 regnum
2712 4894 2767 4941 et
2788 4886 3031 4957 gloriam,
3060 4903 3166 4943 non
3190 4903 3287 4957 pro
3310 4901 3431 4941 me-

1846 4980 1961 5035 ritis
2003 4980 2221 5046 nosrris,
2264 4980 2361 5036 sed
2416 4994 2515 5051 pro
2563 4981 2930 5037 misericordia
2986 4996 3102 5037 sua.
3161 4980 3428 5048 Quoniam

1845 5072 1986 5125 enim
2018 5084 2077 5125 se
2103 5079 2293 5140 gentes
2321 5071 2750 5128 introducturum
2798 5073 3148 5142 pollicebatur
3193 5072 3380 5128 dicens
3405 5112 3426 5140 ,

1849 5160 2058 5217 Vocabo
2082 5178 2275 5219 nomen
2304 5162 2511 5220 Domini
2540 5164 2593 5219 in
2613 5177 2903 5237 conspectu
2936 5177 3044 5231 tuo;
3074 5165 3428 5222 commenda-

1844 5255 1921 5310 vit
1963 5255 2067 5311 hoc
2093 5270 2153 5312 se
2176 5255 2596 5314 misericorditer
2627 5260 2830 5325 facere,
2862 5256 3000 5312 sicut
3028 5256 3317 5326 Apostolus
3348 5256 3429 5309 di-

1844 5349 1953 5405 cit:
1981 5348 2111 5405 Dico
2140 5352 2281 5406 enim
2311 5350 2581 5408 Christum
2610 5352 2914 5407 ministrum
2945 5349 3107 5404 fuisse
3137 5349 3428 5404 circumci-

1845 5443 2035 5510 sionis,
2067 5455 2283 5514 propter
2307 5447 2586 5502 veritatem
2618 5446 2739 5511 Dei,
2769 5444 2840 5499 ad
2880 5442 3280 5499 confirmandas
3304 5458 3429 5513 pro-

1846 5536 2131 5593 missiones
2157 5547 2390 5608 patrum,
2441 5549 2629 5611 gentes
2660 5548 2839 5594 autem
2870 5553 3034 5609 super
3061 5535 3429 5595 misericordia

1845 5631 2144 5701 gloriﬁcare
2175 5633 2362 5688 Deum.
2406 5632 2517 5687 Hoc
2547 5648 2676 5701 ergo
2712 5632 3028 5702 praedictum
3057 5639 3162 5696 est,
3204 5631 3430 5685 misere-

1847 5723 1946 5779 bor
1968 5725 2051 5779 cui
2094 5725 2345 5781 misertus
2371 5739 2488 5796 ero,
2516 5734 2571 5781 et
2596 5724 3017 5780 misericordiam
3047 5723 3314 5795 praestabo
3340 5722 3429 5779 cui

1850 5818 2271 5877 misericordiam
2316 5820 2641 5891 praestitero.
2693 5817 2896 5886 Quibus
2934 5815 3115 5875 verbis
3155 5814 3429 5887 prohibuit
