3968 6390
561 255 664 317 759

1650 249 1712 304 D.
1745 246 2065 305 EUGYPPII
2104 242 2394 303 ABBATIS
2432 242 2766 301 AFRICANI

3706 245 3800 303 740

559 374 834 435 hominem
866 372 1010 431 velut
1036 373 1103 429 de
1126 370 1463 443 propriarum
1494 370 1753 425 virtutum
1792 370 1997 426 meritis
2020 370 2134 441 glo-
2159 365 2215 430 Α
2236 364 2315 423 ria
2343 365 2500 432 mea;
2518 365 2610 422 ubi
2643 363 2955 437 intelligitur
2973 373 3097 438 post
3125 365 3407 425 transitum
3433 383 3594 426 Suum
3619 375 3803 443 promi-

560 470 707 535 riari,
737 476 797 523 ut
821 468 908 539 qui
932 466 1187 540 gloriatur
1205 465 1259 519 in
1288 462 1513 519 Domino
1533 464 1813 535 glorietur.
1848 464 1962 520 Non
1989 466 2133 522 enim

558 565 636 619 ait
668 562 965 620 miserebor
993 562 1186 617 talibus
1215 558 1295 614 vel
1330 558 1543 623 talibus,
1585 560 1680 615 sed
1711 559 1796 616 cui
1829 560 2135 617 misericors

560 661 743 727 fuero,
796 668 853 715 ut
894 656 1161 714 neminem
1202 654 1630 727 precedentibus
1676 654 1834 710 bonis
1880 655 2138 725 Operibus

558 756 673 811 suis
717 752 1137 810 misericordiam
1185 757 1346 805 tantae
1398 748 1697 805 vocationis
1738 750 1998 804 meruisse
2039 748 2132 804 de-

559 854 824 904 monstret
872 844 953 917 [se
999 841 1443 915 demonstraret].
1505 843 1715 898 Etenim
1762 841 2012 899 Christus
2042 857 2142 912 pro

558 938 735 1006 impiis
768 944 1009 991 mortuus
1040 944 1141 991 est.
1189 934 1298 992 Sed
1343 942 1518 990 utrum
1562 934 1667 989 hoc
1704 934 1846 990 idem
1892 943 2139 1005 repetere

557 1030 782 1085 voluerit
824 1045 946 1085 cum
996 1028 1236 1095 addidit,
1272 1029 1692 1084 Misericordiam
1740 1028 2010 1097 praestabo
2051 1029 2140 1084 cui

555 1120 978 1179 misericordiam
1010 1121 1331 1191 praestitero,
1366 1121 1473 1187 vel,
1506 1123 1646 1177 sicut
1685 1120 1775 1175 alii
1801 1120 2140 1191 interpretati

555 1228 682 1273 sunt
698 1260 715 1285 ,
736 1216 832 1272 Cui
859 1216 1167 1271 misericors
1194 1216 1365 1282 fuero,
1391 1230 1456 1271 an
1479 1216 1679 1287 aliquid
1704 1216 1915 1272 intersit
1933 1215 2138 1283 nescio,

555 1311 695 1380 quod
729 1312 868 1367 enim
899 1312 950 1365 in
973 1310 1157 1368 Graeca
1184 1310 1361 1382 lingua
1384 1312 1591 1368 duobus
1616 1312 1798 1369 verbis
1829 1313 2031 1369 dictum
2058 1322 2142 1369 est

554 1405 744 1466 ἐλεήσω
773 1414 827 1459 et
847 1407 1163 1483 οἰκτειρέσω,
1207 1406 1346 1477 quod
1370 1408 1535 1462 unum
1572 1416 1730 1480 atque
1760 1405 1902 1463 idem
1930 1405 2143 1463 videtur

555 1496 876 1567 signiﬁcare,
906 1514 1012 1554 non
1035 1498 1205 1571 potuit
1233 1496 1453 1556 Latinus
1479 1498 1706 1556 diversis
1733 1499 1913 1556 verbis
1934 1498 2138 1567 dicere,

554 1603 608 1651 et
637 1593 861 1651 diversis
900 1595 1071 1650 modis
1111 1594 1353 1651 eamdem
1397 1593 1820 1650 misericordiam
1862 1593 2137 1664 repetivit.

554 1686 608 1745 Si
638 1696 816 1743 autem
850 1685 1137 1752 diceretur,
1183 1685 1482 1743 miserebor
1512 1684 1597 1741 cui
1629 1684 1908 1752 misereor,
1941 1694 1996 1743 et
2034 1685 2137 1740 mi-

2238 465 2377 522 sisse
2404 479 2567 535 super
2597 472 2801 534 petram
2834 464 3219 533 stabilitatem;
3253 464 3527 538 quomodo
3558 468 3801 537 accipien-

2239 557 2366 613 dum
2396 564 2478 613 est
2505 557 2650 628 quod
2691 559 2792 614 ait:
2834 557 3034 615 Ponam
3069 566 3121 614 te
3150 559 3203 615 in
3234 574 3462 616 caverna
3493 560 3799 638 [cavernam]

2239 660 2427 723 petrae,
2458 661 2512 709 et
2538 661 2711 715 tegam
2742 667 2904 708 manu
2930 667 3049 709 mea
3080 651 3317 726 [manum
3348 653 3554 727 meam]
3587 665 3797 726 superte

2241 746 2415 803 donec
2441 754 2707 803 transeam
2744 755 2799 803 et
2826 748 3062 803 auferam
3103 763 3318 803 manum
3368 764 3575 815 meam,
3616 756 3669 806 et
3697 758 3796 807 tunc

2240 840 2453 896 videbis
2481 842 2783 913 posteriora
2806 842 2960 898 mea?
2988 844 3138 914 quasi
3159 843 3269 913 jam
3298 840 3390 898 illo
3415 841 3475 898 in
3507 850 3661 913 petra
3686 858 3791 900 con-

2242 934 2432 989 stituto
2454 944 2597 1006 tqat
2626 950 2788 991 manu
2808 949 2902 991 sua
2933 933 3173 1009 [manum
3206 936 3381 1009 suam]
3406 951 3578 1006 super
3603 952 3729 1002 eum,
3752 947 3794 994 et

2243 1026 2439 1084 deinde
2472 1038 2739 1094 transeat,
2774 1045 2896 1085 cum
2926 1044 3049 1086 esse
3078 1028 3131 1085 in
3167 1038 3319 1099 petra
3360 1045 3475 1085 non
3523 1032 3687 1098 possit
3715 1032 3792 1085 nisi

2244 1131 2365 1193 post
2413 1123 2527 1192 ejus
2567 1125 2885 1193 transitum,
2932 1122 3028 1179 sed
3069 1122 3446 1191 recapitulatio
3490 1122 3793 1193 intelligenda

2243 1224 2327 1271 est
2347 1215 2425 1272 rei
2448 1218 2848 1286 przetermissze,
2878 1216 3019 1287 quali
3042 1216 3178 1273 solet
3203 1218 3277 1273 uti
3307 1216 3594 1284 Scriptura
3622 1217 3671 1272 in
3691 1218 3790 1272 mul-

2244 1308 2314 1365 tis
2340 1309 2495 1365 iocis.
2538 1308 2727 1366 Postea
2769 1312 2969 1382 quippe
2997 1310 3134 1366 dixit
3160 1311 3301 1381 quod
3348 1311 3550 1366 ordine
3579 1311 3783 1382 temporis

2242 1403 2391 1474 prius
2421 1413 2524 1458 est.
2558 1404 2656 1472 Qui
2688 1403 2824 1459 ordo
2855 1405 2925 1459 ita
2956 1419 3016 1460 se
3046 1403 3209 1459 habet
3234 1420 3249 1457 :
3278 1402 3490 1475 Tegam
3522 1418 3677 1459 manu
3704 1417 3785 1458 mea

2245 1498 2481 1573 [manum
2505 1496 2701 1571 meam]
2715 1515 2875 1571 super
2892 1509 2945 1557 te
2966 1499 3137 1557 donec
3160 1510 3457 1567 transeam,
3474 1509 3534 1557 et
3554 1501 3787 1556 tuncvide-

2242 1593 2325 1649 his
2357 1593 2652 1664 posteriora
2697 1609 2814 1649 mea
2837 1636 2851 1660 ,
2908 1610 3029 1649 nam
3061 1592 3226 1650 facies
3258 1610 3375 1652 mea
3409 1611 3525 1651 non
3571 1595 3787 1651 videbitur

2243 1689 2361 1758 tibi,
2392 1698 2447 1746 et
2475 1690 2641 1746 stabis
2671 1705 2833 1761 super
2860 1699 3069 1762 petram
3100 1691 3281 1746 statim
3314 1698 3375 1746 ut
3406 1690 3636 1746 transiet
3661 1689 3787 1760 gloria

553 1778 772 1837 serebor
791 1777 875 1834 cui
903 1780 1181 1844 misereor,
1206 1786 1297 1833 aut
1317 1776 1615 1833 miserebor
1637 1778 1720 1832 cui
1743 1778 1998 1834 misertus
2020 1794 2137 1845 ero,
2170 1761 2219 1824 Β
2243 1798 2385 1847 mea,
2434 1793 2488 1839 et
2518 1798 2709 1850 ponam
2741 1792 2793 1838 te
2826 1761 2879 1839 in
2910 1798 3139 1839 caverna
3178 1794 3370 1853 petra.
3418 1780 3537 1839 Hoc
3568 1784 3697 1839 enim
3730 1781 3786 1837 la-

553 1887 657 1928 non
691 1872 819 1927 satis
848 1870 1132 1926 commode
1177 1869 1282 1927 dici
1312 1870 1603 1927 videretur.
1639 1868 1706 1926 Et
1738 1879 1917 1926 tamen
1952 1870 2144 1928 fortius

553 1966 647 2023 ille
676 1966 789 2035 ipse
817 1964 887 2022 ibi
921 1979 1112 2021 sensus
1133 1972 1238 2034 est,
1271 1965 1414 2035 quod
1445 1976 1533 2019 aut
1568 1964 1737 2034 ipsius
1758 1963 2144 2020 misericordia:

554 2078 666 2121 suae
696 2064 1002 2119 firmitatem
1028 2063 1167 2120 Deus
1195 2062 1295 2118 ista
1322 2062 1643 2134 repetitione
1672 2061 2011 2128 monstravit,
2038 2062 2146 2116 sic-

554 2165 613 2213 ut
656 2156 857 2223 Amen,
902 2158 1110 2225 Amen,
1161 2157 1303 2213 sicut
1334 2158 1484 2222 Fiat,
1518 2157 1674 2211 Fiat:
1709 2157 1847 2211 sicut
1893 2155 2145 2226 repetitio

554 2252 751 2307 somnii
780 2252 1070 2308 Pharaonis
1087 2252 1346 2323 pluraque
1370 2252 1694 2317 similia,aut
1716 2251 1767 2305 in
1793 2251 2035 2321 utrisque
2050 2264 2147 2320 po-

553 2345 716 2416 pulis,
744 2344 795 2399 id
819 2352 922 2412 est,
947 2344 1194 2417 gentibus
1213 2354 1270 2401 et
1294 2343 1532 2401 Hebraeis
1553 2347 1652 2400 hoc
1674 2343 1833 2399 modo
1848 2342 1991 2399 Deus
2006 2357 2134 2413 prat-

553 2437 822 2493 nuntiavit
849 2436 1273 2492 misericordiam
1296 2452 1355 2495 se
1382 2451 1503 2493 esse
1524 2436 1807 2492 facturum.
1824 2434 1977 2502 Quod
1995 2435 2145 2505 Apo-

554 2532 729 2588 Stoius
745 2516 814 2585 ita
839 2530 997 2587 dicit:
1020 2530 1170 2587 Sicut
1190 2532 1331 2587 enim
1354 2548 1451 2587 vos
1475 2531 1761 2603 aliquando
1782 2547 1887 2586 non
1915 2530 2145 2588 credidi-

554 2624 653 2680 stis
678 2625 809 2690 Deo,
834 2640 975 2680 nunc
994 2633 1170 2681 autem
1190 2626 1613 2682 misericordiam
1636 2624 1909 2680 consecuti
1932 2626 2066 2681 estis
2087 2624 2140 2680 in

555 2719 770 2775 illorum
802 2720 1207 2788 incredulitate;
1240 2720 1320 2777 sic
1344 2729 1397 2775 et
1426 2720 1528 2789 ipsi
1553 2735 1693 2775 nunc
1713 2720 1804 2790 qui
1831 2734 1937 2775 non
1969 2718 2147 2775 credi-

553 2812 753 2868 derunt
781 2814 833 2869 in
864 2824 1096 2870 vestram
1130 2813 1557 2871 misericordiam
1605 2814 1809 2889 [vestra
1842 2813 2146 2871 misericor-

552 2905 668 2978 dia]
702 2913 761 2961 ut
786 2914 842 2961 et
871 2906 973 2976 ipsi
1005 2907 1429 2964 misericordiam
1457 2916 1876 2978 consequantur.
1906 2904 2141 2963 Conclu-

554 2999 625 3053 sit
669 3000 814 3055 enim
863 3000 1007 3056 Deus
1057 3015 1247 3056 omnes
1287 3002 1341 3056 in
1387 3002 1801 3058 incredibilitate
1831 3001 2145 3075 [increduli-

555 3088 686 3162 tate]
716 3099 775 3145 ut
804 3091 1041 3147 omnium
1078 3093 1417 3148 misereatur.
1454 3093 1657 3150 Deinde
1691 3104 1812 3165 post
1851 3096 1991 3151 hanc
2029 3111 2140 3151 sua:

2246 1885 2392 1933 ctum
2422 1872 2503 1932 est
2529 1879 2581 1931 in
2604 1877 2685 1932 eis
2706 1891 2841 1947 quos
2865 1884 2992 1932 tunc
3013 1875 3352 1947 significabat
3381 1892 3604 1948 persona
3631 1875 3783 1947 Moysi,

2248 1969 2302 2025 id
2329 1979 2411 2025 est
2438 1970 2715 2035 israelitis,
2743 1969 2832 2039 qui
2864 1969 2917 2024 in
2949 1968 3236 2025 Dominum
3268 1970 3476 2037 Jesum,
3508 1971 3634 2027 sicut
3656 1972 3785 2025 Actus

2248 2063 2614 2135 apostolorum
2648 2064 2906 2130 indicant,
2938 2072 3125 2134 postea
3151 2062 3513 2130 crediderunt,
3543 2063 3590 2119 id
3608 2070 3785 2119 διευς

2247 2158 2344 2213 tim
2377 2168 2432 2213 ut
2473 2158 2686 2213 transiit
2715 2158 2837 2229 ejus
2862 2157 3053 2228 gloria.
3102 2156 3235 2212 Nam
3268 2165 3592 2228 posteaquam
3625 2171 3784 2212 resur-

2246 2250 2387 2306 rexit
2410 2264 2437 2303 a
2464 2248 2691 2304 mortuis
2720 2257 2775 2304 et
2801 2248 3045 2305 ascendit
3075 2248 3130 2303 in
3159 2247 3365 2314 caelum,
3389 2245 3545 2301 misso
3569 2245 3775 2311 desuper

2248 2345 2338 2419 [de
2365 2342 2525 2415 eteio]
2558 2343 2762 2413 Spiritu
2790 2349 2999 2409 sancto,
3034 2356 3160 2399 eum
3203 2340 3391 2414 linguis
3414 2340 3631 2396 omnium
3656 2351 3770 2407 gen-

2247 2438 2379 2494 tium
2427 2439 2773 2508 loquerentur
2827 2434 3098 2506 apostoli,
3140 2433 3447 2504 compuncti
3488 2441 3601 2488 sunt
3640 2427 3781 2484 corde

2247 2529 2401 2585 multi
2444 2544 2509 2585 ex
2557 2529 2638 2585 eis
2674 2528 2766 2599 qui
2815 2528 3197 2584 cruciﬁxerant
3240 2525 3530 2593 Christum,
3570 2538 3710 2593 quem
3742 2530 3783 2575 ut

2246 2639 2354 2679 non
2380 2623 2757 2694 cognovissent
2795 2632 2848 2677 et
2885 2619 3169 2676 Dominum
3208 2620 3400 2691 gloriae
3440 2616 3777 2674 cruciﬁxissent

2254 2715 2326 2789 [si
2362 2715 2753 2786 cognovissent
2790 2728 3061 2784 nunquam
3104 2711 3394 2768 Dominum
3432 2708 3609 2782 gloria:
3644 2706 3753 2762 cruci

2254 2806 2548 2879 ﬁxissent],
2582 2806 2799 2864 caecitas
2828 2820 2894 2862 ex
2924 2815 3074 2875 parte
3103 2804 3157 2859 in
3192 2801 3365 2860 israei
3401 2801 3545 2858 facta
3574 2808 3654 2865 est,
3673 2797 3767 2854 sicut

2246 2899 2447 2956 dictum
2469 2901 2663 2964 fuerat,
2688 2909 2865 2970 tegam
2888 2912 3047 2954 manu
3067 2910 3181 2952 mea
3202 2895 3450 2970 [manum
3469 2891 3642 2965 meam]
3652 2902 3762 2956 super

2244 2998 2301 3048 te
2322 2991 2495 3048 donec
2513 3000 2809 3048 transeam.
2837 2989 2993 3047 Unde
3010 2988 3252 3045 Psalmus
3280 2986 3445 3055 dicit,
3474 2984 3692 3057 Quoniam
3706 2980 3768 3036 die

2245 3100 2311 3141 ac
2337 3085 2445 3157 76
2473 3093 2629 3141 nocte
2653 3093 2867 3153 gravata
2898 3092 2981 3138 est
3011 3096 3173 3153 super
3198 3095 3288 3136 me
3316 3095 3520 3135 manus
3546 3089 3649 3143 tua,
3674 3074 3773 3130 diem

556 3148 941 3239 misericordiae
984 3148 1529 3251 commendationem,
1566 3148 1987 3257 regiliensi
2171 3148 2219 3213 θ
2247 3148 2527 3251 appellans
2546 3148 2761 3249 quando
2789 3177 3036 3234 Christus
3077 3148 3267 3231 divina
3297 3175 3561 3231 miracula
3585 3169 3769 3232 faciebat.

555 3274 695 3344 quod
725 3276 774 3331 ei
806 3276 1007 3332 dictum
1038 3277 1213 3335 fuerat
1239 3297 1251 3333 :
1284 3279 1523 3335 Ostende
1549 3281 1680 3336 mihi
1711 3280 1938 3353 gloriam
1972 3292 2135 3349 tuam,

554 3366 635 3424 vel
689 3369 830 3438 quod
870 3384 1031 3439 supra
1074 3371 1338 3441 petiverat
1376 3371 1587 3445 Moyses
1627 3373 1853 3428 dicens:
1903 3373 2142 3431 Ostende

553 3458 686 3517 mihi
716 3469 767 3517 te
795 3459 969 3533 ipsum
1001 3460 1389 3538 [temetipsum]
1431 3465 1715 3521 manifeste
1740 3474 1797 3521 ut
1821 3466 2033 3523 videam
2066 3476 2139 3523 te.

530 3551 669 3612 .Non
698 3557 922 3627 poteris,
954 3556 1147 3629 inquit,
1180 3556 1367 3615 videre
1396 3557 1589 3615 faciem
1618 3573 1820 3627 meam,
1851 3574 1959 3615 non
1996 3558 2140 3615 enim

554 3648 756 3705 videbit
780 3648 941 3704 homo
970 3650 1157 3706 faciem
1189 3668 1363 3707 meam
1392 3660 1447 3706 et
1469 3654 1616 3709 vivet
1641 3671 1653 3706 :
1687 3654 1981 3710 ostendens
2013 3654 2142 3710 huic

554 3737 678 3791 vita:
718 3754 835 3807 quae
867 3739 1038 3808 agitur
1065 3739 1118 3793 in
1148 3742 1397 3796 sensibus
1426 3742 1740 3799 mortalibus
1777 3745 2142 3814 corruptibilis

554 3830 755 3895 carnis,
802 3828 967 3884 Deum
1010 3833 1145 3887 sicut
1181 3842 1263 3890 est
1303 3849 1563 3904 apparere
1598 3851 1704 3891 non
1739 3850 1920 3906 posse,
1969 3838 2020 3893 id
2060 3846 2143 3894 est

554 3920 692 3977 sicut
721 3930 802 3977 est
828 3921 994 3978 videri
1019 3923 1069 3978 in
1099 3922 1184 3979 illa
1217 3926 1321 3981 vita
1352 3933 1552 3997 potest,
1580 3926 1672 3982 ubi
1703 3936 1762 3983 ut
1782 3928 1993 3985 vivatur
2014 3928 2141 3986 huic

554 4015 677 4071 vita;
722 4015 1055 4072 moriendum
1094 4026 1198 4073 est.
1248 4018 1380 4074 ltem
1420 4019 1739 4092 interposito
1782 4019 2012 4083 articulo
2062 4022 2144 4078 di-

551 4118 707 4166 cente
738 4106 1048 4182 Scriptura,
1081 4110 1148 4167 Et
1177 4113 1252 4167 ait
1283 4113 1540 4168 Dominus
1561 4155 1577 4181 ,
1612 4114 1854 4185 sequitur
1882 4124 1935 4171 et
1963 4115 2139 4186 loqui-

551 4210 668 4259 tur:
704 4202 844 4259 Ecce
868 4204 1020 4260 locus
1055 4220 1222 4275 penes
1252 4221 1357 4261 me.
1395 4206 1526 4275 Quis
1557 4208 1701 4264 enim
1732 4209 1882 4264 locus
1908 4224 2014 4265 non
2044 4223 2140 4279 pe-

552 4308 649 4349 nes
695 4290 867 4348 Deum
914 4302 1040 4363 est,
1068 4298 1157 4366 qui
1206 4312 1465 4368 nusquam
1513 4306 1595 4353 est
1620 4299 1862 4355 absens?
1905 4300 2002 4357 sed
2032 4299 2137 4357 Ec-

554 4384 771 4439 clesiam
821 4384 1089 4455 significat
1135 4386 1404 4457 dicendo,
1449 4389 1587 4446 Ecce
1619 4391 1768 4446 locus
1817 4406 1983 4462 penes
2028 4407 2136 4460 me,

554 4486 806 4548 tanquam
838 4481 1092 4549 templum
1115 4496 1271 4536 suum
1295 4482 1709 4539 commendans:
1738 4484 1803 4539 Et
1834 4486 2021 4553 stabis,
2053 4484 2133 4541 in-

552 4568 687 4640 quit,
719 4585 883 4641 super
906 4582 1135 4642 petram,
1168 4574 1292 4644 quia
1325 4590 1487 4645 super
1515 4575 1652 4630 hanc
1684 4586 1912 4646 petram,
1942 4579 2018 4633 ait
2042 4580 2139 4635 Do-

553 4662 750 4731 minus,
776 4663 1052 4722 aedificabo
1082 4667 1377 4724 Ecclesiam
1410 4682 1582 4723 meam
1610 4685 1623 4722 :
1657 4671 1830 4725 statim
1866 4679 1924 4725 ut
1952 4680 2133 4727 trans-

552 4752 641 4811 iet'
676 4755 846 4824 gloria
873 4772 988 4813 mea
1009 4801 1025 4826 ,
1074 4759 1127 4814 id
1158 4768 1241 4816 est
1268 4762 1449 4817 statim
1481 4770 1537 4815 ut
1568 4763 1790 4817 transiet
1816 4763 1986 4833 gloria
2018 4780 2137 4821 mea

550 4845 720 4904 Stabis
762 4863 923 4918 super
952 4858 1181 4919 petram,
1210 4852 1334 4921 quia
1361 4861 1483 4923 post
1512 4854 1793 4908 transitum
1826 4855 2047 4926 Christi,
2084 4858 2134 4914 id

550 4947 635 4995 est
665 4949 783 5010 post
816 4939 1120 5010 passionem
1150 4952 1205 4999 et
1231 4946 1679 5001 resurrectionem
1717 4946 1938 5014 Christi,
1988 4951 2135 5005 stetit

552 5035 780 5103 populus
811 5033 982 5091 fidelis
1013 5050 1173 5106 super
1202 5046 1427 5108 petram.
1478 5041 1543 5095 Et
1583 5056 1776 5111 ponam
1823 5052 1895 5111 te,
1941 5045 2132 5117 inquit,

549 5125 603 5182 in
627 5140 856 5183 caverna
904 5136 1068 5197 petrae
1095 5148 1107 5183 :
1138 5132 1411 5188 munimen
1442 5133 1808 5201 ﬁrmissimum
1839 5139 2125 5209 significat.

547 5218 653 5274 Alii
683 5229 859 5277 autem
887 5221 1225 5294 interpretati
1247 5234 1371 5281 sunt
1396 5227 1449 5281 in
1471 5230 1683 5297 specula
1714 5228 2011 5302 [spelunca]
2042 5248 2136 5303 pe-

549 5320 663 5367 trae.
689 5312 795 5369 Sed
824 5314 1044 5371 Graecus
1072 5316 1233 5373 habet
1256 5320 1413 5387 auras;
1441 5320 1545 5375 hoc
1572 5331 1749 5376 autem
1781 5322 2018 5379 foramen
2040 5323 2127 5379 vel

548 5417 833 5461 cavernam
881 5407 1081 5464 rectius
1130 5408 1689 5487 interpretamurhet
1740 5422 1913 5484 tegam
1967 5429 2129 5471 manu

546 5508 665 5551 mea
690 5494 930 5572 [manum
952 5497 1148 5572 meam]
1174 5517 1337 5574 super
1365 5513 1440 5570 te,
1469 5503 1641 5558 donec
1666 5514 1933 5561 transeam
1964 5516 2133 5562 etau-

546 5590 714 5649 feram
766 5608 981 5649 manum
1034 5608 1242 5664 meam,
1298 5605 1352 5653 et
1401 5604 1528 5652 tunc
1573 5598 1781 5655 videbis
1833 5601 2129 5671 posteriora

546 5701 688 5751 mea,
718 5684 881 5743 facies
915 5698 1095 5745 autem
1124 5706 1243 5747 mea
1273 5708 1378 5748 non
1406 5692 1671 5749 videbitur
1704 5694 1820 5749 tibi.
1854 5695 1985 5751 Cum
2009 5696 2119 5766 jam

547 5776 791 5846 dixisset,
817 5780 999 5839 Stabis
1022 5783 1195 5855 Super
1222 5793 1426 5856 petram
1457 5788 1637 5844 statim
1663 5796 1721 5843 ut
1750 5788 1973 5845 transiet
1998 5789 2133 5861 glo-'

2247 3280 2460 3327 noctem
2509 3269 2723 3342 quando
2778 3269 2917 3324 sicut
2948 3268 3109 3337 homo
3155 3267 3520 3333 moriebatur,
3545 3259 3721 3334 quando
3740 3266 3777 3312 et

2192 3360 2195 3361 ⁷
2245 3365 2322 3421 illi
2352 3365 2717 3421 titubavernnt
2742 3363 2831 3432 qui
2861 3361 2916 3420 in
2945 3362 3033 3417 die
3054 3360 3425 3418 crediderunt.
3452 3358 3563 3415 Hoc
3580 3366 3668 3422 est,
3686 3364 3778 3421 ergo

2244 3474 2365 3517 cum
2416 3461 2683 3516 transiero
2722 3465 2853 3513 tunc
2892 3456 3103 3512 videbis
3158 3455 3459 3526 posteriora
3500 3449 3670 3526 [mea],
3693 3459 3781 3502 cum

2244 3556 2511 3610 transiero
2561 3554 2628 3610 de
2667 3552 2771 3609 hoc
2815 3552 3016 3607 mundo
3062 3550 3131 3606 ad
3176 3548 3417 3616 Patrem,
3464 3545 3709 3619 posterius
3744 3539 3780 3592 in

2242 3664 2333 3706 me
2375 3647 2631 3704 credituri
2667 3654 2794 3702 sunt
2827 3659 3052 3716 quorum
3088 3651 3274 3714 typum
3300 3641 3464 3713 geris.
3495 3634 3634 3694 Tunc
3668 3631 3787 3690 enim

2242 3741 2550 3813 compuncti
2596 3740 2760 3796 corde
2802 3740 3089 3805 dixerunt,
3120 3736 3260 3805 Quid
3301 3732 3573 3790 iaciemus!
3599 3738 3645 3783 et
3668 3722 3787 3797 iussi

2243 3845 2367 3892 sunt
2394 3834 2465 3889 ab
2495 3832 2753 3904 apostolis
2799 3846 2957 3902 agere
2996 3830 3358 3901 paenitentiam
3398 3834 3446 3880 et
3474 3818 3715 3891 baptizari
3734 3818 3786 3871 in

2245 3928 2465 3984 nomine
2496 3926 2622 3982 Jesu
2653 3924 2874 3989 Christi,
2926 3932 2984 3978 ut
3036 3913 3418 3977 dimitterentur
3459 3914 3561 3970 illis
3584 3918 3789 3983 pacata

2242 4036 2453 4078 eorum.
2496 4018 2650 4088 Quod
2683 4018 2737 4074 in
2768 4017 2977 4087 psalmo
3027 4015 3121 4071 illo
3168 4014 3427 4086 sequitur,
3463 4024 3581 4065 cum
3615 4004 3792 4062 dictum

2241 4124 2415 4179 esset,
2444 4114 2541 4168 Die
2571 4127 2634 4169 ac
2656 4121 2815 4168 nocte
2841 4118 3059 4182 gravata
3082 4118 3165 4166 est
3194 4123 3360 4178 super
3388 4120 3472 4161 me
3500 4116 3679 4159 manus
3703 4108 3789 4161 tua,

2240 4208 2294 4264 id
2317 4216 2400 4263 est
2426 4216 2484 4262 ut
2507 4222 2613 4262 non
2646 4218 3031 4275 cognoscerem
3057 4202 3138 4275 [ut
3166 4194 3597 4271 cognoscerem],
3619 4195 3661 4248 si
3678 4190 3791 4248 enim

2240 4301 2636 4371 cognovissent,
2669 4311 2941 4365 nunquam
2980 4294 3265 4351 Dominum
3302 4291 3494 4362 gloria:
3542 4285 3791 4345 cruciﬁxis-

2242 4402 2397 4462 sent;
2427 4394 2669 4463 sequitur
2698 4402 2751 4449 et
2775 4391 2980 4464 jungit:
3011 4389 3315 4446 Conversus
3343 4402 3471 4444 sum
3508 4390 3565 4443 in
3601 4391 3791 4440 rerum:

2242 4504 2362 4545 mea
2385 4490 2508 4543 dum
2533 4488 2890 4558 conﬁgeretur
2905 4486 3089 4554 spina;
3115 4484 3167 4540 id
3189 4491 3273 4540 est
3292 4500 3307 4538 :
3329 4498 3457 4539 cum
3485 4496 3651 4540 essem
3663 4474 3789 4534 corde

2244 4593 2618 4654 compunctus.
2668 4580 2870 4638 Deinde
2900 4578 3143 4635 addidit:
3188 4578 3485 4634 Peccatum
3523 4586 3675 4633 meum
3707 4580 3781 4623 α)-

2241 4678 2421 4749 gnovi,
2446 4687 2501 4733 et
2532 4676 2739 4733 facinus
2769 4692 2950 4732 meum
2980 4690 3086 4731 non
3112 4674 3297 4743 operui
3322 4691 3337 4726 :
3373 4681 3711 4743 posteaquam
3724 4662 3785 4716 vi:

2239 4769 2434 4825 derunt
2486 4774 2687 4838 quanto
2747 4768 2950 4824 scelere
3005 4766 3277 4824 Christum
3330 4765 3717 4825 crucifixerinl.
3755 4763 3796 4812 εί

2239 4861 2363 4931 quia
2410 4870 2732 4931 receperunt
2780 4860 3062 4916 consilium
3114 4868 3172 4916 ut
3197 4868 3421 4930 agerent
3460 4854 3794 4929 penitentiam

2238 4963 2294 5012 et
2314 4957 2367 5012 in
2400 4956 2671 5025 baptismo
2698 4955 3077 5012 remissionem
3099 4955 3413 5025 acciperent
3443 4962 3802 5025 peccatorum

2244 5048 2386 5113 Dixi,
2436 5048 2643 5118 inquit,
2695 5048 3055 5120 pronuntiabo
3106 5047 3392 5104 adversum
3438 5063 3542 5103 me
3596 5046 3806 5102 delictum

2242 5158 2421 5199 meum
2474 5143 2723 5208 Domino,
2771 5150 2827 5197 et
2875 5149 2931 5196 tu
2978 5140 3235 5197 remisisti
3286 5139 3638 5211 impietatem
3669 5131 3811 5193 cordis

2244 5236 2372 5291 mei.
2404 5233 2554 5289 Hanc
2577 5241 2756 5289 autem
2788 5233 3131 5304 prophetiam
3156 5232 3333 5303 potius
3365 5231 3549 5289 fuisse
3581 5244 3734 5302 quam
3758 5224 3817 5279 lo-

2240 5335 2396 5383 cutus
2418 5336 2501 5383 est
2532 5327 2789 5383 Dominus
2821 5327 2886 5382 ad
2914 5326 3133 5398 Moysen
3183 5326 3317 5382 satis
3340 5340 3431 5381 res
3461 5325 3595 5397 ipsa
3622 5321 3819 5385 indicat,

2239 5422 2667 5493 quandoquidem
2697 5421 2765 5477 de
2814 5430 2963 5491 petra
2997 5420 3089 5476 vel
3119 5434 3349 5476 caverna
3380 5419 3512 5489 ejus
3547 5431 3609 5476 et
3631 5419 3699 5475 de
3734 5429 3825 5471 m-

2237 5529 2337 5570 nus
2358 5517 2472 5584 ejus
2496 5513 2946 5584 superpositione,
2964 5512 3033 5569 de
3049 5512 3265 5569 visione
3290 5514 3688 5583 posteriorum
3705 5507 3827 5578 eius.

2236 5606 2372 5662 nihil
2400 5616 2583 5677 postea
2613 5606 2809 5663 visibili
2836 5621 3001 5677 opere
3028 5605 3385 5662 subsecutum
3428 5604 3682 5676 legitur;
3724 5613 3833 5657 mox

2231 5702 2375 5757 enim
2399 5701 2640 5771 adiungit
2666 5701 2981 5770 interposito
3007 5700 3235 5757 articulo
3255 5699 3558 5769 Scriptura
3580 5718 3599 5757 :
3626 5700 3694 5757 Et
3714 5694 3836 5753 dixit

2229 5792 2487 5851 Dominus
2538 5794 2604 5851 ad
2645 5795 2867 5867 Moysen
2910 5812 2924 5849 :
2975 5794 3267 5874 cum‘ipse
3306 5792 3601 5852 Dominus
3663 5792 3835 5861 utique
