3968 6390
168 318 274 374 7M

1354 313 1790 374 THESAURUS.
1828 317 1982 374 CAP.
2023 316 2258 376 CXXIV.

3339 321 3446 380 742

167 437 336 492 etiam
381 438 468 492 illa
526 453 644 509 qua:
699 454 858 508 supra
907 446 1034 495 sunt
1075 439 1402 506 loqueretur,
1444 444 1604 502 atque
1633 435 1755 490 inde
1783 443 1833 502 Α
1859 437 1912 491 in
1943 436 2139 494 Vetere
2165 436 2514 492 Testamento
2545 449 2666 506 quze
2705 433 3048 489 convinceret
3076 441 3444 505 transgresso-
3501 445 3506 450 ‘

167 531 417 586 contexit
444 531 570 598 quid
602 531 862 600 deinceps
897 530 1157 586 Dominus
1194 531 1335 584 dicat
1379 547 1392 584 :
1432 527 1629 583 Excide
1662 527 1756 583 tibi

169 624 309 679 duas
333 625 543 680 tabulas
566 625 802 694 lapideas
823 626 965 680 sicut
995 633 1049 680 et
1080 625 1301 695 primas,
1323 634 1377 680 et
1405 632 1625 679 caetera.

710 729 938 817 CAPUT
991 760 1224 815 cxqu

173 873 446 940 Quomodo
501 874 685 928 tabula:
729 891 856 945 quas
898 884 1004 929 erat
1049 874 1248 944 Moyses
1281 872 1391 927 Deo
1418 875 1593 942 utique
1625 889 1759 944 pra:-

244 945 438 998 sciente
473 946 748 1013 fracturus,
782 963 882 998 non
913 947 975 998 ab
1007 947 1206 999 homine
1238 945 1477 998 dicantur
1508 962 1631 1010 esse,
1667 962 1761 1014 po-

241 1019 479 1069 steriores
507 1033 621 1069 vero
669 1018 719 1070 in
777 1017 1106 1070 tabernaculo
1139 1017 1232 1070 Dei
1266 1019 1447 1069 tandiu
1495 1032 1757 1070 mansura:

243 1088 307 1159 ab
337 1088 542 1159 homine
561 1089 772 1159 abscisa;
796 1090 897 1142 sint
925 1088 1001 1142 vel
1029 1089 1370 1159 conscripue.’
1401 1103 1465 1141 ea:
1489 1089 1662 1142 eodeni
1691 1089 1762 1141 ti-

243 1158 337 1212 bro
364 1156 716 1222 Quaslionum
749 1158 938 1214 Exodi.

246 1271 315 1325 Et
331 1273 546 1341 scripsit
568 1273 618 1328 in
648 1274 842 1330 tabulis
864 1275 1024 1330 verba
1051 1276 1412 1345 'l‘estamenti,
1431 1277 1620 1334 decem
1639 1291 1763 1332 ver-

173 1361 264 1417 ba.
300 1363 374 1419 De
404 1365 588 1434 Moyse
617 1366 818 1421 dictum
847 1377 963 1435 est,
996 1369 1137 1439 quod
1168 1370 1280 1440 ipse
1314 1371 1627 1441 scripserit,
1676 1371 1760 1426 cui

175 1455 340 1510 etiam
387 1455 532 1512 Deus
579 1458 737 1524 paulo
777 1469 902 1514 ante
943 1460 1197 1516 dixerat:
1234 1462 1423 1518 Scribe
1465 1463 1558 1518 tibi
1600 1463 1760 1518 verba

175 1545 314 1600 haec.
343 1544 475 1601 Cum
496 1563 626 1603 vero
645 1549 870 1618 primum
909 1551 1077 1620 legem
1111 1555 1336 1623 accepit,
1368 1553 1524 1624 cujus
1554 1554 1762 1610 tabulas

174 1640 378 1710 abjecit
398 1654 453 1698 et
480 1641 660 1714 fregit,
685 1661 785 1702 nec
806 1646 922 1715 ipse
941 1647 1212 1704 excidisse
1242 1649 1415 1704 dictus
1445 1661 1526 1704 est
1552 1649 1764 1704 tabulas

176 1731 436 1802 lapideas,
455 1746 510 1790 et
539 1738 702 1792 modo
727 1739 927 1794 dictum
958 1749 1070 1808 est,
1096 1741 1299 1797 Excide
1330 1743 1424 1796 tibi
1453 1743 1584 1796 duas
1612 1743 1762 1796 tabu-

1861 545 1970 596 res,
1986 547 2102 601 qua:
2116 531 2440 586 subintravit
2465 538 2521 584 ut
2541 530 2840 584 abundaret
2862 528 3143 582 delictum.
3161 528 3278 583 Non
3298 532 3442 586 enim

1862 623 2395 694 implebaturtimore
2419 638 2536 694 qua:
2562 638 2664 676 non
2688 621 3004 691 implebatur
3022 619 3282 674 charitate
3307 619 3447 691 [qure

1863 729 1970 769 non
2013 717 2314 785 completur
2355 715 2460 770 nisi
2491 710 2797 784 charitate].
2836 711 2902 766 Et
2929 711 3050 767 ideo
3083 711 3280 766 dicitur
3311 727 3447 781 opus

1863 807 1958 862 Dei
2004 807 2126 877 quia
2179 808 2317 863 Deus
2366 809 2539 878 legem
2582 806 2882 871 constituit,
2917 805 3056 860 Deus
3098 806 3443 876 conseripsit.

1863 897 2080 953 Nullum
2113 914 2248 969 opus
2279 901 2548 965 hominis,
2583 900 2703 969 quia
2738 899 2897 952 homo
2941 897 3052 952 Deo
3092 912 3198 952 non
3238 899 3448 953 obtem-

1864 993 2094 1061 peravit,
2120 1002 2172 1047 et
2205 1008 2326 1048 eum
2358 994 2532 1062 potius
2556 1008 2705 1048 reum
2731 992 2814 1047 lex
2837 991 2980 1046 fecit.
3009 991 3064 1046 ln
3091 992 3336 1048 secundis
3356 1008 3450 1048 au-

1867 1093 1974 1139 tem
2004 1085 2218 1144 tabulis,
2256 1085 2418 1139 homo
2447 1101 2542 1155 per
2583 1085 2906 1156 adjutoriuni
2953 1083 3056 1140 Dei
3088 1085 3294 1140 tabulas
3324 1085 3450 1140 facit

1865 1187 2028 1249 atque
2051 1179 2364 1244 conscribit,
2399 1180 2523 1249 quia
2574 1181 2808 1236 charitas
2847 1178 2980 1234 Novi
3010 1178 3337 1234 Testamenti
3369 1179 3446 1236 le-

1865 1290 1986 1344 gem
2015 1273 2158 1340 fecit,
2194 1273 2335 1328 unde
2361 1273 2493 1328 dicit
2521 1273 2776 1329 Dominus
2807 1292 2817 1326 :
2847 1273 2961 1329 Non
2989 1274 3109 1328 veni
3139 1273 3309 1343 legem
3340 1273 3450 1328 sol-

1865 1382 1994 1421 vere
2021 1367 2114 1422 sed
2141 1366 2387 1436 implere.
2421 1365 2562 1422 Dicit
2589 1378 2766 1421 autem
2809 1369 3131 1438 Apostolus:
3167 1365 3448 1422 Plenitudo

1866 1459 1998 1530 legis
2024 1458 2259 1514 eharitas
2283 1467 2338 1513 et
2367 1458 2497 1514 ﬁdes
2523 1473 2642 1528 quae
2669 1473 2765 1528 per
2796 1459 3137 1514 dilectionem
3169 1469 3445 1529 operatur.

1867 1549 2090 1604 Factum
2117 1561 2201 1604 est
2231 1551 2410 1620 itaque
2437 1549 2639 1604 homini
2667 1550 2823 1606 facile
2847 1550 2898 1605 in
2929 1550 3078 1606 Novo
3102 1551 3451 1607 Testamento

1867 1644 2008 1714 quod
2041 1646 2090 1698 in
2122 1643 2320 1699 Vetere
2357 1644 2574 1700 difficile
2625 1645 2740 1708 fuit,
2773 1644 2991 1700 habenti
3022 1644 3178 1699 fidem
3213 1662 3330 1716 qua:
3359 1662 3454 1716 per

1826 1743 1845 1766 '
1867 1737 2212 1793 dilectionem
2261 1749 2542 1809 operatur,
2575 1747 2734 1807 atque
2766 1738 2860 1793 illo
2906 1739 3072 1809 digito
3099 1738 3214 1804 Dei,
3242 1741 3341 1796 huc
3372 1750 3455 1798 est

179 1825 261 1881 las
292 1827 535 1896 lapideas
562 1846 574 1894 ;
609 1845 706 1885 nec
734 1831 784 1886 ei
813 1834 1012 1887 dictum
1043 1841 1126 1888 est
1154 1843 1210 1889 ut
1239 1835 1521 1901 scriberet,
1549 1835 1686 1890 sicut
1711 1834 1760 1889 ei
1790 1841 1842 1906 Β
1870 1830 2074 1900 Spiritu
2106 1832 2225 1898 Dei,
2257 1832 2403 1886 intus
2435 1847 2556 1886 eam
2591 1833 2643 1884 in
2679 1831 2840 1887 corde
2872 1833 3161 1896 scribente,
3194 1849 3298 1888 non
3323 1832 3456 1888 foris

183 1919 350 1972 modo
379 1921 604 1986 dicitur;
638 1937 738 1978 nec
763 1938 858 1979 eas
883 1926 996 1994 ipse
1016 1925 1295 1996 scripsisse
1320 1933 1590 1994 narratur,
1620 1926 1762 1981 sicut

178 2014 346 2070 modo
375 2026 558 2071 narrat
607 2018 884 2089 Scriptura
923 2030 977 2076 et
1013 2021 1180 2076 dicit:
1211 2020 1437 2090 Scripsit
1476 2023 1528 2075 in
1570 2021 1763 2077 tabulis

178 2109 344 2164 verba
369 2109 722 2179 Testamenti,
747 2114 932 2169 decem
957 2115 1148 2180 verba;
1172 2115 1263 2170 sed
1289 2125 1413 2170 tunc
1435 2114 1634 2170 dictum
1657 2123 1760 2180 est,

178 2199 250 2254 Et
277 2202 424 2257 dedit
451 2205 621 2276 Moysi
663 2206 846 2262 statim
885 2217 944 2261 ut
998 2207 1227 2262 cessavit
1273 2209 1418 2277 loqui
1464 2208 1530 2262 ad
1559 2223 1680 2262 cum
1710 2209 1762 2263 in

175 2297 540 2352 inonte-Sinai
569 2298 705 2354 duas
762 2299 973 2354 tabulas
1022 2299 1364 2365 Testimonii,
1398 2299 1607 2354 tabulas
1637 2299 1765 2369 lapi-

175 2384 310 2438 deas
339 2388 567 2455 scriptas
596 2390 762 2458 digito
791 2391 884 2445 Dei
908 2407 920 2455 ;
955 2389 1150 2446 deinde
1175 2391 1332 2460 paulo
1361 2399 1478 2459 post
1505 2407 1516 2442 :
1553 2391 1618 2444 Et
1641 2406 1770 2444 con-

179 2490 392 2544 versus,
426 2481 620 2547 inquit,
653 2484 867 2550 Moyses
901 2483 1176 2537 descendit
1221 2485 1288 2538 de
1331 2494 1532 2548 monte,
1567 2492 1619 2538 et
1649 2483 1770 2537 dua:

177 2571 379 2625 tabulas
407 2571 726 2629 Testimonii
751 2575 804 2628 in
833 2576 1080 2630 manibus
1106 2575 1222 2645 ejus
1241 2617 1257 2642 ,
1287 2575 1480 2631 tabula:
1508 2576 1764 2644 lapideae,

175 2662 396 2732 scripta:
432 2678 499 2719 ex
540 2675 770 2735 utraque
805 2676 955 2736 parte
1003 2683 1210 2734 earum,
1268 2669 1391 2724 hinc
1437 2678 1596 2740 atque
1648 2671 1774 2726 hinc

175 2763 336 2807 erant
369 2757 608 2825 scriptas,
635 2768 692 2814 et
716 2759 912 2814 tabula:
939 2773 1074 2829 opus
1102 2761 1196 2815 Dei
1243 2771 1419 2827 erant,
1472 2771 1527 2817 et
1557 2764 1770 2832 scriptze

175 2845 276 2902 Dei
325 2859 441 2904 erat
489 2852 697 2921 sculpta
739 2854 792 2907 in
851 2854 1068 2910 tabulis.
1107 2855 1339 2910 Proinde
1377 2872 1569 2928 magna
1600 2858 1772 2911 oritur

176 2943 437 3010 quaestio:
461 2943 747 3009 Quomodo
770 2946 878 3000 illae
901 2947 1100 3002 tabula:
1120 2961 1256 3018 quas
1287 2960 1402 3004 erat
1426 2949 1636 3022 Moyses
1659 2951 1770 3005 Deo

176 3031 364 3102 utique
391 3035 709 3102 praesciente
735 3037 1024 3105 fracturus,
1076 3055 1183 3094 non
1241 3039 1474 3095 hominis
1527 3057 1661 3110 Opus
1691 3041 1770 3095 di-

177 3133 368 3180 cantur
382 3141 524 3195 esse,
549 3129 643 3184 sed
668 3130 787 3198 Dei;
806 3145 905 3185 nec
925 3131 993 3186 ab
1017 3130 1235 3187 homine
1256 3133 1491 3202 scriptae,
1516 3133 1611 3188 sed
1637 3136 1770 3188 scri-

1869 1924 1921 1977 in
1951 1923 2157 1992 lapide;
2188 1923 2329 1979 unde
2359 1924 2490 1978 dicit
2519 1924 2840 1994 Apostolus:
2871 1923 2988 1979 Non
3014 1925 3065 1978 in
3099 1925 3292 1982 tabulis
3322 1927 3456 1998 lapi-

1867 2013 2001 2078 deis,
2034 2015 2129 2070 sed
2162 2017 2214 2070 in
2249 2016 2442 2072 tabulis
2473 2017 2652 2072 cordis
2683 2017 3008 2086 carnalibus,
3042 2019 3296 2089 quoniam
3327 2019 3456 2074 cha-

1867 2108 1997 2163 ritas
2022 2109 2146 2174 Dei,
2177 2124 2278 2179 qua
2313 2105 2576 2164 veraCiter
2605 2109 2855 2179 impletur
2885 2120 3232 2180 praeceptum,
3263 2109 3457 2166 ditl‘u'sa

1869 2211 1952 2258 est
1979 2202 2033 2255 in
2062 2201 2320 2257 cordibus
2347 2203 2546 2257 nostris
2579 2216 2674 2271 per
2699 2202 2956 2271 Spiritum
2981 2214 3223 2257 sanctum
3247 2204 3334 2272 qui
3360 2201 3458 2255 da-

1869 2305 1954 2350 tus
1977 2305 2061 2350 est
2086 2295 2262 2350 nobis.
2293 2296 2407 2350 Hoc
2439 2304 2524 2350 est
2547 2311 2675 2364 ergo
2709 2297 2878 2362 primo
2907 2295 3029 2348 data
3056 2305 3140 2350 est
3168 2296 3255 2350 lex
3281 2295 3367 2349 ubi
3386 2295 3459 2350 si-

1870 2386 2158 2456 gnificatur
2186 2386 2353 2441 Vetus
2397 2387 2833 2452 Testamentum,
2886 2387 3025 2456 quod
3067 2397 3150 2441 est
3182 2402 3315 2456 opus
3349 2399 3458 2442 tan-

1874 2479 2153 2534 tummodo
2180 2480 2274 2534 Dei
2308 2488 2363 2534 et
2389 2478 2715 2549 conscriptio
2743 2478 2892 2550 digiti
2918 2479 3035 2546 Dei,
3060 2481 3201 2549 quod
3227 2480 3461 2548 Aposto-

1872 2572 1956 2626 lus
1979 2571 2138 2627 dicit:
2162 2573 2346 2643 ltaque
2375 2573 2462 2628 lex
2486 2572 2699 2642 quidem
2720 2582 2904 2627 sancta
2930 2581 2984 2627 et
3005 2571 3312 2626 mandatum
3339 2587 3460 2626 san~

1871 2674 2016 2720 ctum
2048 2675 2100 2721 et
2123 2665 2326 2736 justum
2360 2676 2414 2722 et
2445 2666 2665 2721 bonum.
2705 2666 2812 2720 Lex
2843 2681 2971 2738 ergo
3003 2675 3185 2721 sancta
3226 2675 3279 2720 et
3321 2665 3463 2723 bona

1873 2757 1969 2812 Dei
1997 2772 2130 2827 opus
2156 2767 2258 2822 est,
2283 2759 2372 2813 ubi
2396 2759 2558 2814 homo
2587 2759 2721 2813 nihil
2750 2758 2878 2829 agit,
2902 2761 3028 2830 quia
3058 2775 3162 2814 non
3187 2759 3463 2828 obtempe~

1873 2859 1975 2916 rat,
2008 2850 2102 2905 sed
2138 2851 2315 2920 potius
2357 2862 2510 2906 reatu
2551 2850 2814 2920 premitur
2854 2853 2971 2920 lege
3019 2852 3256 2906 minante
3301 2859 3466 2921 atque

1873 2939 2188 2996 damnante.
2216 2941 2503 2996 Peccatum
2537 2940 2703 3008 enim,
2738 2942 2928 3010 inquit,
2976 2950 3034 2996 ut
3060 2950 3315 3010 appareat
3344 2955 3464 3010 pec-

1873 3041 2074 3098 catum,
2110 3048 2206 3103 per
2238 3034 2436 3088 bonum
2462 3032 2595 3088 mihi
2625 3043 2904 3104 operatum
2937 3041 3019 3089 est
3040 3043 3301 3101 mortem;
3336 3034 3462 3090 bea-

1877 3133 1960 3179 tus
1989 3135 2163 3180 autem
2193 3125 2353 3181 homo
2382 3135 2483 3194 est,
2510 3142 2632 3181 cum
2665 3126 2765 3181 hoc
2795 3128 3106 3183 mandatum
3133 3136 3377 3183 sanctum
3408 3136 3463 3184 et

177 3227 287 3286 pta
317 3218 484 3288 digito
514 3219 609 3276 Dei
635 3238 649 3274 :
686 3222 1010 3290 posteriores
1031 3237 1160 3280 vero
1190 3225 1385 3280 tabula:
1415 3225 1596 3281 tandiu
1623 3241 1770 3282 man-

1878 3217 2077 3287 justum
2108 3228 2161 3273 et
2187 3219 2388 3275 bonum
2418 3230 2500 3276 est
2530 3220 2694 3276 etiam
2738 3219 2908 3294 [facit,
2959 3221 3062 3278 hoc
3106 3219 3294 3292 etiam]
3332 3237 3468 3292 opus

177 3324 342 3378 surae,
370 3320 426 3367 et
455 3314 507 3367 in
540 3315 890 3372 tabernaculo
917 3331 982 3372 ac
1021 3321 1220 3389 templo
1277 3319 1374 3376 Dei
1425 3321 1636 3387 futurae,
1674 3323 1766 3392 ju-

177 3402 339 3459 bente
365 3407 581 3475 quidem
611 3409 722 3464 Deo
751 3418 935 3466 tamen
961 3409 1030 3466 ab
1075 3412 1291 3468 homine
1321 3415 1516 3469 excisae
1543 3415 1670 3481 sint,
1702 3417 1772 3472 ab

177 3494 402 3552 homine
431 3500 650 3570 scriptae
677 3500 808 3572 [tam
854 3504 921 3558 ab
969 3503 1187 3559 homine
1215 3506 1410 3560 excisae
1439 3507 1546 3561 sint
1566 3549 1578 3570 ,
1609 3523 1768 3576 quam

177 3592 250 3644 ab
273 3591 492 3648 homine
509 3593 783 3665 scriptae]?
814 3597 894 3650 An
924 3595 1062 3651 forte
1085 3598 1138 3652 in
1169 3597 1274 3651 illis
1305 3599 1572 3666 prioribus
1603 3601 1770 3669 gratia

177 3683 278 3741 Dei
301 3685 725 3755 signiﬁcabatur,
758 3702 865 3744 non
894 3689 1129 3745 hominis
1160 3704 1317 3761 opus,
1357 3705 1458 3761 qua
1490 3691 1658 3762 gratia
1693 3692 1774 3747 in-

179 3779 332 3848 digni
385 3780 508 3836 facti
557 3793 704 3850 sunt,
757 3793 1093 3839 revertentes
1118 3785 1284 3841 corde
1315 3786 1372 3840 in
1397 3784 1692 3857 AEgyptum
1719 3796 1772 3841 et

176 3867 442 3928 facientes
467 3873 691 3941 idolum,
724 3877 865 3932 unde
895 3875 990 3932 illo
1020 3878 1284 3935 beneficio
1317 3881 1508 3950 privati
1539 3889 1686 3947 sunt,
1719 3889 1774 3936 et

179 3975 471 4034 prOpterea
518 3967 732 4037 Moyses
779 3970 986 4025 tabulas
1039 3972 1220 4042 fregit,
1270 3973 1385 4028 istis
1414 3989 1543 4029 vero
1575 3975 1773 4030 tabulis

182 4055 579 4123 posterioribus
614 4059 902 4127 significati
950 4071 1078 4116 sunt
1115 4064 1205 4131 qui
1257 4064 1326 4120 de
1367 4067 1478 4120 suis
1523 4067 1775 4133 operibus

181 4144 518 4215 gloriantur;
572 4148 716 4204 unde
761 4151 890 4205 dicit
940 4153 1230 4222 Apostolus
1265 4173 1278 4207 :
1313 4153 1625 4224 lgnorantes
1680 4157 1775 4211 Dei

176 4238 470 4311 justitiam,
504 4250 559 4298 et
586 4258 737 4297 suam
778 4247 1025 4300 volentes
1062 4249 1413 4314 constituere,
1441 4248 1658 4318 justitize
1687 4250 1776 4306 Dei

178 4345 294 4386 non
349 4340 477 4386 sunt
523 4333 786 4402 subjecri;
837 4345 891 4390 et
931 4337 1054 4393 ideo
1086 4339 1281 4393 tabula:
1330 4340 1567 4395 humano
1613 4355 1778 4411 opere

181 4427 414 4496 sculptae
442 4437 497 4484 et
524 4429 762 4485 humano
791 4445 956 4499 opere
983 4430 1199 4504 scripta:
1226 4433 1384 4490 dicta:
1421 4433 1603 4509 [datst]
1628 4445 1774 4502 sunt,

179 4533 310 4590 qua:
335 4534 456 4574 cum
499 4521 630 4590 ipsis
685 4532 988 4591 manerent,
1037 4526 1102 4580 ad
1158 4541 1252 4582 eos
1288 4528 1666 4599 signiﬁcandos
1711 4529 1778 4584 de

1873 3311 2012 3380 ejus,
2047 3311 2139 3366 sed
2176 3327 2270 3380 per
2293 3314 2526 3382 gratiam
2559 3312 2673 3368 Dei.

2417 3453 2646 3509 CAPUT
2684 3452 2923 3510 CXXIV.

1874 3540 2298 3616 Btasphemiaiin
2339 3545 2594 3611 Spiritum
2632 3554 2866 3599 sanctum
2897 3562 3014 3616 qua
3041 3562 3145 3600 non
3183 3549 3470 3602 remittetur

1945 3630 2048 3666 uno
2093 3615 2298 3668 nomine
2334 3617 2500 3668 vocari
2543 3626 2706 3685 potest
2755 3618 3221 3685 iiitpaeititeiitia,id
3270 3629 3344 3672 est
3379 3635 3470 3672 cor

1946 3687 2292 3751 impmnitens;
2325 3702 2389 3740 ca:
2423 3703 2654 3740 sermone
2681 3687 2749 3739 ad
2779 3689 3060 3757 papulmn:
3089 3691 3216 3755 Quae
3243 3691 3306 3746 sit
3338 3691 3468 3746 irre-

1945 3757 2209 3811 missibilie
2239 3759 2554 3829 blasphemia
2590 3759 2643 3812 in
2675 3757 2930 3830 Spiritum
2960 3769 3215 3816 sanctum.

1947 3872 2106 3927 Prius
2149 3887 2277 3943 ergo
2323 3881 2381 3927 ut
2427 3873 2720 3928 advertatis
2765 3885 2819 3928 et
2862 3873 3169 3945 intelligatis
3202 3874 3471 3932 admoneo

1874 3981 1982 4020 non
2009 3966 2208 4020 dixisse
2242 3965 2559 4021 Dominum:
2591 3966 2779 4022 Omnis
2809 3966 3142 4036 blasphemia
3177 3967 3228 4020 in
3259 3965 3466 4034 Spiritu

1875 4073 1983 4113 non
2014 4057 2324 4122 remittitur;
2356 4073 2531 4125 neque
2562 4057 2803 4112 dixisse:
2832 4058 2933 4122 Qui
2963 4057 3159 4112 dixerit
3186 4058 3460 4124 quodcun-

1877 4166 1981 4221 que
2005 4154 2224 4205 verbum
2248 4163 2430 4204 contra
2458 4152 2713 4218 Spiritum
2740 4158 3005 4218 sanctum,
3033 4165 3140 4205 non
3164 4151 3470 4205 remittetur

1879 4243 1926 4298 ei
1947 4261 1960 4310 ;
1979 4244 2092 4309 sed,
2107 4245 2196 4313 qui
2217 4243 2416 4300 dixerit
2431 4243 2674 4298 verbum.
2697 4241 2827 4297 Illud
2845 4244 2989 4298 enim
3011 4245 3056 4298 si
3075 4241 3320 4306 dixisset,
3337 4242 3472 4298 nihil

1880 4340 2034 4393 nobis
2064 4339 2284 4394 omnino
2324 4344 2632 4394 remaneret
2671 4337 2813 4392 unde
2855 4338 3131 4407 disputare
3161 4350 3464 4407 possemus,

1881 4432 2131 4502 quoniam
2159 4430 2203 4484 si
2230 4431 2406 4485 omnis
2444 4429 2770 4501 blasphemia
2798 4441 2850 4486 et
2879 4446 3037 4488 omne
3064 4431 3288 4487 verbum
3325 4429 3467 4501 quod

1880 4527 2076 4581 dicitur
2097 4535 2278 4581 contra
2302 4525 2560 4594 Spiritum
2593 4535 2834 4581 sanctum
2861 4541 2965 4580 non
2989 4527 3349 4582 remitteretur
3375 4527 3469 4581 ho-

179 4612 300 4668 suis
341 4613 595 4680 operibus
621 4614 947 4684 gloriaturos
967 4659 981 4685 ,
1024 4633 1130 4674 non
1161 4618 1228 4675 de
1278 4621 1446 4691 digito
1493 4623 1620 4688 Dei,
1674 4623 1777 4679 hoc
1803 4619 2146 4685 Dminibus,
2177 4633 2242 4673 ex
2273 4618 2419 4674 nullo
2445 4633 2644 4688 genere
2673 4618 2966 4688 impietatis
2991 4633 3180 4674 eorum
3209 4620 3296 4688 qui
3327 4618 3474 4675 dono

181 4714 271 4761 est
294 4705 362 4760 de
383 4706 587 4775 Spiritu
611 4707 748 4762 Dei?
778 4710 935 4765 Certe
968 4725 1096 4782 ergo
1128 4715 1379 4784 repetitio
1408 4716 1539 4786 legis
1572 4717 1775 4772 Novum

183 4798 599 4854 Testamentum
624 4801 920 4870 significat;
951 4805 1076 4858 illud
1101 4817 1281 4861 autem
1314 4807 1480 4862 Vetus
1509 4810 1779 4879 significa-

185 4894 302 4960 bat,
317 4897 460 4950 unde
473 4895 804 4950 confractum
819 4907 874 4951 et
888 4897 1143 4952 abolitum
1158 4908 1263 4964 est,
1280 4903 1510 4956 maxime
1527 4906 1781 4973 quoniam

185 5002 309 5043 cum
326 4990 563 5044 secundo
585 4989 667 5046 lex
689 4989 866 5058 datur,
885 4992 1031 5045 nullo
1051 5001 1256 5046 terrore
1282 4994 1455 5058 datur,
1473 4997 1602 5050 sicut
1625 4997 1710 5050 illa
1728 4999 1780 5052 in

188 5090 342 5136 tanto
365 5083 589 5154 strepitu
617 5085 840 5154 ignium,
870 5085 1087 5139 nubium
1112 5096 1166 5140 et
1199 5087 1466 5155 tubarum,
1501 5089 1646 5146 unde
1672 5101 1778 5146 tre-

182 5175 456 5231 mefactus
489 5177 716 5245 populus
746 5177 883 5233 dixit
912 5193 928 5231 :
958 5178 1072 5232 Non
1108 5179 1362 5249 loquatur
1416 5181 1561 5236 Deus
1584 5183 1648 5236 ad
1681 5199 1780 5240 nos

184 5285 258 5324 ne
290 5269 608 5323 moriamur:
636 5271 780 5325 unde
810 5271 1144 5342 significatur
1175 5273 1336 5327 timor
1359 5287 1478 5328 esse
1512 5274 1563 5327 in
1589 5274 1783 5330 Vetere

183 5361 555 5422 Testamento,
591 5363 644 5415 in
675 5359 826 5417 Novo
875 5361 1113 5417 dilectio.
1168 5361 1452 5429 Quomodo
1484 5363 1643 5431 igitur
1671 5365 1784 5452 haec

185 5455 417 5511 solvitur
455 5456 705 5525 qumstio,
761 5472 926 5526 quare
985 5458 1090 5511 illa:
1139 5472 1274 5528 opus
1322 5457 1438 5523 Dei,
1476 5461 1591 5513 ista:
1646 5475 1784 5529 opus

187 5547 452 5611 hominis,
483 5554 538 5600 et
565 5546 669 5601 illa:
690 5547 1016 5618 conscriptae
1063 5549 1232 5618 digito
1274 5550 1391 5616 Dei,
1418 5552 1535 5607 ista:
1567 5554 1783 5622 scripta:

185 5639 260 5692 ab
295 5637 542 5691 homine?
572 5654 636 5691 an
668 5635 804 5693 forte
852 5637 973 5694 ideo
1025 5642 1194 5711 magis
1249 5643 1300 5696 in
1355 5644 1463 5699 illis
1510 5646 1780 5714 prioribus

186 5730 361 5785 Vetus
392 5731 751 5799 signiﬁcatum
782 5739 864 5785 cst
915 5730 1338 5802 Testamentum,
1373 5737 1493 5806 quia
1527 5736 1669 5792 Deus
1706 5738 1783 5794 ibi

187 5824 467 5899 praecepit,
499 5825 592 5880 sed
624 5823 786 5880 homo
815 5839 922 5880 non
954 5823 1099 5880 fecit.
1149 5825 1261 5882 Lex
1307 5829 1450 5884 enim
1495 5831 1668 5900 posita
1697 5841 1781 5887 est

1887 4709 2083 4766 Christi
2124 4719 2177 4765 et
2216 4709 2630 4764 sanctificationi
2667 4708 2918 4766 Ecclesiae
2961 4711 3355 4778 contradicunt,
3387 4711 3476 4768 vel

1887 4819 2214 4875 paganorum
2243 4803 2350 4874 77
2373 4801 2453 4856 vel
2481 4803 2813 4868 Judazorum,
2841 4812 2934 4858 aut
2957 4803 3084 4878 [vel]
3114 4804 3478 4876 quorumlibet

1890 4900 2288 4964 hxreticorum,
2310 4899 2688 4951 nonnullorum
2714 4900 2874 4953 etiam
2889 4899 2942 4953 in
2964 4899 3076 4970 ipsa
3098 4899 3362 4954 catholica
3379 4899 3478 4952 im-

1890 4993 2208 5060 peritorum,
2225 5004 2546 5059 quemquam
2564 4991 2802 5045 Ecclesia
2819 4991 3134 5047 lucraretur.
3150 4990 3258 5046 Sed
3271 4990 3411 5044 absit
3425 4999 3482 5052 ut

1892 5081 1992 5136 hoc
2015 5082 2271 5135 Dominus
2298 5080 2524 5147 diceret,
2553 5081 2712 5149 absit,
2741 5082 2981 5153 inquam,
3016 5091 3076 5136 ut
3098 5082 3306 5136 Veritas
3333 5080 3482 5136 dice~

1889 5163 1992 5240 ret,
2012 5188 2226 5226 omnem
2251 5171 2641 5241 blasphemiam
2659 5175 2742 5230 vel
2771 5191 2934 5231 omne
2950 5173 3168 5229 verbum
3190 5171 3332 5242 quod
3352 5186 3481 5228 con-

1891 5275 1971 5320 tra
1999 5267 2255 5335 Spiritum
2279 5274 2520 5321 sanctum
2545 5266 2836 5333 diceretur,
2856 5283 2963 5322 non
2985 5264 3182 5320 habere
3207 5264 3482 5319 remissio-

1893 5377 2016 5415 nem
2047 5377 2220 5431 neque
2249 5362 2300 5415 in
2334 5364 2437 5416 hoc
2466 5363 2670 5417 saeculo
2698 5375 2873 5430 neque
2895 5361 2948 5413 in
2979 5358 3178 5413 futuro.
3211 5357 3488 5413 Exercere

1894 5455 2091 5524 quippe
2117 5470 2218 5508 nos
2243 5454 2408 5508 voluit
2452 5453 2771 5510 difficultate
2815 5451 3150 5522 quaestionis,
3197 5466 3304 5507 non
3333 5450 3482 5506 deci-

1897 5563 2026 5618 pere
2064 5549 2348 5602 seutentiae
2395 5549 2649 5603 facultate
2699 5546 3048 5620 [difficultate
3079 5546 3158 5602 vel
3202 5541 3480 5615 falsitate].

1893 5643 2233 5710 Quapropter
2259 5656 2362 5694 non
2415 5651 2496 5696 est
2521 5654 2742 5696 necesse
2764 5649 2824 5696 ut
2849 5654 3062 5696 omnem
3086 5637 3481 5710 blasphemiam

1893 5747 1945 5791 et
1977 5750 2136 5790 omne
2166 5734 2388 5789 verbum
2429 5734 2572 5805 quod
2598 5733 2796 5788 dicitur
2834 5742 3022 5790 contra
3060 5733 3320 5803 Spiritum
3351 5747 3483 5787 san-

1890 5839 2057 5898 ctum,
2089 5827 2460 5886 remissionem
2485 5827 2767 5900 quisquam
2797 5826 3072 5886 existimet
3108 5842 3216 5884 non
3254 5826 3455 5884 habere
