3968 6390
515 348 619 410 743

1604 351 1667 409 D.
1699 342 2019 411 EUGYPPII
2046 350 2336 410 ABBATIS
2368 348 2693 409 AFRICANI

3687 342 3785 401 7M

505 468 607 528 sed
633 483 857 528 necesse
876 478 961 528 est
981 466 1137 543 plane
1156 480 1211 527 ut
1230 469 1300 525 sit
1328 469 1505 542 aliqua
1533 471 1862 542 blasphemia
1887 481 1944 528 et
1970 471 2073 527 ali-
2100 473 2154 534 Δ
2180 481 2488 542 peccatores
2531 460 2770 539 Iudaeos,
2816 469 3027 526 etiamsi
3056 468 3312 524 Dominus
3339 481 3458 523 non
3502 465 3775 534 venisset,

507 563 658 634 quod
680 565 923 632 verbum,
964 566 1104 636 quod
1132 565 1179 619 si
1220 565 1425 620 dicatur
1448 573 1633 621 contra
1660 566 1917 635 Spiritum
1961 580 2083 620 san-

509 662 657 710 ctum
681 658 880 712 nullam
904 672 1137 727 unquam
1191 657 1404 712 veniam
1456 657 1934 726 remissionemque
1960 675 2077 715 me-

509 754 732 803 reatur:
762 748 883 819 quia
908 748 955 803 si
983 763 1145 805 omne
1166 748 1568 819 acceperimus,
1600 751 1840 821 quisnam
1883 751 2082 821 poterit

509 839 741 895 salvari?
764 841 810 896 si
837 850 1019 897 autem
1049 859 1261 899 rursum
1293 845 1495 900 nullum
1539 848 1922 914 putaverimus,
1953 862 2086 904 con-

512 931 825 987 tradicimus
871 932 1164 990 Salvatori.
1209 936 1304 991 Est
1363 951 1488 1007 ergo
1534 936 1651 993 sine
1696 938 1857 995 dubio
1906 941 2084 1012 aliqua

510 1022 843 1091 blaSphemia
869 1035 924 1081 et
943 1027 1159 1098 aliquod
1188 1028 1437 1096 verbum,
1462 1030 1603 1101 quod
1632 1031 1677 1086 si
1699 1031 1903 1087 dictum
1929 1035 2089 1089 luerit

508 1124 693 1171 contra
710 1117 967 1188 Spiritum
988 1130 1254 1190 sanctum,
1271 1137 1376 1177 nou
1393 1124 1716 1179 remittetur.
1733 1125 1885 1193 Quod
1904 1125 2085 1199 [Quid]

508 1210 584 1265 sit
612 1220 790 1267 autem
814 1214 915 1269 hoc
940 1216 1167 1271 verbum
1197 1219 1365 1287 quaari
1390 1233 1420 1272 a
1442 1218 1598 1274 nobis
1623 1220 1877 1276 Dominus
1897 1217 2085 1288 voluit,

508 1300 635 1358 ideo
665 1320 771 1360 non
801 1309 1089 1376 expressit.
1121 1310 1322 1377 Quaeri,
1352 1310 1595 1382 inquam,
1628 1314 1819 1380 voluit,
1850 1328 1955 1368 non
1987 1328 2085 1369 ne-

510 1396 647 1465 gari.
680 1397 866 1455 Solent
895 1401 1037 1456 enim
1067 1403 1358 1473 Scriptura:
1389 1405 1461 1459 ita
1485 1406 1650 1476 loqui,
1674 1416 1731 1462 ut
1753 1407 1966 1478 quando
1986 1407 2088 1462 ali-

511 1488 640 1557 quid
668 1488 745 1544 sic
763 1491 977 1560 dicitur,
1009 1502 1066 1549 ut
1103 1510 1281 1565 neque
1332 1510 1399 1550 ex
1449 1506 1560 1551 toto
1602 1513 1773 1568 neque
1814 1514 1883 1554 ex
1931 1487 2088 1569 parte

511 1579 711 1637 dictum
756 1584 1061 1653 deﬁniatur,
1113 1605 1219 1645 non
1268 1592 1337 1646 sit
1382 1605 1603 1647 necesse
1634 1600 1690 1647 ut
1718 1608 1784 1647 ex
1814 1601 1927 1648 toto
1957 1593 2075 1649 ﬁeri

511 1674 710 1740 possit,
746 1685 803 1729 ut
828 1692 893 1733 ex
922 1689 1072 1747 parte
1106 1697 1235 1736 non.
1262 1682 1367 1738 Ista
1399 1699 1527 1755 ergo
1560 1683 1824 1740 sententia
1855 1702 1923 1741 ex
1953 1695 2085 1752 toto,

512 1762 568 1818 id
615 1776 697 1821 est
742 1767 1121 1827 universaliter
1170 1775 1644 1842 pronuntiaretur,
1693 1777 1739 1831 si
1782 1775 2086 1845 diceretur,

2186 564 2544 636 agnoscimus.
2569 564 2671 620 Sed
2699 574 2875 620 tamen
2902 562 3024 632 quia
3055 562 3253 617 dictum
3282 569 3404 627 est,
3443 558 3513 616 Si
3548 573 3663 614 non
3690 576 3776 617 ve-

2186 657 2386 715 nissem
2428 667 2704 727 peccatum
2740 671 2845 711 non
2876 654 3169 719 haberent,
3210 651 3335 707 inde
3383 664 3635 707 necesse
3679 660 3773 719 est,

2187 755 2349 811 etiam
2374 755 2417 809 si
2447 769 2556 810 non
2579 769 2758 819 omne,
2806 752 3020 821 aliquod
3065 761 3242 805 tamen
3292 764 3390 805 eos
3432 764 3510 804 ex
3552 748 3768 803 adventu

2188 845 2400 902 Domini
2438 846 2578 915 quod
2612 861 2718 900 non
2763 844 3029 899 habebant
3066 840 3402 899 contraxisse
3458 849 3760 909 peccatum.

2186 939 2324 995 lllud
2357 939 2529 1008 ipsum
2561 939 2796 1007 proiecto
2823 946 2907 992 est
2933 936 3074 1007 quod
3104 936 3155 990 in
3189 942 3535 1003 praesentem
3566 933 3666 986 sibi
3695 933 3761 986 lo-

2189 1037 2443 1100 quentem
2474 1043 2577 1084 non
2613 1027 2976 1092 crediderunt,
3019 1042 3249 1096 eumque
3273 1024 3576 1080 inimicum
3614 1023 3760 1091 depu-

2192 1130 2388 1189 tantes,
2409 1123 2657 1192 quoniam
2678 1137 2804 1177 vera
2816 1122 3047 1187 dicebat,
3067 1122 3285 1189 insuper
3296 1119 3653 1175 occiderunt.
3668 1119 3756 1173 Hoc

2192 1223 2473 1283 peccatum
2502 1224 2606 1268 tam
2632 1200 2879 1283 magnum
2904 1222 2959 1267 et
2983 1211 3331 1277 horrendum,
3366 1210 3416 1264 si
3466 1225 3584 1264 non
3612 1208 3756 1263 venis.

2191 1314 2275 1361 set
2302 1316 2356 1359 et
2379 1305 2588 1361 loeutus
2609 1305 2684 1361 eis
2709 1304 2897 1362 fuisset
2916 1346 2932 1370 ,
2966 1304 3149 1375 utique
3176 1321 3281 1358 non
3313 1302 3613 1357 baberent.
3640 1301 3754 1357 Sicut

2192 1415 2323 1469 ergo
2342 1399 2414 1454 ibi
2434 1416 2554 1455 cum
2576 1399 2896 1466 audivimus,
2919 1397 3203 1454 Peccatum
3230 1413 3333 1452 non
3361 1397 3656 1460 haberent,
3674 1410 3756 1449 nou

2194 1507 2379 1559 omne,
2413 1491 2509 1547 sed
2531 1492 2748 1562 aliquod
2778 1503 3050 1559 peccatum
3078 1491 3469 1561 intelligimus:
3505 1492 3578 1543 ita
3612 1490 3657 1543 in
3685 1489 3756 1542 ho-

2194 1582 2377 1638 dierna
2404 1584 2635 1639 lectione
2665 1599 2787 1639 cum
2818 1584 3140 1647 audivimus,
3174 1582 3415 1651 Spiritus
3450 1579 3755 1650 blasphemia

2195 1694 2305 1734 non
2329 1680 2654 1746 remittetur,
2673 1694 2777 1734 non
2799 1694 3013 1734 omnem
3039 1676 3455 1746 hlaSphemiarn,
3480 1677 3578 1733 sed
3596 1692 3754 1748 quam-

2197 1772 2320 1828 dam
2345 1789 2361 1837 ;
2394 1782 2449 1829 et
2492 1787 2614 1828 cum
2645 1772 3014 1838 audissemus,
3044 1770 3143 1838 Qui
3174 1768 3308 1824 dicit
3334 1769 3566 1823 verbum
3595 1778 3754 1824 contra

512 1856 705 1913 Omnis
729 1858 1061 1929 blasphemia
1101 1863 1156 1919 in
1192 1864 1447 1935 Spiritum
1478 1881 1584 1922 non
1631 1866 1931 1924 remittetur
1956 1909 1974 1937 ,
2004 1878 2097 1924 aut
2127 1854 2176 1914 Β
2202 1862 2462 1933 Spiritum
2482 1872 2750 1931 sanctum,
2774 1877 2881 1917 non
2904 1862 3206 1917 remittetur
3232 1861 3307 1925 ei,
3335 1876 3448 1915 non
3471 1875 3626 1915 omne
3651 1875 3751 1914 ver-

509 1945 611 2013 Qui
644 1948 839 2005 dixerit
862 1951 1012 2008 illum
1043 1954 1461 2031 [qualecunque]
1493 1948 1730 2014 verbum
1760 1969 1947 2016 contra
1970 1960 2094 2031 Spi-

513 2040 676 2095 ritum
695 2057 959 2115 sanctum,
981 2063 1087 2103 non
1108 2050 1488 2114 remitteturei,
1508 2069 1679 2124 neque
1696 2054 1752 2109 in
1776 2055 1876 2109 hoc
1896 2055 2094 2111 saeculo

516 2147 691 2204 neque
713 2134 767 2189 in
797 2136 993 2193 futuro.
1022 2139 1100 2193 Ex
1129 2149 1278 2209 parte
1295 2152 1496 2210 autem,
1520 2143 1572 2198 id
1594 2156 1678 2201 est
1702 2146 2095 2215 particulariter

516 2230 979 2297 pronuntiaretur,
1003 2232 1047 2287 si
1069 2231 1362 2290 diceretur.
1385 2236 1645 2305 Quaedam
1668 2238 1998 2309 blasphemia
2038 2239 2095 2294 in

517 2317 725 2390 Spiritu
754 2338 859 2378 non
890 2324 1210 2381 remittetur.
1246 2327 1379 2394 Quia
1419 2343 1546 2399 ergo
1591 2345 1698 2385 non
1726 2331 2097 2388 universaliter

517 2426 621 2466 nec
637 2414 1033 2482 particulariter
1047 2417 1385 2487 pronuntiata
1407 2421 1669 2475 sententia
1694 2431 1777 2477 est
1794 2440 1807 2477 :
1823 2438 1928 2478 non
1952 2427 2096 2479 enim

517 2503 718 2560 dictqu
746 2517 849 2574 est,
873 2511 1061 2564 Omnis
1085 2511 1417 2583 blasphemia
1447 2514 2095 2584 Spiritus,aut.Qua:dam

519 2595 876 2665 blasiihemia,
910 2600 1005 2657 sed
1030 2605 1398 2660 tantummodo
1442 2605 1719 2664 indeﬁnite
1757 2608 1958 2664 dictum
1991 2620 2095 2680 est,

522 2687 756 2758 Spiritus
780 2693 1106 2764 blaSphcmia
1131 2711 1238 2752 nou
1267 2698 1600 2765 remittetur;
1632 2714 1731 2755 nec
1757 2699 1959 2756 dictum
1980 2711 2095 2757 est:

520 2780 1184 2858 Qui[quicunque]dixerit
1204 2788 1559 2860 quodcunque
1582 2790 1828 2858 verbum,
1854 2803 1971 2860 aut,
1995 2792 2101 2861 Qui

519 2871 716 2930 dixerit
741 2878 1004 2946 quoddam
1035 2883 1288 2953 verbum,
1322 2887 1417 2941 sed
1448 2886 1750 2959 indeﬁnite,
1776 2887 1879 2956 Qui
1903 2888 2102 2945 dixerit

520 2970 774 3025 verbum:
799 2988 905 3027 non
927 2983 1013 3029 est
1034 2991 1258 3034 necesse
1281 2989 1339 3034 ut
1361 2995 1574 3036 omnem
1604 2981 1991 3052 blaSphemiam
2017 2983 2102 3040 vel

522 3073 680 3116 omne
705 3065 927 3118 verbum
954 3065 1315 3136 intelligamus
1345 3073 1472 3137 sed;
1506 3088 1730 3130 necesse
1754 3086 1840 3130 est
1868 3077 2026 3147 plane
2046 3086 2104 3132 ut

526 3154 810 3222 quamdam
846 3158 1227 3229 blasphemiam
1254 3172 1307 3218 et
1338 3166 1600 3235 quoddam
1624 3169 1843 3225 verbum
1873 3170 2102 3226 voluerit

524 3243 752 3319 intelligi
784 3249 1061 3322 Dominus,
1093 3259 1334 3325 quamvis
1366 3257 1420 3313 id
1443 3259 1744 3330 exprimere
1767 3262 2017 3328 noluerit,
2046 3272 2103 3317 ut
2131 3229 2180 3297 ϐ

524 3339 841 3408 quaerendo,
857 3343 1107 3411 petendo,
1130 3347 1411 3416 pulsando,
1431 3351 1476 3405 si
1498 3353 1625 3421 quid
1647 3354 1778 3408 recti
1802 3354 2105 3412 intellectus

524 3436 890 3504 acceperimus
909 3453 1015 3493 non
1032 3438 1214 3496 viliter
1239 3442 1549 3501 habeamus.
1565 3445 1676 3501 Hoc
1700 3448 2107 3507 utmanifestius

523 3527 773 3597 videatis,
790 3529 918 3588 illud
940 3532 1198 3590 attendite
1214 3537 1355 3607 quod
1376 3539 1450 3592 ait
1470 3537 1611 3593 idem
1639 3539 1752 3610 ipse
1777 3540 1847 3597 de
1862 3542 2092 3598 ludatis:

524 3616 582 3675 Si
614 3636 715 3675 non
739 3623 1005 3679 venissem
1027 3634 1083 3681 et
1104 3625 1313 3683 locutus
1338 3627 1416 3683 eis
1438 3627 1678 3694 luissem,
1702 3641 1976 3702 peccatum
1999 3650 2107 3690 non

524 3706 805 3767 baberent.
837 3713 1018 3782 Neque
1040 3714 1181 3770 enim
1204 3718 1275 3771 ita
1301 3718 1501 3772 dictum
1534 3729 1618 3775 est
1639 3731 1696 3775 ut
1725 3723 1841 3778 sine
1861 3724 1970 3779 ullo
1990 3739 2110 3779 om-

521 3799 658 3853 nino
684 3812 903 3869 peccato
924 3805 1091 3859 vellet
1119 3806 1345 3878 intelligi
1371 3809 1580 3867 futuros
1616 3814 1777 3870 fuisse
1804 3816 2042 3887 Judaeos,
2064 3816 2111 3875 si

529 3906 637 3947 non
662 3893 896 3949 venisset
916 3903 971 3950 et
993 3896 1199 3952 locutus
1226 3899 1304 3954 eis
1333 3900 1543 3957 luisset.
1587 3904 1783 3960 Plenos
1806 3907 2001 3979 quippe
2030 3911 2113 3965 in-

528 3985 677 4041 venit
706 3996 1061 4060 oneratosque
1094 3995 1344 4061 peccatis.
1382 3994 1610 4066 PrOpter
1632 4000 1776 4068 quod
1803 4000 1971 4056 dicit:
2008 4002 2111 4060 Ve-

527 4077 639 4134 nite
658 4078 727 4133 ad
754 4095 840 4135 me
863 4094 1051 4138 omnes
1073 4085 1163 4155 qui
1186 4084 1441 4143 laboratis
1470 4097 1526 4144 et
1550 4093 1756 4147 onerati
1779 4092 1931 4149 estis.
1958 4094 2110 4153 Unde

526 4168 628 4226 nisi
660 4174 889 4231 sarcinis
913 4186 1255 4246 peccatorum
1287 4196 1353 4236 ex
1385 4185 1904 4256 transgressionibus
1943 4188 2110 4261 legis?

527 4261 790 4329 Quoniam
814 4267 901 4323 lex
925 4271 1244 4328 subintravit
1275 4284 1332 4329 ut
1356 4276 1653 4333 abundaret
1675 4278 1953 4336 delictum.
1977 4282 2110 4338 Cum

528 4369 657 4425 ergo
689 4360 804 4425 ipse
831 4361 990 4415 etiam
1020 4362 1147 4417 alibi
1179 4363 1320 4419 dicat
1347 4407 1363 4431 ,
1396 4367 1508 4422 Non
1545 4369 1665 4426 veni
1694 4387 1887 4428 vocare
1912 4374 2108 4445 justos,

533 4448 629 4502 sed
685 4459 1015 4521 peccatores,
1067 4457 1337 4525 quomodo
1368 4458 1413 4512 si
1442 4475 1547 4514 non
1580 4465 1813 4519 venisset
1835 4478 2111 4536 peccatum

531 4551 639 4593 non
670 4538 968 4597 haberent?
990 4544 1094 4601 nisi
1126 4547 1247 4616 quia
1282 4548 1382 4603 ista
1406 4556 1671 4607 sententia
1704 4571 1803 4612 nec
1832 4559 2110 4615 universa-

2198 1956 2357 2025 bum,
2389 1957 2485 2012 sed
2524 1956 2793 2026 quoddam
2845 1953 3110 2029 [verbum]
3154 1953 3456 2029 intelligere
3498 1954 3749 2009 debemus.

2198 2051 2333 2106 Nam
2362 2059 2419 2106 et
2446 2050 2550 2105 hoc
2571 2051 2745 2117 ipsum
2772 2048 2915 2118 quod
2936 2048 3041 2115 ait,
3071 2047 3306 2116 Spiritus
3334 2055 3505 2100 autem
3525 2044 3749 2114 blasphe

2200 2141 2308 2197 mia
2341 2156 2447 2197 nou
2480 2141 2808 2207 remittetur,
2842 2142 3023 2210 utique
3054 2153 3163 2194 non
3192 2138 3361 2193 omnis
3396 2139 3617 2207 spiritus,
3654 2135 3743 2190 sed

2199 2236 2429 2307 Spiritus
2482 2235 2656 2291 sancti
2704 2234 3093 2303 blaSpbemiam
3126 2246 3334 2287 necesse
3368 2240 3445 2285 est
3480 2227 3728 2296 intelliga-

2202 2341 2343 2383 mus.
2374 2324 2529 2393 Quod
2553 2326 2653 2382 etsi
2687 2326 2899 2396 planius
2940 2325 3070 2380 alibi
3126 2340 3235 2379 non
3262 2322 3467 2387 diceret,
3503 2320 3613 2390 quis
3632 2329 3733 2373 tam

2201 2434 2395 2475 vecors
2435 2429 2580 2475 esset
2628 2426 2685 2474 ut
2725 2417 2870 2473 aliud
2914 2416 3275 2486 intelligeret?
3315 2413 3596 2470 Secundum
3619 2412 3745 2465 hanc

2202 2513 2444 2584 regulam
2500 2510 2787 2568 locutionis
2839 2519 2894 2566 et
2928 2511 3068 2566 aliud
3113 2508 3291 2584 [illud]
3333 2505 3744 2578 accipituerisi

2202 2607 2326 2675 quis
2347 2615 2565 2662 renatus
2583 2605 2762 2672 fuerit,
2794 2606 2873 2661 Ex
2902 2620 3038 2675 aqua
3061 2614 3117 2661 et
3144 2606 3370 2676 Spiritu.
3401 2603 3516 2659 Non
3536 2604 3662 2659 enim
3684 2599 3741 2657 ait

2206 2698 2303 2764 ibi,
2335 2699 2399 2752 Et
2421 2698 2622 2767 Spiritu
2649 2706 2856 2763 sancto,
2882 2708 2936 2753 et
2964 2709 3143 2753 tamen
3174 2698 3275 2754 hoc
3304 2696 3631 2768 intelligitur.
3658 2694 3736 2748 Nec

2204 2792 2457 2861 quoniam
2486 2791 2640 2860 dixit,
2669 2790 2747 2845 Ex
2778 2805 2916 2861 aqua
2944 2800 3001 2847 et
3026 2790 3253 2860 Spiritu,
3297 2806 3521 2846 omnem
3548 2788 3722 2859 spiritum

2204 2883 2487 2952 quisquam
2529 2883 2827 2955 intelligere
2864 2884 3096 2953 cogitur.
3138 2882 3406 2951 Quocirca
3454 2898 3570 2939 eum
3600 2881 3722 2947 audis,

2207 2976 2440 3046 Spiritus
2463 2986 2642 3032 autem
2668 2977 3005 3048 blasphemia
3028 2992 3132 3033 non
3158 2978 3496 3045 remittetur,
3527 2980 3636 3033 sicut
3654 2989 3729 3029 non

2205 3080 2420 3122 omnem
2441 3066 2711 3137 spiritum,
2728 3066 2801 3121 ita
2828 3083 2933 3122 non
2956 3069 3131 3122 omnis
3153 3068 3377 3139 spiritus
3401 3067 3734 3138 blasphemiam

2207 3168 2421 3230 Oportet
2440 3158 2689 3229 accipias.
2704 3159 2904 3215 Audire
2920 3159 3030 3231 jam
3054 3160 3192 3215 velle
3212 3175 3310 3215 vos
3329 3160 3514 3224 video,
3536 3158 3734 3228 quoniam

2209 3268 2316 3309 non
2344 3261 2431 3307 est
2456 3252 2652 3317 omnis,
2701 3267 2946 3322 quaenam
2976 3253 3049 3307 sit
3074 3253 3162 3307 illa
3193 3252 3531 3321 blasphemia
3554 3250 3739 3320 Spiritus

2209 3360 2329 3416 qua:
2364 3359 2471 3399 non
2498 3342 2839 3411 remittetur;
2878 3353 2936 3399 et
2967 3344 3109 3415 quod
3153 3344 3226 3400 sit
3263 3346 3512 3410 verbum,
3538 3345 3739 3413 quoniam

2210 3453 2319 3495 non
2344 3447 2428 3494 est
2456 3452 2638 3507 omne,
2661 3437 2803 3508 quod
2834 3438 2882 3493 si
2902 3438 3102 3492 dictum
3125 3437 3289 3493 fuerit
3312 3446 3502 3493 contra
3526 3435 3743 3505 Spiritum

2211 3542 2453 3589 sanctum
2476 3574 2490 3599 ,
2527 3548 2630 3587 non
2662 3530 2961 3591 remittetur
2985 3545 3157 3601 neque
3189 3530 3244 3585 in
3276 3530 3380 3585 hoc
3399 3530 3585 3585 saeculo
3604 3537 3747 3595 neque

2211 3626 2266 3682 in
2293 3624 2489 3680 futuro.
2520 3624 2639 3680 Jam
2684 3634 2739 3679 et
2778 3639 2876 3695 ego
2918 3625 3045 3679 olim
3078 3624 3316 3681 dicerem
3346 3624 3547 3698 [vellem
3574 3613 3748 3686 dicere]

2213 3720 2355 3791 quod
2384 3719 2738 3776 iutentissime
2785 3719 3111 3790 exspectatis
3143 3718 3369 3785 audire;
3412 3716 3500 3771 sed
3544 3713 3747 3767 tolerate

2214 3814 2514 3883 aliquantas
2568 3813 2789 3884 majoris
2840 3812 3134 3884 diligentia
3189 3827 3377 3878 moras,
3427 3810 3582 3865 donec
3602 3805 3739 3875 adju-

2214 3890 2375 3961 vaute
2425 3905 2650 3960 Domino
2698 3913 2867 3960 totum
2910 3904 3051 3974 quod
3083 3905 3317 3960 occurrit
3344 3898 3613 3969 expediam.
3650 3894 3746 3951 Alii

2215 3997 2411 4068 quippe
2434 3996 2542 4050 duo
2567 3996 2911 4066 evangelista:
2933 3996 3143 4052 Marcus
3165 4005 3220 4051 et
3239 3996 3433 4061 Lucas,
3454 4006 3567 4049 cum
3586 3990 3650 4045 de
3663 3988 3753 4043 hac

2216 4101 2278 4143 re
2301 4087 2673 4156 loquerentur,
2700 4102 2804 4142 non
2826 4086 3098 4154 dixerunt,
3124 4086 3531 4158 blasphemiam,
3552 4099 3638 4140 seu
3653 4097 3756 4136 ver-

2215 4180 2365 4245 bum,
2396 4191 2453 4235 ut
2475 4180 2900 4250 intelligeremus
2923 4196 3029 4236 non
3057 4196 3272 4237 omnem
3296 4177 3667 4247 blasiihemiam
3685 4172 3757 4228 Sed

2216 4272 2527 4342 quamdam,
2578 4286 2679 4328 nec
2712 4273 2936 4328 verbum
2966 4289 3158 4340 omne,
3206 4273 3302 4329 sed
3331 4272 3619 4342 quoddam.
3656 4267 3756 4333 Qui:

2218 4380 2348 4435 ergo
2372 4380 2477 4420 non
2510 4376 2687 4436 potest
2715 4367 2895 4422 omnis
2924 4366 3168 4437 intelligi,
3199 4382 3268 4422 ne
3298 4368 3545 4437 paganis,
3585 4361 3755 4421 Judais,

2220 4457 2492 4513 haereticis
2514 4461 2769 4529 omnique
2800 4459 3074 4514 hominum
3106 4458 3295 4529 generi
3325 4459 3421 4527 qui
3461 4456 3672 4513 diversis
3692 4466 3750 4505 er.

2204 4551 2430 4615 roribus
2452 4559 2506 4607 et
2533 4550 3047 4606 contradictionibus
3072 4552 3184 4606 suis
3214 4550 3606 4617 blasphemant
3630 4540 3745 4613 Stud;

530 4624 655 4683 liter
681 4644 781 4685 nec
813 4632 1231 4704 particulariter,
1272 4639 1368 4694 sed
1409 4638 1688 4698 indeﬁnite
1729 4648 2066 4714 pronuntiata
2091 4690 2109 4720 ,
2139 4621 2196 4683 Β
2222 4653 2332 4700 tum
2360 4654 2605 4699 sanctum
2624 4687 2638 4709 ,
2680 4657 2830 4714 spem
2862 4640 3227 4707 remissionis,
3257 4642 3305 4697 si
3335 4656 3397 4695 se
3444 4636 3757 4696 correxerint.

532 4737 641 4778 non
665 4738 824 4780 omne
849 4739 1120 4795 peccatum
1142 4733 1287 4802 cogit
1310 4733 1568 4804 intelligi?
1587 4735 1694 4791 Sed
1719 4738 1875 4807 plane
1895 4739 1992 4794 nisi
2017 4741 2114 4796 ali-

533 4814 670 4883 quod
697 4826 971 4884 peccatum
1016 4818 1456 4890 intellexerimus,
1513 4827 1655 4896 quod
1692 4843 1799 4883 nou
1851 4828 2114 4888 baberent

532 4900 634 4958 nisi
656 4903 902 4961 Christus
928 4907 1166 4966 venisset
1195 4922 1251 4968 et
1296 4915 1505 4972 locutus
1552 4919 1633 4974 eis
1659 4919 1869 4984 fuisset,
1899 4920 2109 4992 falsam,

532 4995 675 5066 quod
715 4995 878 5067 absit,
924 5003 1247 5058 sententiam
1290 5020 1411 5061 esse
1458 5008 1697 5067 dicemus
1746 5011 2113 5087 [diceremus].

532 5084 650 5141 Non
672 5102 801 5159 ergo
828 5090 923 5157 ait,
954 5091 1009 5147 Si
1036 5106 1140 5147 non
1162 5096 1426 5151 venissem
1450 5110 1503 5155 et
1530 5084 1850 5160 loculusieis
1873 5084 2113 5171 luissem,

533 5179 741 5235 nullum
775 5194 1049 5251 peccatum
1094 5186 1388 5257 haberent,
1421 5207 1488 5247 ne
1520 5193 1726 5249 Veritas
1766 5201 2112 5267 mentiretur;

532 5288 632 5329 nec
656 5291 838 5333 rursus
865 5278 1087 5334 deﬁnite
1108 5279 1243 5337 dixit
1267 5322 1283 5347 ,
1313 5282 1370 5338 Si
1397 5301 1500 5340 non
1538 5288 1803 5344 venissem
1831 5300 1886 5345 et
1907 5292 2116 5350 locutus

531 5364 611 5419 eis
644 5365 887 5434 fuissem,
928 5371 1197 5440 quoddam
1244 5386 1520 5444 peccatum
1569 5395 1678 5433 non
1721 5381 2002 5449 haberent,
2043 5400 2116 5440 ne

531 5459 679 5527 pium
728 5460 960 5518 studium
1006 5481 1109 5521 non
1164 5466 1403 5541 [parum]
1451 5482 1817 5530 exerceretur.
1867 5476 1926 5531 In
1970 5478 2118 5533 omni

530 5551 726 5619 quippe
782 5555 935 5624 capia
984 5556 1392 5628 Scripturarum
1444 5574 1790 5638 sanctarum,
1840 5569 2113 5639 pascimur

530 5643 753 5711 apertis,
788 5660 1106 5703 exercemur
1144 5650 1413 5710 obscuris.
1444 5654 1592 5711 Illinc
1623 5658 1775 5713 famis
1798 5661 2109 5733 expellitur,

534 5728 657 5785 hinc
682 5735 966 5793 fastidium.
992 5740 1128 5807 Quia
1154 5758 1284 5814 ergo
1320 5763 1425 5803 non
1455 5758 1539 5804 est
1567 5748 1792 5817 dictum,
1824 5728 2109 5810 Peccatum

533 5823 735 5882 nullum
782 5831 978 5891 habent
1029 5834 1357 5912 [haberent],
1417 5859 1521 5901 nou
1563 5845 1940 5917 perturbemur
1981 5860 2107 5906 cum

2221 4734 2550 4801 auferamus,
2576 4743 2742 4790 restat
2764 4734 2946 4805 utique
2974 4743 3030 4788 ut
3055 4734 3107 4788 in
3129 4748 3194 4788 eo
3224 4731 3365 4802 quod
3388 4733 3651 4802 scriptum
3673 4733 3736 4781 est
3753 4763 3766 4789 ι

2221 4831 2322 4900 Qui
2348 4831 2801 4901 blaSphemaverit
2838 4831 2890 4885 in
2931 4829 3185 4899 Spiritum
3216 4838 3465 4883 sanctum
3515 4841 3615 4880 non
3639 4821 3769 4876 habet

2222 4925 2595 4980 remissionem
2638 4924 2691 4978 in
2734 4932 2995 4978 aeternum
3025 4962 3042 4990 ,
3088 4921 3178 4977 ille
3218 4920 3560 4988 intelligatur
3589 4917 3671 4988 qui
3694 4925 3773 4967 non

2223 5020 2369 5075 omni
2402 5020 2584 5086 modo,
2616 5017 2709 5073 sed
2733 5031 2800 5071 eo
2828 5015 2988 5071 modo
3012 5012 3497 5083 blaSphemaverit,
3524 5024 3581 5066 ut
3606 5010 3651 5065 ei
3672 5021 3774 5061 nuu-

2223 5126 2383 5182 quam
2417 5112 2585 5179 possit
2614 5108 2836 5178 ignosci.
2882 5107 3035 5162 Sicut
3074 5105 3217 5161 enim
3249 5105 3302 5158 in
3329 5119 3396 5159 eo
3420 5103 3574 5173 quod
3615 5103 3777 5156 dictum

2222 5212 2338 5270 est,
2363 5203 2503 5258 Deus
2525 5202 2790 5259 neminem
2807 5208 2993 5267 tentat,
3010 5214 3113 5254 non
3132 5196 3299 5264 omni,
3318 5196 3413 5252 sed
3436 5196 3671 5265 quodam
3692 5200 3779 5244 ιω·

2224 5293 2443 5348 talionis
2477 5294 2637 5347 modo
2670 5292 2809 5347 Deus
2852 5289 3120 5345 neminem
3172 5295 3379 5344 tentare
3428 5280 3783 5356 intelligendus

2226 5392 2341 5449 est,
2376 5399 2442 5438 ne
2469 5381 2662 5437 falsum
2693 5383 2767 5437 sit
2793 5379 2923 5436 illud
2955 5381 3095 5451 quod
3140 5380 3398 5449 scriptum
3440 5386 3535 5433 est
3560 5420 3577 5445 ,
3619 5377 3782 5432 Tentat

2226 5490 2323 5530 vos
2355 5475 2608 5531 Dominus
2633 5476 2771 5530 Deus
2804 5484 3008 5541 vester,
3040 5484 3095 5528 et
3124 5489 3190 5529 ne
3236 5471 3513 5527 Christum
3559 5478 3786 5538 negemus

2229 5567 2397 5622 Deum
2427 5569 2511 5622 vel
2542 5568 2781 5621 dicamus
2811 5564 2997 5621 falsum
3037 5564 3383 5633 Evangelium
3434 5563 3529 5618 ubi
3586 5561 3786 5630 legimus

2224 5660 2368 5728 quod
2416 5655 2584 5731 [quia]
2627 5659 2990 5729 interrogabat
3035 5657 3355 5727 discipulum
3396 5666 3617 5712 tentans
3661 5665 3787 5715 eum,

2226 5751 2346 5819 ipse
2371 5760 2547 5805 autem
2570 5752 2773 5806 sciebat
2795 5750 2921 5820 quid
2946 5759 3090 5806 esset
3109 5748 3367 5806 facturus.
3400 5750 3498 5803 Est
3520 5749 3669 5806 enim
3691 5757 3789 5801 teu-

2228 5848 2359 5905 talio
2377 5846 2644 5904 adducens
2669 5856 2970 5918 peccatum,
3000 5861 3106 5919 qua
3133 5845 3274 5932 Deus
3298 5844 3579 5931 neminem
3616 5848 3789 5908 tentat,
