3968 6390
138 405 241 473 ns
264 377 273 386 ’

1305 402 1742 471 THESAURUS.
1782 409 1935 469 CAP.
1978 401 2214 471 cxx'tv‘.

3305 417 3411 483 ne
3427 381 3446 390 ’

134 534 191 588 et
216 538 298 587 est
327 527 550 585 tentatio
570 527 803 600 probans
833 527 991 585 ﬁdem
1015 541 1116 598 qua
1138 533 1193 583 et
1223 527 1364 582 Deus
1394 536 1596 582 lentare
1625 527 1707 582 di-
1736 527 1792 590 Α
1812 541 2225 597 cognoscamus,
2251 536 2306 583 et
2334 525 2475 583 beati
2497 523 2714 598 cognito
2757 519 3128 600 perfruamur.
3163 529 3434 594 Charitas

136 632 344 693 gnatur.
378 622 453 676 Ita
475 637 598 677 cum
621 622 868 678 audimus
889 620 992 689 Qui
1015 621 1474 688 blaSphemavcrit
1528 621 1580 674 in
1605 619 1725 689 Spi-

138 717 293 772 ritum
321 727 588 786 sanctum,
625 732 731 772 non
781 731 942 772 omne
982 713 1392 784 blaSphcmandi
1435 726 1602 784 genus
1631 712 1726 768 de-

138 811 322 868 bemus
351 813 618 883 accipere,
651 813 790 868 sicut
819 826 917 866 nec
969 811 1043 865 ibi
1101 824 1261 865 omne
1291 806 1548 863 tentandi.
1593 805 1722 860 item

139 920 257 960 cum
284 905 534 961 audimus
564 905 667 971 Qui
691 904 979 960 crediderit
1020 911 1072 958 et
1099 903 1400 972 baptizatus
1430 897 1591 954 fuerit
1620 897 1725 953 sal-

136 1015 230 1055 vus
255 1001 381 1066 erit,
407 1014 514 1054 non
547 999 729 1070 utique
761 997 1114 1068 intelligimus
1136 1010 1202 1051 eo
1231 995 1391 1050 modo
1417 992 1723 1048 credentem

135 1106 237 1161 quo
263 1101 316 1146 et
355 1091 630 1148 daemones
680 1091 911 1146 credunt
960 1099 1015 1146 et
1065 1089 1510 1152 contremiscunt,
1541 1099 1640 1139 nec
1671 1083 1724 1137 in

136 1199 200 1240 eo
218 1198 448 1239 numero
464 1184 789 1253 baptizatos,
815 1184 868 1238 in
893 1198 999 1252 quo
1024 1196 1211 1251 magus
1227 1180 1416 1237 Simon
1431 1179 1540 1249 78
1555 1176 1727 1244 bapti-

135 1275 243 1330 zari
266 1275 458 1344 potuit,
485 1275 580 1330 sed
602 1276 789 1329 salvus
802 1288 923 1330 esse
939 1288 1044 1328 non
1065 1273 1258 1344 potuit.
1280 1271 1434 1327 Sicut
1456 1282 1584 1340 ergo
1604 1282 1726 1322 cum

133 1366 334 1422 diceret
361 1367 464 1434 Qui
492 1366 784 1422 crediderit
804 1376 857 1422 et
879 1367 1178 1437 baptizatus
1204 1364 1366 1419 fuerit
1391 1363 1572 1418 salvus
1598 1360 1724 1428 erit,

137 1475 243 1516 non
275 1474 464 1514 omnes
489 1459 772 1514 credentes
800 1468 855 1514 et
875 1459 1195 1528 baptizatos,
1228 1456 1322 1512 sed
1353 1455 1614 1526 quosdam
1647 1453 1727 1508 in-

136 1552 405 1618 tuebatur,
458 1552 511 1605 in
562 1566 623 1605 ea
658 1551 866 1606 scilicet
917 1550 1021 1604 iide
1049 1549 1391 1614 constitutos,
1423 1561 1539 1616 qua:
1580 1547 1724 1614 Apo-

134 1644 275 1698 stolo
301 1644 663 1712 distinguente
691 1659 784 1712 per
814 1641 1158 1697 dilectionem
1191 1648 1472 1709 operatur.
1504 1636 1578 1692 Ita
1601 1650 1725 1691 cum

135 1735 297 1800 dixit,
324 1734 424 1802 Qui
451 1735 915 1807 blasphemaverit
946 1734 999 1789 in
1028 1733 1287 1802 Spiritum
1345 1740 1589 1787 sanctum
1619 1744 1725 1784 non

135 1827 294 1884 habet
352 1830 724 1885 remissionem
772 1831 824 1885 in
879 1839 1168 1894 aeternum,
1218 1841 1326 1881 non
1350 1839 1590 1890 omnem,
1630 1823 1726 1882 sed

1827 637 1990 692 porro
2018 621 2208 677 dill‘nsa
2253 631 2334 678 est
2372 623 2427 677 in
2454 622 2708 679 cordibus
2737 627 2960 694 nostris,
3005 642 3104 698 per
3151 627 3413 700 Spiritum

1827 725 2074 769 sanctum
2108 714 2199 784 qui
2226 715 2385 770 datus
2428 725 2507 771 est
2563 717 2738 786 nobis,
2773 727 2829 773 et
2870 720 2993 790 quia
3027 723 3261 791 peccatis
3290 723 3421 780 alie-

1827 803 2090 858 nahamnr
2120 818 2150 857 a
2195 807 2536 872 possessione
2574 807 2813 863 virorum
2860 811 3146 877 bonorum,
3189 814 3424 871 charitas

1827 897 2069 965 cooperit
2124 895 2523 952 multitudinem
2575 909 2944 967 peccatorum.
2985 901 3082 957 Est
3106 917 3236 973 ergo
3264 905 3426 961 Pater

1827 990 1968 1047 Filio
1993 990 2208 1046 veritati
2237 991 2390 1061 origo
2421 1007 2605 1059 verax,
2631 1004 2686 1049 et
2713 993 2882 1051 Filius
2926 998 2994 1052 de
3038 999 3218 1055 veraci
3265 1000 3426 1056 Patre

1827 1093 1944 1138 orta
1976 1083 2212 1149 Veritas,
2242 1092 2299 1139 et
2327 1083 2558 1153 Spiritus
2601 1083 2868 1160 [sanctus]
2913 1103 2944 1143 a
2989 1089 3150 1146 Patre
3198 1091 3340 1147 bono
3371 1100 3428 1147 et

1828 1171 1967 1229 Filio
2011 1176 2153 1229 bono
2201 1174 2374 1229 eﬁusa
2415 1174 2649 1232 bonitas.
2702 1176 2957 1235 Omnium
2986 1189 3072 1237 est
3095 1182 3290 1250 [autem
3316 1197 3426 1238 non

1831 1263 2004 1334 impar
2023 1263 2278 1321 divinitas
2295 1263 2582 1338 [bonitas],
2614 1280 2714 1322 nec
2739 1270 3060 1338 separabilis
3087 1272 3285 1328 unitas.
3311 1272 3429 1328 Pri-

1830 1372 1922 1413 mo
1944 1373 2073 1428 ergo
2100 1357 2155 1412 in
2188 1373 2288 1412 nos
2314 1357 2381 1413 ad
2403 1359 2774 1428 accipiendam
2800 1363 2965 1418 vitam
2999 1373 3259 1421 aeternam
3305 1381 3427 1437 qua:

1833 1452 1891 1506 in
1916 1451 2211 1506 novissimo
2233 1451 2451 1506 dabitur
2469 1451 2540 1507 de
2561 1451 2804 1509 bonitate
2825 1456 2924 1511 Dei
2947 1472 3162 1526 munus,
3189 1459 3337 1515 venit
3360 1459 3430 1514 ab

1831 1541 1986 1596 initio
2008 1540 2132 1596 ﬁdei
2157 1542 2409 1597 remissio
2432 1553 2802 1612 peccatorum,
2832 1561 2931 1616 per
2946 1549 3089 1618 quod
3107 1549 3430 1606 beneﬁcium

1831 1632 2072 1691 eruimur
2100 1633 2167 1689 de
2198 1643 2468 1704 potestate
2499 1636 2873 1706 tenebrarum,
2916 1648 2972 1694 et
2993 1639 3244 1710 princeps
3267 1639 3430 1711 hujus

1831 1729 2020 1785 mundi
2053 1730 2283 1784 mittitur
2308 1728 2456 1785 foras
2504 1745 2535 1785 a
2581 1731 2688 1787 ﬁde
2723 1742 2908 1787 nostra
2957 1734 3047 1802 qui
3097 1745 3348 1804 operatur
3377 1735 3432 1793 in

1831 1824 1959 1880 ﬁliis
1981 1824 2335 1889 inﬁdelitatis,
2361 1825 2511 1880 nulla
2534 1825 2586 1880 vi
2613 1827 2738 1891 alia,
2777 1827 2881 1887 nisi
2923 1827 3180 1885 societate
3218 1839 3274 1886 et
3293 1831 3432 1886 obli-

133 1925 416 1993 quemdam
431 1925 852 1994 blaSpbemantis
868 1924 1126 1994 Spiritum
1150 1930 1396 1977 sanctum
1419 1919 1732 1975 intendebat
1759 1920 1807 1981 B
1838 1918 2056 1989 gatione
2085 1918 2315 1988 peccati.
2339 1920 2396 1974 In
2421 1918 2622 1988 Spiritu
2648 1919 2792 1975 enim
2823 1928 3032 1988 sancto,
3049 1938 3157 1993 quo
3188 1923 3241 1978 in
3267 1939 3432 1980 unum

134 2029 362 2085 reatum,
388 2035 493 2088 qtto
525 2018 770 2089 quisquis
818 2017 982 2073 fuerit
1011 2017 1278 2088 obligatus
1323 2015 1469 2070 nulla
1499 2028 1730 2085 unquam

133 2110 451 2167 remissione
480 2111 720 2166 solvatur
752 2108 1057 2183 [solvetur].
1090 2109 1226 2165 Illud
1249 2109 1411 2164 etiam
1458 2105 1600 2177 quod
1633 2105 1730 2176 ait,

133 2200 235 2267 Qui
259 2202 549 2257 manducat
575 2217 792 2257 carnem
843 2217 1020 2258 meam
1061 2211 1115 2257 et
1144 2199 1279 2256 bibit
1313 2214 1490 2254 meum
1525 2195 1734 2264 sangui-

136 2310 258 2351 nem
287 2297 341 2351 in
369 2313 456 2352 me
488 2307 668 2353 manet
690 2305 745 2352 et
766 2312 865 2366 ego
894 2297 948 2352 in
972 2297 1092 2364 illo,
1115 2294 1389 2365 quomodo
1411 2288 1734 2346 intellecturi

135 2389 365 2443 sumus?
396 2388 647 2458 Nunquid
679 2389 842 2443 etiam
871 2388 993 2442 illos
1027 2385 1114 2441 hic
1144 2385 1449 2456 poterimus
1491 2381 1737 2448 accipere

132 2480 202 2535 de
222 2479 415 2549 quibus
442 2479 573 2534 dicit
601 2480 916 2550 Apostolus,
959 2480 1102 2550 quod
1129 2476 1390 2548 judicium
1440 2473 1544 2530 sibi
1588 2487 1740 2526 man-

129 2573 335 2628 ducent
374 2582 429 2628 et
462 2573 647 2628 bibant
674 2589 795 2629 cum
845 2576 1016 2644 ipsam
1065 2587 1283 2627 carnem
1334 2568 1658 2625 manducent
1686 2573 1741 2620 et

134 2663 313 2734 ipsum
369 2666 689 2736 sanguinem
747 2665 968 2721 bibant?
1011 2664 1260 2734 Nunquid
1301 2672 1356 2719 et
1383 2663 1568 2728 Judas,
1627 2674 1741 2714 ma-

130 2756 289 2827 gistri
315 2759 565 2812 venditor
591 2767 645 2814 et
679 2759 907 2814 traditor
951 2757 1172 2827 impius,
1208 2757 1452 2827 quamvis
1498 2758 1728 2826 primum

131 2849 313 2918 ipsum
348 2849 596 2905 manibus
632 2851 752 2920 ejus
777 2850 1082 2906 confectum
1129 2860 1527 2906 sacramentum
1559 2850 1739 2906 carnis

130 2950 191 2996 et
212 2941 490 3010 sanguinis
519 2942 655 3012 ejus,
689 2958 810 2998 cum
834 2944 1053 2998 caeteris
1095 2941 1357 3013 apostolis
1389 2941 1734 3014 [discipulis],

130 3032 273 3088 sicut
298 3033 537 3102 apertius
563 3033 740 3089 Lucas
764 3036 1097 3104 evangelista
1149 3033 1411 3102 declarat,
1447 3035 1740 3088 manduca-

130 3135 220 3181 rct
244 3134 299 3180 et
326 3125 554 3194 biberet,
584 3128 782 3181 mansit
812 3129 866 3182 in
892 3127 1132 3193 Christo,
1162 3135 1254 3182 aut
1274 3125 1522 3181 Christus
1552 3127 1606 3181 in
1633 3126 1737 3182 eo?

131 3215 273 3271 'l‘arn
298 3217 449 3272 rnulti
479 3217 713 3289 denique
744 3219 833 3288 qui
864 3218 949 3274 vel
978 3217 1143 3274 corde
1188 3216 1318 3273 ﬁcto
1345 3232 1563 3274 carnem
1587 3217 1734 3272 illam

1837 2011 1934 2068 Dei
1959 2013 2190 2082 populus
2215 2022 2597 2084 congregatur,
2626 2014 2840 2084 ejicitur
2861 2016 3081 2085 spiritus
3102 2018 3432 2085 immundus,

1835 2103 1929 2174 qui
1961 2103 2015 2158 in
2042 2105 2277 2174 seipsum
2301 2103 2561 2160 dividitur
2586 2104 2817 2178 [divisus
2841 2107 2969 2178 est].
2991 2107 3193 2164 Contra
3223 2109 3326 2165 hoc
3341 2110 3434 2165 do~

1835 2211 1962 2251 num
1997 2197 2311 2267 gratuitum,
2342 2205 2530 2251 contra
2575 2197 2736 2252 istam
2778 2199 2873 2252 Dei
2909 2200 3167 2268 gratiam,
3195 2201 3436 2270 loquitur

1837 2299 1932 2341 cor
1956 2286 2322 2354 impoenitens.
2349 2286 2466 2354 ipsa
2496 2301 2626 2356 ergo
2654 2288 3051 2355 impmnitentia
3081 2299 3165 2344 est
3196 2291 3434 2360 Spiritus

1838 2375 2177 2445 blasphemia
2209 2391 2328 2445 qua:
2357 2390 2463 2429 non
2497 2379 2800 2432 remittetur
2834 2393 3010 2448 neque
3041 2381 3093 2435 in
3108 2379 3212 2434 hoc
3237 2383 3436 2437 saeculo

1839 2481 2014 2537 neque
2036 2466 2091 2520 in
2115 2467 2316 2521 futuro.
2348 2465 2548 2521 Contra
2593 2469 2737 2523 enim
2769 2467 3034 2538 Spiritum
3065 2479 3306 2526 sanctum
3332 2488 3438 2542 quo

1839 2558 2182 2628 baptizantur
2229 2571 2457 2629 quorum
2500 2567 2720 2629 peccata
2763 2561 2943 2615 omnia
2983 2561 3344 2629 dimittuntttr,
3385 2574 3438 2619 et

1840 2665 2001 2720 quem
2034 2650 2245 2720 accepit
2289 2648 2538 2705 Ecclesia
2585 2662 2646 2707 ut
2693 2651 2778 2706 cui
2808 2651 3074 2709 dimiserit
3109 2665 3328 2724 peccata
3356 2655 3437 2710 di-

1839 2742 2089 2797 mittatur
2145 2740 2528 2814 [dimittantur]
2586 2743 2655 2807 ei,
2708 2743 2934 2798 verbum
2971 2744 3126 2800 valde
3154 2747 3355 2800 malum
3385 2756 3438 2801 et

1840 2832 2000 2888 nimis
2023 2834 2264 2902 impium,
2293 2834 2408 2888 sive
2430 2831 2758 2902 cogitatione
2787 2836 2904 2890 sive
2947 2837 3109 2891 etiam
3133 2836 3313 2907 lingua
3341 2851 3438 2893 sua

1840 2913 2012 2996 dicit;7
2025 2942 2186 2997 quem
2217 2927 2471 2996 patientia
2500 2927 2596 2982 Dei
2627 2941 2749 2982 cum
2773 2927 2840 2982 ad
2877 2928 3244 2998 paenitentiam
3267 2929 3438 2984 addu-

1841 3031 1953 3089 cat,
1979 3021 2096 3092 ipse
2117 3019 2413 3076 secundum
2437 3020 2688 3075 duritiam
2720 3020 2899 3075 cordis
2940 3022 3022 3076 sui
3051 3030 3106 3077 et
3131 3035 3225 3077 cor
3249 3021 3438 3092 impne-

1841 3117 2022 3172 nitens
2046 3116 2378 3172 thesaurizat
2403 3115 2506 3170 sibi
2530 3114 2664 3170 iram
2690 3115 2743 3169 in
2774 3115 2863 3170 die
2893 3115 2987 3170 irae
3011 3124 3066 3170 et
3088 3116 3439 3172 revelationis

1833 3207 1964 3280 justi
2001 3208 2193 3280 judicii
2241 3208 2359 3275 Dei,
2409 3207 2502 3278 qui
2559 3207 2753 3262 reddet
2805 3205 3094 3278 unicuique
3144 3207 3440 3264 secundum

130 3309 462 3364 manducant
487 3320 540 3364 et
565 3309 882 3380 sanguinem
916 3309 1127 3374 bibunt,
1155 3309 1240 3363 vel
1291 3324 1412 3364 cum
1438 3309 1734 3365 manduca-
1763 3295 1811 3360 C
1844 3300 2038 3374 [juxta]
2059 3314 2222 3370 opera
2249 3300 2387 3369 ejus.
2413 3299 2540 3354 Htec
2563 3313 2694 3370 ergo
2742 3299 3137 3369 impmnitentia
3168 3301 3269 3372 (sic
3295 3305 3441 3358 enim

131 3399 317 3454 verint
344 3399 656 3455 etbiberint
681 3411 942 3470 apostatae
973 3401 1130 3465 ﬁunt,
1168 3401 1407 3470 nunquid
1432 3411 1652 3456 manent
1683 3401 1735 3455 in

131 3491 379 3556 Christo,
421 3501 513 3546 aut
560 3491 809 3547 Christus
866 3491 922 3545 in
950 3491 1064 3548 eis?
1102 3491 1210 3546 Sed
1240 3492 1476 3560 profecto
1507 3501 1590 3546 est
1614 3491 1736 3560 qui-

133 3586 266 3643 dam
327 3585 518 3640 modus
562 3584 926 3641 manducandi
976 3584 1120 3638 illam
1172 3597 1390 3638 carnem
1435 3595 1489 3637 et
1519 3582 1736 3638 bibendi

132 3678 296 3736 illum
325 3679 661 3750 sanguinem,
690 3694 794 3748 quo
831 3677 992 3732 modo
1019 3678 1108 3746 qui
1139 3676 1545 3732 manducaverit
1572 3684 1625 3730 et
1652 3675 1736 3731 bi-

137 3773 295 3830 berit
322 3775 374 3828 in
404 3773 617 3828 Christo
642 3781 844 3838 manet,
875 3781 930 3827 et
959 3770 1208 3827 Christus
1239 3772 1290 3826 in
1324 3787 1410 3828 eo.
1439 3769 1558 3825 Non
1607 3785 1738 3841 ergo

129 3880 470 3937 quocunque
513 3865 676 3920 modo
720 3865 947 3935 quisque
981 3864 1740 3937 [quisquam]mandncaverit

135 3972 368 4014 carnem
398 3957 598 4012 Christi
629 3968 682 4012 et
725 3958 926 4013 biberit
953 3957 1268 4025 sanguinem
1299 3957 1520 4024 Christi,
1556 3965 1738 4012 manet

139 4052 206 4104 in
220 4048 458 4115 Christo,
474 4058 530 4102 et
551 4049 604 4101 in
626 4049 720 4103 illo
737 4049 998 4111 Christus,
1017 4050 1110 4103 sed
1129 4058 1278 4103 certo
1297 4049 1526 4118 quodam
1545 4050 1737 4106 modo:
1775 4081 1788 4118 ί

135 4154 313 4211 quem
342 4139 558 4195 modum
591 4141 774 4209 utique
803 4139 902 4195 iste
933 4140 1166 4206 videbat,
1206 4140 1420 4209 quando
1449 4142 1548 4194 ista
1598 4141 1742 4195 dice-

135 4233 266 4290 bat.
301 4233 389 4288 Sic
416 4233 575 4302 igitur
596 4242 650 4288 et
679 4234 730 4286 in
762 4247 828 4288 eo
851 4233 992 4302 quod
1025 4233 1118 4298 ait,
1158 4232 1258 4299 Qui
1289 4233 1743 4302 blasphemaverit

141 4327 207 4379 In
235 4321 496 4393 Spiritum
529 4337 769 4378 sanetum
796 4337 899 4378 non
929 4323 1088 4379 habet
1110 4325 1487 4379 remissionem
1511 4325 1563 4378 in
1587 4333 1742 4380 aeter-

135 4429 301 4470 num.
328 4413 443 4468 Non
469 4429 792 4484 quocunque
824 4415 988 4470 modo
1019 4414 1478 4484 blasphemaverit
1515 4430 1640 4470 reus
1661 4426 1742 4471 est

138 4504 311 4574 hujus
343 4506 733 4561 irremissibilis
756 4507 961 4573 delicti,
995 4507 1087 4562 sed
1111 4507 1273 4562 modo
1293 4505 1558 4577 quodnam
1582 4521 1740 4577 quem

136 4610 250 4652 nos
277 4611 518 4666 quaerere
539 4607 698 4667 atque
721 4597 1022 4668 intelligere
1049 4600 1219 4654 voluit
1240 4599 1328 4670 qui
1353 4599 1490 4654 banc
1519 4609 1740 4656 senten—

1841 3410 1951 3450 uno
1978 3393 2161 3463 aliquo
2190 3392 2409 3447 nomine
2430 3405 2722 3462 possumus
2767 3400 3044 3462 utcunque
3074 3393 3349 3464 appellare
3389 3403 3442 3450 et

1843 3487 2231 3556 blasphemiam
2263 3494 2317 3539 et
2352 3485 2575 3540 verbum
2621 3493 2812 3540 contra
2863 3485 3125 3553 Spiritum
3173 3496 3442 3553 sanctum,

1842 3580 1986 3650 quod
2015 3578 2394 3635 remissionem
2427 3593 2536 3632 non
2559 3577 2721 3632 habet
2771 3578 2827 3632 in
2857 3578 3185 3649 aeternum);
3202 3579 3338 3648 haec,
3363 3579 3440 3637 in-

1840 3689 2023 3746 quam,
2055 3671 2465 3743 impmnitentia,
2494 3680 2682 3726 contra
2705 3685 2864 3741 quam
2887 3673 3154 3728 clamabat
3185 3683 3238 3729 et
3262 3690 3443 3745 praeco

1841 3777 1897 3825 et
1924 3766 2097 3824 Jndex
2121 3766 2366 3822 dicentes
2393 3785 2403 3818 :
2442 3766 2825 3822 Paenitentiam
2845 3767 3008 3837 agite,
3041 3769 3445 3840 appropinqua-

1842 3861 1918 3916 vit
1946 3860 2091 3916 enim
2139 3875 2365 3929 regnum
2408 3860 2671 3915 caelorum
2707 3874 2722 3913 :
2753 3867 2941 3915 contra
2990 3874 3148 3930 quam
3182 3861 3443 3920 Dominus

1842 3953 1984 4010 Deus
2015 3967 2076 4007 os
2099 3953 2425 4022 evangelicae
2449 3951 2850 4022 praedicationis
2890 3953 3123 4020 aperuit,
3173 3963 3227 4007 et
3255 3964 3442 4010 contra

1841 4060 1999 4114 quam
2033 4045 2208 4113 ipsum
2241 4043 2590 4114 Evangelium
2620 4042 2674 4097 in
2709 4051 2822 4098 toto
2872 4043 3004 4096 orbe
3041 4045 3442 4112 praedicandum

1843 4151 1963 4192 esse
1986 4137 2233 4206 prazdixit
2258 4154 2271 4201 ;
2300 4138 2388 4190 ubi
2445 4145 2793 4205 posteaquam
2828 4138 3124 4192 resurrexit
3152 4153 3183 4192 a
3211 4141 3442 4194 mortuis

1842 4227 1921 4281 ait
1948 4224 2225 4293 discipulis
2252 4225 2362 4279 suis
2389 4226 2716 4295 :Oportebat
2735 4225 2844 4296 pati
2868 4223 3146 4282 Christum
3175 4237 3230 4284 et
3259 4244 3442 4286 resur-

1844 4335 1972 4390 gere
2002 4335 2031 4373 a
2058 4319 2285 4373 mortuis
2336 4317 2498 4374 tertio
2531 4318 2641 4386 die,
2701 4328 2757 4375 et
2801 4320 3084 4390 pradicari
3122 4322 3176 4379 in
3222 4328 3442 4384 nomine

1844 4412 1964 4483 ejus
1992 4411 2364 4482 pmnitentiam
2423 4421 2477 4467 et
2521 4411 2900 4469 remissionem
2951 4424 3292 4483 peccatorum
3342 4434 3441 4490 per

1843 4520 2032 4562 omnes
2055 4512 2242 4576 gentes
2269 4504 2652 4575 incipientibus
2675 4509 2744 4564 ab
2783 4508 3141 4568 Hierusalem.
3176 4510 3302 4568 Haec
3323 4528 3441 4569 om-

1845 4598 1974 4655 nino
2001 4598 2394 4667 impuanitentia
2423 4614 2530 4655 non
2563 4599 2726 4656 habet
2755 4600 3133 4660 remissionem
3170 4620 3344 4676 neque
3383 4610 3438 4664 in

139 4687 280 4743 tiam
336 4705 518 4745 veram
572 4691 972 4760 terribilemque
1023 4692 1379 4762 deprompsit.
1432 4693 1538 4749 Pro
1576 4706 1738 4763 captu
1769 4677 1822 4738 Ῑ)
1849 4690 1952 4747 hoc
1970 4691 2169 4747 saeculo
2195 4705 2369 4763 neque
2391 4690 2444 4746 in
2471 4690 2676 4757 futuro,
2720 4691 2841 4762 quia
2874 4694 3185 4763 paenitentia
3213 4696 3442 4769 imperat

138 4791 359 4848 nostro,
390 4791 648 4852 quantum
676 4785 776 4837 ista
807 4799 904 4854 per
934 4787 1210 4855 speculum
1260 4796 1314 4843 et
1340 4788 1392 4842 in
1425 4789 1736 4857 aenigmate,

138 4878 456 4949 praesertim
501 4878 695 4932 talibus
721 4879 906 4947 quales
952 4880 1128 4934 adhuc
1158 4897 1365 4948 sumus,
1396 4882 1579 4940 videre
1603 4900 1736 4941 con-

137 4966 382 5023 ceditur.
418 4966 722 5023 lnsinnatur
748 4969 903 5023 nobis
954 4969 1007 5022 in
1057 4967 1215 5024 Patre
1242 4971 1560 5039 auctoritas,
1599 4982 1654 5027 et
1683 4974 1738 5028 in

137 5057 291 5115 Filio
320 5061 593 5125 nativitas,
616 5063 668 5116 in
697 5062 904 5131 Spiritu
934 5070 1121 5117 sancto
1144 5062 1314 5118 Patris
1336 5061 1564 5133 Filiique
1589 5079 1737 5121 com-

139 5150 406 5216 munitas,
453 5152 507 5206 in
550 5151 720 5206 tribus
767 5152 1068 5222 aequalitas.
1111 5151 1267 5219 Quod
1294 5169 1423 5225 ergo
1453 5170 1738 5212 commune

139 5253 232 5299 est
261 5243 408 5299 Patri
438 5253 492 5300 et
521 5244 684 5312 Filio,
711 5261 804 5314 per
835 5248 935 5301 hoc
963 5262 1059 5302 nos
1092 5247 1259 5302 voluit
1287 5246 1610 5321 [voluerunt]
1638 5249 1735 5304 ha-

139 5336 286 5392 bere
317 5338 774 5402 communionem,
794 5344 849 5392 et
878 5337 1018 5392 inter
1042 5352 1138 5392 nos
1164 5346 1219 5393 et
1240 5351 1321 5404 se,
1345 5353 1464 5393 cum
1494 5355 1588 5407 per
1609 5338 1738 5393 illud

139 5428 351 5484 donum
399 5445 496 5485 nos
547 5429 804 5501 colligere
853 5429 909 5484 in
950 5446 1112 5484 unum
1164 5431 1305 5500 quod
1335 5432 1494 5485 ambo
1538 5431 1738 5486 habent

140 5537 343 5589 unum,
371 5523 471 5578 hoc
495 5533 579 5578 est
598 5537 695 5593 per
720 5523 979 5593 Spiritum
1004 5533 1244 5579 sanctum
1267 5525 1432 5580 Deum
1457 5532 1512 5580 et
1534 5525 1736 5580 donum

140 5615 273 5672 Dei.
307 5616 366 5671 In
393 5617 496 5672 hoc
525 5618 671 5673 enim
704 5618 978 5673 Divinitati
1009 5620 1420 5674 reconciliamur
1447 5634 1618 5688 eaque
1648 5619 1745 5676 de-

144 5706 442 5764 lectamur.
473 5710 604 5764 Nam
638 5710 766 5780 quid
795 5709 953 5764 nobis
995 5711 1275 5778 prodesset
1323 5712 1582 5782 quidquid
1620 5712 1748 5786 boni

141 5816 461 5868 nossemus,
486 5803 586 5859 nisi
611 5805 771 5860 etiam
798 5803 1178 5873 diligeremus?
1217 5803 1370 5860 Sicut
1394 5815 1576 5861 autem
1601 5808 1746 5862 veri-

146 5903 264 5955 tate
293 5897 571 5962 discimus,
606 5898 677 5953 ita
708 5896 977 5954 cbaritate
1016 5896 1288 5970 diligimus
1331 5909 1389 5957 ut
1439 5909 1496 5957 et
1532 5900 1746 5972 plenius

443 6015 711 6085 PATROL.
745 6002 942 6083 LXII.

1848 4783 2150 4858 [impetrat]
2181 4787 2556 4841 remissionem
2588 4786 2641 4840 in
2674 4786 2778 4843 hoc
2801 4790 3000 4846 saeculo
3040 4806 3158 4861 quae
3188 4795 3360 4850 valeat
3385 4798 3442 4851 in

1844 4881 2044 4939 futuro.
2092 4883 2200 4938 Sed
2241 4884 2340 4938 ista
2371 4882 2762 4953 impoenitentia
2797 4886 2883 4942 vel
2941 4900 3037 4942 cor
3083 4889 3435 4958 impaenitens

1845 4976 2083 5046 quandiu
2110 4975 2340 5045 quisque
2388 4975 2442 5029 in
2467 4975 2568 5031 hac
2594 4991 2761 5033 carne
2806 4977 2937 5033 vivit
2974 4993 3081 5034 non
3105 4988 3280 5048 potest
3297 4979 3442 5048 judi-

1847 5068 1978 5123 cari.
2011 5069 2087 5122 De
2114 5067 2262 5122 nullo
2292 5067 2438 5123 enim
2477 5069 2875 5138 desperandum
2902 5079 3006 5136 est,
3055 5069 3294 5139 quandiu
3344 5085 3440 5140 pa-

1846 5159 2028 5215 tientia
2058 5159 2153 5215 Dei
2184 5160 2251 5214 ad
2281 5161 2653 5231 paenitentiam
2685 5163 2921 5232 adducit,
2953 5177 3054 5218 nec
3093 5163 3161 5218 de
3194 5163 3296 5219 hac
3327 5165 3438 5220 vita

1847 5254 1988 5322 rapit
2010 5254 2228 5323 impium
2251 5255 2343 5326 qui
2367 5271 2476 5312 non
2501 5257 2617 5313 vult
2638 5267 2867 5314 mortem
2918 5253 3068 5326 impii
3099 5266 3356 5326 quantum
3379 5267 3442 5315 ut

1850 5353 2151 5400 revertatur
2193 5355 2248 5401 et
2296 5348 2459 5402 vivat.
2507 5348 2753 5417 Paganus
2781 5356 2865 5403 est
2912 5347 3090 5413 hodie,
3143 5349 3285 5404 unde
3332 5351 3440 5408 scis

1851 5444 2031 5490 utrum
2064 5436 2130 5490 sit
2161 5437 2372 5492 iuturus
2429 5439 2664 5494 crastino
2705 5437 3080 5494 Christianus?
3107 5440 3329 5497 Judazus
3359 5455 3442 5499 est

1855 5528 2091 5584 inﬁdelis
2113 5528 2292 5596 hodie,
2318 5531 2447 5601 quid
2472 5533 2514 5586 si
2538 5547 2657 5587 cras
2681 5531 2868 5586 credat
2904 5533 2956 5586 in
2987 5532 3294 5590 Christum?
3316 5537 3440 5592 Ha:-

1853 5621 2055 5676 reticus
2088 5629 2171 5674 est
2200 5620 2380 5688 hodie,
2413 5624 2540 5692 quid
2582 5625 2626 5677 si
2679 5637 2801 5678 cras
2849 5625 3090 5693 sequitur
3138 5626 3438 5699 [sequatur]

1855 5714 2172 5770 catholicam
2204 5715 2525 5770 veritatem?
2575 5715 2964 5773 Schismaticus
2993 5727 3074 5774 est
3097 5719 3280 5791 hodie,
3311 5722 3437 5792 quid

1856 5808 1900 5863 si
1922 5823 2041 5863 cras
2062 5807 2404 5877 amplectitur
2426 5808 2824 5880 [amplectatur]
2855 5812 3172 5869 catholicam
3203 5830 3392 5885 pacem
3412 5818 3438 5870 7

1856 5902 1994 5974 Quid
2023 5902 2070 5961 si
2093 5903 2183 5961 isti
2210 5917 2347 5975 quos
2368 5902 2422 5960 in
2451 5920 2770 5981 quocunque
2794 5921 2992 5979 genere
3027 5909 3226 5968 erroris
3256 5919 3437 5985 notas,
