3968 6390
535 361 652 424 ’1ιῖ

1582 352 1651 414 ι).
1689 348 2009 439 rucvprtt
2045 344 2338 439 ΔΒΒᾼἸἸΞ
2374 342 2701 411 amcam

3715 342 3820 415 ιιι

538 491 601 539 et
618 491 872 551 tanquam
895 469 1364 555 desperatissimop
1382 472 1544 551 modo
1564 471 1811 539 damnas,
1833 479 2119 544 antequam
2146 473 2199 541 Α
2222 479 2333 531 non
2354 462 2681 530 remittetur,
2715 460 2836 555 quia
2866 458 2923 517 in
2944 456 3203 519 Trinitate
3226 457 3376 536 [Non
3404 475 3537 537 ergo
3574 475 3809 536 propter.

450 604 475 616 ε»
541 564 913 635 ﬂniantistam
941 569 1106 645 vitam
1129 577 1295 639 agunt
1335 562 1542 642 [agant]
1577 565 1946 638 penitentiam
1971 574 2027 618 et
2048 562 2133 617 in-

451 656 471 735 f;
539 666 764 722 veniunt
790 657 1113 739 [inveniant]
1156 676 1344 739 veram
1383 658 1579 715 vitam?
1624 656 1876 722 Proinde,
1910 655 2130 743 fratres,

454 750 487 809 ,ξ
542 755 798 815 etiamad
826 755 926 835 hoc
947 769 1042 835 γρᾷ
1073 757 1359 833 admoneat
1387 754 1527 826 quod
1552 754 1628 819 ait
1654 751 1945 824 Apostolus
1979 767 1994 805 :
2028 749 2134 804 No-

538 848 639 907 lite
665 860 788 906 ante
810 832 1020 914 tempus
1050 848 1338 919 quidquam
1365 847 1627 917 judicare.
1670 845 1797 903 llaec
1839 844 1984 902 enim
2016 843 2132 911 bla.

543 943 792 1013 Sphemia
838 926 1073 1013 Spiritus
1127 939 1216 996 cui
1264 956 1538 1019 nunquam
1592 948 1677 1005 est
1726 939 1835 992 ulla
1883 938 2135 1019 remissio

541 1037 728 1107 (quam
755 1050 862 1101 non
886 1049 1125 1100 omnem,
1154 1036 1249 1109 sed
1279 1034 1564 1111 quamdam
1594 1033 1963 1104 intelligimus,
1985 1046 2134 1088 eam‘

538 1142 647 1198 que
708 1112 1169 1198 perseverantem
1200 1126 1456 1182 duritiam
1503 1125 1685 1193 cordis
1740 1124 2135 1194 impmuitentis

538 1220 628 1276 vel
656 1218 914 1291 diximus,
946 1222 1030 1276 vel
1059 1204 1386 1287 invenimus,
1420 1218 1504 1274 vel
1544 1204 1706 1274 etiam
1734 1229 1993 1287 quantum
2019 1218 2131 1271 exi-

538 1294 847 1389 stimamus,
870 1311 1234 1384 ostendimus)
1260 1326 1367 1385 non
1392 1320 1567 1381 potest
1595 1311 1649 1389 in
1677 1325 1973 1381 quoquam,
1994 1310 2135 1387 sicut

538 1405 797 1485 diximus,
856 1388 985 1461 dum
1016 1406 1193 1477 adhuc
1239 1405 1293 1461 in
1351 1406 1451 1460 hac
1483 1406 1591 1462 vita
1616 1414 1720 1472 est,
1766 1404 2128 1472 deprehendi.

539 1497 701 1567 Quod
729 1513 838 1573 non
865 1498 988 1565 ideo
1011 1498 1261 1556 videatur
1288 1497 1607 1567 absurdum,
1650 1495 1773 1568 quia
1803 1511 1924 1551 cum
1970 1496 2133 1551 homo

537 1607 711 1661 usque
741 1592 794 1661 in
820 1578 981 1663 linem
1011 1592 1169 1662 hujus
1193 1593 1317 1647 vita:
1338 1592 1394 1647 in
1420 1592 1553 1647 dura
1583 1590 1981 1661 impaenitentia
2005 1605 2131 1659 per-

539 1698 821 1751 severans,
871 1683 965 1739 diu
1002 1683 1341 1755 multumque
1389 1683 1640 1759 loquatur
1690 1681 1952 1736 adversus
1992 1679 2131 1737 hanc

538 1778 769 1846 gratiam
795 1773 1029 1845 Spiritus
1058 1773 1254 1840 sancti,
1289 1772 1640 1843 Evangelium
1666 1781 1843 1828 tamen
1877 1781 1982 1826 tam
2016 1771 2133 1845 lon-

2233 572 2301 616 ea
2349 558 2655 629 quicunque
2689 554 2888 613 dixerit
2923 564 3111 611 contra
3141 555 3397 628 Spiritum
3425 567 3682 615 sanctum
3714 577 3809 620 non

2233 651 2540 725 remittetur
2577 649 2649 717 ei,
2682 651 2807 722 quia
2832 650 2884 705 in
2906 648 3193 722 Trinitate]
3222 649 3393 721 major
3417 660 3504 708 est
3535 651 3679 709 Filio
3702 654 3809 725 Spi-

2235 747 2371 802 ritus
2418 755 2657 813 sanctus,
2708 745 2851 818 quod
2898 744 3081 801 nullus
3128 760 3362 817 unquam
3398 748 3485 801 vel
3538 745 3807 806 hereticus

2235 837 2373 892 dixit
2405 855 2419 891 :
2451 837 2548 892 sed
2597 838 2850 907 quoniam
2901 836 3145 909 quisquis
3193 837 3456 895 restiterit
3502 843 3723 895 veritati
3762 855 3806 900 et

2236 928 2688 1001 blasphemaverit
2725 931 3027 1007 veritatem,
3053 930 3194 1000 quod
3220 941 3307 986 est
3342 927 3627 1001 Christus,
3664 936 3803 991 etiam

2237 1032 2361 1092 post
2390 1030 2591 1077 tantam
2609 1024 2689 1077 sui
2710 1023 3145 1093 praedicationem
3168 1022 3307 1095 apud
3333 1025 3803 1092 homines,utVer-

2237 1114 2364 1168 hum
2397 1130 2524 1169 caro
2555 1117 2709 1171 heret
2750 1124 2806 1170 et
2853 1115 3121 1171 habitaret
3146 1116 3199 1171 itt
3227 1116 3382 1172 nobis
3405 1160 3425 1189 ,
3451 1119 3609 1190 quod
3634 1128 3712 1174 est
3732 1120 3801 1177 Fi-

2234 1205 2341 1261 lius
2372 1206 2603 1261 hominis
2630 1205 2771 1271 idem
2799 1207 2915 1277 ipse
2942 1207 3214 1275 Christus,
3257 1210 3303 1263 si
3330 1226 3440 1264 non
3466 1212 3676 1267 dixerit
3700 1229 3797 1268 ver-

2244 1300 2371 1355 bum
2401 1300 2535 1356 illud
2554 1300 2732 1357 cordis
2753 1290 3137 1372 impténitentis
3161 1313 3349 1359 contra
3374 1302 3649 1375 Spiritum
3672 1322 3792 1363 sauc-

2238 1400 2347 1446 tum
2364 1392 2549 1462 dequo
2566 1393 2769 1447 dictum
2790 1404 2894 1462 est,
2912 1394 3013 1461 Qui
3046 1410 3152 1451 non
3176 1408 3395 1452 renatus
3416 1395 3669 1455 fueriter
3691 1416 3796 1471 aqua

2234 1492 2289 1537 et
2321 1482 2545 1554 Spiritu,
2576 1493 2634 1539 et
2652 1484 2719 1540 de
2745 1502 2851 1555 quo
2881 1486 3011 1540 item
3044 1486 3245 1541 dictum
3275 1498 3381 1556 est,
3428 1490 3677 1560 Accipite
3703 1494 3793 1563 Spi-

2233 1578 2396 1633 ritum
2429 1591 2699 1647 sanctunt,
2728 1580 2776 1635 si
2806 1581 2892 1636 cui
2923 1580 3236 1637 dimiseritis
3266 1593 3513 1653 peccata,
3550 1586 3794 1643 dimittun-

2235 1679 2323 1726 tur
2352 1673 2448 1738 illi,
2502 1673 2557 1729 id
2589 1682 2675 1728 est
2716 1674 2762 1728 si
2803 1674 3111 1744 poenituerit
3140 1689 3283 1741 eum,
3335 1677 3571 1746 accipiet
3599 1693 3690 1750 per
3715 1678 3793 1735 hoc

2232 1764 2433 1819 donum
2475 1765 2851 1821 remissionem
2888 1766 3129 1820 omnium
3172 1777 3542 1837 peccatorum,
3583 1772 3791 1827 simulet

536 1882 660 1937 gam
715 1865 1199 1922 contradictionem
1258 1865 1437 1921 cordis
1490 1864 1909 1935 imptnnitentis,
1962 1864 2124 1934 quasi
2155 1860 2205 1953 B‘
2233 1858 2412 1930 hujus,
2459 1860 2604 1930 quod
2645 1860 2864 1914 verbum
2908 1858 3043 1914 dixit
3084 1868 3275 1916 contra
3321 1861 3518 1918 Filium
3562 1865 3785 1934 hominis,

538 1960 708 2014 breve
734 1956 951 2031 aliquod
975 1959 1198 2014 verbum
1221 1957 1533 2035 appellavit,
1556 1957 1744 2014 dicens
1770 1973 1785 2013 :
1810 1956 2127 2037 Quicunque

539 2051 742 2107 dixerit
769 2051 994 2108 verbum
1024 2062 1212 2107 contra
1239 2049 1434 2107 Filium
1458 2046 1694 2108 hominis
1720 2052 2027 2108 remittetur
2056 2050 2124 2116 ei,

540 2142 637 2214 qui
665 2154 845 2200 autem
876 2140 1078 2199 dixerit
1119 2154 1309 2200 contra
1338 2143 1604 2215 Spiritum
1635 2150 1880 2198 sanctum
1912 2158 2019 2198 non
2051 2158 2134 2199 re-

538 2236 787 2293 mittetur
808 2238 857 2315 ei
887 2253 1060 2309 neque
1087 2238 1139 2291 in
1173 2238 1275 2294 hoc
1298 2239 1499 2317 saeculo
1524 2238 1766 2306 neqnein
1786 2236 1982 2292 futuro.
2003 2237 2130 2292 ilmc

538 2329 682 2386 enim
708 2332 953 2402 quamvis
977 2331 1180 2409 prolixa
1205 2331 1274 2384 sit
1300 2339 1353 2384 et
1399 2330 1645 2401 plurimis
1676 2328 1855 2385 verbis
1880 2336 2131 2383 contexta

537 2420 869 2493 etproducta
898 2420 1256 2497 biaSphenia,
1281 2420 1422 2475 solet
1451 2430 1630 2476 tamen
1668 2420 1945 2489 Scriptura
1968 2418 2129 2474 etiam

533 2513 706 2569 multa
732 2516 897 2571 verba
924 2514 1148 2571 verbum
1176 2512 1469 2583 appellare.
1493 2513 1683 2582 Neque
1726 2513 1867 2568 enim
1920 2509 2131 2585 [unum]

534 2606 758 2661 verbum
784 2605 998 2661 locutus
1021 2616 1103 2663 εει
1126 2606 1437 2677 quicunque
1465 2604 1748 2675 pr0pheta,
1774 2612 1828 2658 et
1852 2613 2027 2657 tamen
2052 2602 2133 2658 sic

535 2701 773 2774 legitur:
803 2703 1033 2765 Verbum
1061 2702 1207 2775 quod
1237 2700 1436 2771 factum
1473 2709 1561 2761 est
1587 2698 1654 2753 ad
1687 2698 1838 2753 illum
1864 2699 1947 2753 vel
1978 2698 2130 2752 illum

533 2794 878 2866 prophetam.
954 2795 1022 2851 Et
1089 2795 1403 2865 Apostolus,
1474 2782 1830 2867 Presbyteri,
1907 2791 2127 2861 inquit,

534 2888 735 2959 duplici
808 2887 1014 2944 honore
1094 2886 1450 2951 honorentur,
1532 2883 1768 2940 maxime
1840 2882 1931 2953 qui
1982 2881 2134 2937 labos

533 2988 658 3035 rant
682 2979 733 3033 in
756 2981 923 3036 verbo
948 2986 1005 3055 et
1052 2977 1323 3046 doctrina,
1372 2992 1478 3032 non
1521 2977 1596 3031 ait
1636 2978 1692 3031 in
1726 2976 1928 3042 verbis,
1955 2974 2051 3030 sed
2078 2975 2132 3031 in

534 3072 735 3140 verbo;
768 3083 820 3127 et
845 3080 1064 3127 sanctus
1090 3070 1326 3126 Jacobus
1360 3087 1375 3124 :
1409 3070 1618 3136 Estote,
1675 3070 1866 3138 inquit,
1901 3067 2134 3125 factores

532 3162 710 3230 verbi,
734 3170 918 3219 etnon
942 3161 1218 3235 auditores
1235 3169 1473 3227 tantum;
1501 3175 1606 3216 non
1629 3160 1703 3216 ait
1722 3170 1777 3216 et
1799 3161 1918 3231 ipse
1944 3162 2135 3229 verbo-

2231 1953 2352 2021 quia
2386 1960 2606 2022 peccato
2647 1952 2980 2021 ignorantim,
3032 1953 3147 2008 sive
3182 1957 3556 2024 contumaciae,
3601 1955 3681 2013 rei
3716 1974 3788 2013 cu-

2226 2041 2529 2112 juscunque
2571 2041 2944 2113 blasphemiae,
2987 2058 3094 2098 non
3144 2045 3352 2100 addidit
3396 2060 3665 2117 peccatum
3700 2049 3785 2104 iur-

2230 2134 2583 2205 ptnnitentiaa,
2627 2143 2814 2189 contra
2838 2135 3036 2190 danunt
3067 2136 3159 2190 Dei
3190 2148 3246 2191 et
3274 2140 3488 2210 gratiam
3514 2156 3784 2209 regenera-

2232 2229 2395 2282 tionis
2412 2227 2491 2282 vel
2516 2224 2976 2283 reconciliationis
2996 2244 3115 2298 qum
3137 2229 3197 2282 iit
3215 2230 3267 2283 in
3295 2230 3507 2285 Ecclesia
3523 2233 3572 2285 in
3586 2232 3772 2300 Spiritu

2230 2330 2438 2375 sancto.
2470 2318 2702 2374 Proinde
2737 2335 2837 2374 nec
2863 2321 2989 2375 illud
3020 2320 3352 2379 sentiendum
3372 2335 3464 2391 est,
3504 2327 3636 2397 quod
3662 2329 3771 2399 qui-

2232 2416 2353 2471 dam
2384 2424 2590 2484 putant,
2617 2413 2737 2469 ideo
2758 2414 2961 2469 remitti
2986 2402 3207 2472 verbum
3238 2418 3375 2489 quod
3402 2419 3581 2476 dicitur
3608 2430 3780 2478 contra

2231 2507 2430 2564 Filium
2455 2506 2715 2573 hominis,
2746 2522 2853 2560 non
2877 2509 3077 2562 reenitti
3100 2524 3279 2565 autem
3303 2510 3441 2581 quod
3470 2512 3652 2567 dicitur
3673 2529 3781 2567 con-

2230 2611 2318 2657 tra
2347 2602 2601 2671 Spiritum
2641 2613 2912 2669 sanctum,
2952 2603 3078 2673 quia
3111 2617 3328 2673 propter
3355 2616 3648 2678 susceptam
3679 2622 3773 2661 car-

2232 2712 2353 2751 nem
2387 2695 2562 2749 factus
2597 2706 2681 2751 cst
2720 2694 2891 2751 Filius
2927 2695 3162 2751 hominis
3192 2695 3477 2767 Christus,
3516 2716 3614 2772 qua
3647 2716 3770 2757 carne

2231 2789 2416 2859 utique
2457 2788 2629 2857 major
2674 2797 2757 2844 est
2796 2788 3029 2858 Spiritus
3076 2803 3325 2862 sanctus,
3374 2794 3468 2863 qui
3525 2795 3757 2850 substantia

2232 2882 2448 2951 propria
2474 2880 2697 2952 arqualis
2723 2889 2805 2935 cst
2827 2882 2971 2937 Patri
2996 2890 3051 2937 et
3078 2883 3348 2953 nnigenito
3367 2882 3513 2940 Filio
3534 2886 3755 2942 secundum

2233 2972 2351 3044 ejus
2378 2973 2737 3043 divinitatem,
2770 2977 3066 3033 secundum
3100 2993 3254 3048 quam
3280 2989 3339 3033 et
3365 2977 3492 3049 ipse
3522 2981 3763 3051 unigenitus

2233 3065 2403 3138 Filius
2427 3068 2647 3138 arqualis
2667 3078 2750 3124 est
2770 3068 2917 3124 Patri
2940 3079 2996 3125 et
3019 3069 3245 3139 Spiritui
3269 3073 3622 3129 sancto.Nam
3645 3074 3678 3126 si
3694 3070 3771 3126 hoc

2234 3170 2515 3231 propterea
2565 3158 2764 3215 dictum
2806 3172 2985 3229 esset,
3035 3159 3277 3232 profecto
3317 3164 3388 3219 de
3436 3166 3583 3221 omni
3624 3174 3770 3219 cetera

534 3269 657 3314 rum
674 3255 771 3310 sed
789 3254 963 3335 verbi,
978 3254 1225 3326 quamvis
1247 3261 1353 3309 tam
1380 3253 1545 3309 multa
1566 3252 1731 3309 verba
1749 3252 1816 3309 de
1839 3253 2131 3337 Scripturis
2234 3251 2567 3322 blasjihemia
2593 3262 2885 3321 taceretur,
2923 3263 2979 3309 ut
3005 3254 3123 3310 haec
3160 3256 3274 3310 sola
3305 3259 3642 3314 remissibilis
3661 3256 3775 3311 vide-

534 3348 647 3419 79
685 3348 886 3419 sanctis
921 3348 977 3415 in
1012 3346 1241 3421 ecclesia
1282 3345 1573 3404 celebriter
1599 3354 1657 3402 et
1699 3347 2019 3404 solemniter
2049 3348 2132 3405 le-

532 3451 750 3513 gantur,
781 3441 1051 3511 dicantur,
1099 3441 1409 3499 audiantur.
1442 3440 1594 3515 Sicut
1623 3455 1754 3513 ergo
1782 3450 2126 3513 quantocun-

532 3551 640 3606 que
669 3546 912 3607 tempore
940 3536 1186 3610 quisquis
1222 3544 1467 3609 nostrum
1496 3538 1553 3593 in
1584 3537 1927 3608 praedicando
1951 3538 2130 3595 Evan-

533 3628 678 3699 gelio
715 3629 1057 3697 laboraverit,
1103 3645 1213 3699 non
1258 3629 1570 3697 verborum,
1617 3629 1711 3685 sed
1740 3630 1889 3686 verbi
1934 3630 2133 3705 dicitur

533 3718 905 3795 praedicator;
947 3730 1001 3775 et
1030 3730 1446 3799 quantocunque
1472 3730 1716 3789 tempore
1756 3721 2000 3792 quisquis
2040 3737 2134 3779 ve-

535 3818 712 3864 strum
757 3818 1002 3881 nostram
1043 3810 1484 3881 praedicationem
1527 3812 1816 3887 diligenter
1856 3822 2017 3893 atque
2052 3813 2134 3869 in-

535 3910 747 3961 stanter
780 3901 1034 3979 audierit,
1064 3918 1175 3983 non
1202 3904 1518 3974 verborum,
1560 3906 1655 3961 sed
1696 3904 1844 3962 verbi
1882 3907 2134 3985 audiendi

534 3994 972 4080 studiosissimus
1018 4006 1403 4077 nuncupatur:
1432 3997 1511 4075 ita
1540 4012 1610 4055 eo
1651 4012 1804 4055 more
1841 4013 1949 4071 quo
1989 3999 2135 4079 Scri-

534 4097 697 4159 ptura
722 4088 980 4160 loquitur,
999 4096 1056 4161 et
1074 4105 1196 4167 qua:
1217 4090 1364 4145 novit
1386 4090 1755 4147 ecclesiastica
1778 4092 2131 4161 consuetudo,

534 4182 784 4253 quisquis
828 4166 1095 4257 universa
1152 4166 1249 4239 sua
1286 4184 1399 4259 vita
1453 4200 1558 4261 qua
1630 4184 1788 4240 istam
1836 4185 1978 4261 gerit
2014 4200 2135 4263 car-

536 4287 691 4343 nem,
732 4276 1067 4357 quantalibet
1110 4276 1446 4357 longitudine
1478 4277 1850 4345 protendatur,
1881 4292 2136 4349 quincun-

535 4376 645 4432 que
672 4360 839 4435 verba
872 4348 959 4433 vel
1001 4348 1119 4432 ore,
1149 4368 1234 4445 vel
1266 4368 1379 4443 sola
1408 4371 1740 4447 cogitatione
1777 4348 1991 4427 locutus
2022 4371 2136 4427 fue-

536 4454 614 4511 rit
640 4454 807 4514 corde
852 4456 1215 4543 intpmnitenti
1255 4467 1446 4516 contra
1475 4462 1850 4539 remissionem
1883 4474 2135 4533 peccato-

538 4567 661 4615 rum
693 4570 812 4624 quae
842 4553 902 4613 ﬁt
1017 4540 1286 4631 Ecclesia,
1317 4558 1541 4634 verbum
1571 4558 1703 4615 dicit
1742 4571 1929 4635 contra
1961 4560 2136 4630 Spiri-

2238 3354 2389 3403 retur
2410 3362 2528 3417 qua:
2549 3356 2739 3403 contra
2785 3348 2978 3404 Filium
3008 3348 3241 3405 hominis
3270 3348 3492 3418 dicitur,
3518 3352 3659 3423 quasi
3682 3364 3775 3405 cum

2235 3440 2401 3496 homo
2451 3441 2601 3496 solus
2656 3451 2896 3512 putatur.
2959 3442 3093 3499 Cum
3144 3460 3274 3511 vero
3329 3448 3658 3516 praemissum
3706 3446 3774 3512 sit,

2234 3533 2408 3590 Omne
2431 3545 2707 3605 peccatum
2727 3544 2783 3591 et
2802 3537 3135 3608 blasphemia
3161 3539 3466 3596 remittetur
3485 3539 3777 3604 hominibus,

2234 3628 2378 3698 quod
2401 3630 2563 3683 etiam
2584 3627 2724 3698 apud
2746 3628 2908 3684 alium
2932 3630 3316 3699 evangelistam
3344 3633 3409 3705 ita
3439 3633 3663 3702 positum
3697 3636 3782 3695 est,

2235 3720 2425 3776 Omnia
2452 3721 2789 3778 dimittentur
2809 3722 2931 3779 iiliis
2954 3712 3234 3793 hominum
3258 3734 3458 3796 peccata
3481 3734 3533 3778 et
3554 3723 3785 3791 blasphe-

2234 3816 2357 3871 mia:
2405 3815 2601 3888 quibus
2652 3815 3170 3896 blasphemaveriut;
3226 3816 3545 3888 proculdubio
3594 3822 3649 3871 et
3698 3814 3785 3873 illa

2234 3902 2569 3973 blasphemia
2600 3918 2720 3973 qua:
2747 3915 2932 3960 contra
2963 3901 3178 3962 Patrem
3208 3905 3412 3974 dicitur,
3447 3905 3541 3958 ista
3570 3916 3786 3975 genera-

2234 3997 2384 4053 litate
2424 3995 2786 4059 concluditur,
2817 4006 2871 4051 et
2902 4007 3080 4052 tamen
3123 3996 3241 4054 haec
3280 3998 3390 4054 sola
3429 3993 3793 4053 irremissibilia

2231 4088 2486 4144 deﬁnitur
2513 4103 2634 4159 quae
2658 4087 2852 4143 dicitur
2877 4098 3064 4144 contra
3091 4088 3352 4159 Spiritum
3378 4101 3639 4146 sanctum.
3670 4089 3792 4143 Nun-

2234 4183 2491 4253 quidnam
2522 4192 2578 4238 et
2606 4182 2765 4238 Pater
2794 4183 3021 4239 lormam
3052 4184 3193 4239 servi
3222 4176 3472 4255 accepit,
3517 4199 3619 4255 qua
3652 4181 3790 4252 major

2234 4276 2307 4330 sit
2346 4277 2578 4346 Spiritus
2604 4289 2822 4333 sanctus
2845 4277 2868 4330 ‘i
2894 4292 3001 4333 non
3033 4277 3249 4350 utique;
3280 4278 3378 4334 sed
3409 4279 3537 4335 ideo
3566 4288 3677 4352 post
3702 4278 3791 4333 uni-

2234 4370 2500 4425 versalem
2554 4373 3122 4427 commemorationem
3179 4374 3426 4428 omnium
3496 4384 3791 4445 peccatorum

2236 4462 2517 4531 omnisque
2544 4462 2911 4531 blaSphemize,
2958 4465 3285 4520 eminentius
3312 4466 3493 4521 voluit
3538 4467 3789 4537 exprimere

2238 4550 2625 4622 blasphemiam
2676 4568 2797 4622 quae
2838 4552 3032 4609 dicitur
3076 4564 3263 4633 contra
3313 4554 3529 4612 Filium
3584 4554 3781 4617 hominis,

539 4661 657 4708 tum
686 4632 969 4709 sanctum.
996 4627 1127 4727 Ideo
1156 4627 1333 4707 autem
1379 4665 1487 4707 non
1522 4650 1699 4706 solum
1727 4627 1949 4708 verbum
1991 4627 2217 4727 quod
2240 4643 2362 4713 (ιυίδ
2410 4643 2619 4706 etiam“
2664 4645 2755 4699 ίυο
2814 4654 3034 4715 Ρθοθθιο
3078 4627 3277 4702 fuerit“
3316 4648 3583 4705 homines
3620 4640 3790 4714 οὶιιὶὲιιί

537 4744 743 4802 dictum
798 4746 958 4815 fuerit
1006 4755 1196 4819 contra
1252 4734 1451 4801 Filium
1499 4743 1771 4812 hominis,
1825 4745 1920 4800 sed
1974 4760 2135 4804 omne

539 4852 764 4919 prorsus
808 4846 1085 4913 peccatum
1114 4847 1171 4903 et
1204 4836 1538 4919 blasphemia
1565 4838 1876 4919 remittetur
1901 4837 2140 4895 homini-

536 4914 640 4990 bus
671 4950 685 4989 :
718 4931 843 5007 quia
876 4930 967 4987 ubi
992 4930 1092 4986 hoc
1114 4916 1395 5005 peccatum
1419 4946 1527 4986 non
1558 4914 1717 5009 fuerit
1743 4930 1923 5001 cordis
1945 4930 2138 5009 impie:

536 5023 762 5082 nitentis
805 5030 994 5080 contra
1042 5020 1300 5108 Spiritum
1343 5008 1613 5089 sanctum,
1653 5012 1760 5103 qud
1791 5022 1844 5075 in
1893 5008 2135 5077 Ecclesia

452 5180 453 5183 η
536 5124 759 5185 peccata
789 5115 1101 5191 solvuntur,
1122 5123 1315 5170 cuncta
1337 5114 1443 5168 alia
1472 5115 1832 5184 dimittuntur.
1855 5115 2135 5183 Quomodo

536 5214 717 5283 autem
760 5206 863 5261 hoc
900 5198 1208 5261 remittetur
1250 5201 1615 5280 [dimittitur],
1652 5205 1795 5276 quod
1840 5208 2001 5260 etiam
2044 5191 2134 5263 re;

534 5288 852 5377 missionem
883 5290 1106 5369 impedit
1137 5296 1406 5353 aliorum?
1453 5294 1647 5371 Omnia
1690 5310 1819 5369 ergo
1848 5296 2135 5351 dimittun-

535 5399 626 5444 tur
653 5391 756 5458 eis,
787 5389 843 5446 in
872 5386 1067 5463 quibus
1094 5390 1197 5459 hoc
1227 5404 1332 5455 non
1358 5398 1442 5445 est
1470 5388 1612 5461 quod
1640 5404 1913 5461 nunquam
1944 5390 2132 5445 dimit-

534 5490 714 5550 tetur;
735 5483 788 5537 in
819 5484 1013 5561 quibus
1038 5491 1214 5539 autem
1237 5491 1342 5553 est,
1367 5484 1617 5555 quoniam
1642 5468 1745 5561 hOc
1766 5498 2036 5554 nunquam
2059 5484 2134 5540 di-

536 5574 768 5630 mittitur
791 5588 890 5629 nec
916 5556 1019 5628 alia
1035 5573 1398 5642 dimittuntur,
1416 5574 1539 5646 quia
1564 5558 1849 5648 [omnium]
1882 5576 2130 5634 remissio

534 5667 754 5724 vinculo
776 5664 930 5721 istius
948 5656 1261 5735 impeditur.
1294 5666 1411 5723 Non
1438 5682 1567 5738 ergo
1593 5676 1879 5741 propterea
1904 5669 2135 5739 quicun:

534 5772 645 5827 que
668 5757 865 5813 dixerit
892 5757 1115 5814 verbum
1156 5768 1340 5815 contra
1384 5759 1575 5816 Filium
1617 5759 1851 5843 hominis
1884 5759 2128 5816 remitte-

537 5855 627 5906 tur
652 5846 723 5919 ei,
760 5844 855 5920 qui
890 5862 1071 5909 autem
1097 5851 1294 5909 dixerit
1320 5863 1507 5910 contra
1545 5840 1805 5927 Spiritum
1846 5863 2119 5923 sanctum,

1724 6012 1845 6029 Vra—«0"

2239 4735 2379 4805 quod
2409 4737 2854 4792 commemoravit
2876 4738 2961 4794 ubi
2990 4739 3065 4794 ait
3098 4756 3110 4792 :
3142 4739 3197 4795 Si
3228 4754 3336 4795 non
3373 4744 3653 4800 venissem
3670 4749 3719 4796 et
3738 4738 3796 4791 lo«

2236 4836 2391 4882 cutus
2439 4826 2519 4882 eis
2564 4826 2809 4895 fuissem,
2864 4838 3143 4900 peccatum
3187 4846 3293 4885 non
3342 4832 3620 4890 haberent
3652 4850 3664 4886 :
3692 4828 3801 4902 quod

2236 4923 2397 4979 etiam
2436 4924 2488 4979 in
2523 4924 2815 4995 Evangelia
2843 4925 3139 4981 secundum
3170 4926 3469 4995 Joannem,
3502 4931 3659 4983 valde
3682 4937 3805 5001 grave

2237 5016 2475 5070 ostendit
2496 5031 2613 5071 esse
2636 5026 2918 5087 peccatum
2949 5018 3035 5072 ubi
3058 5019 3133 5074 ait
3150 5018 3218 5073 de
3240 5018 3449 5089 Spiritu
3479 5031 3692 5087 sancto,
3716 5030 3809 5072 cum

2239 5122 2363 5163 eum
2388 5124 2447 5164 se
2480 5110 2771 5164 missurum
2794 5124 2915 5165 esse
2941 5111 3315 5179 promitteret:
3343 5112 3442 5169 llic
3468 5124 3671 5187 arguet
3692 5126 3811 5167 mua-

2239 5200 2366 5255 dnm
2385 5200 2451 5255 de
2470 5201 3093 5272 peccato,etdejustitia,
3110 5204 3246 5263 etde
3264 5205 3508 5275 judicio,
3532 5214 3605 5266 de
3628 5218 3816 5280 peccato

2239 5295 2475 5365 quidem,
2507 5296 2650 5365 quod
2680 5311 2787 5350 non
2818 5282 3165 5353 crediderunt
3192 5298 3248 5353 in
3279 5314 3402 5366 me;
3429 5310 3635 5357 tamen
3665 5301 3706 5357 si
3736 5311 3819 5353 non

2236 5387 2435 5442 dixerit
2460 5388 2551 5442 illa
2578 5388 2757 5445 cordis
2788 5389 3181 5459 impmnitentis
3207 5392 3402 5449 duritia
3439 5399 3688 5453 verbum
3714 5411 3822 5450 con-

2237 5488 2317 5535 tra
2364 5480 2621 5551 Spiritum
2648 5491 2915 5548 sanctum,
2956 5483 3119 5538 etiam
3167 5484 3269 5540 hoc
3306 5486 3455 5556 quod
3506 5489 3719 5543 dictum
3757 5490 3826 5537 est
3926 5472 3927 5525 ἶ

2234 5583 2421 5629 contra
2450 5573 2643 5628 Filium
2670 5562 2901 5631 hominis
2939 5578 3266 5633 remittetur.
3312 5577 3410 5633 Hic
3454 5579 3723 5647 fortassis
3748 5578 3829 5631 ali-

2235 5667 2355 5737 quis
2408 5678 2616 5738 qnzerat
2668 5676 2845 5724 utrum
2902 5670 3273 5726 tantummodo
3320 5672 3581 5743 Spiritus
3632 5682 3831 5739 sanetur,
3926 5690 3927 5695 ‘

2233 5767 2452 5830 peccata
2498 5762 2769 5841 remittat,
2811 5776 2877 5815 an
2915 5770 2971 5817 et
3002 5762 3159 5818 Pater
3184 5772 3238 5819 et
3270 5763 3487 5820 Filius?
3542 5767 3836 5837 reSponde-

2230 5866 2353 5941 mus
2405 5852 2546 5923 quod
2574 5861 2630 5939 et
2659 5850 2821 5939 Pater
2853 5861 2909 5937 et
2945 5853 3115 5929 Filius
3156 5872 3171 5911 :
3216 5854 3331 5927 ipse
3360 5856 3525 5933 enim
3575 5859 3749 5937 Filius
3776 5858 3835 5929 de
