  <div class='ocr_page' id='page_1' title='image "/cluster/home/n/w/nwhite01/storage/ocr_20150623/62/hvd.32044015706393/382.png"; bbox 0 0 3968 6390; ppageno 0'>
   <div class='ocr_carea' id='block_1_1' title="bbox 119 354 3322 424">
    <p class='ocr_par' dir='ltr' id='par_1_1' title="bbox 119 354 3322 424">
     <span class='ocr_line' id='line_1_1' title="bbox 119 354 3322 424; baseline -0.004 0"><span class='ocrx_word' id='word_1_1' title='bbox 119 368 199 424; x_wconf 72' lang='lat'><strong>749</strong></span> <span class='ocrx_word' id='word_1_2' title='bbox 1229 354 1668 418; x_wconf 77' lang='lat' dir='ltr'><strong>TDESAURUS.</strong></span> <span class='ocrx_word' id='word_1_3' title='bbox 1707 357 1863 415; x_wconf 81' lang='lat' dir='ltr'><strong>CAP.</strong></span> <span class='ocrx_word' id='word_1_4' title='bbox 1903 357 2138 416; x_wconf 77' lang='lat' dir='ltr'><strong>CXXIV.</strong></span> <span class='ocrx_word' id='word_1_5' title='bbox 3215 355 3322 412; x_wconf 80' lang='lat'><strong>750</strong></span> 
     </span>
    </p>
   </div>
   <div class='ocr_carea' id='block_1_2' title="bbox 117 472 3317 548">
    <p class='ocr_par' dir='ltr' id='par_1_2' title="bbox 117 472 3317 548">
     <span class='ocr_line' id='line_1_2' title="bbox 117 472 3317 548; baseline -0.003 -11"><span class='ocrx_word' id='word_1_6' title='bbox 117 484 244 543; x_wconf 83' lang='lat' dir='ltr'><strong>Patre</strong></span> <span class='ocrx_word' id='word_1_7' title='bbox 281 479 412 548; x_wconf 96' lang='lat' dir='ltr'><strong>dicit,</strong></span> <span class='ocrx_word' id='word_1_8' title='bbox 460 479 518 537; x_wconf 89' lang='lat' dir='ltr'><strong>Si</strong></span> <span class='ocrx_word' id='word_1_9' title='bbox 553 477 865 535; x_wconf 88' lang='lat' dir='ltr'><strong>dimiseritis</strong></span> <span class='ocrx_word' id='word_1_10' title='bbox 911 486 1126 548; x_wconf 89' lang='lat' dir='ltr'><strong>peccata</strong></span> <span class='ocrx_word' id='word_1_11' title='bbox 1167 474 1498 542; x_wconf 89' lang='lat' dir='ltr'><strong>hominibus,</strong></span> <span class='ocrx_word' id='word_1_12' title='bbox 1550 472 1630 526; x_wconf 82' lang='lat' dir='ltr'><strong>di-</strong></span> <span class='ocrx_word' id='word_1_13' title='bbox 1658 475 1714 538; x_wconf 73' lang='grc' dir='ltr'>Α</span> <span class='ocrx_word' id='word_1_14' title='bbox 1740 483 1846 530; x_wconf 87' lang='lat' dir='ltr'><strong>tem</strong></span> <span class='ocrx_word' id='word_1_15' title='bbox 1878 474 2234 546; x_wconf 53' lang='lat' dir='ltr'><strong>ﬁliorunﬁDci</strong></span> <span class='ocrx_word' id='word_1_16' title='bbox 2273 483 2328 531; x_wconf 92' lang='lat' dir='ltr'><strong>et</strong></span> <span class='ocrx_word' id='word_1_17' title='bbox 2356 476 2718 533; x_wconf 89' lang='lat' dir='ltr'><strong>membrorum</strong></span> <span class='ocrx_word' id='word_1_18' title='bbox 2764 473 2965 532; x_wconf 89' lang='lat' dir='ltr'><strong>Christi</strong></span> <span class='ocrx_word' id='word_1_19' title='bbox 3004 474 3236 529; x_wconf 81' lang='lat' dir='ltr'><strong>futuram</strong></span> <span class='ocrx_word' id='word_1_20' title='bbox 3266 475 3317 528; x_wconf 90' lang='lat' dir='ltr'><strong>in</strong></span> 
     </span>
    </p>
   </div>
   <div class='ocr_carea' id='block_1_3' title="bbox 115 565 3322 644">
    <p class='ocr_par' dir='ltr' id='par_1_3' title="bbox 115 565 3322 644">
     <span class='ocr_line' id='line_1_3' title="bbox 115 565 3322 644; baseline -0.003 -12"><span class='ocrx_word' id='word_1_21' title='bbox 115 577 257 632; x_wconf 88' lang='lat' dir='ltr'><strong>uiittet</strong></span> <span class='ocrx_word' id='word_1_22' title='bbox 275 574 403 628; x_wconf 81' lang='lat' dir='ltr'><strong>vobis</strong></span> <span class='ocrx_word' id='word_1_23' title='bbox 430 573 528 644; x_wconf 77' lang='lat' dir='ltr'><strong>let]</strong></span> <span class='ocrx_word' id='word_1_24' title='bbox 555 572 710 630; x_wconf 87' lang='lat' dir='ltr'><strong>Pater</strong></span> <span class='ocrx_word' id='word_1_25' title='bbox 741 582 916 627; x_wconf 86' lang='lat' dir='ltr'><strong>vester</strong></span> <span class='ocrx_word' id='word_1_26' title='bbox 943 580 1158 639; x_wconf 82' lang='lat' dir='ltr'><strong>peccata</strong></span> <span class='ocrx_word' id='word_1_27' title='bbox 1183 578 1392 631; x_wconf 80' lang='lat' dir='ltr'><strong>vestra;</strong></span> <span class='ocrx_word' id='word_1_28' title='bbox 1416 565 1504 620; x_wconf 90' lang='lat' dir='ltr'><strong>cui</strong></span> <span class='ocrx_word' id='word_1_29' title='bbox 1536 578 1638 620; x_wconf 92' lang='lat' dir='ltr'><strong>nos</strong></span> <span class='ocrx_word' id='word_1_30' title='bbox 1744 568 1993 622; x_wconf 84' lang='lat' dir='ltr'><strong>omnibus</strong></span> <span class='ocrx_word' id='word_1_31' title='bbox 2021 569 2290 638; x_wconf 74' lang='lat' dir='ltr'><strong>gentibus.</strong></span> <span class='ocrx_word' id='word_1_32' title='bbox 2325 571 2393 626; x_wconf 89' lang='lat' dir='ltr'><strong>Ut</strong></span> <span class='ocrx_word' id='word_1_33' title='bbox 2421 570 2869 641; x_wconf 86' lang='lat' dir='ltr'><strong>quemadmodum</strong></span> <span class='ocrx_word' id='word_1_34' title='bbox 2896 578 3023 624; x_wconf 92' lang='lat' dir='ltr'><strong>tunc</strong></span> <span class='ocrx_word' id='word_1_35' title='bbox 3045 568 3134 623; x_wconf 87' lang='lat' dir='ltr'><strong>ille</strong></span> <span class='ocrx_word' id='word_1_36' title='bbox 3161 582 3322 637; x_wconf 85' lang='lat' dir='ltr'><strong>appa-</strong></span> 
     </span>
    </p>
   </div>
   <div class='ocr_carea' id='block_1_4' title="bbox 114 661 3326 738">
    <p class='ocr_par' dir='ltr' id='par_1_4' title="bbox 114 661 3326 738">
     <span class='ocr_line' id='line_1_4' title="bbox 114 661 3326 738; baseline -0.002 -17"><span class='ocrx_word' id='word_1_37' title='bbox 114 680 286 738; x_wconf 80' lang='lat' dir='ltr'><strong>quoqtic</strong></span> <span class='ocrx_word' id='word_1_38' title='bbox 308 665 526 722; x_wconf 77' lang='lat' dir='ltr'><strong>dicimus</strong></span> <span class='ocrx_word' id='word_1_39' title='bbox 555 665 607 718; x_wconf 91' lang='lat' dir='ltr'><strong>in</strong></span> <span class='ocrx_word' id='word_1_40' title='bbox 637 663 880 720; x_wconf 84' lang='lat' dir='ltr'><strong>oratione</strong></span> <span class='ocrx_word' id='word_1_41' title='bbox 909 661 1403 724; x_wconf 80' lang='lat' dir='ltr'><strong>duniinica;l’atcr</strong></span> <span class='ocrx_word' id='word_1_42' title='bbox 1431 671 1635 727; x_wconf 85' lang='lat' dir='ltr'><strong>n05tcr,</strong></span> <span class='ocrx_word' id='word_1_43' title='bbox 1745 663 1898 717; x_wconf 87' lang='lat' dir='ltr'><strong>rehat</strong></span> <span class='ocrx_word' id='word_1_44' title='bbox 1949 664 2226 733; x_wconf 80' lang='lat' dir='ltr'><strong>accepisse</strong></span> <span class='ocrx_word' id='word_1_45' title='bbox 2273 665 2530 734; x_wconf 86' lang='lat' dir='ltr'><strong>Spiritum</strong></span> <span class='ocrx_word' id='word_1_46' title='bbox 2582 676 2823 721; x_wconf 85' lang='lat' dir='ltr'><strong>sanctum</strong></span> <span class='ocrx_word' id='word_1_47' title='bbox 2873 664 2962 734; x_wconf 91' lang='lat' dir='ltr'><strong>qui</strong></span> <span class='ocrx_word' id='word_1_48' title='bbox 3007 662 3326 733; x_wconf 83' lang='lat' dir='ltr'><strong>loquebatur</strong></span> 
     </span>
    </p>
   </div>
   <div class='ocr_carea' id='block_1_5' title="bbox 111 750 3326 830">
    <p class='ocr_par' dir='ltr' id='par_1_5' title="bbox 111 750 3326 830">
     <span class='ocr_line' id='line_1_5' title="bbox 111 750 3326 830; baseline -0.003 -15"><span class='ocrx_word' id='word_1_49' title='bbox 111 762 181 830; x_wconf 83' lang='lat' dir='ltr'><strong>qti</strong></span> <span class='ocrx_word' id='word_1_50' title='bbox 207 773 260 815; x_wconf 82' lang='lat' dir='ltr'><strong>cs</strong></span> <span class='ocrx_word' id='word_1_51' title='bbox 286 758 330 816; x_wconf 87' lang='lat' dir='ltr'><strong>iii</strong></span> <span class='ocrx_word' id='word_1_52' title='bbox 360 757 544 821; x_wconf 64' lang='lat' dir='ltr'><strong>uelis;</strong></span> <span class='ocrx_word' id='word_1_53' title='bbox 575 767 736 826; x_wconf 89' lang='lat' dir='ltr'><strong>atque</strong></span> <span class='ocrx_word' id='word_1_54' title='bbox 779 757 920 813; x_wconf 81' lang='lat' dir='ltr'><strong>inter</strong></span> <span class='ocrx_word' id='word_1_55' title='bbox 955 769 1148 810; x_wconf 64' lang='lat' dir='ltr'><strong>caetera</strong></span> <span class='ocrx_word' id='word_1_56' title='bbox 1180 764 1232 809; x_wconf 90' lang='lat' dir='ltr'><strong>et</strong></span> <span class='ocrx_word' id='word_1_57' title='bbox 1262 753 1362 808; x_wconf 94' lang='lat' dir='ltr'><strong>hoc</strong></span> <span class='ocrx_word' id='word_1_58' title='bbox 1410 750 1641 820; x_wconf 89' lang='lat' dir='ltr'><strong>petimus</strong></span> <span class='ocrx_word' id='word_1_59' title='bbox 1741 757 1853 826; x_wconf 75' lang='lat'><strong>80</strong></span> <span class='ocrx_word' id='word_1_60' title='bbox 1879 757 2070 824; x_wconf 76' lang='lat' dir='ltr'><strong>linguis</strong></span> <span class='ocrx_word' id='word_1_61' title='bbox 2100 758 2334 812; x_wconf 88' lang='lat' dir='ltr'><strong>omnium</strong></span> <span class='ocrx_word' id='word_1_62' title='bbox 2366 761 2602 827; x_wconf 82' lang='lat' dir='ltr'><strong>gentium</strong></span> <span class='ocrx_word' id='word_1_63' title='bbox 2629 776 2644 813; x_wconf 89' lang='lat'><strong>:</strong></span> <span class='ocrx_word' id='word_1_64' title='bbox 2678 761 2750 812; x_wconf 72' lang='lat' dir='ltr'><strong>ita</strong></span> <span class='ocrx_word' id='word_1_65' title='bbox 2783 771 2923 812; x_wconf 90' lang='lat' dir='ltr'><strong>nunc</strong></span> <span class='ocrx_word' id='word_1_66' title='bbox 2951 755 3040 810; x_wconf 90' lang='lat' dir='ltr'><strong>ille</strong></span> <span class='ocrx_word' id='word_1_67' title='bbox 3069 770 3129 809; x_wconf 76' lang='lat' dir='ltr'><strong>se</strong></span> <span class='ocrx_word' id='word_1_68' title='bbox 3159 767 3326 823; x_wconf 81' lang='lat' dir='ltr'><strong>agno-</strong></span> 
     </span>
    </p>
   </div>
   <div class='ocr_carea' id='block_1_6' title="bbox 111 845 3327 922">
    <p class='ocr_par' dir='ltr' id='par_1_6' title="bbox 111 845 3327 922">
     <span class='ocr_line' id='line_1_6' title="bbox 111 845 3327 922; baseline -0 -22"><span class='ocrx_word' id='word_1_69' title='bbox 111 852 329 914; x_wconf 80' lang='lat' dir='ltr'><strong>dicentes,</strong></span> <span class='ocrx_word' id='word_1_70' title='bbox 376 849 592 904; x_wconf 83' lang='lat' dir='ltr'><strong>Dimitte</strong></span> <span class='ocrx_word' id='word_1_71' title='bbox 636 847 791 904; x_wconf 74' lang='lat' dir='ltr'><strong>nobis</strong></span> <span class='ocrx_word' id='word_1_72' title='bbox 834 848 1011 904; x_wconf 82' lang='lat' dir='ltr'><strong>debita</strong></span> <span class='ocrx_word' id='word_1_73' title='bbox 1060 859 1263 901; x_wconf 85' lang='lat' dir='ltr'><strong>nostra.</strong></span> <span class='ocrx_word' id='word_1_74' title='bbox 1309 845 1383 900; x_wconf 85' lang='lat' dir='ltr'><strong>De</strong></span> <span class='ocrx_word' id='word_1_75' title='bbox 1417 858 1478 898; x_wconf 91' lang='lat' dir='ltr'><strong>se</strong></span> <span class='ocrx_word' id='word_1_76' title='bbox 1527 845 1642 912; x_wconf 89' lang='lat' dir='ltr'><strong>ipso</strong></span> <span class='ocrx_word' id='word_1_77' title='bbox 1744 860 1855 903; x_wconf 88' lang='lat' dir='ltr'><strong>seat</strong></span> <span class='ocrx_word' id='word_1_78' title='bbox 1884 851 2157 918; x_wconf 88' lang='lat' dir='ltr'><strong>accepisse</strong></span> <span class='ocrx_word' id='word_1_79' title='bbox 2185 852 2442 920; x_wconf 90' lang='lat' dir='ltr'><strong>Spiritum</strong></span> <span class='ocrx_word' id='word_1_80' title='bbox 2480 865 2725 907; x_wconf 85' lang='lat' dir='ltr'><strong>sanetum</strong></span> <span class='ocrx_word' id='word_1_81' title='bbox 2764 851 2855 922; x_wconf 87' lang='lat' dir='ltr'><strong>qui</strong></span> <span class='ocrx_word' id='word_1_82' title='bbox 2888 861 3097 905; x_wconf 89' lang='lat' dir='ltr'><strong>tenetur</strong></span> <span class='ocrx_word' id='word_1_83' title='bbox 3127 848 3180 901; x_wconf 92' lang='lat' dir='ltr'><strong>in</strong></span> <span class='ocrx_word' id='word_1_84' title='bbox 3208 846 3327 900; x_wconf 82' lang='lat' dir='ltr'><strong>vin-</strong></span> 
     </span>
    </p>
   </div>
   <div class='ocr_carea' id='block_1_7' title="bbox 109 935 3324 1017">
    <p class='ocr_par' dir='ltr' id='par_1_7' title="bbox 109 935 3324 1017">
     <span class='ocr_line' id='line_1_7' title="bbox 109 935 3324 1017; baseline -0.001 -20"><span class='ocrx_word' id='word_1_85' title='bbox 109 955 258 997; x_wconf 84' lang='lat' dir='ltr'><strong>atitein</strong></span> <span class='ocrx_word' id='word_1_86' title='bbox 286 941 389 996; x_wconf 89' lang='lat' dir='ltr'><strong>ait:</strong></span> <span class='ocrx_word' id='word_1_87' title='bbox 424 941 490 996; x_wconf 90' lang='lat' dir='ltr'><strong>Ut</strong></span> <span class='ocrx_word' id='word_1_88' title='bbox 517 941 700 996; x_wconf 80' lang='lat' dir='ltr'><strong>seiatis</strong></span> <span class='ocrx_word' id='word_1_89' title='bbox 728 941 868 1010; x_wconf 88' lang='lat' dir='ltr'><strong>quod</strong></span> <span class='ocrx_word' id='word_1_90' title='bbox 901 940 1062 996; x_wconf 82' lang='lat' dir='ltr'><strong>habet</strong></span> <span class='ocrx_word' id='word_1_91' title='bbox 1091 938 1258 993; x_wconf 86' lang='lat' dir='ltr'><strong>Filius</strong></span> <span class='ocrx_word' id='word_1_92' title='bbox 1285 935 1518 991; x_wconf 82' lang='lat' dir='ltr'><strong>hominis</strong></span> <span class='ocrx_word' id='word_1_93' title='bbox 1549 951 1644 1004; x_wconf 91' lang='lat' dir='ltr'><strong>po-</strong></span> <span class='ocrx_word' id='word_1_94' title='bbox 1742 943 1867 996; x_wconf 88' lang='lat' dir='ltr'><strong>culo</strong></span> <span class='ocrx_word' id='word_1_95' title='bbox 1901 945 2049 1012; x_wconf 82' lang='lat' dir='ltr'><strong>pacis</strong></span> <span class='ocrx_word' id='word_1_96' title='bbox 2091 944 2344 998; x_wconf 74' lang='lat' dir='ltr'><strong>Ecclesiae</strong></span> <span class='ocrx_word' id='word_1_97' title='bbox 2384 945 2494 1017; x_wconf 91' lang='lat' dir='ltr'><strong>[qui</strong></span> <span class='ocrx_word' id='word_1_98' title='bbox 2529 955 2740 1001; x_wconf 90' lang='lat' dir='ltr'><strong>tenetur</strong></span> <span class='ocrx_word' id='word_1_99' title='bbox 2781 945 2836 1000; x_wconf 91' lang='lat' dir='ltr'><strong>in</strong></span> <span class='ocrx_word' id='word_1_100' title='bbox 2879 943 3094 998; x_wconf 83' lang='lat' dir='ltr'><strong>vinculo</strong></span> <span class='ocrx_word' id='word_1_101' title='bbox 3132 939 3324 1012; x_wconf 78' lang='lat' dir='ltr'><strong>pacis],</strong></span> 
     </span>
    </p>
   </div>
   <div class='ocr_carea' id='block_1_8' title="bbox 108 1030 3326 1107">
    <p class='ocr_par' dir='ltr' id='par_1_8' title="bbox 108 1030 3326 1107">
     <span class='ocr_line' id='line_1_8' title="bbox 108 1030 3326 1107; baseline -0 -18"><span class='ocrx_word' id='word_1_102' title='bbox 108 1045 316 1092; x_wconf 79' lang='lat' dir='ltr'><strong>tcSIateiii</strong></span> <span class='ocrx_word' id='word_1_103' title='bbox 343 1035 388 1089; x_wconf 89' lang='lat' dir='ltr'><strong>in</strong></span> <span class='ocrx_word' id='word_1_104' title='bbox 413 1047 553 1091; x_wconf 90' lang='lat' dir='ltr'><strong>terra</strong></span> <span class='ocrx_word' id='word_1_105' title='bbox 575 1034 881 1090; x_wconf 87' lang='lat' dir='ltr'><strong>dimittendi</strong></span> <span class='ocrx_word' id='word_1_106' title='bbox 913 1043 1148 1103; x_wconf 86' lang='lat' dir='ltr'><strong>peccata.</strong></span> <span class='ocrx_word' id='word_1_107' title='bbox 1180 1033 1234 1089; x_wconf 89' lang='lat' dir='ltr'><strong>Si</strong></span> <span class='ocrx_word' id='word_1_108' title='bbox 1263 1046 1417 1102; x_wconf 87' lang='lat' dir='ltr'><strong>ergo,</strong></span> <span class='ocrx_word' id='word_1_109' title='bbox 1447 1030 1641 1098; x_wconf 89' lang='lat' dir='ltr'><strong>inquis,</strong></span> <span class='ocrx_word' id='word_1_110' title='bbox 1743 1049 1861 1103; x_wconf 74' lang='lat' dir='ltr'><strong>qua:</strong></span> <span class='ocrx_word' id='word_1_111' title='bbox 1883 1033 2194 1088; x_wconf 84' lang='lat' dir='ltr'><strong>dill’nnditur</strong></span> <span class='ocrx_word' id='word_1_112' title='bbox 2213 1037 2264 1090; x_wconf 94' lang='lat' dir='ltr'><strong>in</strong></span> <span class='ocrx_word' id='word_1_113' title='bbox 2293 1039 2544 1092; x_wconf 83' lang='lat' dir='ltr'><strong>omnibus</strong></span> <span class='ocrx_word' id='word_1_114' title='bbox 2560 1038 2826 1107; x_wconf 81' lang='lat' dir='ltr'><strong>gentibus.</strong></span> <span class='ocrx_word' id='word_1_115' title='bbox 2853 1036 3005 1091; x_wconf 88' lang='lat' dir='ltr'><strong>Untle</strong></span> <span class='ocrx_word' id='word_1_116' title='bbox 3027 1036 3156 1089; x_wconf 91' lang='lat' dir='ltr'><strong>dicit</strong></span> <span class='ocrx_word' id='word_1_117' title='bbox 3181 1037 3326 1104; x_wconf 78' lang='lat' dir='ltr'><strong>Apo~</strong></span> 
     </span>
    </p>
   </div>
   <div class='ocr_carea' id='block_1_9' title="bbox 105 1123 3360 1197">
    <p class='ocr_par' dir='ltr' id='par_1_9' title="bbox 105 1123 3360 1197">
     <span class='ocr_line' id='line_1_9' title="bbox 105 1123 3360 1197; baseline -0.002 -14"><span class='ocrx_word' id='word_1_118' title='bbox 105 1139 148 1183; x_wconf 86' lang='lat' dir='ltr'><strong>et</strong></span> <span class='ocrx_word' id='word_1_119' title='bbox 175 1127 315 1186; x_wconf 84' lang='lat' dir='ltr'><strong>Pater</strong></span> <span class='ocrx_word' id='word_1_120' title='bbox 337 1139 384 1184; x_wconf 86' lang='lat' dir='ltr'><strong>ct</strong></span> <span class='ocrx_word' id='word_1_121' title='bbox 408 1126 582 1186; x_wconf 62' lang='lat' dir='ltr'><strong>filius</strong></span> <span class='ocrx_word' id='word_1_122' title='bbox 621 1139 674 1182; x_wconf 94' lang='lat' dir='ltr'><strong>ct</strong></span> <span class='ocrx_word' id='word_1_123' title='bbox 696 1127 928 1196; x_wconf 83' lang='lat' dir='ltr'><strong>Spiritus</strong></span> <span class='ocrx_word' id='word_1_124' title='bbox 963 1141 1183 1182; x_wconf 86' lang='lat' dir='ltr'><strong>sanctus</strong></span> <span class='ocrx_word' id='word_1_125' title='bbox 1224 1136 1437 1194; x_wconf 85' lang='lat' dir='ltr'><strong>peccata</strong></span> <span class='ocrx_word' id='word_1_126' title='bbox 1467 1123 1640 1176; x_wconf 82' lang='lat' dir='ltr'><strong>dimit-</strong></span> <span class='ocrx_word' id='word_1_127' title='bbox 1747 1128 1915 1182; x_wconf 88' lang='lat' dir='ltr'><strong>stolus</strong></span> <span class='ocrx_word' id='word_1_128' title='bbox 1947 1144 1960 1181; x_wconf 88' lang='lat'><strong>:</strong></span> <span class='ocrx_word' id='word_1_129' title='bbox 1995 1128 2285 1184; x_wconf 78' lang='lat' dir='ltr'><strong>Sltldeltlcs</strong></span> <span class='ocrx_word' id='word_1_130' title='bbox 2321 1144 2541 1184; x_wconf 77' lang='lat' dir='ltr'><strong>servare</strong></span> <span class='ocrx_word' id='word_1_131' title='bbox 2571 1131 2826 1184; x_wconf 90' lang='lat' dir='ltr'><strong>unitatem</strong></span> <span class='ocrx_word' id='word_1_132' title='bbox 2872 1129 3094 1197; x_wconf 84' lang='lat' dir='ltr'><strong>spiritus</strong></span> <span class='ocrx_word' id='word_1_133' title='bbox 3124 1125 3176 1180; x_wconf 91' lang='lat' dir='ltr'><strong>in</strong></span> <span class='ocrx_word' id='word_1_134' title='bbox 3203 1126 3360 1179; x_wconf 52' lang='lat' dir='ltr'><strong>vin&quot;</strong></span> 
     </span>
    </p>
   </div>
   <div class='ocr_carea' id='block_1_10' title="bbox 105 1215 3328 1290">
    <p class='ocr_par' dir='ltr' id='par_1_10' title="bbox 105 1215 3328 1290">
     <span class='ocr_line' id='line_1_10' title="bbox 105 1215 3328 1290; baseline -0.001 -15"><span class='ocrx_word' id='word_1_135' title='bbox 105 1229 225 1285; x_wconf 83' lang='lat' dir='ltr'><strong>lunt,</strong></span> <span class='ocrx_word' id='word_1_136' title='bbox 253 1233 336 1274; x_wconf 89' lang='lat' dir='ltr'><strong>cur</strong></span> <span class='ocrx_word' id='word_1_137' title='bbox 359 1219 442 1277; x_wconf 84' lang='lat' dir='ltr'><strong>illa</strong></span> <span class='ocrx_word' id='word_1_138' title='bbox 473 1219 863 1288; x_wconf 67' lang='lat' dir='ltr'><strong>iniparnitciitia</strong></span> <span class='ocrx_word' id='word_1_139' title='bbox 893 1236 1012 1289; x_wconf 78' lang='lat' dir='ltr'><strong>qua:</strong></span> <span class='ocrx_word' id='word_1_140' title='bbox 1041 1233 1311 1288; x_wconf 79' lang='lat' dir='ltr'><strong>nunquam</strong></span> <span class='ocrx_word' id='word_1_141' title='bbox 1343 1215 1644 1270; x_wconf 86' lang='lat' dir='ltr'><strong>dimittetur</strong></span> <span class='ocrx_word' id='word_1_142' title='bbox 1745 1221 1866 1273; x_wconf 86' lang='lat' dir='ltr'><strong>culo</strong></span> <span class='ocrx_word' id='word_1_143' title='bbox 1899 1218 2065 1286; x_wconf 88' lang='lat' dir='ltr'><strong>pacis.</strong></span> <span class='ocrx_word' id='word_1_144' title='bbox 2097 1220 2250 1286; x_wconf 81' lang='lat' dir='ltr'><strong>Quod</strong></span> <span class='ocrx_word' id='word_1_145' title='bbox 2279 1230 2456 1275; x_wconf 83' lang='lat' dir='ltr'><strong>autent</strong></span> <span class='ocrx_word' id='word_1_146' title='bbox 2488 1222 2602 1290; x_wconf 88' lang='lat' dir='ltr'><strong>ipse</strong></span> <span class='ocrx_word' id='word_1_147' title='bbox 2627 1223 2697 1276; x_wconf 90' lang='lat' dir='ltr'><strong>sit</strong></span> <span class='ocrx_word' id='word_1_148' title='bbox 2723 1219 2956 1289; x_wconf 86' lang='lat' dir='ltr'><strong>Spiritus</strong></span> <span class='ocrx_word' id='word_1_149' title='bbox 2987 1219 3178 1284; x_wconf 79' lang='lat' dir='ltr'><strong>Patris,</strong></span> <span class='ocrx_word' id='word_1_150' title='bbox 3213 1217 3328 1287; x_wconf 80' lang='lat' dir='ltr'><strong>ipse</strong></span> 
     </span>
    </p>
   </div>
   <div class='ocr_carea' id='block_1_11' title="bbox 105 1305 3327 1382">
    <p class='ocr_par' dir='ltr' id='par_1_11' title="bbox 105 1305 3327 1382">
     <span class='ocr_line' id='line_1_11' title="bbox 105 1305 3327 1382; baseline -0.002 -13"><span class='ocrx_word' id='word_1_151' title='bbox 105 1313 430 1374; x_wconf 78' lang='lat' dir='ltr'><strong>tanttuiuiiodo</strong></span> <span class='ocrx_word' id='word_1_152' title='bbox 471 1313 538 1370; x_wconf 82' lang='lat' dir='ltr'><strong>ad</strong></span> <span class='ocrx_word' id='word_1_153' title='bbox 565 1313 799 1382; x_wconf 64' lang='lat' dir='ltr'><strong>Spiritus</strong></span> <span class='ocrx_word' id='word_1_154' title='bbox 839 1311 1225 1381; x_wconf 85' lang='lat' dir='ltr'><strong>blasphemiam</strong></span> <span class='ocrx_word' id='word_1_155' title='bbox 1257 1309 1455 1364; x_wconf 90' lang='lat' dir='ltr'><strong>dicitur</strong></span> <span class='ocrx_word' id='word_1_156' title='bbox 1485 1305 1644 1376; x_wconf 87' lang='lat' dir='ltr'><strong>pcrti-</strong></span> <span class='ocrx_word' id='word_1_157' title='bbox 1746 1307 1913 1364; x_wconf 84' lang='lat' dir='ltr'><strong>Filius</strong></span> <span class='ocrx_word' id='word_1_158' title='bbox 1939 1311 2065 1365; x_wconf 86' lang='lat' dir='ltr'><strong>dicit</strong></span> <span class='ocrx_word' id='word_1_159' title='bbox 2098 1328 2109 1365; x_wconf 90' lang='lat'><strong>:</strong></span> <span class='ocrx_word' id='word_1_160' title='bbox 2148 1313 2220 1367; x_wconf 89' lang='lat' dir='ltr'><strong>De</strong></span> <span class='ocrx_word' id='word_1_161' title='bbox 2261 1313 2417 1368; x_wconf 83' lang='lat' dir='ltr'><strong>Patre</strong></span> <span class='ocrx_word' id='word_1_162' title='bbox 2461 1314 2723 1382; x_wconf 89' lang='lat' dir='ltr'><strong>procedit.</strong></span> <span class='ocrx_word' id='word_1_163' title='bbox 2759 1313 2827 1368; x_wconf 82' lang='lat' dir='ltr'><strong>Et</strong></span> <span class='ocrx_word' id='word_1_164' title='bbox 2865 1313 2972 1366; x_wconf 91' lang='lat' dir='ltr'><strong>alio</strong></span> <span class='ocrx_word' id='word_1_165' title='bbox 3012 1312 3130 1366; x_wconf 87' lang='lat' dir='ltr'><strong>loco</strong></span> <span class='ocrx_word' id='word_1_166' title='bbox 3164 1327 3177 1363; x_wconf 89' lang='lat'><strong>:</strong></span> <span class='ocrx_word' id='word_1_167' title='bbox 3212 1309 3327 1364; x_wconf 79' lang='lat' dir='ltr'><strong>Non</strong></span> 
     </span>
    </p>
   </div>
   <div class='ocr_carea' id='block_1_12' title="bbox 101 1399 3331 1476">
    <p class='ocr_par' dir='ltr' id='par_1_12' title="bbox 101 1399 3331 1476">
     <span class='ocr_line' id='line_1_12' title="bbox 101 1399 3331 1476; baseline -0.002 -14"><span class='ocrx_word' id='word_1_168' title='bbox 101 1422 247 1472; x_wconf 81' lang='lat' dir='ltr'><strong>uere,</strong></span> <span class='ocrx_word' id='word_1_169' title='bbox 283 1418 525 1476; x_wconf 80' lang='lat' dir='ltr'><strong>tanquam</strong></span> <span class='ocrx_word' id='word_1_170' title='bbox 561 1407 652 1462; x_wconf 86' lang='lat' dir='ltr'><strong>ille</strong></span> <span class='ocrx_word' id='word_1_171' title='bbox 689 1406 780 1476; x_wconf 89' lang='lat' dir='ltr'><strong>qui</strong></span> <span class='ocrx_word' id='word_1_172' title='bbox 827 1405 928 1460; x_wconf 88' lang='lat' dir='ltr'><strong>hoc</strong></span> <span class='ocrx_word' id='word_1_173' title='bbox 971 1401 1378 1472; x_wconf 72' lang='lat' dir='ltr'><strong>impmniteutia:</strong></span> <span class='ocrx_word' id='word_1_174' title='bbox 1426 1407 1644 1468; x_wconf 87' lang='lat' dir='ltr'><strong>peccato</strong></span> <span class='ocrx_word' id='word_1_175' title='bbox 1745 1401 1889 1455; x_wconf 86' lang='lat' dir='ltr'><strong>enim</strong></span> <span class='ocrx_word' id='word_1_176' title='bbox 1947 1417 2041 1457; x_wconf 76' lang='lat' dir='ltr'><strong>vos</strong></span> <span class='ocrx_word' id='word_1_177' title='bbox 2080 1402 2210 1457; x_wconf 87' lang='lat' dir='ltr'><strong>estis</strong></span> <span class='ocrx_word' id='word_1_178' title='bbox 2257 1404 2344 1473; x_wconf 91' lang='lat' dir='ltr'><strong>qui</strong></span> <span class='ocrx_word' id='word_1_179' title='bbox 2397 1404 2695 1473; x_wconf 84' lang='lat' dir='ltr'><strong>loquimini,</strong></span> <span class='ocrx_word' id='word_1_180' title='bbox 2745 1404 2840 1459; x_wconf 85' lang='lat' dir='ltr'><strong>sed</strong></span> <span class='ocrx_word' id='word_1_181' title='bbox 2887 1403 3114 1472; x_wconf 82' lang='lat' dir='ltr'><strong>Spiritus</strong></span> <span class='ocrx_word' id='word_1_182' title='bbox 3161 1399 3331 1454; x_wconf 72' lang='lat' dir='ltr'><strong>Patris</strong></span> 
     </span>
    </p>
   </div>
   <div class='ocr_carea' id='block_1_13' title="bbox 99 1479 3332 1569">
    <p class='ocr_par' dir='ltr' id='par_1_13' title="bbox 99 1479 3332 1569">
     <span class='ocr_line' id='line_1_13' title="bbox 99 1479 3332 1569; baseline -0.001 -17"><span class='ocrx_word' id='word_1_183' title='bbox 99 1499 240 1556; x_wconf 81' lang='lat' dir='ltr'><strong>lueiit</strong></span> <span class='ocrx_word' id='word_1_184' title='bbox 260 1501 533 1569; x_wconf 77' lang='lat' dir='ltr'><strong>obligatus,</strong></span> <span class='ocrx_word' id='word_1_185' title='bbox 565 1499 708 1554; x_wconf 87' lang='lat' dir='ltr'><strong>dono</strong></span> <span class='ocrx_word' id='word_1_186' title='bbox 737 1499 909 1552; x_wconf 88' lang='lat' dir='ltr'><strong>sancti</strong></span> <span class='ocrx_word' id='word_1_187' title='bbox 937 1496 1168 1566; x_wconf 82' lang='lat' dir='ltr'><strong>Spiritus</strong></span> <span class='ocrx_word' id='word_1_188' title='bbox 1195 1494 1446 1549; x_wconf 82' lang='lat' dir='ltr'><strong>resistere</strong></span> <span class='ocrx_word' id='word_1_189' title='bbox 1469 1491 1647 1545; x_wconf 77' lang='lat' dir='ltr'><strong>vidca-</strong></span> <span class='ocrx_word' id='word_1_190' title='bbox 1747 1495 1910 1549; x_wconf 76' lang='lat' dir='ltr'><strong>vestri</strong></span> <span class='ocrx_word' id='word_1_191' title='bbox 1942 1497 2031 1564; x_wconf 89' lang='lat' dir='ltr'><strong>qui</strong></span> <span class='ocrx_word' id='word_1_192' title='bbox 2065 1479 2300 1567; x_wconf 84' lang='lat' dir='ltr'><strong>loquitur</strong></span> <span class='ocrx_word' id='word_1_193' title='bbox 2339 1499 2389 1552; x_wconf 94' lang='lat' dir='ltr'><strong>in</strong></span> <span class='ocrx_word' id='word_1_194' title='bbox 2421 1499 2595 1553; x_wconf 79' lang='lat' dir='ltr'><strong>vobis.</strong></span> <span class='ocrx_word' id='word_1_195' title='bbox 2625 1498 2775 1565; x_wconf 86' lang='lat' dir='ltr'><strong>Quod</strong></span> <span class='ocrx_word' id='word_1_196' title='bbox 2808 1513 2936 1553; x_wconf 89' lang='lat' dir='ltr'><strong>vero</strong></span> <span class='ocrx_word' id='word_1_197' title='bbox 2968 1499 3080 1566; x_wconf 81' lang='lat' dir='ltr'><strong>ipse</strong></span> <span class='ocrx_word' id='word_1_198' title='bbox 3111 1499 3179 1551; x_wconf 89' lang='lat' dir='ltr'><strong>sit</strong></span> <span class='ocrx_word' id='word_1_199' title='bbox 3215 1496 3332 1565; x_wconf 81' lang='lat' dir='ltr'><strong>Spi-</strong></span> 
     </span>
    </p>
   </div>
   <div class='ocr_carea' id='block_1_14' title="bbox 98 1583 3330 1662">
    <p class='ocr_par' dir='ltr' id='par_1_14' title="bbox 98 1583 3330 1662">
     <span class='ocr_line' id='line_1_14' title="bbox 98 1583 3330 1662; baseline -0 -17"><span class='ocrx_word' id='word_1_200' title='bbox 98 1601 197 1654; x_wconf 88' lang='lat' dir='ltr'><strong>tur,</strong></span> <span class='ocrx_word' id='word_1_201' title='bbox 219 1592 347 1660; x_wconf 88' lang='lat' dir='ltr'><strong>quod</strong></span> <span class='ocrx_word' id='word_1_202' title='bbox 375 1607 441 1648; x_wconf 84' lang='lat' dir='ltr'><strong>eo</strong></span> <span class='ocrx_word' id='word_1_203' title='bbox 466 1594 606 1647; x_wconf 88' lang='lat' dir='ltr'><strong>dono</strong></span> <span class='ocrx_word' id='word_1_204' title='bbox 635 1595 728 1646; x_wconf 82' lang='lat' dir='ltr'><strong>liat</strong></span> <span class='ocrx_word' id='word_1_205' title='bbox 751 1590 996 1646; x_wconf 76' lang='lat' dir='ltr'><strong>remissio</strong></span> <span class='ocrx_word' id='word_1_206' title='bbox 1024 1585 1398 1658; x_wconf 82' lang='lat' dir='ltr'><strong>peccatorum?</strong></span> <span class='ocrx_word' id='word_1_207' title='bbox 1421 1583 1543 1638; x_wconf 66' lang='lat' dir='ltr'><strong>Ilmc</strong></span> <span class='ocrx_word' id='word_1_208' title='bbox 1575 1583 1645 1637; x_wconf 87' lang='lat' dir='ltr'><strong>ita</strong></span> <span class='ocrx_word' id='word_1_209' title='bbox 1748 1590 1884 1644; x_wconf 88' lang='lat' dir='ltr'><strong>ritus</strong></span> <span class='ocrx_word' id='word_1_210' title='bbox 1917 1592 2057 1658; x_wconf 82' lang='lat' dir='ltr'><strong>Filii,</strong></span> <span class='ocrx_word' id='word_1_211' title='bbox 2090 1594 2376 1662; x_wconf 83' lang='lat' dir='ltr'><strong>Apostolus</strong></span> <span class='ocrx_word' id='word_1_212' title='bbox 2406 1594 2535 1647; x_wconf 90' lang='lat' dir='ltr'><strong>dicit</strong></span> <span class='ocrx_word' id='word_1_213' title='bbox 2568 1609 2581 1646; x_wconf 90' lang='lat'><strong>:</strong></span> <span class='ocrx_word' id='word_1_214' title='bbox 2609 1593 2746 1647; x_wconf 80' lang='lat' dir='ltr'><strong>Misit</strong></span> <span class='ocrx_word' id='word_1_215' title='bbox 2785 1592 2922 1647; x_wconf 89' lang='lat' dir='ltr'><strong>Deus</strong></span> <span class='ocrx_word' id='word_1_216' title='bbox 2952 1592 3210 1660; x_wconf 90' lang='lat' dir='ltr'><strong>Spiritum</strong></span> <span class='ocrx_word' id='word_1_217' title='bbox 3243 1589 3330 1644; x_wconf 88' lang='lat' dir='ltr'><strong>Fi-</strong></span> 
     </span>
    </p>
   </div>
   <div class='ocr_carea' id='block_1_15' title="bbox 96 1679 3334 1756">
    <p class='ocr_par' dir='ltr' id='par_1_15' title="bbox 96 1679 3334 1756">
     <span class='ocr_line' id='line_1_15' title="bbox 96 1679 3334 1756; baseline -0.002 -15"><span class='ocrx_word' id='word_1_218' title='bbox 96 1686 320 1744; x_wconf 83' lang='lat' dir='ltr'><strong>dit-untur</strong></span> <span class='ocrx_word' id='word_1_219' title='bbox 339 1700 400 1744; x_wconf 83' lang='lat' dir='ltr'><strong>ut</strong></span> <span class='ocrx_word' id='word_1_220' title='bbox 427 1698 605 1743; x_wconf 86' lang='lat' dir='ltr'><strong>tamen</strong></span> <span class='ocrx_word' id='word_1_221' title='bbox 637 1685 1010 1756; x_wconf 86' lang='lat' dir='ltr'><strong>inseparabiiis</strong></span> <span class='ocrx_word' id='word_1_222' title='bbox 1042 1684 1369 1753; x_wconf 80' lang='lat' dir='ltr'><strong>intelligatur</strong></span> <span class='ocrx_word' id='word_1_223' title='bbox 1404 1680 1646 1751; x_wconf 87' lang='lat' dir='ltr'><strong>operatio</strong></span> <span class='ocrx_word' id='word_1_224' title='bbox 1749 1679 1805 1736; x_wconf 91' lang='lat' dir='ltr'><strong>lii</strong></span> <span class='ocrx_word' id='word_1_225' title='bbox 1837 1683 1917 1736; x_wconf 91' lang='lat' dir='ltr'><strong>sui</strong></span> <span class='ocrx_word' id='word_1_226' title='bbox 1951 1683 2002 1737; x_wconf 93' lang='lat' dir='ltr'><strong>in</strong></span> <span class='ocrx_word' id='word_1_227' title='bbox 2043 1685 2206 1740; x_wconf 90' lang='lat' dir='ltr'><strong>corda</strong></span> <span class='ocrx_word' id='word_1_228' title='bbox 2241 1696 2422 1741; x_wconf 87' lang='lat' dir='ltr'><strong>nostra</strong></span> <span class='ocrx_word' id='word_1_229' title='bbox 2453 1687 2776 1740; x_wconf 86' lang='lat' dir='ltr'><strong>clamantem</strong></span> <span class='ocrx_word' id='word_1_230' title='bbox 2823 1685 2972 1739; x_wconf 77' lang='lat' dir='ltr'><strong>Abba</strong></span> <span class='ocrx_word' id='word_1_231' title='bbox 3016 1694 3187 1752; x_wconf 88' lang='lat' dir='ltr'><strong>pater,</strong></span> <span class='ocrx_word' id='word_1_232' title='bbox 3231 1683 3334 1736; x_wconf 86' lang='lat' dir='ltr'><strong>hoc</strong></span> 
     </span>
    </p>
   </div>
   <div class='ocr_carea' id='block_1_16' title="bbox 94 1773 3324 1846">
    <p class='ocr_par' dir='ltr' id='par_1_16' title="bbox 94 1773 3324 1846">
     <span class='ocr_line' id='line_1_16' title="bbox 94 1773 3324 1846; baseline -0.006 -1"><span class='ocrx_word' id='word_1_233' title='bbox 94 1777 366 1843; x_wconf 70' lang='lat' dir='ltr'><strong>Trlﬂllalls.</strong></span> <span class='ocrx_word' id='word_1_234' title='bbox 408 1781 478 1834; x_wconf 71' lang='lat' dir='ltr'><strong>ila</strong></span> <span class='ocrx_word' id='word_1_235' title='bbox 521 1790 578 1834; x_wconf 84' lang='grc' dir='ltr'><strong>υι</strong></span> <span class='ocrx_word' id='word_1_236' title='bbox 617 1794 740 1834; x_wconf 79' lang='lat' dir='ltr'><strong>cum</strong></span> <span class='ocrx_word' id='word_1_237' title='bbox 771 1778 1013 1846; x_wconf 75' lang='lat' dir='ltr'><strong>Operatio</strong></span> <span class='ocrx_word' id='word_1_238' title='bbox 1061 1775 1235 1830; x_wconf 71' lang='lat' dir='ltr'><strong>Patris</strong></span> <span class='ocrx_word' id='word_1_239' title='bbox 1277 1773 1496 1839; x_wconf 68' lang='lat' dir='ltr'><strong>dieitur.</strong></span> <span class='ocrx_word' id='word_1_240' title='bbox 1540 1787 1645 1826; x_wconf 81' lang='lat' dir='ltr'><strong>non</strong></span> <span class='ocrx_word' id='word_1_241' title='bbox 1750 1785 1833 1830; x_wconf 88' lang='lat' dir='ltr'><strong>est</strong></span> <span class='ocrx_word' id='word_1_242' title='bbox 1861 1777 2092 1833; x_wconf 87' lang='lat' dir='ltr'><strong>clamare</strong></span> <span class='ocrx_word' id='word_1_243' title='bbox 2125 1779 2441 1842; x_wconf 78' lang='lat' dir='ltr'><strong>facientem;</strong></span> <span class='ocrx_word' id='word_1_244' title='bbox 2475 1795 2571 1833; x_wconf 83' lang='lat' dir='ltr'><strong>nos</strong></span> <span class='ocrx_word' id='word_1_245' title='bbox 2601 1780 2742 1832; x_wconf 81' lang='lat' dir='ltr'><strong>enim</strong></span> <span class='ocrx_word' id='word_1_246' title='bbox 2772 1778 3087 1840; x_wconf 85' lang='lat' dir='ltr'><strong>clamamus,</strong></span> <span class='ocrx_word' id='word_1_247' title='bbox 3125 1775 3173 1828; x_wconf 82' lang='lat' dir='ltr'><strong>id</strong></span> <span class='ocrx_word' id='word_1_248' title='bbox 3206 1784 3324 1839; x_wconf 86' lang='lat' dir='ltr'><strong>est,</strong></span> 
     </span>
    </p>
   </div>
   <div class='ocr_carea' id='block_1_17' title="bbox 95 1863 3337 1938">
    <p class='ocr_par' dir='ltr' id='par_1_17' title="bbox 95 1863 3337 1938">
     <span class='ocr_line' id='line_1_17' title="bbox 95 1863 3337 1938; baseline 0.002 -18"><span class='ocrx_word' id='word_1_249' title='bbox 95 1883 203 1923; x_wconf 84' lang='lat' dir='ltr'><strong>eam</strong></span> <span class='ocrx_word' id='word_1_250' title='bbox 261 1869 371 1928; x_wconf 79' lang='lat' dir='ltr'><strong>sine</strong></span> <span class='ocrx_word' id='word_1_251' title='bbox 415 1868 559 1925; x_wconf 80' lang='lat' dir='ltr'><strong>Filio</strong></span> <span class='ocrx_word' id='word_1_252' title='bbox 612 1879 668 1925; x_wconf 81' lang='lat' dir='ltr'><strong>ct</strong></span> <span class='ocrx_word' id='word_1_253' title='bbox 726 1869 926 1938; x_wconf 86' lang='lat' dir='ltr'><strong>Spiritu</strong></span> <span class='ocrx_word' id='word_1_254' title='bbox 978 1879 1164 1922; x_wconf 87' lang='lat' dir='ltr'><strong>sancto</strong></span> <span class='ocrx_word' id='word_1_255' title='bbox 1227 1865 1436 1935; x_wconf 84' lang='lat' dir='ltr'><strong>operari</strong></span> <span class='ocrx_word' id='word_1_256' title='bbox 1493 1863 1650 1917; x_wconf 63' lang='lat' dir='ltr'><strong>intelo</strong></span> <span class='ocrx_word' id='word_1_257' title='bbox 1684 1868 1734 1931; x_wconf 85' lang='lat' dir='ltr'><strong>B</strong></span> <span class='ocrx_word' id='word_1_258' title='bbox 1761 1867 1854 1924; x_wconf 87' lang='lat' dir='ltr'><strong>illo</strong></span> <span class='ocrx_word' id='word_1_259' title='bbox 1885 1869 2217 1927; x_wconf 83' lang='lat' dir='ltr'><strong>ililluiidciite</strong></span> <span class='ocrx_word' id='word_1_260' title='bbox 2247 1873 2562 1927; x_wconf 90' lang='lat' dir='ltr'><strong>charitatein</strong></span> <span class='ocrx_word' id='word_1_261' title='bbox 2607 1873 2658 1926; x_wconf 89' lang='lat' dir='ltr'><strong>in</strong></span> <span class='ocrx_word' id='word_1_262' title='bbox 2691 1873 2944 1926; x_wconf 85' lang='lat' dir='ltr'><strong>cordibus</strong></span> <span class='ocrx_word' id='word_1_263' title='bbox 2975 1873 3190 1936; x_wconf 82' lang='lat' dir='ltr'><strong>nostris,</strong></span> <span class='ocrx_word' id='word_1_264' title='bbox 3219 1871 3337 1928; x_wconf 83' lang='lat' dir='ltr'><strong>sine</strong></span> 
     </span>
    </p>
   </div>
   <div class='ocr_carea' id='block_1_18' title="bbox 91 1955 3336 2036">
    <p class='ocr_par' dir='ltr' id='par_1_18' title="bbox 91 1955 3336 2036">
     <span class='ocr_line' id='line_1_18' title="bbox 91 1955 3336 2036; baseline 0.002 -23"><span class='ocrx_word' id='word_1_265' title='bbox 91 1958 298 2029; x_wconf 74' lang='lat' dir='ltr'><strong>ligatur,</strong></span> <span class='ocrx_word' id='word_1_266' title='bbox 351 1970 403 2015; x_wconf 89' lang='lat' dir='ltr'><strong>et</strong></span> <span class='ocrx_word' id='word_1_267' title='bbox 450 1974 572 2015; x_wconf 88' lang='lat' dir='ltr'><strong>cum</strong></span> <span class='ocrx_word' id='word_1_268' title='bbox 624 1959 869 2030; x_wconf 79' lang='lat' dir='ltr'><strong>Operatio</strong></span> <span class='ocrx_word' id='word_1_269' title='bbox 923 1958 1086 2022; x_wconf 89' lang='lat' dir='ltr'><strong>Filii,</strong></span> <span class='ocrx_word' id='word_1_270' title='bbox 1149 1972 1254 2012; x_wconf 91' lang='lat' dir='ltr'><strong>non</strong></span> <span class='ocrx_word' id='word_1_271' title='bbox 1312 1957 1430 2011; x_wconf 90' lang='lat' dir='ltr'><strong>sine</strong></span> <span class='ocrx_word' id='word_1_272' title='bbox 1493 1955 1653 2010; x_wconf 81' lang='lat' dir='ltr'><strong>Patre</strong></span> <span class='ocrx_word' id='word_1_273' title='bbox 1756 1979 1857 2032; x_wconf 79' lang='lat' dir='ltr'><strong>qua</strong></span> <span class='ocrx_word' id='word_1_274' title='bbox 1888 1964 2122 2020; x_wconf 85' lang='lat' dir='ltr'><strong>inaniter</strong></span> <span class='ocrx_word' id='word_1_275' title='bbox 2162 1968 2359 2022; x_wconf 90' lang='lat' dir='ltr'><strong>clamat</strong></span> <span class='ocrx_word' id='word_1_276' title='bbox 2404 1966 2707 2036; x_wconf 90' lang='lat' dir='ltr'><strong>quicunque</strong></span> <span class='ocrx_word' id='word_1_277' title='bbox 2755 1967 2968 2020; x_wconf 87' lang='lat' dir='ltr'><strong>clamat.</strong></span> <span class='ocrx_word' id='word_1_278' title='bbox 3017 1964 3164 2020; x_wconf 89' lang='lat' dir='ltr'><strong>Unde</strong></span> <span class='ocrx_word' id='word_1_279' title='bbox 3209 1965 3336 2018; x_wconf 87' lang='lat' dir='ltr'><strong>item</strong></span> 
     </span>
    </p>
   </div>
   <div class='ocr_carea' id='block_1_19' title="bbox 89 2047 1648 2122">
    <p class='ocr_par' dir='ltr' id='par_1_19' title="bbox 89 2047 1648 2122">
     <span class='ocr_line' id='line_1_19' title="bbox 89 2047 1648 2122; baseline -0.004 -16"><span class='ocrx_word' id='word_1_280' title='bbox 89 2064 139 2107; x_wconf 87' lang='lat' dir='ltr'><strong>et</strong></span> <span class='ocrx_word' id='word_1_281' title='bbox 178 2053 366 2122; x_wconf 79' lang='lat' dir='ltr'><strong>Spiritu</strong></span> <span class='ocrx_word' id='word_1_282' title='bbox 401 2065 612 2119; x_wconf 83' lang='lat' dir='ltr'><strong>sancto,</strong></span> <span class='ocrx_word' id='word_1_283' title='bbox 657 2063 714 2110; x_wconf 87' lang='lat' dir='ltr'><strong>et</strong></span> <span class='ocrx_word' id='word_1_284' title='bbox 755 2067 878 2107; x_wconf 88' lang='lat' dir='ltr'><strong>cum</strong></span> <span class='ocrx_word' id='word_1_285' title='bbox 917 2050 1162 2122; x_wconf 82' lang='lat' dir='ltr'><strong>Operatio</strong></span> <span class='ocrx_word' id='word_1_286' title='bbox 1198 2048 1426 2119; x_wconf 89' lang='lat' dir='ltr'><strong>Spiritus</strong></span> <span class='ocrx_word' id='word_1_287' title='bbox 1455 2047 1648 2115; x_wconf 81' lang='lat' dir='ltr'><strong>sancti,</strong></span> 
     </span>
    </p>
   </div>
   <div class='ocr_carea' id='block_1_20' title="bbox 85 2146 1650 2205">
    <p class='ocr_par' dir='ltr' id='par_1_20' title="bbox 85 2146 1650 2205">
     <span class='ocr_line' id='line_1_20' title="bbox 85 2146 1650 2205; baseline -0.004 -3"><span class='ocrx_word' id='word_1_288' title='bbox 85 2161 191 2204; x_wconf 89' lang='lat' dir='ltr'><strong>non</strong></span> <span class='ocrx_word' id='word_1_289' title='bbox 229 2148 340 2205; x_wconf 82' lang='lat' dir='ltr'><strong>sine</strong></span> <span class='ocrx_word' id='word_1_290' title='bbox 373 2146 527 2205; x_wconf 84' lang='lat' dir='ltr'><strong>Patre</strong></span> <span class='ocrx_word' id='word_1_291' title='bbox 554 2159 610 2203; x_wconf 91' lang='lat' dir='ltr'><strong>et</strong></span> <span class='ocrx_word' id='word_1_292' title='bbox 648 2148 786 2204; x_wconf 86' lang='lat' dir='ltr'><strong>Filio</strong></span> <span class='ocrx_word' id='word_1_293' title='bbox 819 2165 834 2203; x_wconf 89' lang='lat'><strong>:</strong></span> <span class='ocrx_word' id='word_1_294' title='bbox 863 2151 994 2204; x_wconf 85' lang='lat' dir='ltr'><strong>satis</strong></span> <span class='ocrx_word' id='word_1_295' title='bbox 1022 2156 1208 2202; x_wconf 90' lang='lat' dir='ltr'><strong>notum</strong></span> <span class='ocrx_word' id='word_1_296' title='bbox 1244 2160 1326 2199; x_wconf 88' lang='lat' dir='ltr'><strong>est</strong></span> <span class='ocrx_word' id='word_1_297' title='bbox 1357 2155 1504 2202; x_wconf 90' lang='lat' dir='ltr'><strong>recte</strong></span> <span class='ocrx_word' id='word_1_298' title='bbox 1528 2159 1650 2198; x_wconf 88' lang='lat' dir='ltr'><strong>ere-</strong></span> 
     </span>
    </p>
   </div>
   <div class='ocr_carea' id='block_1_21' title="bbox 83 2239 1658 2311">
    <p class='ocr_par' dir='ltr' id='par_1_21' title="bbox 83 2239 1658 2311">
     <span class='ocr_line' id='line_1_21' title="bbox 83 2239 1658 2311; baseline 0.001 -19"><span class='ocrx_word' id='word_1_299' title='bbox 83 2239 359 2305; x_wconf 87' lang='lat' dir='ltr'><strong>dentibus,</strong></span> <span class='ocrx_word' id='word_1_300' title='bbox 402 2241 482 2296; x_wconf 77' lang='lat' dir='ltr'><strong>vel</strong></span> <span class='ocrx_word' id='word_1_301' title='bbox 520 2239 684 2296; x_wconf 90' lang='lat' dir='ltr'><strong>etiam</strong></span> <span class='ocrx_word' id='word_1_302' title='bbox 727 2250 787 2294; x_wconf 89' lang='lat' dir='ltr'><strong>nt</strong></span> <span class='ocrx_word' id='word_1_303' title='bbox 832 2251 1056 2310; x_wconf 89' lang='lat' dir='ltr'><strong>possunt</strong></span> <span class='ocrx_word' id='word_1_304' title='bbox 1104 2241 1554 2311; x_wconf 82' lang='lat' dir='ltr'><strong>intelligentihus,</strong></span> <span class='ocrx_word' id='word_1_305' title='bbox 1599 2247 1658 2294; x_wconf 89' lang='lat' dir='ltr'><strong>et</strong></span> 
     </span>
    </p>
   </div>
   <div class='ocr_carea' id='block_1_22' title="bbox 78 2329 1652 2402">
    <p class='ocr_par' dir='ltr' id='par_1_22' title="bbox 78 2329 1652 2402">
     <span class='ocr_line' id='line_1_22' title="bbox 78 2329 1652 2402; baseline -0.002 -17"><span class='ocrx_word' id='word_1_306' title='bbox 78 2329 210 2385; x_wconf 82' lang='lat' dir='ltr'><strong>illud</strong></span> <span class='ocrx_word' id='word_1_307' title='bbox 237 2331 353 2385; x_wconf 91' lang='lat' dir='ltr'><strong>ideo</strong></span> <span class='ocrx_word' id='word_1_308' title='bbox 385 2331 584 2385; x_wconf 76' lang='lat' dir='ltr'><strong>dictum</strong></span> <span class='ocrx_word' id='word_1_309' title='bbox 625 2345 745 2388; x_wconf 85' lang='lat' dir='ltr'><strong>esse</strong></span> <span class='ocrx_word' id='word_1_310' title='bbox 790 2333 859 2387; x_wconf 86' lang='lat' dir='ltr'><strong>de</strong></span> <span class='ocrx_word' id='word_1_311' title='bbox 902 2333 1082 2399; x_wconf 83' lang='lat' dir='ltr'><strong>Patre,</strong></span> <span class='ocrx_word' id='word_1_312' title='bbox 1138 2333 1256 2402; x_wconf 88' lang='lat' dir='ltr'><strong>Ipse</strong></span> <span class='ocrx_word' id='word_1_313' title='bbox 1306 2332 1433 2385; x_wconf 86' lang='lat' dir='ltr'><strong>laeit</strong></span> <span class='ocrx_word' id='word_1_314' title='bbox 1465 2344 1652 2399; x_wconf 87' lang='lat' dir='ltr'><strong>opera,</strong></span> 
     </span>
    </p>
   </div>
   <div class='ocr_carea' id='block_1_23' title="bbox 75 2419 1659 2492">
    <p class='ocr_par' dir='ltr' id='par_1_23' title="bbox 75 2419 1659 2492">
     <span class='ocr_line' id='line_1_23' title="bbox 75 2419 1659 2492; baseline -0.001 -17"><span class='ocrx_word' id='word_1_315' title='bbox 75 2423 223 2492; x_wconf 87' lang='lat' dir='ltr'><strong>quod</strong></span> <span class='ocrx_word' id='word_1_316' title='bbox 251 2425 316 2478; x_wconf 91' lang='lat' dir='ltr'><strong>ab</strong></span> <span class='ocrx_word' id='word_1_317' title='bbox 351 2423 440 2478; x_wconf 80' lang='lat' dir='ltr'><strong>illo</strong></span> <span class='ocrx_word' id='word_1_318' title='bbox 477 2424 549 2477; x_wconf 89' lang='lat' dir='ltr'><strong>sit</strong></span> <span class='ocrx_word' id='word_1_319' title='bbox 572 2424 725 2492; x_wconf 90' lang='lat' dir='ltr'><strong>origo</strong></span> <span class='ocrx_word' id='word_1_320' title='bbox 750 2424 913 2479; x_wconf 89' lang='lat' dir='ltr'><strong>etiam</strong></span> <span class='ocrx_word' id='word_1_321' title='bbox 944 2439 1194 2492; x_wconf 89' lang='lat' dir='ltr'><strong>operum,</strong></span> <span class='ocrx_word' id='word_1_322' title='bbox 1227 2438 1256 2476; x_wconf 87' lang='lat' dir='ltr'><strong>a</strong></span> <span class='ocrx_word' id='word_1_323' title='bbox 1279 2436 1386 2490; x_wconf 86' lang='lat' dir='ltr'><strong>quo</strong></span> <span class='ocrx_word' id='word_1_324' title='bbox 1425 2431 1511 2477; x_wconf 82' lang='lat' dir='ltr'><strong>est</strong></span> <span class='ocrx_word' id='word_1_325' title='bbox 1543 2419 1659 2474; x_wconf 76' lang='lat' dir='ltr'><strong>cxi-</strong></span> 
     </span>
    </p>
   </div>
   <div class='ocr_carea' id='block_1_24' title="bbox 74 2511 1660 2584">
    <p class='ocr_par' dir='ltr' id='par_1_24' title="bbox 74 2511 1660 2584">
     <span class='ocr_line' id='line_1_24' title="bbox 74 2511 1660 2584; baseline -0.001 -17"><span class='ocrx_word' id='word_1_326' title='bbox 74 2513 272 2567; x_wconf 86' lang='lat' dir='ltr'><strong>stcntia</strong></span> <span class='ocrx_word' id='word_1_327' title='bbox 300 2519 702 2580; x_wconf 74' lang='lat' dir='ltr'><strong>cOOpCiantium</strong></span> <span class='ocrx_word' id='word_1_328' title='bbox 746 2529 1120 2583; x_wconf 87' lang='lat' dir='ltr'><strong>personarum,</strong></span> <span class='ocrx_word' id='word_1_329' title='bbox 1165 2515 1289 2584; x_wconf 87' lang='lat' dir='ltr'><strong>quia</strong></span> <span class='ocrx_word' id='word_1_330' title='bbox 1319 2525 1374 2568; x_wconf 81' lang='lat' dir='ltr'><strong>et</strong></span> <span class='ocrx_word' id='word_1_331' title='bbox 1401 2512 1568 2566; x_wconf 85' lang='lat' dir='ltr'><strong>Filius</strong></span> <span class='ocrx_word' id='word_1_332' title='bbox 1591 2511 1660 2566; x_wconf 87' lang='lat' dir='ltr'><strong>de</strong></span> 
     </span>
    </p>
   </div>
   <div class='ocr_carea' id='block_1_25' title="bbox 71 2601 1658 2673">
    <p class='ocr_par' dir='ltr' id='par_1_25' title="bbox 71 2601 1658 2673">
     <span class='ocr_line' id='line_1_25' title="bbox 71 2601 1658 2673; baseline -0.001 -15"><span class='ocrx_word' id='word_1_333' title='bbox 71 2603 175 2658; x_wconf 87' lang='lat' dir='ltr'><strong>tllo</strong></span> <span class='ocrx_word' id='word_1_334' title='bbox 213 2613 364 2656; x_wconf 87' lang='lat' dir='ltr'><strong>natus</strong></span> <span class='ocrx_word' id='word_1_335' title='bbox 398 2613 501 2666; x_wconf 69' lang='grc' dir='ltr'><strong>εει,</strong></span> <span class='ocrx_word' id='word_1_336' title='bbox 549 2613 606 2658; x_wconf 85' lang='lat' dir='ltr'><strong>et</strong></span> <span class='ocrx_word' id='word_1_337' title='bbox 644 2602 882 2671; x_wconf 81' lang='lat' dir='ltr'><strong>Spiritus</strong></span> <span class='ocrx_word' id='word_1_338' title='bbox 923 2614 1140 2658; x_wconf 86' lang='lat' dir='ltr'><strong>sanctus</strong></span> <span class='ocrx_word' id='word_1_339' title='bbox 1187 2603 1552 2673; x_wconf 87' lang='lat' dir='ltr'><strong>principaliter</strong></span> <span class='ocrx_word' id='word_1_340' title='bbox 1589 2601 1658 2658; x_wconf 86' lang='lat' dir='ltr'><strong>de</strong></span> 
     </span>
    </p>
   </div>
   <div class='ocr_carea' id='block_1_26' title="bbox 71 2695 1665 2768">
    <p class='ocr_par' dir='ltr' id='par_1_26' title="bbox 71 2695 1665 2768">
     <span class='ocr_line' id='line_1_26' title="bbox 71 2695 1665 2768; baseline 0.002 -17"><span class='ocrx_word' id='word_1_341' title='bbox 71 2695 172 2752; x_wconf 90' lang='lat' dir='ltr'><strong>illo</strong></span> <span class='ocrx_word' id='word_1_342' title='bbox 216 2699 474 2765; x_wconf 86' lang='lat' dir='ltr'><strong>procedit,</strong></span> <span class='ocrx_word' id='word_1_343' title='bbox 514 2697 582 2757; x_wconf 87' lang='lat' dir='ltr'><strong>de</strong></span> <span class='ocrx_word' id='word_1_344' title='bbox 610 2712 719 2768; x_wconf 87' lang='lat' dir='ltr'><strong>quo</strong></span> <span class='ocrx_word' id='word_1_345' title='bbox 760 2708 916 2754; x_wconf 89' lang='lat' dir='ltr'><strong>natus</strong></span> <span class='ocrx_word' id='word_1_346' title='bbox 961 2711 1042 2754; x_wconf 81' lang='lat' dir='ltr'><strong>est</strong></span> <span class='ocrx_word' id='word_1_347' title='bbox 1075 2699 1261 2766; x_wconf 83' lang='lat' dir='ltr'><strong>Filius,</strong></span> <span class='ocrx_word' id='word_1_348' title='bbox 1295 2709 1350 2754; x_wconf 91' lang='lat' dir='ltr'><strong>ct</strong></span> <span class='ocrx_word' id='word_1_349' title='bbox 1393 2715 1514 2754; x_wconf 90' lang='lat' dir='ltr'><strong>cum</strong></span> <span class='ocrx_word' id='word_1_350' title='bbox 1555 2713 1665 2768; x_wconf 93' lang='lat' dir='ltr'><strong>quo</strong></span> 
     </span>
    </p>
   </div>
   <div class='ocr_carea' id='block_1_27' title="bbox 70 2787 1662 2865">
    <p class='ocr_par' dir='ltr' id='par_1_27' title="bbox 70 2787 1662 2865">
     <span class='ocr_line' id='line_1_27' title="bbox 70 2787 1662 2865; baseline 0.004 -23"><span class='ocrx_word' id='word_1_351' title='bbox 70 2787 151 2843; x_wconf 89' lang='lat' dir='ltr'><strong>illi</strong></span> <span class='ocrx_word' id='word_1_352' title='bbox 184 2804 482 2848; x_wconf 89' lang='lat' dir='ltr'><strong>communis</strong></span> <span class='ocrx_word' id='word_1_353' title='bbox 510 2803 593 2846; x_wconf 73' lang='grc' dir='ltr'><strong>εει</strong></span> <span class='ocrx_word' id='word_1_354' title='bbox 622 2791 763 2846; x_wconf 85' lang='lat' dir='ltr'><strong>idem</strong></span> <span class='ocrx_word' id='word_1_355' title='bbox 795 2792 1044 2847; x_wconf 82' lang='lat' dir='ltr'><strong>Chrisms</strong></span> <span class='ocrx_word' id='word_1_356' title='bbox 1071 2793 1370 2865; x_wconf 86' lang='lat' dir='ltr'><strong>|Spiritus|.</strong></span> <span class='ocrx_word' id='word_1_357' title='bbox 1417 2795 1549 2850; x_wconf 90' lang='lat' dir='ltr'><strong>llinc</strong></span> <span class='ocrx_word' id='word_1_358' title='bbox 1579 2805 1662 2850; x_wconf 85' lang='lat' dir='ltr'><strong>est</strong></span> 
     </span>
    </p>
   </div>
   <div class='ocr_carea' id='block_1_28' title="bbox 68 2879 1665 2957">
    <p class='ocr_par' dir='ltr' id='par_1_28' title="bbox 68 2879 1665 2957">
     <span class='ocr_line' id='line_1_28' title="bbox 68 2879 1665 2957; baseline 0.006 -24"><span class='ocrx_word' id='word_1_359' title='bbox 68 2879 218 2949; x_wconf 90' lang='lat' dir='ltr'><strong>quod</strong></span> <span class='ocrx_word' id='word_1_360' title='bbox 248 2881 504 2937; x_wconf 85' lang='lat' dir='ltr'><strong>Domitius</strong></span> <span class='ocrx_word' id='word_1_361' title='bbox 533 2881 689 2938; x_wconf 80' lang='lat' dir='ltr'><strong>Jesus</strong></span> <span class='ocrx_word' id='word_1_362' title='bbox 717 2883 771 2937; x_wconf 91' lang='lat' dir='ltr'><strong>in</strong></span> <span class='ocrx_word' id='word_1_363' title='bbox 801 2884 1006 2953; x_wconf 87' lang='lat' dir='ltr'><strong>Spiritu</strong></span> <span class='ocrx_word' id='word_1_364' title='bbox 1037 2897 1226 2940; x_wconf 87' lang='lat' dir='ltr'><strong>sancto</strong></span> <span class='ocrx_word' id='word_1_365' title='bbox 1246 2886 1520 2942; x_wconf 71' lang='lat' dir='ltr'><strong>daemones</strong></span> <span class='ocrx_word' id='word_1_366' title='bbox 1563 2888 1665 2957; x_wconf 80' lang='lat' dir='ltr'><strong>eji-</strong></span> 
     </span>
    </p>
   </div>
   <div class='ocr_carea' id='block_1_29' title="bbox 67 2971 1663 3049">
    <p class='ocr_par' dir='ltr' id='par_1_29' title="bbox 67 2971 1663 3049">
     <span class='ocr_line' id='line_1_29' title="bbox 67 2971 1663 3049; baseline 0.003 -22"><span class='ocrx_word' id='word_1_367' title='bbox 67 2972 165 3027; x_wconf 81' lang='lat' dir='ltr'><strong>cit.</strong></span> <span class='ocrx_word' id='word_1_368' title='bbox 211 2971 393 3042; x_wconf 76' lang='lat' dir='ltr'><strong>Neque</strong></span> <span class='ocrx_word' id='word_1_369' title='bbox 427 2973 569 3030; x_wconf 90' lang='lat' dir='ltr'><strong>enim</strong></span> <span class='ocrx_word' id='word_1_370' title='bbox 610 2986 665 3031; x_wconf 91' lang='lat' dir='ltr'><strong>et</strong></span> <span class='ocrx_word' id='word_1_371' title='bbox 697 2976 844 3031; x_wconf 87' lang='lat' dir='ltr'><strong>soliis</strong></span> <span class='ocrx_word' id='word_1_372' title='bbox 887 2978 991 3031; x_wconf 88' lang='lat' dir='ltr'><strong>hoc</strong></span> <span class='ocrx_word' id='word_1_373' title='bbox 1023 2978 1249 3046; x_wconf 90' lang='lat' dir='ltr'><strong>implere</strong></span> <span class='ocrx_word' id='word_1_374' title='bbox 1275 2994 1381 3033; x_wconf 84' lang='lat' dir='ltr'><strong>non</strong></span> <span class='ocrx_word' id='word_1_375' title='bbox 1429 2989 1663 3049; x_wconf 87' lang='lat' dir='ltr'><strong>poteiat,</strong></span> 
     </span>
    </p>
   </div>
   <div class='ocr_carea' id='block_1_30' title="bbox 64 3064 1663 3141">
    <p class='ocr_par' dir='ltr' id='par_1_30' title="bbox 64 3064 1663 3141">
     <span class='ocr_line' id='line_1_30' title="bbox 64 3064 1663 3141; baseline 0.005 -24"><span class='ocrx_word' id='word_1_376' title='bbox 64 3077 234 3134; x_wconf 84' lang='lat' dir='ltr'><strong>atque</strong></span> <span class='ocrx_word' id='word_1_377' title='bbox 265 3064 391 3122; x_wconf 85' lang='lat' dir='ltr'><strong>illud</strong></span> <span class='ocrx_word' id='word_1_378' title='bbox 416 3067 745 3135; x_wconf 74' lang='lat' dir='ltr'><strong>adjutorium</strong></span> <span class='ocrx_word' id='word_1_379' title='bbox 779 3079 1034 3138; x_wconf 83' lang='lat' dir='ltr'><strong>tanquam</strong></span> <span class='ocrx_word' id='word_1_380' title='bbox 1066 3069 1191 3126; x_wconf 89' lang='lat' dir='ltr'><strong>huic</strong></span> <span class='ocrx_word' id='word_1_381' title='bbox 1220 3072 1372 3141; x_wconf 84' lang='lat' dir='ltr'><strong>operi</strong></span> <span class='ocrx_word' id='word_1_382' title='bbox 1416 3085 1520 3126; x_wconf 89' lang='lat' dir='ltr'><strong>non</strong></span> <span class='ocrx_word' id='word_1_383' title='bbox 1554 3074 1663 3127; x_wconf 85' lang='lat' dir='ltr'><strong>sul-</strong></span> 
     </span>
    </p>
   </div>
   <div class='ocr_carea' id='block_1_31' title="bbox 64 3157 1663 3234">
    <p class='ocr_par' dir='ltr' id='par_1_31' title="bbox 64 3157 1663 3234">
     <span class='ocr_line' id='line_1_31' title="bbox 64 3157 1663 3234; baseline 0.004 -22"><span class='ocrx_word' id='word_1_384' title='bbox 64 3157 281 3225; x_wconf 84' lang='lat' dir='ltr'><strong>ﬁcieiis,</strong></span> <span class='ocrx_word' id='word_1_385' title='bbox 305 3161 655 3217; x_wconf 80' lang='lat' dir='ltr'><strong>assumebat:</strong></span> <span class='ocrx_word' id='word_1_386' title='bbox 683 3161 779 3218; x_wconf 85' lang='lat' dir='ltr'><strong>sed</strong></span> <span class='ocrx_word' id='word_1_387' title='bbox 802 3161 1050 3231; x_wconf 86' lang='lat' dir='ltr'><strong>spiritum</strong></span> <span class='ocrx_word' id='word_1_388' title='bbox 1075 3163 1306 3219; x_wconf 76' lang='lat' dir='ltr'><strong>divisum</strong></span> <span class='ocrx_word' id='word_1_389' title='bbox 1332 3164 1382 3219; x_wconf 94' lang='lat' dir='ltr'><strong>in</strong></span> <span class='ocrx_word' id='word_1_390' title='bbox 1411 3168 1663 3234; x_wconf 90' lang='lat' dir='ltr'><strong>semetip-</strong></span> 
     </span>
    </p>
   </div>
   <div class='ocr_carea' id='block_1_32' title="bbox 1757 2054 3338 2126">
    <p class='ocr_par' dir='ltr' id='par_1_32' title="bbox 1757 2054 3338 2126">
     <span class='ocr_line' id='line_1_32' title="bbox 1757 2054 3338 2126; baseline -0.002 -16"><span class='ocrx_word' id='word_1_391' title='bbox 1757 2055 1888 2110; x_wconf 90' lang='lat' dir='ltr'><strong>dicit</strong></span> <span class='ocrx_word' id='word_1_392' title='bbox 1921 2074 1933 2110; x_wconf 93' lang='lat'>:</span> <span class='ocrx_word' id='word_1_393' title='bbox 1961 2057 2215 2126; x_wconf 78' lang='lat' dir='ltr'><strong>Quisquis</strong></span> <span class='ocrx_word' id='word_1_394' title='bbox 2255 2070 2434 2114; x_wconf 87' lang='lat' dir='ltr'><strong>autem</strong></span> <span class='ocrx_word' id='word_1_395' title='bbox 2479 2057 2738 2126; x_wconf 85' lang='lat' dir='ltr'><strong>Spiritum</strong></span> <span class='ocrx_word' id='word_1_396' title='bbox 2770 2057 2966 2112; x_wconf 73' lang='lat' dir='ltr'><strong>Christi</strong></span> <span class='ocrx_word' id='word_1_397' title='bbox 3009 2072 3113 2111; x_wconf 91' lang='lat' dir='ltr'><strong>non</strong></span> <span class='ocrx_word' id='word_1_398' title='bbox 3158 2054 3338 2119; x_wconf 88' lang='lat' dir='ltr'><strong>habet,</strong></span> 
     </span>
    </p>
   </div>
   <div class='ocr_carea' id='block_1_33' title="bbox 1759 2147 3341 2221">
    <p class='ocr_par' dir='ltr' id='par_1_33' title="bbox 1759 2147 3341 2221">
     <span class='ocr_line' id='line_1_33' title="bbox 1759 2147 3341 2221; baseline -0.001 -19"><span class='ocrx_word' id='word_1_399' title='bbox 1759 2147 1846 2203; x_wconf 82' lang='lat' dir='ltr'><strong>hic</strong></span> <span class='ocrx_word' id='word_1_400' title='bbox 1877 2165 1980 2202; x_wconf 85' lang='lat' dir='ltr'><strong>non</strong></span> <span class='ocrx_word' id='word_1_401' title='bbox 2013 2159 2095 2204; x_wconf 89' lang='lat' dir='ltr'><strong>est</strong></span> <span class='ocrx_word' id='word_1_402' title='bbox 2133 2150 2272 2220; x_wconf 84' lang='lat' dir='ltr'><strong>ejus.</strong></span> <span class='ocrx_word' id='word_1_403' title='bbox 2323 2150 2404 2205; x_wconf 85' lang='lat' dir='ltr'><strong>Ad</strong></span> <span class='ocrx_word' id='word_1_404' title='bbox 2439 2166 2596 2220; x_wconf 88' lang='lat' dir='ltr'><strong>quem</strong></span> <span class='ocrx_word' id='word_1_405' title='bbox 2632 2165 2761 2221; x_wconf 81' lang='lat' dir='ltr'><strong>ergo</strong></span> <span class='ocrx_word' id='word_1_406' title='bbox 2817 2151 2867 2203; x_wconf 92' lang='lat' dir='ltr'><strong>in</strong></span> <span class='ocrx_word' id='word_1_407' title='bbox 2909 2148 3171 2203; x_wconf 83' lang='lat' dir='ltr'><strong>Trinitate</strong></span> <span class='ocrx_word' id='word_1_408' title='bbox 3217 2161 3341 2215; x_wconf 90' lang='lat' dir='ltr'><strong>pro-</strong></span> 
     </span>
    </p>
   </div>
   <div class='ocr_carea' id='block_1_34' title="bbox 1759 2241 3342 2313">
    <p class='ocr_par' dir='ltr' id='par_1_34' title="bbox 1759 2241 3342 2313">
     <span class='ocr_line' id='line_1_34' title="bbox 1759 2241 3342 2313; baseline 0.003 -24"><span class='ocrx_word' id='word_1_409' title='bbox 1759 2242 1874 2309; x_wconf 83' lang='lat' dir='ltr'><strong>prie</strong></span> <span class='ocrx_word' id='word_1_410' title='bbox 1903 2242 2130 2310; x_wconf 89' lang='lat' dir='ltr'><strong>pertinet</strong></span> <span class='ocrx_word' id='word_1_411' title='bbox 2157 2241 2498 2313; x_wconf 84' lang='lat' dir='ltr'><strong>[pertineret]</strong></span> <span class='ocrx_word' id='word_1_412' title='bbox 2528 2243 2685 2311; x_wconf 86' lang='lat' dir='ltr'><strong>hujus</strong></span> <span class='ocrx_word' id='word_1_413' title='bbox 2711 2244 3016 2296; x_wconf 89' lang='lat' dir='ltr'><strong>cominuiiio</strong></span> <span class='ocrx_word' id='word_1_414' title='bbox 3049 2241 3342 2305; x_wconf 88' lang='lat' dir='ltr'><strong>societatis,</strong></span> 
     </span>
    </p>
   </div>
   <div class='ocr_carea' id='block_1_35' title="bbox 1761 2331 3346 2403">
    <p class='ocr_par' dir='ltr' id='par_1_35' title="bbox 1761 2331 3346 2403">
     <span class='ocr_line' id='line_1_35' title="bbox 1761 2331 3346 2403; baseline 0 -17"><span class='ocrx_word' id='word_1_415' title='bbox 1761 2331 1862 2386; x_wconf 82' lang='lat' dir='ltr'><strong>nisi</strong></span> <span class='ocrx_word' id='word_1_416' title='bbox 1895 2333 1959 2385; x_wconf 90' lang='lat' dir='ltr'><strong>ad</strong></span> <span class='ocrx_word' id='word_1_417' title='bbox 1988 2349 2112 2387; x_wconf 92' lang='lat' dir='ltr'><strong>cum</strong></span> <span class='ocrx_word' id='word_1_418' title='bbox 2143 2333 2402 2402; x_wconf 82' lang='lat' dir='ltr'><strong>Spiritum</strong></span> <span class='ocrx_word' id='word_1_419' title='bbox 2426 2336 2514 2403; x_wconf 91' lang='lat' dir='ltr'><strong>qui</strong></span> <span class='ocrx_word' id='word_1_420' title='bbox 2546 2344 2627 2389; x_wconf 89' lang='lat' dir='ltr'><strong>cst</strong></span> <span class='ocrx_word' id='word_1_421' title='bbox 2653 2335 2794 2388; x_wconf 80' lang='lat' dir='ltr'><strong>Patri</strong></span> <span class='ocrx_word' id='word_1_422' title='bbox 2831 2335 3071 2403; x_wconf 83' lang='lat' dir='ltr'><strong>Filioque</strong></span> <span class='ocrx_word' id='word_1_423' title='bbox 3107 2348 3346 2387; x_wconf 90' lang='lat' dir='ltr'><strong>cominu-</strong></span> 
     </span>
    </p>
   </div>
   <div class='ocr_carea' id='block_1_36' title="bbox 1761 2424 3348 2495">
    <p class='ocr_par' dir='ltr' id='par_1_36' title="bbox 1761 2424 3348 2495">
     <span class='ocr_line' id='line_1_36' title="bbox 1761 2424 3348 2495; baseline -0.003 -15"><span class='ocrx_word' id='word_1_424' title='bbox 1761 2424 2080 2494; x_wconf 73' lang='lat' dir='ltr'><strong>nis?Neqne</strong></span> <span class='ocrx_word' id='word_1_425' title='bbox 2100 2427 2241 2480; x_wconf 91' lang='lat' dir='ltr'><strong>enim</strong></span> <span class='ocrx_word' id='word_1_426' title='bbox 2273 2425 2475 2481; x_wconf 86' lang='lat' dir='ltr'><strong>habitat</strong></span> <span class='ocrx_word' id='word_1_427' title='bbox 2499 2425 2550 2480; x_wconf 92' lang='lat' dir='ltr'><strong>in</strong></span> <span class='ocrx_word' id='word_1_428' title='bbox 2577 2441 2842 2495; x_wconf 88' lang='lat' dir='ltr'><strong>quoquam</strong></span> <span class='ocrx_word' id='word_1_429' title='bbox 2869 2424 3102 2493; x_wconf 88' lang='lat' dir='ltr'><strong>Spiritus</strong></span> <span class='ocrx_word' id='word_1_430' title='bbox 3132 2433 3348 2477; x_wconf 89' lang='lat' dir='ltr'><strong>sanctus</strong></span> 
     </span>
    </p>
   </div>
   <div class='ocr_carea' id='block_1_37' title="bbox 1760 2515 3350 2584">
    <p class='ocr_par' dir='ltr' id='par_1_37' title="bbox 1760 2515 3350 2584">
     <span class='ocr_line' id='line_1_37' title="bbox 1760 2515 3350 2584; baseline -0.002 -13"><span class='ocrx_word' id='word_1_431' title='bbox 1760 2516 1882 2571; x_wconf 83' lang='lat' dir='ltr'><strong>sine</strong></span> <span class='ocrx_word' id='word_1_432' title='bbox 1930 2516 2087 2570; x_wconf 85' lang='lat' dir='ltr'><strong>Patre</strong></span> <span class='ocrx_word' id='word_1_433' title='bbox 2129 2525 2180 2571; x_wconf 92' lang='lat' dir='ltr'><strong>et</strong></span> <span class='ocrx_word' id='word_1_434' title='bbox 2213 2516 2373 2584; x_wconf 90' lang='lat' dir='ltr'><strong>Filio,</strong></span> <span class='ocrx_word' id='word_1_435' title='bbox 2415 2519 2554 2572; x_wconf 84' lang='lat' dir='ltr'><strong>sicut</strong></span> <span class='ocrx_word' id='word_1_436' title='bbox 2605 2531 2705 2571; x_wconf 88' lang='lat' dir='ltr'><strong>nec</strong></span> <span class='ocrx_word' id='word_1_437' title='bbox 2747 2515 2912 2571; x_wconf 85' lang='lat' dir='ltr'><strong>Filius</strong></span> <span class='ocrx_word' id='word_1_438' title='bbox 2958 2515 3074 2571; x_wconf 85' lang='lat' dir='ltr'><strong>sine</strong></span> <span class='ocrx_word' id='word_1_439' title='bbox 3113 2515 3268 2569; x_wconf 88' lang='lat' dir='ltr'><strong>Patre</strong></span> <span class='ocrx_word' id='word_1_440' title='bbox 3295 2523 3350 2568; x_wconf 90' lang='lat' dir='ltr'><strong>et</strong></span> 
     </span>
    </p>
   </div>
   <div class='ocr_carea' id='block_1_38' title="bbox 1765 2607 3351 2678">
    <p class='ocr_par' dir='ltr' id='par_1_38' title="bbox 1765 2607 3351 2678">
     <span class='ocr_line' id='line_1_38' title="bbox 1765 2607 3351 2678; baseline -0.003 -14"><span class='ocrx_word' id='word_1_441' title='bbox 1765 2608 1969 2678; x_wconf 88' lang='lat' dir='ltr'><strong>Spiritu</strong></span> <span class='ocrx_word' id='word_1_442' title='bbox 2000 2620 2207 2673; x_wconf 87' lang='lat' dir='ltr'><strong>sancto,</strong></span> <span class='ocrx_word' id='word_1_443' title='bbox 2244 2624 2341 2665; x_wconf 89' lang='lat' dir='ltr'><strong>nec</strong></span> <span class='ocrx_word' id='word_1_444' title='bbox 2371 2610 2488 2665; x_wconf 85' lang='lat' dir='ltr'><strong>sine</strong></span> <span class='ocrx_word' id='word_1_445' title='bbox 2520 2609 2624 2666; x_wconf 88' lang='lat' dir='ltr'><strong>illis</strong></span> <span class='ocrx_word' id='word_1_446' title='bbox 2655 2609 2837 2665; x_wconf 88' lang='lat' dir='ltr'><strong>Pater.</strong></span> <span class='ocrx_word' id='word_1_447' title='bbox 2867 2607 3243 2677; x_wconf 83' lang='lat' dir='ltr'><strong>lnseparabilis</strong></span> <span class='ocrx_word' id='word_1_448' title='bbox 3271 2615 3351 2660; x_wconf 87' lang='lat' dir='ltr'><strong>est</strong></span> 
     </span>
    </p>
   </div>
   <div class='ocr_carea' id='block_1_39' title="bbox 1764 2699 3345 2772">
    <p class='ocr_par' dir='ltr' id='par_1_39' title="bbox 1764 2699 3345 2772">
     <span class='ocr_line' id='line_1_39' title="bbox 1764 2699 3345 2772; baseline -0.001 -18"><span class='ocrx_word' id='word_1_449' title='bbox 1764 2703 1962 2772; x_wconf 89' lang='lat' dir='ltr'><strong>quippe</strong></span> <span class='ocrx_word' id='word_1_450' title='bbox 1990 2702 2251 2756; x_wconf 89' lang='lat' dir='ltr'><strong>habitatio</strong></span> <span class='ocrx_word' id='word_1_451' title='bbox 2290 2718 2517 2772; x_wconf 91' lang='lat' dir='ltr'><strong>quorum</strong></span> <span class='ocrx_word' id='word_1_452' title='bbox 2552 2701 2931 2772; x_wconf 81' lang='lat' dir='ltr'><strong>inseparabilis</strong></span> <span class='ocrx_word' id='word_1_453' title='bbox 2959 2710 3043 2756; x_wconf 87' lang='lat' dir='ltr'><strong>est</strong></span> <span class='ocrx_word' id='word_1_454' title='bbox 3084 2699 3345 2769; x_wconf 84' lang='lat' dir='ltr'><strong>Operatio,</strong></span> 
     </span>
    </p>
   </div>
   <div class='ocr_carea' id='block_1_40' title="bbox 1765 2791 3351 2865">
    <p class='ocr_par' dir='ltr' id='par_1_40' title="bbox 1765 2791 3351 2865">
     <span class='ocr_line' id='line_1_40' title="bbox 1765 2791 3351 2865; baseline -0.003 -17"><span class='ocrx_word' id='word_1_455' title='bbox 1765 2796 1860 2848; x_wconf 89' lang='lat' dir='ltr'><strong>sed</strong></span> <span class='ocrx_word' id='word_1_456' title='bbox 1891 2793 2199 2863; x_wconf 85' lang='lat' dir='ltr'><strong>singillatim</strong></span> <span class='ocrx_word' id='word_1_457' title='bbox 2239 2795 2555 2865; x_wconf 90' lang='lat' dir='ltr'><strong>plerumque</strong></span> <span class='ocrx_word' id='word_1_458' title='bbox 2595 2811 2691 2864; x_wconf 91' lang='lat' dir='ltr'><strong>per</strong></span> <span class='ocrx_word' id='word_1_459' title='bbox 2719 2806 2979 2850; x_wconf 71' lang='lat' dir='ltr'><strong>creatura:</strong></span> <span class='ocrx_word' id='word_1_460' title='bbox 3008 2791 3351 2862; x_wconf 78' lang='lat' dir='ltr'><strong>signiﬁcatio-</strong></span> 
     </span>
    </p>
   </div>
   <div class='ocr_carea' id='block_1_41' title="bbox 1768 2884 3356 2957">
    <p class='ocr_par' dir='ltr' id='par_1_41' title="bbox 1768 2884 3356 2957">
     <span class='ocr_line' id='line_1_41' title="bbox 1768 2884 3356 2957; baseline -0.003 -15"><span class='ocrx_word' id='word_1_461' title='bbox 1768 2902 1883 2954; x_wconf 89' lang='lat' dir='ltr'><strong>nes,</strong></span> <span class='ocrx_word' id='word_1_462' title='bbox 1917 2903 2019 2942; x_wconf 89' lang='lat' dir='ltr'><strong>non</strong></span> <span class='ocrx_word' id='word_1_463' title='bbox 2048 2903 2142 2957; x_wconf 91' lang='lat' dir='ltr'><strong>per</strong></span> <span class='ocrx_word' id='word_1_464' title='bbox 2163 2904 2313 2943; x_wconf 89' lang='lat' dir='ltr'><strong>suam</strong></span> <span class='ocrx_word' id='word_1_465' title='bbox 2337 2888 3189 2944; x_wconf 86' lang='lat' dir='ltr'><strong>substantiamdemonstrantur:</strong></span> <span class='ocrx_word' id='word_1_466' title='bbox 3216 2884 3356 2939; x_wconf 85' lang='lat' dir='ltr'><strong>sicut</strong></span> 
     </span>
    </p>
   </div>
   <div class='ocr_carea' id='block_1_42' title="bbox 1768 2981 3356 3053">
    <p class='ocr_par' dir='ltr' id='par_1_42' title="bbox 1768 2981 3356 3053">
     <span class='ocr_line' id='line_1_42' title="bbox 1768 2981 3356 3053; baseline -0.001 -19"><span class='ocrx_word' id='word_1_467' title='bbox 1768 2993 1864 3035; x_wconf 87' lang='lat' dir='ltr'><strong>sua</strong></span> <span class='ocrx_word' id='word_1_468' title='bbox 1894 2991 2196 3050; x_wconf 91' lang='lat' dir='ltr'><strong>temporum</strong></span> <span class='ocrx_word' id='word_1_469' title='bbox 2227 2983 2404 3052; x_wconf 89' lang='lat' dir='ltr'><strong>spatia</strong></span> <span class='ocrx_word' id='word_1_470' title='bbox 2434 2983 2656 3053; x_wconf 82' lang='lat' dir='ltr'><strong>syllabis</strong></span> <span class='ocrx_word' id='word_1_471' title='bbox 2687 2981 3094 3052; x_wconf 84' lang='lat' dir='ltr'><strong>occupantibus,</strong></span> <span class='ocrx_word' id='word_1_472' title='bbox 3138 2993 3356 3048; x_wconf 84' lang='lat' dir='ltr'><strong>separa-</strong></span> 
     </span>
    </p>
   </div>
   <div class='ocr_carea' id='block_1_43' title="bbox 1770 3073 3358 3143">
    <p class='ocr_par' dir='ltr' id='par_1_43' title="bbox 1770 3073 3358 3143">
     <span class='ocr_line' id='line_1_43' title="bbox 1770 3073 3358 3143; baseline 0 -15"><span class='ocrx_word' id='word_1_473' title='bbox 1770 3073 1863 3129; x_wconf 89' lang='lat' dir='ltr'><strong>tim</strong></span> <span class='ocrx_word' id='word_1_474' title='bbox 1887 3090 2020 3130; x_wconf 82' lang='lat' dir='ltr'><strong>voce</strong></span> <span class='ocrx_word' id='word_1_475' title='bbox 2054 3075 2491 3143; x_wconf 85' lang='lat' dir='ltr'><strong>pronuntiantur,</strong></span> <span class='ocrx_word' id='word_1_476' title='bbox 2520 3091 2619 3132; x_wconf 91' lang='lat' dir='ltr'><strong>nec</strong></span> <span class='ocrx_word' id='word_1_477' title='bbox 2641 3086 2820 3132; x_wconf 84' lang='lat' dir='ltr'><strong>tamen</strong></span> <span class='ocrx_word' id='word_1_478' title='bbox 2851 3089 2880 3129; x_wconf 85' lang='lat' dir='ltr'><strong>a</strong></span> <span class='ocrx_word' id='word_1_479' title='bbox 2909 3074 3099 3142; x_wconf 89' lang='lat' dir='ltr'><strong>seipsis</strong></span> <span class='ocrx_word' id='word_1_480' title='bbox 3127 3075 3247 3129; x_wconf 92' lang='lat' dir='ltr'><strong>ullis</strong></span> <span class='ocrx_word' id='word_1_481' title='bbox 3279 3075 3358 3128; x_wconf 86' lang='lat' dir='ltr'><strong>in-</strong></span> 
     </span>
    </p>
   </div>
   <div class='ocr_carea' id='block_1_44' title="bbox 1771 3169 3357 3241">
    <p class='ocr_par' dir='ltr' id='par_1_44' title="bbox 1771 3169 3357 3241">
     <span class='ocr_line' id='line_1_44' title="bbox 1771 3169 3357 3241; baseline 0 -19"><span class='ocrx_word' id='word_1_482' title='bbox 1771 3169 2010 3224; x_wconf 76' lang='lat' dir='ltr'><strong>tervallis</strong></span> <span class='ocrx_word' id='word_1_483' title='bbox 2043 3170 2440 3240; x_wconf 86' lang='lat' dir='ltr'><strong>momentisque</strong></span> <span class='ocrx_word' id='word_1_484' title='bbox 2486 3178 2791 3241; x_wconf 86' lang='lat' dir='ltr'><strong>temporum</strong></span> <span class='ocrx_word' id='word_1_485' title='bbox 2837 3179 3191 3238; x_wconf 87' lang='lat' dir='ltr'><strong>separantur;</strong></span> <span class='ocrx_word' id='word_1_486' title='bbox 3248 3182 3357 3222; x_wconf 92' lang='lat' dir='ltr'><strong>non</strong></span> 
     </span>
    </p>
   </div>
   <div class='ocr_carea' id='block_1_45' title="bbox 60 3250 3360 3332">
    <p class='ocr_par' dir='ltr' id='par_1_45' title="bbox 60 3250 3360 3332">
     <span class='ocr_line' id='line_1_45' title="bbox 60 3250 3360 3332; baseline 0.003 -29"><span class='ocrx_word' id='word_1_487' title='bbox 60 3261 188 3304; x_wconf 76' lang='lat' dir='ltr'><strong>sum</strong></span> <span class='ocrx_word' id='word_1_488' title='bbox 221 3264 286 3304; x_wconf 86' lang='lat' dir='ltr'><strong>eo</strong></span> <span class='ocrx_word' id='word_1_489' title='bbox 314 3250 435 3322; x_wconf 88' lang='lat' dir='ltr'><strong>ipso</strong></span> <span class='ocrx_word' id='word_1_490' title='bbox 473 3252 678 3320; x_wconf 88' lang='lat' dir='ltr'><strong>Spiritu</strong></span> <span class='ocrx_word' id='word_1_491' title='bbox 717 3255 1051 3324; x_wconf 75' lang='lat' dir='ltr'><strong>congruebat</strong></span> <span class='ocrx_word' id='word_1_492' title='bbox 1089 3255 1285 3324; x_wconf 74' lang='lat' dir='ltr'><strong>expelli</strong></span> <span class='ocrx_word' id='word_1_493' title='bbox 1322 3271 1480 3324; x_wconf 86' lang='lat' dir='ltr'><strong>quem</strong></span> <span class='ocrx_word' id='word_1_494' title='bbox 1513 3257 1671 3317; x_wconf 86' lang='lat' dir='ltr'><strong>Pater</strong></span> <span class='ocrx_word' id='word_1_495' title='bbox 1698 3260 1747 3328; x_wconf 84' lang='lat' dir='ltr'><strong><em>C</em></strong></span> <span class='ocrx_word' id='word_1_496' title='bbox 1776 3261 1920 3316; x_wconf 88' lang='lat' dir='ltr'><strong>enim</strong></span> <span class='ocrx_word' id='word_1_497' title='bbox 1948 3278 2181 3332; x_wconf 89' lang='lat' dir='ltr'><strong>unquam</strong></span> <span class='ocrx_word' id='word_1_498' title='bbox 2209 3262 2313 3317; x_wconf 92' lang='lat' dir='ltr'><strong>dici</strong></span> <span class='ocrx_word' id='word_1_499' title='bbox 2345 3274 2571 3331; x_wconf 83' lang='lat' dir='ltr'><strong>possunt</strong></span> <span class='ocrx_word' id='word_1_500' title='bbox 2597 3263 2778 3327; x_wconf 87' lang='lat' dir='ltr'><strong>simul,</strong></span> <span class='ocrx_word' id='word_1_501' title='bbox 2807 3276 2929 3317; x_wconf 88' lang='lat' dir='ltr'><strong>cum</strong></span> <span class='ocrx_word' id='word_1_502' title='bbox 2959 3277 3080 3317; x_wconf 90' lang='lat' dir='ltr'><strong>esse</strong></span> <span class='ocrx_word' id='word_1_503' title='bbox 3109 3275 3213 3315; x_wconf 90' lang='lat' dir='ltr'><strong>non</strong></span> <span class='ocrx_word' id='word_1_504' title='bbox 3237 3274 3360 3328; x_wconf 92' lang='lat' dir='ltr'><strong>pos-</strong></span> 
     </span>
    </p>
   </div>
   <div class='ocr_carea' id='block_1_46' title="bbox 60 3341 1667 3418">
    <p class='ocr_par' dir='ltr' id='par_1_46' title="bbox 60 3341 1667 3418">
     <span class='ocr_line' id='line_1_46' title="bbox 60 3341 1667 3418; baseline 0.006 -22"><span class='ocrx_word' id='word_1_505' title='bbox 60 3351 117 3396; x_wconf 82' lang='lat' dir='ltr'><strong>et</strong></span> <span class='ocrx_word' id='word_1_506' title='bbox 149 3341 322 3398; x_wconf 75' lang='lat' dir='ltr'><strong>Filius</strong></span> <span class='ocrx_word' id='word_1_507' title='bbox 361 3358 467 3399; x_wconf 86' lang='lat' dir='ltr'><strong>non</strong></span> <span class='ocrx_word' id='word_1_508' title='bbox 506 3344 738 3400; x_wconf 82' lang='lat' dir='ltr'><strong>divisum</strong></span> <span class='ocrx_word' id='word_1_509' title='bbox 777 3345 829 3400; x_wconf 93' lang='lat' dir='ltr'><strong>in</strong></span> <span class='ocrx_word' id='word_1_510' title='bbox 867 3347 1162 3416; x_wconf 84' lang='lat' dir='ltr'><strong>semetipso</strong></span> <span class='ocrx_word' id='word_1_511' title='bbox 1199 3349 1438 3418; x_wconf 79' lang='lat' dir='ltr'><strong>[indivisi</strong></span> <span class='ocrx_word' id='word_1_512' title='bbox 1482 3349 1536 3404; x_wconf 89' lang='lat' dir='ltr'><strong>in</strong></span> <span class='ocrx_word' id='word_1_513' title='bbox 1580 3364 1667 3405; x_wconf 89' lang='lat' dir='ltr'><strong>se-</strong></span> 
     </span>
    </p>
   </div>
   <div class='ocr_carea' id='block_1_47' title="bbox 58 3437 1668 3510">
    <p class='ocr_par' dir='ltr' id='par_1_47' title="bbox 58 3437 1668 3510">
     <span class='ocr_line' id='line_1_47' title="bbox 58 3437 1668 3510; baseline 0.002 -18"><span class='ocrx_word' id='word_1_514' title='bbox 58 3437 343 3508; x_wconf 74' lang='lat' dir='ltr'><strong>metipsis]</strong></span> <span class='ocrx_word' id='word_1_515' title='bbox 386 3439 743 3495; x_wconf 89' lang='lat' dir='ltr'><strong>communiter</strong></span> <span class='ocrx_word' id='word_1_516' title='bbox 775 3439 995 3494; x_wconf 90' lang='lat' dir='ltr'><strong>habent.</strong></span> <span class='ocrx_word' id='word_1_517' title='bbox 1035 3441 1128 3495; x_wconf 86' lang='lat' dir='ltr'><strong>Sic</strong></span> <span class='ocrx_word' id='word_1_518' title='bbox 1162 3451 1217 3496; x_wconf 89' lang='lat' dir='ltr'><strong>et</strong></span> <span class='ocrx_word' id='word_1_519' title='bbox 1255 3451 1498 3510; x_wconf 86' lang='lat' dir='ltr'><strong>peccata,</strong></span> <span class='ocrx_word' id='word_1_520' title='bbox 1543 3441 1668 3509; x_wconf 89' lang='lat' dir='ltr'><strong>quia</strong></span> 
     </span>
    </p>
   </div>
   <div class='ocr_carea' id='block_1_48' title="bbox 58 3531 1674 3603">
    <p class='ocr_par' dir='ltr' id='par_1_48' title="bbox 58 3531 1674 3603">
     <span class='ocr_line' id='line_1_48' title="bbox 58 3531 1674 3603; baseline 0.002 -19"><span class='ocrx_word' id='word_1_521' title='bbox 58 3541 271 3602; x_wconf 67' lang='lat' dir='ltr'><strong>prmter</strong></span> <span class='ocrx_word' id='word_1_522' title='bbox 303 3531 600 3588; x_wconf 83' lang='lat' dir='ltr'><strong>Ecclesiam</strong></span> <span class='ocrx_word' id='word_1_523' title='bbox 631 3547 736 3588; x_wconf 91' lang='lat' dir='ltr'><strong>non</strong></span> <span class='ocrx_word' id='word_1_524' title='bbox 773 3532 1140 3596; x_wconf 86' lang='lat' dir='ltr'><strong>dimittuntur,</strong></span> <span class='ocrx_word' id='word_1_525' title='bbox 1173 3534 1227 3588; x_wconf 90' lang='lat' dir='ltr'><strong>in</strong></span> <span class='ocrx_word' id='word_1_526' title='bbox 1259 3548 1324 3588; x_wconf 90' lang='lat' dir='ltr'><strong>eo</strong></span> <span class='ocrx_word' id='word_1_527' title='bbox 1355 3534 1561 3603; x_wconf 84' lang='lat' dir='ltr'><strong>Spiritu</strong></span> <span class='ocrx_word' id='word_1_528' title='bbox 1592 3535 1674 3588; x_wconf 87' lang='lat' dir='ltr'><strong>di-</strong></span> 
     </span>
    </p>
   </div>
   <div class='ocr_carea' id='block_1_49' title="bbox 58 3624 1671 3697">
    <p class='ocr_par' dir='ltr' id='par_1_49' title="bbox 58 3624 1671 3697">
     <span class='ocr_line' id='line_1_49' title="bbox 58 3624 1671 3697; baseline 0.001 -17"><span class='ocrx_word' id='word_1_529' title='bbox 58 3624 213 3680; x_wconf 86' lang='lat' dir='ltr'><strong>mitti</strong></span> <span class='ocrx_word' id='word_1_530' title='bbox 252 3625 561 3695; x_wconf 77' lang='lat' dir='ltr'><strong>oportebat,</strong></span> <span class='ocrx_word' id='word_1_531' title='bbox 595 3640 701 3696; x_wconf 88' lang='lat' dir='ltr'><strong>quo</strong></span> <span class='ocrx_word' id='word_1_532' title='bbox 730 3624 783 3680; x_wconf 92' lang='lat' dir='ltr'><strong>in</strong></span> <span class='ocrx_word' id='word_1_533' title='bbox 814 3639 978 3681; x_wconf 92' lang='lat' dir='ltr'><strong>unum</strong></span> <span class='ocrx_word' id='word_1_534' title='bbox 1023 3625 1264 3682; x_wconf 75' lang='lat' dir='ltr'><strong>Ecclesia</strong></span> <span class='ocrx_word' id='word_1_535' title='bbox 1296 3639 1671 3697; x_wconf 84' lang='lat' dir='ltr'><strong>congregatur.</strong></span> 
     </span>
    </p>
   </div>
   <div class='ocr_carea' id='block_1_50' title="bbox 1771 3351 3359 3425">
    <p class='ocr_par' dir='ltr' id='par_1_50' title="bbox 1771 3351 3359 3425">
     <span class='ocr_line' id='line_1_50' title="bbox 1771 3351 3359 3425; baseline -0.003 -16"><span class='ocrx_word' id='word_1_536' title='bbox 1771 3355 1878 3409; x_wconf 87' lang='lat' dir='ltr'><strong>sint</strong></span> <span class='ocrx_word' id='word_1_537' title='bbox 1906 3355 2005 3409; x_wconf 90' lang='lat' dir='ltr'><strong>nisi</strong></span> <span class='ocrx_word' id='word_1_538' title='bbox 2043 3368 2258 3425; x_wconf 91' lang='lat' dir='ltr'><strong>semper</strong></span> <span class='ocrx_word' id='word_1_539' title='bbox 2289 3354 2472 3422; x_wconf 89' lang='lat' dir='ltr'><strong>simul,</strong></span> <span class='ocrx_word' id='word_1_540' title='bbox 2508 3355 2602 3408; x_wconf 91' lang='lat' dir='ltr'><strong>sed</strong></span> <span class='ocrx_word' id='word_1_541' title='bbox 2634 3365 2693 3408; x_wconf 92' lang='lat' dir='ltr'><strong>ut</strong></span> <span class='ocrx_word' id='word_1_542' title='bbox 2719 3354 2832 3422; x_wconf 87' lang='lat' dir='ltr'><strong>jam</strong></span> <span class='ocrx_word' id='word_1_543' title='bbox 2866 3369 2968 3408; x_wconf 91' lang='lat' dir='ltr'><strong>non</strong></span> <span class='ocrx_word' id='word_1_544' title='bbox 3010 3353 3177 3408; x_wconf 91' lang='lat' dir='ltr'><strong>semel</strong></span> <span class='ocrx_word' id='word_1_545' title='bbox 3220 3351 3359 3405; x_wconf 83' lang='lat' dir='ltr'><strong>dixi-</strong></span> 
     </span>
    </p>
   </div>
   <div class='ocr_carea' id='block_1_51' title="bbox 1776 3441 3361 3513">
    <p class='ocr_par' dir='ltr' id='par_1_51' title="bbox 1776 3441 3361 3513">
     <span class='ocr_line' id='line_1_51' title="bbox 1776 3441 3361 3513; baseline -0.004 -13"><span class='ocrx_word' id='word_1_546' title='bbox 1776 3460 1916 3513; x_wconf 93' lang='lat' dir='ltr'><strong>mus,</strong></span> <span class='ocrx_word' id='word_1_547' title='bbox 1959 3446 2080 3500; x_wconf 92' lang='lat' dir='ltr'><strong>ideo</strong></span> <span class='ocrx_word' id='word_1_548' title='bbox 2105 3446 2356 3499; x_wconf 88' lang='lat' dir='ltr'><strong>remissio</strong></span> <span class='ocrx_word' id='word_1_549' title='bbox 2389 3454 2729 3512; x_wconf 87' lang='lat' dir='ltr'><strong>peccatorum</strong></span> <span class='ocrx_word' id='word_1_550' title='bbox 2759 3460 2861 3513; x_wconf 91' lang='lat' dir='ltr'><strong>qua</strong></span> <span class='ocrx_word' id='word_1_551' title='bbox 2894 3444 2945 3497; x_wconf 92' lang='lat' dir='ltr'><strong>in</strong></span> <span class='ocrx_word' id='word_1_552' title='bbox 2976 3459 3035 3499; x_wconf 90' lang='lat' dir='ltr'><strong>se</strong></span> <span class='ocrx_word' id='word_1_553' title='bbox 3064 3442 3222 3496; x_wconf 79' lang='lat' dir='ltr'><strong>divisi</strong></span> <span class='ocrx_word' id='word_1_554' title='bbox 3251 3441 3361 3512; x_wconf 81' lang='lat' dir='ltr'><strong>spi-</strong></span> 
     </span>
    </p>
   </div>
   <div class='ocr_carea' id='block_1_52' title="bbox 1777 3534 3360 3604">
    <p class='ocr_par' dir='ltr' id='par_1_52' title="bbox 1777 3534 3360 3604">
     <span class='ocr_line' id='line_1_52' title="bbox 1777 3534 3360 3604; baseline -0.003 -13"><span class='ocrx_word' id='word_1_555' title='bbox 1777 3537 1913 3591; x_wconf 90' lang='lat' dir='ltr'><strong>ritus</strong></span> <span class='ocrx_word' id='word_1_556' title='bbox 1962 3538 2226 3592; x_wconf 86' lang='lat' dir='ltr'><strong>evertitur</strong></span> <span class='ocrx_word' id='word_1_557' title='bbox 2263 3546 2317 3591; x_wconf 91' lang='lat' dir='ltr'><strong>et</strong></span> <span class='ocrx_word' id='word_1_558' title='bbox 2356 3535 2644 3604; x_wconf 78' lang='lat' dir='ltr'><strong>expellitur</strong></span> <span class='ocrx_word' id='word_1_559' title='bbox 2684 3550 2930 3604; x_wconf 85' lang='lat' dir='ltr'><strong>regnum,</strong></span> <span class='ocrx_word' id='word_1_560' title='bbox 2975 3534 3097 3588; x_wconf 91' lang='lat' dir='ltr'><strong>ideo</strong></span> <span class='ocrx_word' id='word_1_561' title='bbox 3127 3534 3360 3588; x_wconf 91' lang='lat' dir='ltr'><strong>societas</strong></span> 
     </span>
    </p>
   </div>
   <div class='ocr_carea' id='block_1_53' title="bbox 1781 3625 3366 3696">
    <p class='ocr_par' dir='ltr' id='par_1_53' title="bbox 1781 3625 3366 3696">
     <span class='ocr_line' id='line_1_53' title="bbox 1781 3625 3366 3696; baseline -0.002 -14"><span class='ocrx_word' id='word_1_562' title='bbox 1781 3628 2002 3683; x_wconf 91' lang='lat' dir='ltr'><strong>unitatis</strong></span> <span class='ocrx_word' id='word_1_563' title='bbox 2051 3627 2324 3692; x_wconf 65' lang='lat' dir='ltr'><strong>Ecclesiae,</strong></span> <span class='ocrx_word' id='word_1_564' title='bbox 2353 3637 2508 3682; x_wconf 76' lang='lat' dir='ltr'><strong>extra</strong></span> <span class='ocrx_word' id='word_1_565' title='bbox 2549 3643 2706 3695; x_wconf 88' lang='lat' dir='ltr'><strong>quam</strong></span> <span class='ocrx_word' id='word_1_566' title='bbox 2738 3641 2842 3680; x_wconf 90' lang='lat' dir='ltr'><strong>non</strong></span> <span class='ocrx_word' id='word_1_567' title='bbox 2875 3629 2937 3680; x_wconf 83' lang='lat' dir='ltr'><strong>lit</strong></span> <span class='ocrx_word' id='word_1_568' title='bbox 2975 3628 3086 3696; x_wconf 92' lang='lat' dir='ltr'><strong>ipsa</strong></span> <span class='ocrx_word' id='word_1_569' title='bbox 3116 3625 3366 3680; x_wconf 87' lang='lat' dir='ltr'><strong>remissio</strong></span> 
     </span>
    </p>
   </div>
   <div class='ocr_carea' id='block_1_54' title="bbox 58 3716 1677 3792">
    <p class='ocr_par' dir='ltr' id='par_1_54' title="bbox 58 3716 1677 3792">
     <span class='ocr_line' id='line_1_54' title="bbox 58 3716 1677 3792; baseline 0.004 -20"><span class='ocrx_word' id='word_1_570' title='bbox 58 3716 318 3788; x_wconf 86' lang='lat' dir='ltr'><strong>Denique</strong></span> <span class='ocrx_word' id='word_1_571' title='bbox 346 3719 393 3775; x_wconf 90' lang='lat' dir='ltr'><strong>si</strong></span> <span class='ocrx_word' id='word_1_572' title='bbox 417 3734 740 3788; x_wconf 88' lang='lat' dir='ltr'><strong>quemquam</strong></span> <span class='ocrx_word' id='word_1_573' title='bbox 771 3730 921 3776; x_wconf 80' lang='lat' dir='ltr'><strong>extra</strong></span> <span class='ocrx_word' id='word_1_574' title='bbox 959 3720 1262 3777; x_wconf 80' lang='lat' dir='ltr'><strong>Ecclesiam</strong></span> <span class='ocrx_word' id='word_1_575' title='bbox 1309 3735 1528 3777; x_wconf 84' lang='lat' dir='ltr'><strong>suorum</strong></span> <span class='ocrx_word' id='word_1_576' title='bbox 1563 3738 1677 3792; x_wconf 83' lang='lat' dir='ltr'><strong>poc-</strong></span> 
     </span>
    </p>
   </div>
   <div class='ocr_carea' id='block_1_55' title="bbox 58 3811 1679 3886">
    <p class='ocr_par' dir='ltr' id='par_1_55' title="bbox 58 3811 1679 3886">
     <span class='ocr_line' id='line_1_55' title="bbox 58 3811 1679 3886; baseline 0.004 -20"><span class='ocrx_word' id='word_1_577' title='bbox 58 3811 248 3868; x_wconf 83' lang='lat' dir='ltr'><strong>niteat</strong></span> <span class='ocrx_word' id='word_1_578' title='bbox 277 3823 626 3882; x_wconf 88' lang='lat' dir='ltr'><strong>peccatorum</strong></span> <span class='ocrx_word' id='word_1_579' title='bbox 648 3855 662 3879; x_wconf 96' lang='lat'><strong>,</strong></span> <span class='ocrx_word' id='word_1_580' title='bbox 703 3823 758 3871; x_wconf 88' lang='lat' dir='ltr'><strong>et</strong></span> <span class='ocrx_word' id='word_1_581' title='bbox 789 3814 948 3884; x_wconf 81' lang='lat' dir='ltr'><strong>hujus</strong></span> <span class='ocrx_word' id='word_1_582' title='bbox 994 3818 1125 3871; x_wconf 90' lang='lat' dir='ltr'><strong>tanti</strong></span> <span class='ocrx_word' id='word_1_583' title='bbox 1159 3817 1365 3885; x_wconf 87' lang='lat' dir='ltr'><strong>peccati</strong></span> <span class='ocrx_word' id='word_1_584' title='bbox 1395 3830 1504 3886; x_wconf 90' lang='lat' dir='ltr'><strong>quo</strong></span> <span class='ocrx_word' id='word_1_585' title='bbox 1549 3817 1679 3873; x_wconf 82' lang='lat' dir='ltr'><strong>alie-</strong></span> 
     </span>
    </p>
   </div>
   <div class='ocr_carea' id='block_1_56' title="bbox 58 3904 1681 3978">
    <p class='ocr_par' dir='ltr' id='par_1_56' title="bbox 58 3904 1681 3978">
     <span class='ocr_line' id='line_1_56' title="bbox 58 3904 1681 3978; baseline 0.004 -20"><span class='ocrx_word' id='word_1_586' title='bbox 58 3919 202 3958; x_wconf 86' lang='lat' dir='ltr'><strong>num</strong></span> <span class='ocrx_word' id='word_1_587' title='bbox 236 3912 324 3958; x_wconf 89' lang='lat' dir='ltr'><strong>est</strong></span> <span class='ocrx_word' id='word_1_588' title='bbox 349 3904 418 3957; x_wconf 89' lang='lat' dir='ltr'><strong>ab</strong></span> <span class='ocrx_word' id='word_1_589' title='bbox 443 3905 684 3962; x_wconf 80' lang='lat' dir='ltr'><strong>Ecclesia</strong></span> <span class='ocrx_word' id='word_1_590' title='bbox 707 3905 803 3962; x_wconf 87' lang='lat' dir='ltr'><strong>Dei</strong></span> <span class='ocrx_word' id='word_1_591' title='bbox 831 3922 924 3962; x_wconf 89' lang='lat' dir='ltr'><strong>cor</strong></span> <span class='ocrx_word' id='word_1_592' title='bbox 947 3907 1294 3976; x_wconf 73' lang='lat' dir='ltr'><strong>impmnitens</strong></span> <span class='ocrx_word' id='word_1_593' title='bbox 1316 3909 1532 3974; x_wconf 87' lang='lat' dir='ltr'><strong>habeat,</strong></span> <span class='ocrx_word' id='word_1_594' title='bbox 1554 3908 1681 3978; x_wconf 91' lang='lat' dir='ltr'><strong>quid</strong></span> 
     </span>
    </p>
   </div>
   <div class='ocr_carea' id='block_1_57' title="bbox 58 3996 1682 4066">
    <p class='ocr_par' dir='ltr' id='par_1_57' title="bbox 58 3996 1682 4066">
     <span class='ocr_line' id='line_1_57' title="bbox 58 3996 1682 4066; baseline 0.002 -13"><span class='ocrx_word' id='word_1_595' title='bbox 58 3999 106 4054; x_wconf 78' lang='lat' dir='ltr'><strong>ei</strong></span> <span class='ocrx_word' id='word_1_596' title='bbox 143 3996 381 4066; x_wconf 87' lang='lat' dir='ltr'><strong>prodest</strong></span> <span class='ocrx_word' id='word_1_597' title='bbox 408 3999 494 4052; x_wconf 90' lang='lat' dir='ltr'><strong>illa</strong></span> <span class='ocrx_word' id='word_1_598' title='bbox 527 3998 839 4066; x_wconf 65' lang='lat' dir='ltr'><strong>paenitentia</strong></span> <span class='ocrx_word' id='word_1_599' title='bbox 869 4015 992 4053; x_wconf 84' lang='lat' dir='ltr'><strong>cum</strong></span> <span class='ocrx_word' id='word_1_600' title='bbox 1019 4002 1122 4055; x_wconf 90' lang='lat' dir='ltr'><strong>isto</strong></span> <span class='ocrx_word' id='word_1_601' title='bbox 1166 4002 1304 4066; x_wconf 91' lang='lat' dir='ltr'><strong>solo,</strong></span> <span class='ocrx_word' id='word_1_602' title='bbox 1347 4001 1571 4055; x_wconf 84' lang='lat' dir='ltr'><strong>verbum</strong></span> <span class='ocrx_word' id='word_1_603' title='bbox 1596 4003 1682 4056; x_wconf 91' lang='lat' dir='ltr'><strong>di-</strong></span> 
     </span>
    </p>
   </div>
   <div class='ocr_carea' id='block_1_58' title="bbox 58 4087 1690 4160">
    <p class='ocr_par' dir='ltr' id='par_1_58' title="bbox 58 4087 1690 4160">
     <span class='ocr_line' id='line_1_58' title="bbox 58 4087 1690 4160; baseline 0.001 -16"><span class='ocrx_word' id='word_1_604' title='bbox 58 4099 163 4144; x_wconf 83' lang='lat' dir='ltr'><strong>cat</strong></span> <span class='ocrx_word' id='word_1_605' title='bbox 205 4096 402 4142; x_wconf 87' lang='lat' dir='ltr'><strong>contra</strong></span> <span class='ocrx_word' id='word_1_606' title='bbox 455 4087 716 4157; x_wconf 83' lang='lat' dir='ltr'><strong>Spiritum</strong></span> <span class='ocrx_word' id='word_1_607' title='bbox 765 4098 1050 4155; x_wconf 83' lang='lat' dir='ltr'><strong>sanctum,</strong></span> <span class='ocrx_word' id='word_1_608' title='bbox 1101 4105 1207 4158; x_wconf 86' lang='lat' dir='ltr'><strong>quo</strong></span> <span class='ocrx_word' id='word_1_609' title='bbox 1255 4099 1545 4145; x_wconf 77' lang='lat' dir='ltr'><strong>extraneus</strong></span> <span class='ocrx_word' id='word_1_610' title='bbox 1575 4091 1690 4160; x_wconf 78' lang='lat' dir='ltr'><strong>lex-</strong></span> 
     </span>
    </p>
   </div>
   <div class='ocr_carea' id='block_1_59' title="bbox 58 4179 1693 4253">
    <p class='ocr_par' dir='ltr' id='par_1_59' title="bbox 58 4179 1693 4253">
     <span class='ocr_line' id='line_1_59' title="bbox 58 4179 1693 4253; baseline 0 -15"><span class='ocrx_word' id='word_1_611' title='bbox 58 4179 362 4252; x_wconf 81' lang='lat' dir='ltr'><strong>traneum]</strong></span> <span class='ocrx_word' id='word_1_612' title='bbox 391 4193 472 4238; x_wconf 80' lang='lat' dir='ltr'><strong>es:</strong></span> <span class='ocrx_word' id='word_1_613' title='bbox 499 4185 568 4237; x_wconf 89' lang='lat' dir='ltr'><strong>ab</strong></span> <span class='ocrx_word' id='word_1_614' title='bbox 601 4181 864 4248; x_wconf 86' lang='lat' dir='ltr'><strong>Ecclesia,</strong></span> <span class='ocrx_word' id='word_1_615' title='bbox 898 4198 1016 4252; x_wconf 84' lang='lat' dir='ltr'><strong>quae</strong></span> <span class='ocrx_word' id='word_1_616' title='bbox 1042 4183 1242 4253; x_wconf 86' lang='lat' dir='ltr'><strong>accipit</strong></span> <span class='ocrx_word' id='word_1_617' title='bbox 1273 4184 1376 4238; x_wconf 88' lang='lat' dir='ltr'><strong>hoc</strong></span> <span class='ocrx_word' id='word_1_618' title='bbox 1403 4183 1605 4238; x_wconf 87' lang='lat' dir='ltr'><strong>donum</strong></span> <span class='ocrx_word' id='word_1_619' title='bbox 1636 4193 1693 4240; x_wconf 90' lang='lat' dir='ltr'><strong>ut</strong></span> 
     </span>
    </p>
   </div>
   <div class='ocr_carea' id='block_1_60' title="bbox 58 4270 1694 4344">
    <p class='ocr_par' dir='ltr' id='par_1_60' title="bbox 58 4270 1694 4344">
     <span class='ocr_line' id='line_1_60' title="bbox 58 4270 1694 4344; baseline 0 -16"><span class='ocrx_word' id='word_1_620' title='bbox 58 4275 115 4328; x_wconf 88' lang='lat' dir='ltr'><strong>in</strong></span> <span class='ocrx_word' id='word_1_621' title='bbox 157 4270 380 4340; x_wconf 88' lang='lat' dir='ltr'><strong>Spiritu</strong></span> <span class='ocrx_word' id='word_1_622' title='bbox 429 4281 617 4327; x_wconf 85' lang='lat' dir='ltr'><strong>sancto</strong></span> <span class='ocrx_word' id='word_1_623' title='bbox 646 4270 952 4344; x_wconf 71' lang='lat' dir='ltr'><strong>laccepit...</strong></span> <span class='ocrx_word' id='word_1_624' title='bbox 987 4283 1042 4326; x_wconf 90' lang='lat' dir='ltr'><strong>ut</strong></span> <span class='ocrx_word' id='word_1_625' title='bbox 1075 4274 1127 4328; x_wconf 89' lang='lat' dir='ltr'><strong>in</strong></span> <span class='ocrx_word' id='word_1_626' title='bbox 1159 4287 1224 4328; x_wconf 86' lang='lat' dir='ltr'><strong>ea</strong></span> <span class='ocrx_word' id='word_1_627' title='bbox 1254 4275 1305 4327; x_wconf 92' lang='lat' dir='ltr'><strong>in</strong></span> <span class='ocrx_word' id='word_1_628' title='bbox 1338 4271 1540 4344; x_wconf 87' lang='lat' dir='ltr'><strong>Spiritu</strong></span> <span class='ocrx_word' id='word_1_629' title='bbox 1573 4290 1694 4328; x_wconf 87' lang='lat' dir='ltr'><strong>san-</strong></span> 
     </span>
    </p>
   </div>
   <div class='ocr_carea' id='block_1_61' title="bbox 58 4363 1695 4437">
    <p class='ocr_par' dir='ltr' id='par_1_61' title="bbox 58 4363 1695 4437">
     <span class='ocr_line' id='line_1_61' title="bbox 58 4363 1695 4437; baseline -0.001 -14"><span class='ocrx_word' id='word_1_630' title='bbox 58 4363 184 4436; x_wconf 76' lang='grc' dir='ltr'><strong>[ιο]</strong></span> <span class='ocrx_word' id='word_1_631' title='bbox 233 4367 332 4418; x_wconf 88' lang='lat' dir='ltr'><strong>liat</strong></span> <span class='ocrx_word' id='word_1_632' title='bbox 383 4366 636 4420; x_wconf 87' lang='lat' dir='ltr'><strong>remissio</strong></span> <span class='ocrx_word' id='word_1_633' title='bbox 672 4367 1061 4435; x_wconf 82' lang='lat' dir='ltr'><strong>peccatorum?</strong></span> <span class='ocrx_word' id='word_1_634' title='bbox 1110 4382 1269 4437; x_wconf 89' lang='lat' dir='ltr'><strong>quam</strong></span> <span class='ocrx_word' id='word_1_635' title='bbox 1319 4367 1695 4422; x_wconf 84' lang='lat' dir='ltr'><strong>remissionem</strong></span> 
     </span>
    </p>
   </div>
   <div class='ocr_carea' id='block_1_62' title="bbox 58 4457 1669 4542">
    <p class='ocr_par' dir='ltr' id='par_1_62' title="bbox 58 4458 1667 4532">
     <span class='ocr_line' id='line_1_62' title="bbox 58 4458 1667 4532; baseline 0.001 -18"><span class='ocrx_word' id='word_1_636' title='bbox 58 4475 199 4514; x_wconf 77' lang='lat' dir='ltr'><strong>cum</strong></span> <span class='ocrx_word' id='word_1_637' title='bbox 235 4458 485 4514; x_wconf 86' lang='lat' dir='ltr'><strong>Trinitas</strong></span> <span class='ocrx_word' id='word_1_638' title='bbox 517 4459 675 4515; x_wconf 75' lang='lat' dir='ltr'><strong>faciat</strong></span> <span class='ocrx_word' id='word_1_639' title='bbox 704 4461 942 4530; x_wconf 89' lang='lat' dir='ltr'><strong>proprie,</strong></span> <span class='ocrx_word' id='word_1_640' title='bbox 991 4470 1171 4516; x_wconf 89' lang='lat' dir='ltr'><strong>tamen</strong></span> <span class='ocrx_word' id='word_1_641' title='bbox 1198 4461 1266 4516; x_wconf 89' lang='lat' dir='ltr'><strong>ad</strong></span> <span class='ocrx_word' id='word_1_642' title='bbox 1289 4462 1547 4532; x_wconf 83' lang='lat' dir='ltr'><strong>Spiritum</strong></span> <span class='ocrx_word' id='word_1_643' title='bbox 1571 4478 1667 4517; x_wconf 91' lang='lat' dir='ltr'><strong>san</strong></span> 
     </span>
    </p>
   </div>
   <div class='ocr_carea' id='block_1_63' title="bbox 1774 4457 3380 4542">
    <p class='ocr_par' dir='ltr' id='par_1_63' title="bbox 1803 4457 3380 4542">
     <span class='ocr_line' id='line_1_63' title="bbox 1803 4457 3380 4542; baseline -0.013 -13"><span class='ocrx_word' id='word_1_644' title='bbox 1803 4473 1961 4538; x_wconf 88' lang='lat' dir='ltr'><strong>Filio,</strong></span> <span class='ocrx_word' id='word_1_645' title='bbox 1991 4472 2115 4542; x_wconf 90' lang='lat' dir='ltr'><strong>quia</strong></span> <span class='ocrx_word' id='word_1_646' title='bbox 2143 4468 2374 4538; x_wconf 83' lang='lat' dir='ltr'><strong>Spiritus</strong></span> <span class='ocrx_word' id='word_1_647' title='bbox 2403 4476 2484 4522; x_wconf 91' lang='lat' dir='ltr'><strong>est</strong></span> <span class='ocrx_word' id='word_1_648' title='bbox 2515 4481 2653 4521; x_wconf 91' lang='lat' dir='ltr'><strong>unus</strong></span> <span class='ocrx_word' id='word_1_649' title='bbox 2685 4457 3253 4528; x_wconf 87' lang='lat' dir='ltr'><strong>amborum.Quisquis</strong></span> <span class='ocrx_word' id='word_1_650' title='bbox 3286 4457 3380 4527; x_wconf 85' lang='lat' dir='ltr'><strong>igi-</strong></span> 
     </span>
    </p>
   </div>
   <div class='ocr_carea' id='block_1_64' title="bbox 58 4551 1669 4628">
    <p class='ocr_par' dir='ltr' id='par_1_64' title="bbox 58 4553 1664 4625">
     <span class='ocr_line' id='line_1_64' title="bbox 58 4553 1664 4625; baseline 0.002 -17"><span class='ocrx_word' id='word_1_651' title='bbox 58 4563 226 4608; x_wconf 84' lang='lat' dir='ltr'><strong>ctum</strong></span> <span class='ocrx_word' id='word_1_652' title='bbox 282 4553 604 4623; x_wconf 83' lang='lat' dir='ltr'><strong>intelligitur</strong></span> <span class='ocrx_word' id='word_1_653' title='bbox 653 4553 946 4622; x_wconf 86' lang='lat' dir='ltr'><strong>pertinere.</strong></span> <span class='ocrx_word' id='word_1_654' title='bbox 992 4553 1111 4623; x_wconf 83' lang='lat' dir='ltr'><strong>Ipse</strong></span> <span class='ocrx_word' id='word_1_655' title='bbox 1145 4565 1230 4610; x_wconf 93' lang='lat' dir='ltr'><strong>est</strong></span> <span class='ocrx_word' id='word_1_656' title='bbox 1276 4556 1416 4610; x_wconf 91' lang='lat' dir='ltr'><strong>enim</strong></span> <span class='ocrx_word' id='word_1_657' title='bbox 1460 4555 1664 4625; x_wconf 85' lang='lat' dir='ltr'><strong>Spiritu</strong></span> 
     </span>
    </p>
   </div>
   <div class='ocr_carea' id='block_1_65' title="bbox 1774 4551 3381 4628">
    <p class='ocr_par' dir='ltr' id='par_1_65' title="bbox 1805 4551 3381 4628">
     <span class='ocr_line' id='line_1_65' title="bbox 1805 4551 3381 4628; baseline -0.01 -8"><span class='ocrx_word' id='word_1_658' title='bbox 1805 4575 1890 4620; x_wconf 91' lang='lat' dir='ltr'><strong>tur</strong></span> <span class='ocrx_word' id='word_1_659' title='bbox 1921 4579 2044 4619; x_wconf 76' lang='lat' dir='ltr'><strong>reus</strong></span> <span class='ocrx_word' id='word_1_660' title='bbox 2072 4561 2229 4617; x_wconf 80' lang='lat' dir='ltr'><strong>fuerit</strong></span> <span class='ocrx_word' id='word_1_661' title='bbox 2255 4558 2662 4628; x_wconf 72' lang='lat' dir='ltr'><strong>impmnitentire</strong></span> <span class='ocrx_word' id='word_1_662' title='bbox 2683 4565 2870 4610; x_wconf 88' lang='lat' dir='ltr'><strong>contra</strong></span> <span class='ocrx_word' id='word_1_663' title='bbox 2894 4554 3172 4624; x_wconf 90' lang='lat' dir='ltr'><strong>Spiritum,</strong></span> <span class='ocrx_word' id='word_1_664' title='bbox 3200 4551 3250 4605; x_wconf 93' lang='lat' dir='ltr'><strong>in</strong></span> <span class='ocrx_word' id='word_1_665' title='bbox 3275 4566 3381 4621; x_wconf 90' lang='lat' dir='ltr'><strong>quo</strong></span> 
     </span>
    </p>
   </div>
   <div class='ocr_carea' id='block_1_66' title="bbox 58 4627 3382 4718">
    <p class='ocr_par' dir='ltr' id='par_1_66' title="bbox 58 4627 3382 4718">
     <span class='ocr_line' id='line_1_66' title="bbox 58 4627 3382 4718; baseline -0.003 -8"><span class='ocrx_word' id='word_1_666' title='bbox 58 4645 404 4713; x_wconf 64' lang='lat' dir='ltr'><strong>ldoplimlis</strong></span> <span class='ocrx_word' id='word_1_667' title='bbox 453 4645 685 4700; x_wconf 69' lang='lat' dir='ltr'><strong>ﬁliorum</strong></span> <span class='ocrx_word' id='word_1_668' title='bbox 707 4685 724 4710; x_wconf 73' lang='grc' dir='ltr'><strong>ν</strong></span> <span class='ocrx_word' id='word_1_669' title='bbox 759 4646 813 4699; x_wconf 74' lang='lat' dir='ltr'><strong>in</strong></span> <span class='ocrx_word' id='word_1_670' title='bbox 858 4661 966 4713; x_wconf 80' lang='grc' dir='ltr'><strong>(1υο</strong></span> <span class='ocrx_word' id='word_1_671' title='bbox 994 4647 1290 4701; x_wconf 72' lang='lat' dir='ltr'><strong>Clamamus</strong></span> <span class='ocrx_word' id='word_1_672' title='bbox 1322 4648 1471 4702; x_wconf 78' lang='lat' dir='ltr'><strong>Abba</strong></span> <span class='ocrx_word' id='word_1_673' title='bbox 1520 4660 1689 4718; x_wconf 85' lang='lat' dir='ltr'><strong>pater,</strong></span> <span class='ocrx_word' id='word_1_674' title='bbox 1721 4643 1775 4705; x_wconf 81' lang='grc' dir='ltr'><strong>Ῐ)</strong></span> <span class='ocrx_word' id='word_1_675' title='bbox 1803 4660 1977 4716; x_wconf 87' lang='lat' dir='ltr'><strong>unitas</strong></span> <span class='ocrx_word' id='word_1_676' title='bbox 2005 4667 2059 4712; x_wconf 89' lang='lat' dir='ltr'><strong>et</strong></span> <span class='ocrx_word' id='word_1_677' title='bbox 2097 4627 2760 4711; x_wconf 77' lang='lat' dir='ltr'><strong>societascommuniOnis</strong></span> <span class='ocrx_word' id='word_1_678' title='bbox 2803 4658 3155 4717; x_wconf 80' lang='lat' dir='ltr'><strong>congregatur</strong></span> <span class='ocrx_word' id='word_1_679' title='bbox 3186 4645 3382 4700; x_wconf 88' lang='lat' dir='ltr'><strong>Eccle-</strong></span> 
     </span>
    </p>
   </div>
   <div class='ocr_carea' id='block_1_67' title="bbox 58 4737 1669 4819">
    <p class='ocr_par' dir='ltr' id='par_1_67' title="bbox 58 4737 1669 4809">
     <span class='ocr_line' id='line_1_67' title="bbox 58 4737 1669 4809; baseline 0.001 -14"><span class='ocrx_word' id='word_1_680' title='bbox 58 4739 168 4795; x_wconf 82' lang='lat' dir='ltr'><strong>uhi</strong></span> <span class='ocrx_word' id='word_1_681' title='bbox 193 4747 267 4793; x_wconf 69' lang='lat' dir='ltr'><strong>aet</strong></span> <span class='ocrx_word' id='word_1_682' title='bbox 297 4737 386 4809; x_wconf 77' lang='lat' dir='ltr'><strong>[ut</strong></span> <span class='ocrx_word' id='word_1_683' title='bbox 424 4738 494 4809; x_wconf 85' lang='lat' dir='ltr'><strong>ei]</strong></span> <span class='ocrx_word' id='word_1_684' title='bbox 525 4740 790 4807; x_wconf 88' lang='lat' dir='ltr'><strong>possimus</strong></span> <span class='ocrx_word' id='word_1_685' title='bbox 815 4739 994 4795; x_wconf 88' lang='lat' dir='ltr'><strong>dicere</strong></span> <span class='ocrx_word' id='word_1_686' title='bbox 1020 4757 1036 4796; x_wconf 91' lang='lat'><strong>:</strong></span> <span class='ocrx_word' id='word_1_687' title='bbox 1070 4742 1292 4796; x_wconf 88' lang='lat' dir='ltr'><strong>Dimitte</strong></span> <span class='ocrx_word' id='word_1_688' title='bbox 1328 4742 1487 4797; x_wconf 91' lang='lat' dir='ltr'><strong>nobis</strong></span> <span class='ocrx_word' id='word_1_689' title='bbox 1515 4742 1669 4798; x_wconf 69' lang='lat' dir='ltr'><strong>debit;</strong></span> 
     </span>
    </p>
   </div>
   <div class='ocr_carea' id='block_1_68' title="bbox 1774 4737 3384 4819">
    <p class='ocr_par' dir='ltr' id='par_1_68' title="bbox 1802 4738 3384 4819">
     <span class='ocr_line' id='line_1_68' title="bbox 1802 4738 3384 4819; baseline -0.011 -11"><span class='ocrx_word' id='word_1_690' title='bbox 1802 4754 1913 4817; x_wconf 70' lang='lat' dir='ltr'><strong>size,</strong></span> <span class='ocrx_word' id='word_1_691' title='bbox 1966 4765 2234 4819; x_wconf 87' lang='lat' dir='ltr'><strong>nunquam</strong></span> <span class='ocrx_word' id='word_1_692' title='bbox 2267 4749 2342 4802; x_wconf 90' lang='lat' dir='ltr'><strong>illi</strong></span> <span class='ocrx_word' id='word_1_693' title='bbox 2381 4745 2707 4807; x_wconf 85' lang='lat' dir='ltr'><strong>remittetur,</strong></span> <span class='ocrx_word' id='word_1_694' title='bbox 2756 4741 2879 4812; x_wconf 89' lang='lat' dir='ltr'><strong>quia</strong></span> <span class='ocrx_word' id='word_1_695' title='bbox 2921 4741 3019 4796; x_wconf 92' lang='lat' dir='ltr'><strong>hoc</strong></span> <span class='ocrx_word' id='word_1_696' title='bbox 3051 4739 3153 4794; x_wconf 91' lang='lat' dir='ltr'><strong>sibi</strong></span> <span class='ocrx_word' id='word_1_697' title='bbox 3183 4738 3384 4792; x_wconf 90' lang='lat' dir='ltr'><strong>claudit</strong></span> 
     </span>
    </p>
   </div>
   <div class='ocr_carea' id='block_1_69' title="bbox 58 4832 1669 4920">
    <p class='ocr_par' dir='ltr' id='par_1_69' title="bbox 58 4832 1669 4906">
     <span class='ocr_line' id='line_1_69' title="bbox 58 4832 1669 4906; baseline 0.001 -16"><span class='ocrx_word' id='word_1_698' title='bbox 58 4851 175 4890; x_wconf 77' lang='lat' dir='ltr'><strong>nos</strong></span> <span class='ocrx_word' id='word_1_699' title='bbox 191 4842 309 4888; x_wconf 91' lang='lat' dir='ltr'><strong>tra.</strong></span> <span class='ocrx_word' id='word_1_700' title='bbox 346 4834 417 4888; x_wconf 85' lang='lat' dir='ltr'><strong>Et</strong></span> <span class='ocrx_word' id='word_1_701' title='bbox 448 4833 498 4887; x_wconf 93' lang='lat' dir='ltr'><strong>iii</strong></span> <span class='ocrx_word' id='word_1_702' title='bbox 540 4832 643 4886; x_wconf 79' lang='lat' dir='ltr'><strong>huc</strong></span> <span class='ocrx_word' id='word_1_703' title='bbox 678 4833 1075 4902; x_wconf 83' lang='lat' dir='ltr'><strong>cognoscimus,</strong></span> <span class='ocrx_word' id='word_1_704' title='bbox 1117 4835 1257 4888; x_wconf 87' lang='lat' dir='ltr'><strong>sicut</strong></span> <span class='ocrx_word' id='word_1_705' title='bbox 1304 4836 1543 4890; x_wconf 81' lang='lat' dir='ltr'><strong>Joannes</strong></span> <span class='ocrx_word' id='word_1_706' title='bbox 1571 4852 1669 4906; x_wconf 90' lang='lat' dir='ltr'><strong>apo</strong></span> 
     </span>
    </p>
   </div>
   <div class='ocr_carea' id='block_1_70' title="bbox 1774 4832 3382 4920">
    <p class='ocr_par' dir='ltr' id='par_1_70' title="bbox 1805 4834 3382 4920">
     <span class='ocr_line' id='line_1_70' title="bbox 1805 4834 3382 4920; baseline -0.012 -18"><span class='ocrx_word' id='word_1_707' title='bbox 1805 4844 2041 4920; x_wconf 83' lang='lat' dir='ltr'><strong>[clausit]</strong></span> <span class='ocrx_word' id='word_1_708' title='bbox 2073 4845 2160 4900; x_wconf 92' lang='lat' dir='ltr'><strong>ubi</strong></span> <span class='ocrx_word' id='word_1_709' title='bbox 2209 4843 2522 4907; x_wconf 88' lang='lat' dir='ltr'><strong>remittitur,</strong></span> <span class='ocrx_word' id='word_1_710' title='bbox 2572 4851 2626 4894; x_wconf 90' lang='lat' dir='ltr'><strong>et</strong></span> <span class='ocrx_word' id='word_1_711' title='bbox 2671 4836 2863 4893; x_wconf 90' lang='lat' dir='ltr'><strong>merito</strong></span> <span class='ocrx_word' id='word_1_712' title='bbox 2894 4834 3232 4920; x_wconf 82' lang='lat' dir='ltr'><strong>damnabitur</strong></span> <span class='ocrx_word' id='word_1_713' title='bbox 3262 4846 3382 4885; x_wconf 82' lang='lat' dir='ltr'><strong>cum</strong></span> 
     </span>
    </p>
   </div>
   <div class='ocr_carea' id='block_1_71' title="bbox 58 4915 3386 5009">
    <p class='ocr_par' dir='ltr' id='par_1_71' title="bbox 58 4915 3386 5009">
     <span class='ocr_line' id='line_1_71' title="bbox 58 4915 3386 5009; baseline -0.004 -18"><span class='ocrx_word' id='word_1_714' title='bbox 58 4927 266 4982; x_wconf 76' lang='lat' dir='ltr'><strong>SlOIUS</strong></span> <span class='ocrx_word' id='word_1_715' title='bbox 309 4925 392 4979; x_wconf 71' lang='lat' dir='ltr'><strong>ail</strong></span> <span class='ocrx_word' id='word_1_716' title='bbox 439 4943 452 4979; x_wconf 74' lang='grc' dir='ltr'><strong>ε</strong></span> <span class='ocrx_word' id='word_1_717' title='bbox 486 4924 748 4991; x_wconf 60' lang='lat' dir='ltr'><strong>Quoniam</strong></span> <span class='ocrx_word' id='word_1_718' title='bbox 790 4923 1035 4979; x_wconf 69' lang='lat' dir='ltr'><strong>Chrisws</strong></span> <span class='ocrx_word' id='word_1_719' title='bbox 1074 4926 1126 4977; x_wconf 79' lang='grc' dir='ltr'><strong>ίιι</strong></span> <span class='ocrx_word' id='word_1_720' title='bbox 1165 4926 1320 4980; x_wconf 67' lang='grc' dir='ltr'><strong>ηοδῖε</strong></span> <span class='ocrx_word' id='word_1_721' title='bbox 1373 4936 1580 4992; x_wconf 56' lang='lat' dir='ltr'><strong>manet.</strong></span> <span class='ocrx_word' id='word_1_722' title='bbox 1629 4928 1699 4983; x_wconf 75' lang='lat' dir='ltr'><strong>de</strong></span> <span class='ocrx_word' id='word_1_723' title='bbox 1803 4915 1996 5009; x_wconf 75' lang='lat' dir='ltr'><strong>spiritu</strong></span> <span class='ocrx_word' id='word_1_724' title='bbox 2016 4915 2104 5005; x_wconf 81' lang='lat' dir='ltr'><strong>qui</strong></span> <span class='ocrx_word' id='word_1_725' title='bbox 2131 4937 2184 4990; x_wconf 92' lang='lat' dir='ltr'><strong>in</strong></span> <span class='ocrx_word' id='word_1_726' title='bbox 2208 4937 2439 5003; x_wconf 65' lang='lat' dir='ltr'><strong>seipsum</strong></span> <span class='ocrx_word' id='word_1_727' title='bbox 2463 4933 2666 4987; x_wconf 81' lang='lat' dir='ltr'><strong>divisus</strong></span> <span class='ocrx_word' id='word_1_728' title='bbox 2687 4940 2787 4999; x_wconf 89' lang='lat' dir='ltr'><strong>est,</strong></span> <span class='ocrx_word' id='word_1_729' title='bbox 2813 4915 3090 4985; x_wconf 55' lang='lat' dir='ltr'><strong>divisns&#39;et</strong></span> <span class='ocrx_word' id='word_1_730' title='bbox 3115 4928 3228 4997; x_wconf 91' lang='lat' dir='ltr'><strong>ipse</strong></span> <span class='ocrx_word' id='word_1_731' title='bbox 3253 4939 3386 4978; x_wconf 86' lang='lat' dir='ltr'><strong>con-</strong></span> 
     </span>
    </p>
   </div>
   <div class='ocr_carea' id='block_1_72' title="bbox 58 5018 3384 5098">
    <p class='ocr_par' dir='ltr' id='par_1_72' title="bbox 58 5018 3384 5098">
     <span class='ocr_line' id='line_1_72' title="bbox 58 5018 3384 5098; baseline -0.005 -13"><span class='ocrx_word' id='word_1_732' title='bbox 58 5018 188 5089; x_wconf 66' lang='grc' dir='ltr'><strong>Ξρὲι</strong></span> <span class='ocrx_word' id='word_1_733' title='bbox 210 5021 294 5072; x_wconf 72' lang='lat' dir='ltr'><strong>il“</strong></span> <span class='ocrx_word' id='word_1_734' title='bbox 327 5033 490 5088; x_wconf 73' lang='lat' dir='ltr'><strong>quem</strong></span> <span class='ocrx_word' id='word_1_735' title='bbox 520 5018 668 5073; x_wconf 54' lang='lat' dir='ltr'><strong>dedit</strong></span> <span class='ocrx_word' id='word_1_736' title='bbox 698 5018 873 5075; x_wconf 75' lang='lat' dir='ltr'><strong>&quot;ObiS-</strong></span> <span class='ocrx_word' id='word_1_737' title='bbox 915 5019 1031 5088; x_wconf 74' lang='grc' dir='ltr'><strong>Ιρεε</strong></span> <span class='ocrx_word' id='word_1_738' title='bbox 1057 5018 1294 5088; x_wconf 72' lang='grc' dir='ltr'><strong>ὃρὶτὶιυδ</strong></span> <span class='ocrx_word' id='word_1_739' title='bbox 1328 5021 1697 5075; x_wconf 75' lang='grc' dir='ltr'><strong>ιθδιίῐηοηῑυῐη</strong></span> <span class='ocrx_word' id='word_1_740' title='bbox 1805 5038 1884 5084; x_wconf 86' lang='lat' dir='ltr'><strong>tra</strong></span> <span class='ocrx_word' id='word_1_741' title='bbox 1903 5029 2163 5097; x_wconf 88' lang='lat' dir='ltr'><strong>Spiritum</strong></span> <span class='ocrx_word' id='word_1_742' title='bbox 2183 5024 2577 5098; x_wconf 78' lang='lat' dir='ltr'><strong>[satietuquui</strong></span> <span class='ocrx_word' id='word_1_743' title='bbox 2603 5025 2652 5077; x_wconf 90' lang='lat' dir='ltr'><strong>in</strong></span> <span class='ocrx_word' id='word_1_744' title='bbox 2676 5025 2910 5092; x_wconf 85' lang='lat' dir='ltr'><strong>seipsum</strong></span> <span class='ocrx_word' id='word_1_745' title='bbox 2930 5023 3132 5076; x_wconf 88' lang='lat' dir='ltr'><strong>divisus</strong></span> <span class='ocrx_word' id='word_1_746' title='bbox 3157 5026 3384 5071; x_wconf 89' lang='lat' dir='ltr'><strong>nonest.</strong></span> 
     </span>
    </p>
   </div>
   <div class='ocr_carea' id='block_1_73' title="bbox 58 5110 1669 5188">
    <p class='ocr_par' dir='ltr' id='par_1_73' title="bbox 58 5111 1669 5182">
     <span class='ocr_line' id='line_1_73' title="bbox 58 5111 1669 5182; baseline 0 -16"><span class='ocrx_word' id='word_1_747' title='bbox 58 5112 268 5168; x_wconf 78' lang='lat' dir='ltr'><strong>reddit</strong></span> <span class='ocrx_word' id='word_1_748' title='bbox 300 5112 520 5181; x_wconf 88' lang='lat' dir='ltr'><strong>spiritui</strong></span> <span class='ocrx_word' id='word_1_749' title='bbox 561 5119 763 5177; x_wconf 89' lang='lat' dir='ltr'><strong>nostro,</strong></span> <span class='ocrx_word' id='word_1_750' title='bbox 816 5113 939 5181; x_wconf 89' lang='lat' dir='ltr'><strong>quia</strong></span> <span class='ocrx_word' id='word_1_751' title='bbox 975 5126 1160 5166; x_wconf 85' lang='lat' dir='ltr'><strong>sumtis</strong></span> <span class='ocrx_word' id='word_1_752' title='bbox 1203 5111 1298 5165; x_wconf 88' lang='lat' dir='ltr'><strong>lilii</strong></span> <span class='ocrx_word' id='word_1_753' title='bbox 1345 5112 1461 5165; x_wconf 83' lang='lat' dir='ltr'><strong>Dei.</strong></span> <span class='ocrx_word' id='word_1_754' title='bbox 1506 5111 1586 5166; x_wconf 81' lang='lat' dir='ltr'><strong>Ad</strong></span> <span class='ocrx_word' id='word_1_755' title='bbox 1620 5113 1669 5182; x_wconf 91' lang='lat' dir='ltr'><strong>ip</strong></span> 
     </span>
    </p>
   </div>
   <div class='ocr_carea' id='block_1_74' title="bbox 1774 5110 3387 5188">
    <p class='ocr_par' dir='ltr' id='par_1_74' title="bbox 1810 5110 3387 5188">
     <span class='ocr_line' id='line_1_74' title="bbox 1810 5110 3387 5188; baseline -0.01 -11"><span class='ocrx_word' id='word_1_756' title='bbox 1810 5121 1884 5177; x_wconf 90' lang='lat' dir='ltr'><strong>Ut</strong></span> <span class='ocrx_word' id='word_1_757' title='bbox 1910 5122 1978 5176; x_wconf 92' lang='lat' dir='ltr'><strong>de</strong></span> <span class='ocrx_word' id='word_1_758' title='bbox 2021 5121 2351 5188; x_wconf 80' lang='lat' dir='ltr'><strong>blasphemia</strong></span> <span class='ocrx_word' id='word_1_759' title='bbox 2391 5119 2620 5187; x_wconf 91' lang='lat' dir='ltr'><strong>Spiritus</strong></span> <span class='ocrx_word' id='word_1_760' title='bbox 2660 5119 2773 5171; x_wconf 73' lang='lat' dir='ltr'><strong>lirec</strong></span> <span class='ocrx_word' id='word_1_761' title='bbox 2810 5113 3072 5170; x_wconf 90' lang='lat' dir='ltr'><strong>sententia</strong></span> <span class='ocrx_word' id='word_1_762' title='bbox 3115 5110 3387 5163; x_wconf 90' lang='lat' dir='ltr'><strong>diceretur</strong></span> 
     </span>
    </p>
   </div>
   <div class='ocr_carea' id='block_1_75' title="bbox 58 5199 1669 5274">
    <p class='ocr_par' dir='ltr' id='par_1_75' title="bbox 58 5203 1669 5273">
     <span class='ocr_line' id='line_1_75' title="bbox 58 5203 1669 5273; baseline -0.001 -12"><span class='ocrx_word' id='word_1_763' title='bbox 58 5221 202 5261; x_wconf 79' lang='lat' dir='ltr'><strong>sum</strong></span> <span class='ocrx_word' id='word_1_764' title='bbox 234 5204 396 5258; x_wconf 88' lang='lat' dir='ltr'><strong>enim</strong></span> <span class='ocrx_word' id='word_1_765' title='bbox 429 5204 663 5273; x_wconf 86' lang='lat' dir='ltr'><strong>pertinet</strong></span> <span class='ocrx_word' id='word_1_766' title='bbox 685 5206 936 5270; x_wconf 81' lang='lat' dir='ltr'><strong>societas,</strong></span> <span class='ocrx_word' id='word_1_767' title='bbox 969 5218 1072 5272; x_wconf 89' lang='lat' dir='ltr'><strong>qua</strong></span> <span class='ocrx_word' id='word_1_768' title='bbox 1095 5203 1366 5258; x_wconf 86' lang='lat' dir='ltr'><strong>el‘licitnur</strong></span> <span class='ocrx_word' id='word_1_769' title='bbox 1392 5220 1554 5258; x_wconf 91' lang='lat' dir='ltr'><strong>unum</strong></span> <span class='ocrx_word' id='word_1_770' title='bbox 1578 5220 1669 5259; x_wconf 91' lang='lat' dir='ltr'><strong>cor</strong></span> 
     </span>
    </p>
   </div>
   <div class='ocr_carea' id='block_1_76' title="bbox 1774 5199 3384 5274">
    <p class='ocr_par' dir='ltr' id='par_1_76' title="bbox 1807 5199 3384 5274">
     <span class='ocr_line' id='line_1_76' title="bbox 1807 5199 3384 5274; baseline -0.01 -6"><span class='ocrx_word' id='word_1_771' title='bbox 1807 5228 1967 5269; x_wconf 89' lang='lat' dir='ltr'><strong>causa</strong></span> <span class='ocrx_word' id='word_1_772' title='bbox 1992 5212 2196 5267; x_wconf 72' lang='lat' dir='ltr'><strong>exsutit</strong></span> <span class='ocrx_word' id='word_1_773' title='bbox 2217 5226 2287 5267; x_wconf 79' lang='lat' dir='ltr'><strong>ex</strong></span> <span class='ocrx_word' id='word_1_774' title='bbox 2317 5207 2831 5265; x_wconf 85' lang='lat' dir='ltr'><strong>commemoratione</strong></span> <span class='ocrx_word' id='word_1_775' title='bbox 2851 5205 3072 5274; x_wconf 78' lang='lat' dir='ltr'><strong>Spiritus</strong></span> <span class='ocrx_word' id='word_1_776' title='bbox 3099 5199 3384 5268; x_wconf 90' lang='lat' dir='ltr'><strong>immundi,</strong></span> 
     </span>
    </p>
   </div>
   <div class='ocr_carea' id='block_1_77' title="bbox 58 5291 3391 5376">
    <p class='ocr_par' dir='ltr' id='par_1_77' title="bbox 58 5291 3391 5376">
     <span class='ocr_line' id='line_1_77' title="bbox 58 5291 3391 5376; baseline -0.003 -23"><span class='ocrx_word' id='word_1_777' title='bbox 58 5315 176 5370; x_wconf 85' lang='lat' dir='ltr'><strong>pus</strong></span> <span class='ocrx_word' id='word_1_778' title='bbox 217 5299 378 5353; x_wconf 87' lang='lat' dir='ltr'><strong>unici</strong></span> <span class='ocrx_word' id='word_1_779' title='bbox 412 5297 535 5353; x_wconf 83' lang='lat' dir='ltr'><strong>Filii</strong></span> <span class='ocrx_word' id='word_1_780' title='bbox 565 5296 682 5352; x_wconf 85' lang='lat' dir='ltr'><strong>Dei.</strong></span> <span class='ocrx_word' id='word_1_781' title='bbox 717 5295 869 5352; x_wconf 87' lang='lat' dir='ltr'><strong>Unde</strong></span> <span class='ocrx_word' id='word_1_782' title='bbox 891 5299 1148 5366; x_wconf 86' lang='lat' dir='ltr'><strong>scriptum</strong></span> <span class='ocrx_word' id='word_1_783' title='bbox 1177 5306 1297 5352; x_wconf 88' lang='lat' dir='ltr'><strong>est:</strong></span> <span class='ocrx_word' id='word_1_784' title='bbox 1327 5297 1386 5352; x_wconf 90' lang='lat' dir='ltr'><strong>Si</strong></span> <span class='ocrx_word' id='word_1_785' title='bbox 1414 5312 1515 5367; x_wconf 89' lang='lat' dir='ltr'><strong>qua</strong></span> <span class='ocrx_word' id='word_1_786' title='bbox 1545 5297 1704 5367; x_wconf 84' lang='lat' dir='ltr'><strong>igitur</strong></span> <span class='ocrx_word' id='word_1_787' title='bbox 1809 5307 1896 5376; x_wconf 92' lang='lat' dir='ltr'><strong>qui</strong></span> <span class='ocrx_word' id='word_1_788' title='bbox 1928 5305 1981 5360; x_wconf 87' lang='lat' dir='ltr'><strong>iii</strong></span> <span class='ocrx_word' id='word_1_789' title='bbox 2012 5305 2245 5373; x_wconf 88' lang='lat' dir='ltr'><strong>seipsum</strong></span> <span class='ocrx_word' id='word_1_790' title='bbox 2275 5302 2482 5357; x_wconf 85' lang='lat' dir='ltr'><strong>divisus</strong></span> <span class='ocrx_word' id='word_1_791' title='bbox 2511 5310 2615 5357; x_wconf 92' lang='lat' dir='ltr'><strong>est.</strong></span> <span class='ocrx_word' id='word_1_792' title='bbox 2650 5301 2857 5355; x_wconf 85' lang='lat' dir='ltr'><strong>Dictum</strong></span> <span class='ocrx_word' id='word_1_793' title='bbox 2881 5296 3023 5350; x_wconf 87' lang='lat' dir='ltr'><strong>enim</strong></span> <span class='ocrx_word' id='word_1_794' title='bbox 3055 5300 3170 5346; x_wconf 86' lang='lat' dir='ltr'><strong>erat</strong></span> <span class='ocrx_word' id='word_1_795' title='bbox 3190 5291 3258 5346; x_wconf 91' lang='lat' dir='ltr'><strong>de</strong></span> <span class='ocrx_word' id='word_1_796' title='bbox 3285 5291 3391 5345; x_wconf 83' lang='lat' dir='ltr'><strong>Do-</strong></span> 
     </span>
    </p>
   </div>
   <div class='ocr_carea' id='block_1_78' title="bbox 58 5384 1669 5466">
    <p class='ocr_par' dir='ltr' id='par_1_78' title="bbox 58 5390 1669 5462">
     <span class='ocr_line' id='line_1_78' title="bbox 58 5390 1669 5462; baseline -0.004 -11"><span class='ocrx_word' id='word_1_797' title='bbox 58 5395 424 5451; x_wconf 74' lang='lat' dir='ltr'><strong>exhortatio</strong></span> <span class='ocrx_word' id='word_1_798' title='bbox 456 5395 508 5446; x_wconf 90' lang='lat' dir='ltr'><strong>in</strong></span> <span class='ocrx_word' id='word_1_799' title='bbox 550 5392 790 5456; x_wconf 83' lang='lat' dir='ltr'><strong>Christo,</strong></span> <span class='ocrx_word' id='word_1_800' title='bbox 830 5392 876 5445; x_wconf 91' lang='lat' dir='ltr'><strong>si</strong></span> <span class='ocrx_word' id='word_1_801' title='bbox 920 5392 1062 5462; x_wconf 88' lang='lat' dir='ltr'><strong>quod</strong></span> <span class='ocrx_word' id='word_1_802' title='bbox 1105 5391 1355 5446; x_wconf 88' lang='lat' dir='ltr'><strong>solatium</strong></span> <span class='ocrx_word' id='word_1_803' title='bbox 1400 5390 1669 5445; x_wconf 80' lang='lat' dir='ltr'><strong>charitatis</strong></span> 
     </span>
    </p>
   </div>
   <div class='ocr_carea' id='block_1_79' title="bbox 1774 5384 3389 5466">
    <p class='ocr_par' dir='ltr' id='par_1_79' title="bbox 1810 5384 3389 5466">
     <span class='ocr_line' id='line_1_79' title="bbox 1810 5384 3389 5466; baseline -0.009 -13"><span class='ocrx_word' id='word_1_804' title='bbox 1810 5399 1980 5464; x_wconf 90' lang='lat' dir='ltr'><strong>mino,</strong></span> <span class='ocrx_word' id='word_1_805' title='bbox 2008 5397 2146 5466; x_wconf 80' lang='lat' dir='ltr'><strong>quod</strong></span> <span class='ocrx_word' id='word_1_806' title='bbox 2174 5397 2226 5450; x_wconf 90' lang='lat' dir='ltr'><strong>iii</strong></span> <span class='ocrx_word' id='word_1_807' title='bbox 2261 5395 2502 5464; x_wconf 89' lang='lat' dir='ltr'><strong>principe</strong></span> <span class='ocrx_word' id='word_1_808' title='bbox 2530 5390 2916 5452; x_wconf 78' lang='lat' dir='ltr'><strong>daemoniorum</strong></span> <span class='ocrx_word' id='word_1_809' title='bbox 2947 5388 3170 5455; x_wconf 77' lang='lat' dir='ltr'><strong>ejiceret</strong></span> <span class='ocrx_word' id='word_1_810' title='bbox 3193 5384 3389 5438; x_wconf 79' lang='lat' dir='ltr'><strong>dzemo-</strong></span> 
     </span>
    </p>
   </div>
   <div class='ocr_carea' id='block_1_80' title="bbox 58 5472 3390 5556">
    <p class='ocr_par' dir='ltr' id='par_1_80' title="bbox 58 5472 3390 5556">
     <span class='ocr_line' id='line_1_80' title="bbox 58 5472 3390 5556; baseline -0.005 -12"><span class='ocrx_word' id='word_1_811' title='bbox 58 5489 102 5544; x_wconf 67' lang='lat' dir='ltr'><strong>si</strong></span> <span class='ocrx_word' id='word_1_812' title='bbox 147 5500 278 5556; x_wconf 88' lang='lat' dir='ltr'><strong>qua</strong></span> <span class='ocrx_word' id='word_1_813' title='bbox 327 5485 565 5540; x_wconf 84' lang='lat' dir='ltr'><strong>societas</strong></span> <span class='ocrx_word' id='word_1_814' title='bbox 609 5483 861 5552; x_wconf 89' lang='lat' dir='ltr'><strong>Spiritus,</strong></span> <span class='ocrx_word' id='word_1_815' title='bbox 919 5495 1141 5555; x_wconf 85' lang='lat' dir='ltr'><strong>propter</strong></span> <span class='ocrx_word' id='word_1_816' title='bbox 1179 5487 1316 5541; x_wconf 89' lang='lat' dir='ltr'><strong>hanc</strong></span> <span class='ocrx_word' id='word_1_817' title='bbox 1359 5484 1698 5544; x_wconf 89' lang='lat' dir='ltr'><strong>societatem.</strong></span> <span class='ocrx_word' id='word_1_818' title='bbox 1813 5503 1928 5542; x_wconf 91' lang='lat' dir='ltr'><strong>nes.</strong></span> <span class='ocrx_word' id='word_1_819' title='bbox 1974 5486 2090 5554; x_wconf 85' lang='lat' dir='ltr'><strong>lpse</strong></span> <span class='ocrx_word' id='word_1_820' title='bbox 2128 5500 2186 5540; x_wconf 91' lang='lat' dir='ltr'><strong>se</strong></span> <span class='ocrx_word' id='word_1_821' title='bbox 2223 5485 2479 5539; x_wconf 89' lang='lat' dir='ltr'><strong>Dominus</strong></span> <span class='ocrx_word' id='word_1_822' title='bbox 2518 5483 2592 5536; x_wconf 88' lang='lat' dir='ltr'><strong>ait</strong></span> <span class='ocrx_word' id='word_1_823' title='bbox 2623 5482 2676 5535; x_wconf 91' lang='lat' dir='ltr'><strong>in</strong></span> <span class='ocrx_word' id='word_1_824' title='bbox 2716 5478 2916 5548; x_wconf 93' lang='lat' dir='ltr'><strong>Spiritu</strong></span> <span class='ocrx_word' id='word_1_825' title='bbox 2960 5485 3148 5530; x_wconf 89' lang='lat' dir='ltr'><strong>sancto</strong></span> <span class='ocrx_word' id='word_1_826' title='bbox 3190 5472 3390 5543; x_wconf 85' lang='lat' dir='ltr'><strong>ejicere</strong></span> 
     </span>
    </p>
   </div>
   <div class='ocr_carea' id='block_1_81' title="bbox 58 5567 3388 5650">
    <p class='ocr_par' dir='ltr' id='par_1_81' title="bbox 58 5567 3388 5650">
     <span class='ocr_line' id='line_1_81' title="bbox 58 5567 3388 5650; baseline -0.005 -13"><span class='ocrx_word' id='word_1_827' title='bbox 58 5584 152 5637; x_wconf 25' lang='lat' dir='ltr'><strong>illi</strong></span> <span class='ocrx_word' id='word_1_828' title='bbox 195 5582 261 5635; x_wconf 91' lang='lat' dir='ltr'><strong>in</strong></span> <span class='ocrx_word' id='word_1_829' title='bbox 295 5595 444 5649; x_wconf 89' lang='lat' dir='ltr'><strong>quos</strong></span> <span class='ocrx_word' id='word_1_830' title='bbox 487 5578 735 5649; x_wconf 80' lang='lat' dir='ltr'><strong>primitus</strong></span> <span class='ocrx_word' id='word_1_831' title='bbox 766 5579 913 5634; x_wconf 83' lang='lat' dir='ltr'><strong>venit</strong></span> <span class='ocrx_word' id='word_1_832' title='bbox 955 5579 1152 5650; x_wconf 85' lang='lat' dir='ltr'><strong>linguis</strong></span> <span class='ocrx_word' id='word_1_833' title='bbox 1179 5583 1419 5635; x_wconf 85' lang='lat' dir='ltr'><strong>omnium</strong></span> <span class='ocrx_word' id='word_1_834' title='bbox 1465 5581 1704 5650; x_wconf 87' lang='lat' dir='ltr'><strong>gentium</strong></span> <span class='ocrx_word' id='word_1_835' title='bbox 1813 5578 2109 5639; x_wconf 72' lang='lat' dir='ltr'><strong>dmmones,</strong></span> <span class='ocrx_word' id='word_1_836' title='bbox 2137 5585 2191 5628; x_wconf 90' lang='lat' dir='ltr'><strong>ut</strong></span> <span class='ocrx_word' id='word_1_837' title='bbox 2220 5574 2450 5643; x_wconf 89' lang='lat' dir='ltr'><strong>Spiritus</strong></span> <span class='ocrx_word' id='word_1_838' title='bbox 2479 5572 2569 5642; x_wconf 93' lang='lat' dir='ltr'><strong>qui</strong></span> <span class='ocrx_word' id='word_1_839' title='bbox 2599 5586 2705 5625; x_wconf 88' lang='lat' dir='ltr'><strong>non</strong></span> <span class='ocrx_word' id='word_1_840' title='bbox 2734 5580 2816 5624; x_wconf 91' lang='lat' dir='ltr'><strong>est</strong></span> <span class='ocrx_word' id='word_1_841' title='bbox 2846 5571 2897 5622; x_wconf 89' lang='lat' dir='ltr'><strong>in</strong></span> <span class='ocrx_word' id='word_1_842' title='bbox 2929 5584 2988 5624; x_wconf 92' lang='lat' dir='ltr'><strong>se</strong></span> <span class='ocrx_word' id='word_1_843' title='bbox 3015 5567 3238 5630; x_wconf 81' lang='lat' dir='ltr'><strong>divisus,</strong></span> <span class='ocrx_word' id='word_1_844' title='bbox 3265 5580 3388 5620; x_wconf 89' lang='lat' dir='ltr'><strong>eum</strong></span> 
     </span>
    </p>
   </div>
   <div class='ocr_carea' id='block_1_82' title="bbox 58 5660 3382 5746">
    <p class='ocr_par' dir='ltr' id='par_1_82' title="bbox 58 5660 3382 5746">
     <span class='ocr_line' id='line_1_82' title="bbox 58 5660 3382 5746; baseline -0.007 -13"><span class='ocrx_word' id='word_1_845' title='bbox 58 5684 214 5733; x_wconf 78' lang='lat' dir='ltr'><strong>sunt</strong></span> <span class='ocrx_word' id='word_1_846' title='bbox 256 5674 458 5740; x_wconf 85' lang='lat' dir='ltr'><strong>locuti,</strong></span> <span class='ocrx_word' id='word_1_847' title='bbox 484 5674 607 5742; x_wconf 85' lang='lat' dir='ltr'><strong>quia</strong></span> <span class='ocrx_word' id='word_1_848' title='bbox 635 5672 775 5727; x_wconf 89' lang='lat' dir='ltr'><strong>sicut</strong></span> <span class='ocrx_word' id='word_1_849' title='bbox 801 5689 896 5743; x_wconf 90' lang='lat' dir='ltr'><strong>per</strong></span> <span class='ocrx_word' id='word_1_850' title='bbox 935 5674 1144 5742; x_wconf 86' lang='lat' dir='ltr'><strong>linguas</strong></span> <span class='ocrx_word' id='word_1_851' title='bbox 1164 5685 1371 5730; x_wconf 85' lang='lat' dir='ltr'><strong>constat</strong></span> <span class='ocrx_word' id='word_1_852' title='bbox 1401 5673 1705 5746; x_wconf 87' lang='lat' dir='ltr'><strong>[consocia-</strong></span> <span class='ocrx_word' id='word_1_853' title='bbox 1810 5672 1899 5743; x_wconf 88' lang='lat' dir='ltr'><strong>qui</strong></span> <span class='ocrx_word' id='word_1_854' title='bbox 1930 5672 1983 5724; x_wconf 92' lang='lat' dir='ltr'><strong>in</strong></span> <span class='ocrx_word' id='word_1_855' title='bbox 2014 5684 2071 5725; x_wconf 81' lang='lat' dir='ltr'><strong>se</strong></span> <span class='ocrx_word' id='word_1_856' title='bbox 2097 5667 2298 5723; x_wconf 82' lang='lat' dir='ltr'><strong>divisus</strong></span> <span class='ocrx_word' id='word_1_857' title='bbox 2325 5675 2406 5720; x_wconf 90' lang='lat' dir='ltr'><strong>est</strong></span> <span class='ocrx_word' id='word_1_858' title='bbox 2436 5665 2613 5717; x_wconf 85' lang='lat' dir='ltr'><strong>vincat</strong></span> <span class='ocrx_word' id='word_1_859' title='bbox 2640 5669 2798 5732; x_wconf 90' lang='lat' dir='ltr'><strong>atque</strong></span> <span class='ocrx_word' id='word_1_860' title='bbox 2827 5660 3008 5732; x_wconf 87' lang='lat' dir='ltr'><strong>ejiciat</strong></span> <span class='ocrx_word' id='word_1_861' title='bbox 3039 5677 3052 5713; x_wconf 91' lang='lat'>:</span> <span class='ocrx_word' id='word_1_862' title='bbox 3084 5660 3174 5713; x_wconf 91' lang='lat' dir='ltr'><strong>ille</strong></span> <span class='ocrx_word' id='word_1_863' title='bbox 3202 5666 3382 5712; x_wconf 82' lang='lat' dir='ltr'><strong>autem</strong></span> 
     </span>
    </p>
   </div>
   <div class='ocr_carea' id='block_1_83' title="bbox 58 5751 3386 5840">
    <p class='ocr_par' dir='ltr' id='par_1_83' title="bbox 58 5751 3386 5840">
     <span class='ocr_line' id='line_1_83' title="bbox 58 5751 3386 5840; baseline -0.007 -13"><span class='ocrx_word' id='word_1_864' title='bbox 58 5774 192 5827; x_wconf 77' lang='lat' dir='ltr'><strong>:ior</strong></span> <span class='ocrx_word' id='word_1_865' title='bbox 223 5778 328 5825; x_wconf 87' lang='lat' dir='ltr'><strong>est</strong></span> <span class='ocrx_word' id='word_1_866' title='bbox 359 5765 630 5839; x_wconf 76' lang='lat' dir='ltr'><strong>societas]</strong></span> <span class='ocrx_word' id='word_1_867' title='bbox 660 5767 869 5839; x_wconf 86' lang='lat' dir='ltr'><strong>generis</strong></span> <span class='ocrx_word' id='word_1_868' title='bbox 898 5767 1141 5834; x_wconf 88' lang='lat' dir='ltr'><strong>humani,</strong></span> <span class='ocrx_word' id='word_1_869' title='bbox 1170 5769 1247 5823; x_wconf 90' lang='lat' dir='ltr'><strong>sic</strong></span> <span class='ocrx_word' id='word_1_870' title='bbox 1296 5770 1577 5839; x_wconf 86' lang='lat' dir='ltr'><strong>oportebat</strong></span> <span class='ocrx_word' id='word_1_871' title='bbox 1606 5784 1702 5840; x_wconf 91' lang='lat' dir='ltr'><strong>per</strong></span> <span class='ocrx_word' id='word_1_872' title='bbox 1813 5766 1972 5820; x_wconf 91' lang='lat' dir='ltr'><strong>homo</strong></span> <span class='ocrx_word' id='word_1_873' title='bbox 2001 5763 2052 5817; x_wconf 92' lang='lat' dir='ltr'><strong>in</strong></span> <span class='ocrx_word' id='word_1_874' title='bbox 2097 5763 2215 5829; x_wconf 81' lang='lat' dir='ltr'><strong>ejus</strong></span> <span class='ocrx_word' id='word_1_875' title='bbox 2244 5758 2544 5830; x_wconf 88' lang='lat' dir='ltr'><strong>perditione</strong></span> <span class='ocrx_word' id='word_1_876' title='bbox 2570 5765 2864 5823; x_wconf 90' lang='lat' dir='ltr'><strong>remaneat,</strong></span> <span class='ocrx_word' id='word_1_877' title='bbox 2906 5754 2996 5826; x_wconf 91' lang='lat' dir='ltr'><strong>qui</strong></span> <span class='ocrx_word' id='word_1_878' title='bbox 3027 5754 3078 5809; x_wconf 94' lang='lat' dir='ltr'><strong>in</strong></span> <span class='ocrx_word' id='word_1_879' title='bbox 3114 5752 3270 5822; x_wconf 87' lang='lat' dir='ltr'><strong>hujus</strong></span> <span class='ocrx_word' id='word_1_880' title='bbox 3294 5751 3386 5822; x_wconf 90' lang='lat' dir='ltr'><strong>qui</strong></span> 
     </span>
    </p>
   </div>
   <div class='ocr_carea' id='block_1_84' title="bbox 58 5848 3396 5935">
    <p class='ocr_par' dir='ltr' id='par_1_84' title="bbox 58 5848 3396 5935">
     <span class='ocr_line' id='line_1_84' title="bbox 58 5848 3396 5935; baseline -0.006 -13"><span class='ocrx_word' id='word_1_881' title='bbox 58 5867 322 5935; x_wconf 75' lang='lat' dir='ltr'><strong>linguas</strong></span> <span class='ocrx_word' id='word_1_882' title='bbox 372 5864 615 5919; x_wconf 86' lang='lat' dir='ltr'><strong>omnium</strong></span> <span class='ocrx_word' id='word_1_883' title='bbox 656 5861 892 5934; x_wconf 86' lang='lat' dir='ltr'><strong>gentium</strong></span> <span class='ocrx_word' id='word_1_884' title='bbox 941 5861 1231 5932; x_wconf 79' lang='lat' dir='ltr'><strong>signiﬁcari</strong></span> <span class='ocrx_word' id='word_1_885' title='bbox 1269 5865 1427 5920; x_wconf 85' lang='lat' dir='ltr'><strong>istam</strong></span> <span class='ocrx_word' id='word_1_886' title='bbox 1466 5863 1699 5922; x_wconf 89' lang='lat' dir='ltr'><strong>societa-</strong></span> <span class='ocrx_word' id='word_1_887' title='bbox 1805 5863 1861 5922; x_wconf 87' lang='lat' dir='ltr'><strong>in</strong></span> <span class='ocrx_word' id='word_1_888' title='bbox 1884 5873 1942 5915; x_wconf 90' lang='lat' dir='ltr'><strong>se</strong></span> <span class='ocrx_word' id='word_1_889' title='bbox 1963 5859 2163 5915; x_wconf 86' lang='lat' dir='ltr'><strong>divisus</strong></span> <span class='ocrx_word' id='word_1_890' title='bbox 2189 5870 2295 5911; x_wconf 92' lang='lat' dir='ltr'><strong>non</strong></span> <span class='ocrx_word' id='word_1_891' title='bbox 2315 5861 2603 5924; x_wconf 88' lang='lat' dir='ltr'><strong>estpacem</strong></span> <span class='ocrx_word' id='word_1_892' title='bbox 2631 5865 2724 5920; x_wconf 89' lang='lat' dir='ltr'><strong>per</strong></span> <span class='ocrx_word' id='word_1_893' title='bbox 2747 5848 3188 5921; x_wconf 72' lang='lat' dir='ltr'><strong>impmnitentiam</strong></span> <span class='ocrx_word' id='word_1_894' title='bbox 3221 5856 3396 5903; x_wconf 81' lang='lat' dir='ltr'><strong>trans-</strong></span> 
     </span>
    </p>
   </div>
   <div class='ocr_carea' id='block_1_85' title="bbox 1783 3716 3368 3790">
    <p class='ocr_par' dir='ltr' id='par_1_85' title="bbox 1783 3716 3368 3790">
     <span class='ocr_line' id='line_1_85' title="bbox 1783 3716 3368 3790; baseline -0.004 -15"><span class='ocrx_word' id='word_1_895' title='bbox 1783 3731 2146 3790; x_wconf 91' lang='lat' dir='ltr'><strong>peccatorum,</strong></span> <span class='ocrx_word' id='word_1_896' title='bbox 2200 3728 2453 3790; x_wconf 84' lang='lat' dir='ltr'><strong>tanquam</strong></span> <span class='ocrx_word' id='word_1_897' title='bbox 2493 3719 2771 3788; x_wconf 84' lang='lat' dir='ltr'><strong>prOprium</strong></span> <span class='ocrx_word' id='word_1_898' title='bbox 2823 3733 2958 3787; x_wconf 89' lang='lat' dir='ltr'><strong>Opiis</strong></span> <span class='ocrx_word' id='word_1_899' title='bbox 3007 3728 3090 3773; x_wconf 89' lang='lat' dir='ltr'><strong>est</strong></span> <span class='ocrx_word' id='word_1_900' title='bbox 3137 3716 3368 3786; x_wconf 87' lang='lat' dir='ltr'><strong>Spiritus</strong></span> 
     </span>
    </p>
   </div>
   <div class='ocr_carea' id='block_1_86' title="bbox 1783 3807 3364 3879">
    <p class='ocr_par' dir='ltr' id='par_1_86' title="bbox 1783 3807 3364 3879">
     <span class='ocr_line' id='line_1_86' title="bbox 1783 3807 3364 3879; baseline -0.006 -9"><span class='ocrx_word' id='word_1_901' title='bbox 1783 3815 1978 3879; x_wconf 89' lang='lat' dir='ltr'><strong>sancti,</strong></span> <span class='ocrx_word' id='word_1_902' title='bbox 2034 3812 2191 3868; x_wconf 87' lang='lat' dir='ltr'><strong>Patre</strong></span> <span class='ocrx_word' id='word_1_903' title='bbox 2229 3825 2361 3866; x_wconf 86' lang='lat' dir='ltr'><strong>sane</strong></span> <span class='ocrx_word' id='word_1_904' title='bbox 2387 3822 2440 3866; x_wconf 90' lang='lat' dir='ltr'><strong>et</strong></span> <span class='ocrx_word' id='word_1_905' title='bbox 2470 3808 2607 3864; x_wconf 90' lang='lat' dir='ltr'><strong>Filio</strong></span> <span class='ocrx_word' id='word_1_906' title='bbox 2640 3809 3085 3879; x_wconf 88' lang='lat' dir='ltr'><strong>cooperantibus,</strong></span> <span class='ocrx_word' id='word_1_907' title='bbox 3120 3807 3240 3877; x_wconf 84' lang='lat' dir='ltr'><strong>quia</strong></span> <span class='ocrx_word' id='word_1_908' title='bbox 3271 3821 3364 3861; x_wconf 91' lang='lat' dir='ltr'><strong>so-</strong></span> 
     </span>
    </p>
   </div>
   <div class='ocr_carea' id='block_1_87' title="bbox 1785 3899 3370 3977">
    <p class='ocr_par' dir='ltr' id='par_1_87' title="bbox 1785 3899 3370 3977">
     <span class='ocr_line' id='line_1_87' title="bbox 1785 3899 3370 3977; baseline -0.006 -13"><span class='ocrx_word' id='word_1_909' title='bbox 1785 3908 1954 3964; x_wconf 88' lang='lat' dir='ltr'><strong>cietas</strong></span> <span class='ocrx_word' id='word_1_910' title='bbox 1984 3919 2066 3963; x_wconf 90' lang='lat' dir='ltr'><strong>est</strong></span> <span class='ocrx_word' id='word_1_911' title='bbox 2094 3905 2493 3977; x_wconf 88' lang='lat' dir='ltr'><strong>quodammodo</strong></span> <span class='ocrx_word' id='word_1_912' title='bbox 2536 3903 2708 3958; x_wconf 88' lang='lat' dir='ltr'><strong>Patris</strong></span> <span class='ocrx_word' id='word_1_913' title='bbox 2737 3911 2798 3957; x_wconf 72' lang='lat' dir='ltr'><strong>&#39;et</strong></span> <span class='ocrx_word' id='word_1_914' title='bbox 2829 3902 2944 3956; x_wconf 84' lang='lat' dir='ltr'><strong>Filii</strong></span> <span class='ocrx_word' id='word_1_915' title='bbox 2985 3901 3102 3970; x_wconf 91' lang='lat' dir='ltr'><strong>ipse</strong></span> <span class='ocrx_word' id='word_1_916' title='bbox 3138 3899 3370 3968; x_wconf 83' lang='lat' dir='ltr'><strong>Spiritus</strong></span> 
     </span>
    </p>
   </div>
   <div class='ocr_carea' id='block_1_88' title="bbox 1789 3987 3373 4055">
    <p class='ocr_par' dir='ltr' id='par_1_88' title="bbox 1789 3987 3373 4055">
     <span class='ocr_line' id='line_1_88' title="bbox 1789 3987 3373 4055; baseline -0.008 0"><span class='ocrx_word' id='word_1_917' title='bbox 1789 4010 2028 4055; x_wconf 90' lang='lat' dir='ltr'><strong>sanctus.</strong></span> <span class='ocrx_word' id='word_1_918' title='bbox 2062 3997 2192 4050; x_wconf 77' lang='lat' dir='ltr'><strong>Nam</strong></span> <span class='ocrx_word' id='word_1_919' title='bbox 2215 3998 2373 4051; x_wconf 87' lang='lat' dir='ltr'><strong>Pater</strong></span> <span class='ocrx_word' id='word_1_920' title='bbox 2400 4010 2506 4050; x_wconf 90' lang='lat' dir='ltr'><strong>non</strong></span> <span class='ocrx_word' id='word_1_921' title='bbox 2532 3992 2888 4049; x_wconf 87' lang='lat' dir='ltr'><strong>communiter</strong></span> <span class='ocrx_word' id='word_1_922' title='bbox 2911 3991 3138 4044; x_wconf 88' lang='lat' dir='ltr'><strong>habetur</strong></span> <span class='ocrx_word' id='word_1_923' title='bbox 3159 3987 3317 4042; x_wconf 83' lang='lat' dir='ltr'><strong>Pater</strong></span> <span class='ocrx_word' id='word_1_924' title='bbox 3343 4003 3373 4043; x_wconf 86' lang='lat' dir='ltr'><strong>a</strong></span> 
     </span>
    </p>
   </div>
   <div class='ocr_carea' id='block_1_89' title="bbox 1794 4083 3373 4159">
    <p class='ocr_par' dir='ltr' id='par_1_89' title="bbox 1794 4083 3373 4159">
     <span class='ocr_line' id='line_1_89' title="bbox 1794 4083 3373 4159; baseline -0.011 -10"><span class='ocrx_word' id='word_1_925' title='bbox 1794 4095 1934 4149; x_wconf 81' lang='lat' dir='ltr'><strong>Filio</strong></span> <span class='ocrx_word' id='word_1_926' title='bbox 1961 4103 2014 4146; x_wconf 90' lang='lat' dir='ltr'><strong>et</strong></span> <span class='ocrx_word' id='word_1_927' title='bbox 2040 4092 2240 4159; x_wconf 91' lang='lat' dir='ltr'><strong>Spiritu</strong></span> <span class='ocrx_word' id='word_1_928' title='bbox 2261 4098 2465 4154; x_wconf 79' lang='lat' dir='ltr'><strong>sancto,</strong></span> <span class='ocrx_word' id='word_1_929' title='bbox 2494 4086 2622 4156; x_wconf 86' lang='lat' dir='ltr'><strong>quia</strong></span> <span class='ocrx_word' id='word_1_930' title='bbox 2646 4100 2750 4140; x_wconf 92' lang='lat' dir='ltr'><strong>non</strong></span> <span class='ocrx_word' id='word_1_931' title='bbox 2771 4094 2855 4138; x_wconf 90' lang='lat' dir='ltr'><strong>est</strong></span> <span class='ocrx_word' id='word_1_932' title='bbox 2885 4083 3042 4137; x_wconf 85' lang='lat' dir='ltr'><strong>Pater</strong></span> <span class='ocrx_word' id='word_1_933' title='bbox 3064 4083 3373 4135; x_wconf 88' lang='lat' dir='ltr'><strong>amborum:</strong></span> 
     </span>
    </p>
   </div>
   <div class='ocr_carea' id='block_1_90' title="bbox 1797 4173 3377 4244">
    <p class='ocr_par' dir='ltr' id='par_1_90' title="bbox 1797 4173 3377 4244">
     <span class='ocr_line' id='line_1_90' title="bbox 1797 4173 3377 4244; baseline -0.009 -2"><span class='ocrx_word' id='word_1_934' title='bbox 1797 4198 1851 4244; x_wconf 94' lang='lat' dir='ltr'><strong>et</strong></span> <span class='ocrx_word' id='word_1_935' title='bbox 1880 4187 2047 4241; x_wconf 88' lang='lat' dir='ltr'><strong>Filius</strong></span> <span class='ocrx_word' id='word_1_936' title='bbox 2080 4199 2184 4239; x_wconf 90' lang='lat' dir='ltr'><strong>non</strong></span> <span class='ocrx_word' id='word_1_937' title='bbox 2215 4181 2576 4238; x_wconf 88' lang='lat' dir='ltr'><strong>communiter</strong></span> <span class='ocrx_word' id='word_1_938' title='bbox 2607 4179 2836 4233; x_wconf 90' lang='lat' dir='ltr'><strong>habetur</strong></span> <span class='ocrx_word' id='word_1_939' title='bbox 2863 4176 3029 4231; x_wconf 85' lang='lat' dir='ltr'><strong>Filius</strong></span> <span class='ocrx_word' id='word_1_940' title='bbox 3066 4190 3098 4230; x_wconf 89' lang='lat' dir='ltr'><strong>a</strong></span> <span class='ocrx_word' id='word_1_941' title='bbox 3126 4173 3284 4228; x_wconf 89' lang='lat' dir='ltr'><strong>Patre</strong></span> <span class='ocrx_word' id='word_1_942' title='bbox 3323 4183 3377 4229; x_wconf 91' lang='lat' dir='ltr'><strong>et</strong></span> 
     </span>
    </p>
   </div>
   <div class='ocr_carea' id='block_1_91' title="bbox 1799 4267 3378 4351">
    <p class='ocr_par' dir='ltr' id='par_1_91' title="bbox 1799 4267 3378 4351">
     <span class='ocr_line' id='line_1_91' title="bbox 1799 4267 3378 4351; baseline -0.011 -13"><span class='ocrx_word' id='word_1_943' title='bbox 1799 4281 2000 4351; x_wconf 90' lang='lat' dir='ltr'><strong>Spiritu</strong></span> <span class='ocrx_word' id='word_1_944' title='bbox 2024 4288 2232 4343; x_wconf 84' lang='lat' dir='ltr'><strong>saneto,</strong></span> <span class='ocrx_word' id='word_1_945' title='bbox 2264 4275 2388 4346; x_wconf 90' lang='lat' dir='ltr'><strong>quia</strong></span> <span class='ocrx_word' id='word_1_946' title='bbox 2417 4289 2526 4330; x_wconf 88' lang='lat' dir='ltr'><strong>non</strong></span> <span class='ocrx_word' id='word_1_947' title='bbox 2549 4283 2634 4329; x_wconf 86' lang='lat' dir='ltr'><strong>est</strong></span> <span class='ocrx_word' id='word_1_948' title='bbox 2663 4271 2829 4328; x_wconf 85' lang='lat' dir='ltr'><strong>Filius</strong></span> <span class='ocrx_word' id='word_1_949' title='bbox 2854 4271 3131 4326; x_wconf 88' lang='lat' dir='ltr'><strong>amborum</strong></span> <span class='ocrx_word' id='word_1_950' title='bbox 3163 4286 3176 4322; x_wconf 92' lang='lat'>:</span> <span class='ocrx_word' id='word_1_951' title='bbox 3209 4267 3378 4336; x_wconf 90' lang='lat' dir='ltr'><strong>Spiri-</strong></span> 
     </span>
    </p>
   </div>
   <div class='ocr_carea' id='block_1_92' title="bbox 1801 4363 3379 4432">
    <p class='ocr_par' dir='ltr' id='par_1_92' title="bbox 1801 4363 3379 4432">
     <span class='ocr_line' id='line_1_92' title="bbox 1801 4363 3379 4432; baseline -0.01 0"><span class='ocrx_word' id='word_1_952' title='bbox 1801 4387 1884 4432; x_wconf 89' lang='lat' dir='ltr'><strong>tus</strong></span> <span class='ocrx_word' id='word_1_953' title='bbox 1924 4385 2101 4431; x_wconf 87' lang='lat' dir='ltr'><strong>autem</strong></span> <span class='ocrx_word' id='word_1_954' title='bbox 2145 4383 2362 4428; x_wconf 88' lang='lat' dir='ltr'><strong>sanctus</strong></span> <span class='ocrx_word' id='word_1_955' title='bbox 2405 4371 2763 4427; x_wconf 82' lang='lat' dir='ltr'><strong>communiter</strong></span> <span class='ocrx_word' id='word_1_956' title='bbox 2809 4367 3034 4422; x_wconf 86' lang='lat' dir='ltr'><strong>habetur</strong></span> <span class='ocrx_word' id='word_1_957' title='bbox 3071 4381 3098 4420; x_wconf 90' lang='lat' dir='ltr'><strong>a</strong></span> <span class='ocrx_word' id='word_1_958' title='bbox 3130 4363 3288 4418; x_wconf 88' lang='lat' dir='ltr'><strong>Patre</strong></span> <span class='ocrx_word' id='word_1_959' title='bbox 3324 4373 3379 4418; x_wconf 93' lang='lat' dir='ltr'><strong>et</strong></span> 
     </span>
    </p>
   </div>
  </div>
