3968 6390
585 467 688 530 751

1670 469 1736 528 D.
1780 465 2099 526 EUGYPPII
2137 461 2427 519 ABBATIS
2464 458 2785 518 AFRICANI
3770 461 3825 516 τε

581 590 662 646 ire
688 587 976 646 detrectat.
1011 587 1124 643 Hoc
1152 587 1296 642 enim
1326 587 1534 643 Marcus
1563 594 1750 642 narrat
1777 604 1788 639 :
1822 589 1997 641 Amen
2043 583 2166 638 dico
2194 581 2247 643 A
2273 588 2329 634 et
2374 578 2532 634 bibit.
2565 579 2714 632 Alius
2744 584 2931 631 contra
2984 614 3000 632 .
3033 575 3170 644 lmo,
3237 578 3447 649 inquit,
3504 579 3555 634 si
3617 587 3749 635 tanta
3781 592 3847 637 est

580 685 756 752 vobis,
805 682 1054 754 quoniam
1103 683 1284 738 omnia
1333 683 1678 738 dimittuntur
1725 681 1850 735 ﬁliis
1893 681 2170 734 hominum

580 784 804 845 peccata
833 782 890 830 et
921 772 1275 842 blasphemiae
1301 773 1498 842 quibus
1528 769 2045 840 blasphemaverint,
2077 765 2170 836 qui

577 876 760 924 autem
812 864 1266 934 blasphemaverit
1315 865 1371 919 in
1421 864 1679 933 Spiritum
1734 871 2002 924 sanctum,
2060 872 2169 912 non

575 959 800 1016 habebit
818 959 1194 1014 remissionem
1213 959 1269 1012 in
1284 967 1565 1024 teternum,
1599 956 1696 1012 sed
1716 970 1840 1011 reus
1860 955 1964 1009 erit
1981 951 2167 1007 aeterni

575 1051 785 1107 delicti.
824 1050 952 1106 Haec
975 1051 1138 1106 verba
1173 1051 1387 1106 Domini
1410 1066 1532 1106 cum
1567 1049 1812 1111 dixisset,
1847 1062 1942 1102 sua
1974 1044 2170 1100 deinde

572 1143 861 1214 conjunxit
896 1145 1106 1210 dicens,
1137 1143 1405 1210 Quoniam
1451 1142 1725 1208 dicebant,
1767 1139 2013 1209 spiritum
2065 1137 2169 1190 im-

571 1236 836 1291 mundum
871 1236 1055 1302 habet,
1101 1244 1158 1290 ut
1196 1235 1510 1291 ostenderet
1550 1235 1676 1289 hinc
1723 1233 1891 1287 fuisse
1927 1238 2170 1284 exortam

571 1343 791 1385 causam
806 1328 977 1382 uthoc
988 1327 1216 1394 diceret,
1231 1343 1296 1383 eo
1308 1327 1454 1397 quod
1468 1326 1714 1381 dixerunt
1729 1323 2011 1394 [dixissent
2023 1318 2034 1389 l
2045 1333 2167 1374 eum

2274 672 2433 741 plaga
2463 672 2668 742 peccati
2695 680 2854 740 atque
2885 671 3116 740 impetus
3139 672 3345 740 morbi,
3378 680 3447 728 ut
3476 672 3840 730 medicamenta

2274 765 2399 818 talia
2449 763 2748 819 differenda
2800 762 2938 829 sint,
2993 762 3319 818 auctoritate
3391 764 3666 818 antistitis
3714 766 3840 823 debet

2275 857 2500 926 quisque
2529 856 2597 911 ab
2624 855 2820 910 altario
2849 855 3120 910 removeri
3144 897 3159 922 ,
3206 856 3273 910 ad
3303 855 3582 926 agendam
3615 858 3838 926 poeniten-

2278 947 2429 1014 tiam,
2459 947 2718 1003 eteadem
2731 948 3052 1002 auctoritate
3077 947 3448 1003 reconciliari.
3480 947 3600 1003 Hoc
3626 959 3702 1004 est
3720 951 3829 1005 enim

2276 1040 2496 1111 indigne
2526 1041 2771 1109 accipere
2791 1079 2806 1107 ,
2835 1040 2883 1095 si
2915 1054 2980 1095 eo
3012 1049 3254 1112 tempore
3285 1041 3534 1110 accipiat
3579 1057 3680 1111 quo
3711 1043 3832 1099 debet

2272 1147 2432 1202 agere
2459 1133 2851 1198 paenitentiam,
2879 1149 2985 1188 non
3001 1142 3058 1187 ut
3085 1133 3311 1188 arbitrio
3330 1148 3441 1189 suo
3463 1149 3593 1188 cum
3622 1135 3748 1200 libet,
3770 1138 3828 1193 vel

2274 1223 2484 1278 auferat
2521 1239 2579 1278 se
2600 1223 2991 1288 communioni,
3023 1225 3109 1279 vel
3131 1211 3339 1280 reddat.
3371 1225 3654 1281 Caeterum
3679 1229 3715 1282 si
3736 1243 3828 1298 pec-

2273 1326 2391 1368 cata
2419 1323 2563 1369 tanta
2593 1330 2702 1369 non
2751 1324 2912 1383 sunt,
2966 1326 3023 1370 ut
3053 1318 3625 1374 excommunicandus
3651 1319 3824 1390 quisque

2273 1405 2436 1461 homo
2463 1407 2749 1474 judicetur,
2779 1422 2886 1461 non
2918 1421 2978 1462 se
3003 1407 3166 1463 debet
3189 1423 3218 1462 a
3248 1408 3583 1478 quotidiana
3611 1410 3820 1465 medicina

2271 1498 2524 1553 dominici
2543 1499 2788 1567 corporis
2809 1513 3082 1568 separare.
3108 1498 3332 1554 Rectius
3364 1498 3523 1555 inter
3543 1512 3635 1555 eos
3647 1499 3820 1556 fortasse

2271 1591 2536 1661 quispiam
2586 1592 2788 1648 dirimit
2826 1592 2973 1646 litem
3006 1632 3022 1658 ,
3073 1592 3166 1661 qui
3198 1602 3389 1648 monet
3421 1604 3487 1648 ut
3529 1595 3818 1664 praecipitem

2272 1682 2476 1738 Christi
2508 1698 2638 1754 pace
2665 1693 3034 1754 permaneant.
3069 1685 3253 1740 Faciat
3291 1695 3483 1741 autem
3511 1686 3817 1758 unusquisque

571 1426 629 1481 in
669 1422 973 1480 Beelzebub
1012 1422 1256 1491 principe
1295 1420 1685 1476 daemoniorum
1737 1417 2008 1472 daemones
2057 1411 2172 1481 pel-

571 1518 714 1585 lere,
738 1533 846 1574 non
873 1518 997 1587 quia
1025 1517 1139 1586 ipsa
1171 1524 1316 1572 esset
1344 1513 1675 1584 blasphemia
1707 1525 1827 1580 quae
1855 1524 1960 1564 non
1992 1506 2171 1561 remit-

573 1611 729 1676 titur,
754 1625 878 1665 cum
909 1616 966 1663 et
989 1611 1105 1662 haec
1129 1607 1434 1662 remittatur
1459 1608 1504 1661 si
1533 1615 1680 1661 recta
1702 1601 2016 1674 poenitentia
2040 1613 2168 1653 con-

571 1709 868 1772 sequatur;
903 1701 999 1755 sed
1028 1700 1172 1770 quod
1203 1699 1330 1754 hinc
1358 1742 1371 1767 ,
1406 1708 1464 1753 ut
1492 1699 1627 1765 dixi,
1661 1711 1822 1752 causa
1850 1691 2076 1758 exstitit,
2111 1699 2172 1744 ut

570 1808 601 1847 a
625 1793 854 1848 Domino
884 1791 975 1846 illa
1004 1791 1271 1847 sententia
1314 1789 1678 1861 proferretur,
1712 1787 1851 1842 facta
1892 1783 2169 1840 mentione
2269 1776 2409 1846 quod
2438 1776 2730 1832 secundum
2749 1777 2908 1832 ﬁdem
2932 1793 3082 1832 suam
3098 1778 3183 1847 pie
3204 1779 3378 1833 credit
3394 1793 3522 1835 esse
3541 1779 3814 1836 faciendum.

569 1886 794 1956 spiritus
840 1883 1104 1940 immundi
1135 1899 1294 1954 quem
1337 1884 1598 1940 adversus
1638 1880 1873 1950 seipsum
1908 1876 2167 1931 Dominus
2269 1870 2477 1925 Neuter
2501 1870 2641 1925 enim
2690 1885 2875 1924 eorum
2908 1870 3212 1925 exhonorat
3239 1885 3448 1941 corpus
3475 1882 3531 1928 et
3554 1873 3814 1943 sanguinem

570 1979 803 2035 divisum
832 1979 1070 2034 ostendi;
1096 1990 1316 2048 propter
1347 1979 1609 2047 spiritum
1640 1985 1906 2040 sanctum,
1939 1971 2030 2042 qui
2054 1985 2159 2024 non
2190 1957 2240 2017 B
2271 1963 2522 2028 Domini,
2581 1963 2676 2018 sed
2727 1964 3140 2019 saluberrimum
3191 1976 3588 2023 sacramentum
3618 1971 3814 2024 certatim

571 2069 750 2125 solum
789 2069 1046 2124 adversus
1076 2082 1137 2124 se
1163 2069 1364 2124 divisus
1396 2083 1504 2123 non
1546 2076 1648 2132 est,
1695 2066 1790 2121 sed
1819 2066 1982 2120 etiam
2023 2075 2158 2132 quos
2207 2097 2212 2102 ι

572 2159 779 2229 colligit
826 2157 1314 2224 efficit'indivisos,
1360 2166 1582 2227 peccata
1628 2172 1750 2228 quae
1795 2155 2058 2210 adversus
2100 2164 2162 2205 se

573 2251 747 2306 divisa
792 2261 918 2306 sunt
957 2250 1302 2319 dimittendo,
1354 2264 1558 2320 eosque
1603 2249 1891 2304 mundatus
1940 2243 2159 2300 inhabi-

571 2344 756 2400 tando.
787 2343 918 2399 Nam
942 2345 1043 2400 etsi
1071 2344 1352 2415 quisquam
1386 2345 1459 2399 ita
1489 2343 1560 2400 sit
1587 2342 1892 2399 contrarius
1919 2337 2156 2403 veritati,

569 2448 627 2492 ut
651 2438 763 2493 Deo
790 2437 1034 2507 loquenti
1063 2452 1170 2491 non
1201 2438 1256 2492 in
1283 2437 1586 2507 prophetis,
1619 2434 1711 2490 sed
1738 2434 1793 2489 in
1814 2434 1972 2488 unico
1999 2430 2155 2494 Filio,

569 2546 692 2587 cum
713 2526 943 2601 propter
969 2544 1070 2585 nos
1099 2544 1245 2598 eum,
1271 2538 1329 2584 ut
1354 2530 1510 2584 nobis
1540 2528 1594 2583 in
1624 2542 1690 2581 eo
1718 2527 2046 2597 loqueretur,
2072 2522 2160 2576 Fi-

569 2622 700 2677 lium
732 2621 966 2677 hominis
1005 2634 1131 2678 esse
1155 2622 1350 2688 voluit,
1391 2625 1735 2686 reluctatur;
1771 2622 2078 2675 remittetur
2108 2614 2159 2670 ei

570 2729 691 2770 cum
725 2714 1034 2783 paenitendo
1072 2727 1371 2771 conversus
1415 2714 1578 2770 fuerit
1619 2713 1686 2767 ad
1728 2713 1822 2766 Dei
1855 2709 2156 2779 benignita—

571 2814 701 2871 tem,
732 2803 974 2876 quicum
1004 2815 1236 2862 mortem
1271 2806 1421 2876 impii
1465 2804 1651 2870 nollet,
1694 2813 1949 2873 quantum
1989 2811 2044 2855 ut
2073 2816 2157 2855 re-

571 2903 809 2951 vertatur
835 2903 891 2952 et
921 2896 1098 2962 vivat,
1129 2894 1281 2952 dedit
1307 2895 1568 2952 Ecclesiae
1599 2895 1859 2964 Spiritum
1889 2901 2153 2960 sanctum,

570 2997 627 3043 ut
655 2990 956 3060 cuicunque
981 2991 1037 3045 in
1061 3005 1128 3044 eo
1155 3000 1378 3060 peccata
1408 2990 1726 3055 dimitteret,
1757 2988 2157 3044 dimitterentur

569 3083 644 3138 ei.
671 3081 774 3147 Qui
797 3095 929 3136 vero
956 3080 1081 3136 huic
1108 3081 1252 3136 dono
1279 3083 1529 3136 extiterit
1569 3081 1840 3144 inimicus,
1871 3087 1928 3132 ut
1957 3092 2062 3131 non
2094 3078 2156 3130 il-

571 3174 665 3229 lud
694 3173 1204 3242 per-paenitentiam
1245 3182 1421 3244 petat,
1462 3174 1559 3228 sed
1604 3176 1653 3229 ei
1684 3189 1779 3244 per
1807 3172 2156 3242 impaeniten-

569 3268 699 3322 tiam
731 3266 1088 3333 contradicat,
1135 3268 1198 3322 ﬁt
1221 3268 1616 3334 irremissibile,
1657 3284 1762 3324 non
1794 3268 2151 3339 quodcunque

2266 2053 2538 2110 honorare
2571 2055 2926 2110 contendant.
2959 2055 3144 2126 Neque
3172 2057 3318 2112 enim
3351 2059 3679 2130 litigaverunt
3703 2062 3814 2115 inter

2265 2161 2348 2214 se,
2381 2156 2473 2201 aut
2503 2149 2788 2217 quisquam
2815 2162 3000 2203 eorum
3028 2165 3087 2204 se
3101 2149 3260 2204 alteri
3293 2153 3574 2221 praeposuit
3601 2152 3815 2208 Zacbeus

2263 2250 2318 2296 ct
2346 2241 2435 2297 ille
2461 2240 2717 2296 Centurio
2745 2283 2762 2309 ,
2795 2256 2916 2296 cum
2963 2243 3103 2298 alter
3132 2258 3318 2298 eorum
3360 2244 3584 2312 gaudens
3625 2245 3673 2298 in
3719 2244 3809 2297 do-

2265 2353 2413 2392 mum
2442 2339 2595 2392 sitam
2625 2339 2923 2407 susceperit
2959 2338 3270 2405 Dominum,
3299 2341 3422 2394 alter
3446 2339 3624 2395 dixerit
3652 2337 3803 2394 :Non

2260 2442 2380 2484 sum
2411 2428 2601 2497 dignus
2631 2436 2690 2482 ut
2720 2428 2820 2483 sub
2850 2437 3048 2484 tectum
3093 2445 3271 2484 meum
3300 2431 3460 2485 intres
3491 2431 3673 2484 :atnbo
3695 2429 3803 2483 Sal-

2261 2528 2505 2576 vatorem
2555 2519 2977 2576 honorificantes
3022 2520 3238 2576 diverso
3284 2531 3340 2577 et
3382 2522 3533 2590 quasi
3574 2521 3802 2576 contrario

2263 2611 2449 2678 modo,
2479 2612 2640 2667 ambo
2695 2613 2930 2680 peccatis
2980 2613 3202 2680 miseri,
3234 2615 3397 2669 ambo
3429 2614 3798 2670 misericordiam

2262 2706 2561 2761 consecuti.
2583 2703 2738 2760 Valet
2761 2705 2922 2760 etiam
2950 2705 3016 2760 ad
3039 2706 3176 2760 hanc
3202 2707 3605 2762 similitudinem
3628 2706 3791 2777 quodin

2261 2796 2438 2866 primo
2467 2797 2667 2867 populo
2701 2797 2994 2867 unicuique
3039 2798 3274 2853 fidelium
3319 2815 3526 2854 manna
3571 2797 3781 2854 secundum

2261 2889 2534 2958 propriam
2549 2888 2882 2944 voluntatem
2903 2891 2956 2943 in
2977 2904 3072 2945 ore
3097 2889 3338 2960 sapiebat
3367 2910 3379 2944 :
3415 2894 3501 2948 sic
3519 2891 3774 2958 uniuscujus-

2261 2997 2365 3052 que
2389 2981 2442 3036 in
2468 2983 2632 3038 corde
2657 2982 2946 3038 Christiani
2966 2994 3361 3039 sacramentum
3390 2987 3532 3041 illud
3559 3001 3640 3056 quo
3653 2983 3784 3052 subju-

2259 3084 2414 3144 gatus
2442 3086 2526 3131 est
2557 3077 2809 3131 mundus.
2837 3076 2968 3131 Nam
3000 3087 3052 3132 et
3084 3077 3172 3133 ille
3213 3077 3545 3136 honorando
3569 3096 3656 3135 non
3677 3077 3792 3132 audet

2259 3172 2499 3242 quotidie
2529 3187 2776 3239 sumere,
2810 3182 2864 3228 et
2890 3174 2983 3228 ille
3007 3175 3320 3229 honorando
3335 3192 3447 3230 non
3478 3174 3791 3232 audetullodie

2257 3265 2364 3337 81
2417 3267 2850 3334 praetermittere.
2911 3268 3288 3337 Contemptum
3343 3270 3524 3325 solum
3581 3287 3668 3326 non
3712 3270 3794 3323 vult

567 3369 876 3431 peccatum,
899 3363 997 3419 sed
1026 3371 1334 3434 contempta
1366 3363 1453 3419 vel
1494 3365 1653 3418 etiam
1695 3374 2002 3434 oppugnata
2043 3364 2155 3433 ipsa
2185 3341 2230 3405 C
2261 3357 2414 3412 cibus
2446 3357 2582 3429 [ille]
2615 3360 2716 3413 iste
2754 3359 2894 3413 sicut
2924 3360 3118 3414 Manna
3151 3360 3454 3417 fastidium.
3490 3363 3608 3418 Inde
3631 3361 3740 3418 enim
3757 3369 3794 3414 et

566 3452 818 3509 remissio
839 3462 1215 3523 peccatorum;
1236 3461 1399 3524 atque
1416 3453 1487 3508 ita
1510 3453 1707 3509 dicitur
1723 3455 1946 3510 verbum
1970 3464 2158 3510 contra

566 3546 830 3615 Spiritum
862 3555 1110 3603 sanctum
1131 3588 1147 3614 ,
1201 3562 1324 3602 cum
1354 3563 1422 3604 ex
1451 3547 1792 3617 dispersione
1821 3548 1888 3602 ad
1921 3563 2153 3619 congre-

566 3637 837 3705 gationem
865 3655 1139 3710 nunquam
1168 3639 1408 3708 venitur,
1440 3655 1562 3711 quae
1587 3639 1655 3696 ad
1681 3642 2000 3696 remittenda
2029 3656 2146 3711 pec-

567 3736 685 3782 cata
713 3732 922 3799 accepit
970 3731 1233 3801 Spiritum
1258 3741 1527 3788 sanctum.
1559 3734 1641 3788 Ad
1673 3750 1832 3804 quam
1865 3749 2156 3804 congrega-

571 3825 770 3872 t.onem
816 3820 1028 3875 etiamsi
1073 3837 1169 3890 per
1216 3823 1416 3878 malum
1469 3824 1724 3880 clericum
1753 3867 1769 3893 ,
1821 3826 1914 3880 sed
1978 3836 2152 3881 tamen

571 3911 893 3967 catholicum
962 3913 1287 3984 ministrum,
1350 3919 1640 3986 reprobum
1707 3928 1760 3975 et
1828 3920 2006 3974 fictum
2059 3922 2154 3975 ali-

567 4001 689 4070 quis
720 4007 1010 4062 accesserit
1039 4006 1204 4064 corde
1231 4024 1337 4064 non
1372 4011 1497 4065 ficto
1517 4051 1534 4076 ,
1561 4010 1616 4064 in
1651 4009 1768 4080 ipso
1803 4010 2005 4078 Spiritu
2031 4027 2154 4067 san-
2181 4025 2183 4027 '

566 4104 654 4150 cto
697 4099 1075 4156 remissionem
1115 4102 1312 4170 accipit
1356 4112 1698 4173 peccatorum
1732 4121 1744 4157 :
1776 4104 1864 4173 qui
1917 4104 2152 4173 Spiritus

563 4198 781 4244 sanctus
810 4190 864 4245 in
895 4202 1078 4248 sancta
1113 4194 1357 4250 Ecclesia
1383 4236 1399 4263 ,
1442 4196 1601 4250 etiam
1642 4195 1743 4250 isto
1773 4204 2015 4266 tempore
2046 4213 2151 4266 quo

563 4279 712 4332 velut
737 4295 859 4335 area
875 4295 996 4337 cum
1023 4284 1173 4352 palea
1205 4287 1507 4352 trituratur,
1541 4289 1621 4342 sic
1643 4298 1917 4356 Operatur,
1945 4297 2002 4343 ut
2031 4289 2150 4342 titil—

567 4366 668 4423 lius
697 4383 878 4425 veram
905 4373 1297 4429 confessionem
1331 4387 1667 4446 aspernetur,
1703 4379 1901 4433 nullius
1933 4379 2150 4433 simula-

565 4461 717 4516 tione
746 4460 976 4531 fallatur,
1008 4476 1167 4537 atque
1190 4467 1263 4523 ita
1286 4471 1548 4538 reprobos
1570 4472 1759 4541 fugiat,
1785 4481 1841 4526 ut
1871 4474 2030 4527 etiam
2051 4488 2148 4542 per

563 4569 755 4610 eorum
796 4557 1150 4614 ministerium
1182 4561 1376 4629 probos
1404 4561 1640 4632 colligat.
1675 4563 1848 4618 Unum
1879 4580 2006 4636 ergo
2036 4566 2146 4619 suf-

561 4643 768 4717 fugium
799 4658 902 4714 est,
944 4666 1012 4706 ne
1041 4653 1108 4707 sit
1148 4653 1532 4709 irremidsibilis
1575 4655 1927 4726 blasphemia,
1971 4666 2029 4712 ut
2056 4673 2149 4713 cor

2264 3455 2560 3524 Apostolus
2608 3455 2826 3526 indigne
2872 3455 3002 3509 dicit
3030 3466 3310 3526 acceptum
3353 3458 3422 3511 ab
3451 3458 3530 3512 eis
3557 3499 3573 3524 ,
3613 3457 3689 3526 qui
3723 3457 3796 3509 hoc

2264 3563 2375 3604 non
2392 3549 2773 3604 discernebant
2794 3564 2824 3603 a
2855 3551 3068 3605 caeteris
3089 3550 3225 3605 cibis
3248 3553 3588 3607 veneratione
3610 3548 3798 3619 singula-

2261 3640 2400 3696 riter
2422 3640 2627 3696 debita.
2663 3641 2932 3698 Continuo
2954 3643 3152 3714 quippe
3174 3658 3294 3699 cum
3316 3645 3550 3709 dixisset,
3575 3643 3800 3698 Iudicium

2257 3732 2360 3787 sibi
2393 3733 2683 3788 manducat
2702 3742 2755 3787 et
2783 3733 2948 3804 bibit,
2979 3734 3130 3790 addit
3169 3745 3225 3790 ut
3255 3737 3468 3800 diceret,
3497 3736 3604 3789 Non
3632 3732 3801 3802 dijudi-

2257 3840 2386 3880 Cans
2417 3840 2614 3895 corpus
2645 3827 2878 3892 Domini,
2926 3828 3070 3896 quod
3100 3829 3237 3884 satis
3266 3830 3368 3898 ipso
3394 3829 3504 3881 loco
3539 3828 3588 3879 in
3635 3824 3797 3894 Epist.

2255 3916 2322 3972 ad
2357 3916 2604 3973 Corinth.
2638 3935 2677 3986 ι,
2723 3919 2769 3973 si
2800 3918 3086 3989 diligenter
3114 3920 3433 3984 attendatur,
3465 3926 3688 3988 apparet.
3718 3915 3798 3970 Sit

2255 4009 2452 4079 aliquis
2474 4017 2794 4079 peregrinus
2826 4012 2880 4065 in
2910 4027 2976 4067 eo
3005 4011 3148 4067 forte
3180 4013 3301 4069 loco
3323 4013 3408 4067 ubi
3435 4016 3804 4081 perseverantes

2257 4101 2313 4155 in
2341 4101 2722 4160 observatione
2768 4105 3230 4177 Quadragesimm,
3281 4123 3381 4164 nec
3421 4108 3597 4178 quinta
3621 4106 3798 4160 sabbati

2254 4189 2432 4246 lavant
2453 4194 2765 4250 relaxantve
2791 4195 3058 4266 jejunium
3087 4198 3263 4267 :Non,
3296 4199 3486 4270 inquit,
3518 4199 3666 4254 hodie
3690 4198 3801 4266 jeju-

2231 4283 2418 4360 jnabo.
2449 4285 2718 4353 Quaeritur
2758 4291 2960 4344 causa?
2985 4289 3122 4356 Quia
3153 4305 3260 4346 non
3293 4291 3382 4357 ﬁt,
3416 4292 3619 4362 inquit,
3645 4292 3691 4344 in
3725 4305 3796 4358 pa-

2253 4375 2350 4429 tria
2383 4392 2518 4432 mea.
2570 4379 2707 4445 Quid
2748 4380 2893 4435 aliud
2927 4381 3063 4453 [ille]
3090 4382 3191 4438 iste
3216 4425 3233 4450 ,
3267 4383 3369 4440 nisi
3401 4383 3792 4440 consuetudinea.

2254 4480 2406 4519 suam
2482 4469 2856 4524 consuetudini
2925 4471 3146 4528 alterius
3201 4488 3528 4544 prtcponerc
3587 4473 3792 4531 conatur?

2257 4557 2369 4612 Non
2398 4559 2542 4614 enim
2585 4561 2716 4615 mihi
2756 4561 2824 4619 de
2849 4561 3011 4619 Libro
3041 4564 3136 4619 Dei
3177 4565 3334 4638 [base]
3371 4566 3477 4622 hoc
3529 4570 3780 4624 recitaturus

2251 4657 2357 4704 est.
2384 4652 2484 4703 Aut
2512 4651 2772 4707 universae
2792 4652 3432 4726 [quacumque]dilatatur
3454 4659 3690 4715 Ecclesiae
3706 4656 3786 4725 ple-

564 4738 910 4806 impcenitens
939 4753 1207 4810 caveatur,
1235 4762 1334 4801 nec
1363 4748 1518 4802 aliter
1547 4748 1860 4817 poenitentia
1892 4750 2146 4819 prodesse

2257 4755 2319 4795 na
2339 4755 2469 4796 voce
2481 4743 2742 4811 certahet,
2759 4754 2849 4800 aut
2870 4747 3112 4802 ostendet
3134 4746 3284 4802 illum
3303 4758 3499 4804 contra
3522 4752 3669 4806 fidem
3684 4748 3794 4802 face-

563 4831 814 4886 credatur
845 4834 945 4888 nisi
977 4843 1034 4890 ut
1065 4845 1307 4893 teneatur
1333 4841 1599 4909 Ecclesia,
1643 4843 1733 4897 ubi
1760 4844 2004 4898 remissio
2026 4860 2146 4913 pec-

560 4930 801 4977 catorum
834 4923 990 4980 datur
1024 4934 1079 4982 et
1119 4930 1346 4986 societas
1387 4931 1618 5001 Spiritus
1661 4933 1713 4988 in
1751 4934 1962 4991 vinculo
1999 4936 2144 5006 pacis

557 5014 879 5070 custoditur.
1409 5023 1420 5040 '

1101 5108 1325 5166 CAPUT
1373 5111 1586 5170 CXXV.

554 5219 630 5272 De
656 5221 735 5301 his
759 5222 847 5301 qui
874 5222 1098 5301 quotidie
1121 5232 1167 5277 et
1185 5225 1262 5301 Ade
1282 5224 1361 5278 his
1383 5227 1468 5295 qui
1497 5246 1707 5301 perraro
1732 5234 2131 5301 communicant,

621 5292 700 5344 vel
723 5295 872 5372 etiam
903 5296 1084 5372 de__his_
1108 5297 1194 5372 qui
1231 5297 1283 5372 in
1323 5292 1464 5350 caena
1497 5292 1713 5356 Domini
1752 5314 1864 5372 post
1901 5292 2125 5359 comma;

619 5377 735 5446 nem
760 5364 926 5446 cibum
952 5365 1330 5446 Euphai'istiuni
1357 5381 1563 5425 sumunt
1577 5389 1596 5438 ;
1630 5389 1692 5427 ea:
1719 5364 1849 5429 libro
1872 5377 2038 5446 primo
2062 5376 2129 5427 ad

619 5430 983 5500 lnquisitiones
1012 5435 1278 5493 Januarii.

612 5542 819 5600 Dixerit
847 5548 1038 5618 aliquis
1061 5590 1078 5617 ,
1120 5568 1223 5608 non
1253 5558 1498 5624 quotidie
1522 5563 1897 5630 accipiendam
1928 5566 2128 5624 Eucha-

541 5635 767 5691 ristiam.
797 5637 1083 5705 Quaesieris
1110 5649 1319 5713 quare?
1350 5650 1640 5720 Quoniam,
1675 5655 1864 5725 inquit,
1894 5662 2126 5730 eligendi

539 5739 663 5783 sunt
709 5730 824 5823 dies
848 5734 1038 5802 quibus
1070 5741 1252 5807 purius
1285 5745 1446 5801 homo
1470 5749 1942 5820 continentinsque
1968 5757 2126 5823 vivit,

536 5831 643 5912 quo
696 5821 760 5874 ad
812 5833 1016 5880 tantum
1063 5844 1455 5890 sacramentum
1509 5840 1700 5908 dignus
1745 5845 1983 5898 accedat.
2020 5821 2123 5912 Qui

537 5909 677 5966 enim
710 5915 1108 5976 manducaverit
1131 5923 1380 5994 indigne,
1409 5927 1672 5996 judicium
1703 5933 1801 5991 sibi
1837 5909 2128 5992 manducat

2250 4848 2331 4898 re,
2354 4847 2413 4888 se
2430 4843 2610 4890 autem
2634 4837 2924 4893 secundum
2948 4839 3106 4895 fidem
3130 4855 3418 4912 moresque
3442 4845 3572 4900 hinc
3587 4845 3796 4913 optimos,

2250 4934 2340 4980 aut
2369 4926 2514 4981 illum
2544 4927 2775 4996 violare,
2801 4939 2891 4984 aut
2912 4945 2972 4986 se
2992 4931 3266 4988 custodire
3285 4934 3597 4990 convincet.
3629 4934 3802 4988 Violaut

2245 5033 2373 5073 sane
2402 5020 2636 5088 quietem
2690 5031 2744 5077 et
2790 5037 2974 5091 pacem
3013 5023 3240 5095 [suam],
3269 5024 3336 5080 de
3381 5029 3658 5096 superﬂua
3687 5041 3803 5095 qua:-

2245 5115 2424 5170 stione
2455 5116 2699 5172 rixando.
2732 5115 2941 5173 Mallem
2974 5126 3152 5172 tamen
3203 5119 3256 5173 in
3299 5120 3464 5174 rebus
3493 5118 3805 5190 hujusmodi,

2243 5216 2301 5261 ut
2326 5216 2381 5262 et
2407 5207 2496 5262 ille
2525 5209 2577 5262 in
2608 5208 2798 5278 hujus,
2822 5219 2875 5264 et
2903 5209 2990 5264 hic
3021 5211 3075 5265 in
3109 5209 3248 5266 illius
3279 5211 3451 5280 patria
3485 5211 3555 5265 ab
3603 5228 3668 5266 eo
3696 5206 3808 5278 quod

2238 5300 2416 5354 caeteri
2449 5298 2648 5354 faciunt
2672 5316 2778 5355 non
2802 5302 3141 5358 abhorreret.
3161 5302 3218 5359 Si
3238 5318 3370 5358 vero
3392 5304 3559 5358 etiam
3589 5307 3640 5360 in
3665 5306 3810 5358 aliena

2240 5393 2411 5459 patria
2443 5408 2562 5446 cum
2593 5393 3029 5464 peregrinaretur
3054 5438 3068 5462 ,
3093 5397 3182 5452 ubi
3215 5396 3391 5466 major
3411 5407 3467 5452 et
3497 5397 3815 5468 frequentior

2238 5493 2293 5538 et
2324 5484 2616 5540 ferventior
2641 5497 2722 5542 est
2753 5489 2978 5558 populus
3003 5489 3316 5557 Dei,‘,vidit,
3345 5490 3495 5546 verbi
3516 5495 3695 5561 gratia
3713 5534 3725 5554 ,
3750 5493 3815 5544 bis

2236 5574 2420 5630 otierri
2446 5579 2626 5646 quinta
2640 5579 2848 5636 sabbati
2889 5580 3238 5636 hebdomadas
3258 5581 3460 5636 ultimae
3479 5583 3806 5652 Quadragesi

2237 5681 2362 5733 mae,
2388 5678 2440 5721 et
2471 5683 2627 5724 mane
2655 5678 2708 5725 et
2737 5671 2802 5724 ad
2833 5686 3134 5740 vesperam,
3164 5674 3494 5744 veniensque
3524 5675 3580 5730 in
3604 5679 3818 5746 patriam

2235 5773 2389 5812 suam
2422 5760 2511 5814 ubi
2537 5763 2588 5814 in
2620 5761 2725 5818 ﬁne
2746 5762 2854 5818 diei
2881 5779 3002 5818 mos
3041 5775 3123 5820 est
3145 5764 3348 5831 ofl‘erri,
3372 5767 3513 5821 male
3534 5776 3708 5835 atque
3730 5767 3820 5820 illi-

2236 5853 2340 5906 cite
2381 5852 2495 5908 fieri
2523 5856 2832 5923 contendat,
2864 5858 3115 5927 quoniam
3139 5857 3266 5912 alibi
3289 5858 3448 5914 aliter
3467 5860 3586 5930 ipse
3610 5858 3824 5920 viderit,

2236 5945 2452 6014 puerilis
2481 5957 2563 6004 est
2589 5949 2691 6007 iste
2720 5962 2912 6007 sensus
2950 5950 3221 6008 cavendus
3263 5951 3318 6009 in
3359 5951 3539 6025 nobis,
3572 5950 3821 6010 toleran-
