3968 6390
137 364 224 420 755

1271 353 1704 412 THESAURUS.
1747 353 1898 410 CAP.
1938 354 2174 412 CXXVI.
3254 360 3356 412 τείι

135 481 218 538 dus
241 487 285 534 et
309 477 647 548 corrigendus
675 475 725 529 in
757 472 977 529 nostris.
997 499 1068 513 —-
1094 470 1178 526 Ea:
1207 473 1383 525 eodem
1413 471 1501 524 lib.
1530 487 1567 536 ι,
1602 470 1670 522 ad
1694 471 1750 532 Α
1777 470 1901 525 deat
1972 473 2117 544 [anni
2179 469 2344 540 diem]
2375 471 2539 532 diem,
2592 470 2729 526 sicut
2783 470 2900 525 dies
2948 469 3077 540 qua'
3123 473 3354 530 traditur

134 572 454 642 Inquisitiones
484 571 708 639 ejusdem
731 565 994 620 Januarii.
1023 594 1092 606 —
1117 563 1210 618 llis
1231 565 1371 618 enim
1397 563 1591 629 causis,
1619 563 1672 618 id

133 674 240 734 est,
275 672 357 718 aut
409 671 627 732 prepter
680 659 870 727 ﬁdem,
922 667 1013 712 aut
1057 664 1274 726 propter
1324 670 1533 718 mores,
1589 655 1672 710 vel

129 755 368 814 emendari
412 762 626 824 oportet
655 753 796 822 quod
828 766 1112 822 perperam
1146 751 1329 818 ﬁebat,
1358 751 1441 804 vel
1469 749 1673 804 institui

129 849 252 920 quod
276 864 368 902 non
398 848 580 902 fiebat.
614 847 732 915 Ipsa
765 847 958 915 quippe
985 845 1210 900 mutatio
1237 842 1669 906 consuetudinis,

128 943 264 998 etiam
283 956 390 1010 quae
421 940 648 995 utilitate
680 938 927 1008 adjuvat,
955 939 1192 993 novitate
1221 935 1516 1004 perturbat.
1535 935 1675 1003 Qua-

124 1043 314 1106 propter
339 1049 456 1104 quaa
483 1033 629 1088 utilis
655 1046 760 1087 non
784 1042 886 1098 est,
917 1033 1317 1101 perturbatione
1342 1032 1672 1086 infructuosa

62 1009 74 1044 Α

123 1141 171 1187 et
210 1137 580 1199 consequenter
628 1129 786 1183 noxia
824 1137 925 1182 est.
975 1128 1083 1183 Nec
1128 1128 1247 1183 ideo
1290 1126 1463 1195 putari
1491 1125 1671 1190 debet,

120 1221 388 1276 institutum
431 1235 554 1276 esse
594 1221 776 1275 multis
819 1221 950 1276 locis
978 1262 994 1288 ,
1024 1229 1079 1275 ut
1110 1221 1198 1274 illa
1230 1220 1324 1275 die
1352 1229 1472 1288 post
1501 1219 1674 1274 refec-

119 1311 294 1366 tionem
318 1313 585 1376 offeratur,
636 1312 758 1380 quia
812 1312 1070 1382 scriptum
1120 1320 1223 1377 est,
1270 1311 1565 1366 ldentidem
1619 1318 1674 1365 et

115 1403 312 1458 calicem
341 1411 458 1471 post
507 1417 719 1458 caenam
761 1403 968 1467 dicens,
994 1413 1097 1458 etc.
1137 1420 1150 1454 :
1181 1404 1352 1472 ipsam
1399 1405 1542 1458 enim
1575 1418 1670 1472 po-

113 1495 205 1549 tuit
263 1495 526 1564 appellare
577 1509 826 1556 omnem,
885 1495 1026 1564 quod
1090 1495 1202 1564 jam
1272 1509 1468 1563 corpus
1514 1510 1672 1550 acce-

109 1596 312 1658 perant,
366 1597 424 1642 ut
472 1587 671 1643 deinde
718 1587 943 1644 calicem
991 1591 1318 1660 acciperent.
1379 1589 1672 1658 Apostolus

107 1693 318 1748 namque
362 1678 486 1734 alibi
540 1679 692 1747 dicit,
721 1680 1185 1735 Convenientibus
1231 1695 1361 1750 ergo
1406 1680 1558 1736 vobis
1615 1681 1669 1736 in

104 1785 256 1824 unum
275 1814 287 1838 ,
310 1785 414 1826 non
443 1779 525 1825 est
546 1771 873 1826 dominicam
904 1786 1114 1827 coenam
1139 1772 1483 1840 manducare,
1535 1772 1671 1828 hanc

103 1865 259 1933 ipsam
287 1865 648 1936 acceptionem
677 1866 1049 1931 eucharistite,
1087 1866 1412 1923 dominicam
1456 1883 1666 1924 orenam

103 1971 314 2023 vocans,
347 1958 475 2012 illud
503 1959 673 2028 magis
703 1973 923 2014 movere
967 1959 1139 2028 petuit
1171 1959 1448 2028 homines,
1479 1960 1664 2026 utjam

97 2048 267 2104 refecti
292 2090 306 2115 ,
337 2049 423 2104 die
453 2050 542 2105 illo
571 2051 654 2104 vel
684 2050 946 2106 otl'errent
967 2090 982 2115 ,
1009 2051 1090 2105 vel
1119 2061 1395 2106 sumerent
1421 2052 1668 2108 euchari-

95 2140 415 2208 stiam,quod
431 2136 498 2196 'in
521 2140 816 2212 Evangelia
842 2142 1036 2197 dicitur
1052 2161 1063 2195 :
1081 2140 1213 2198 Cum
1233 2154 1411 2200 autem
1429 2145 1668 2201 illiman-

91 2231 368 2297 ducarent,
401 2234 608 2303 accepit
665 2235 822 2290 Jesus
868 2250 1060 2305 panem
1093 2245 1148 2290 et
1185 2237 1494 2302 benedixit;
1546 2252 1667 2292 cum

89 2325 245 2379 etiam
266 2327 508 2395 superius
538 2327 798 2382 dixisset:
832 2325 968 2383 Cum
999 2342 1122 2383 sero
1153 2338 1331 2383 autem
1357 2328 1552 2382 factum
1583 2342 1668 2382 es-

87 2413 204 2482 set,
233 2418 574 2473 recumbebat
602 2434 720 2474 cum
763 2420 1087 2485 duodecim,
1121 2429 1176 2474 et
1218 2420 1668 2475 manducantibus

83 2507 167 2564 eis
195 2507 326 2563 dixit
356 2526 368 2561 :
393 2509 658 2577 Quoniam
691 2525 830 2564 unus
859 2526 923 2565 ex
957 2511 1105 2565 vobis
1133 2511 1313 2565 tradet
1343 2526 1450 2566 me.
1474 2512 1668 2567 Postea

74 2598 223 2653 enim
295 2600 518 2654 tradidit
577 2609 1007 2666 sacramentum,
1078 2609 1135 2656 et
1185 2601 1392 2671 liquido
1449 2612 1671 2673 apparet

71 2691 293 2762 quando
314 2694 544 2760 primum
559 2705 882 2764 acceperunt
896 2693 1150 2764 discipuli
1165 2709 1363 2763 corpus
1380 2705 1432 2750 et
1447 2697 1669 2766 sangui-

69 2799 198 2840 nem
230 2785 473 2850 Domini,
517 2802 624 2842 non
656 2803 751 2842 eos
797 2788 1070 2856 accepisse
1113 2788 1349 2858 jejunos.
1399 2788 1671 2859 Numquid

67 2883 252 2930 tamen
285 2886 566 2945 propterea
607 2877 1043 2931 calumniandum
1073 2887 1160 2931 est
1184 2878 1451 2932 universa:
1482 2878 1670 2936 Eccle-

63 2967 168 3020 siae
187 3007 202 3032 ,
236 2967 378 3036 quod
407 2982 437 3020 a
479 2967 679 3036 jejunis
719 2982 932 3038 semper
955 2968 1254 3038 accipitur?
1280 2968 1358 3023 Ex
1387 2969 1488 3025 hoc
1519 2970 1668 3025 enim

61 3063 274 3133 placuit
305 3064 523 3132 Spiritui
573 3075 759 3120 sancto
797 3075 855 3121 ut
897 3066 951 3120 in
1006 3067 1266 3122 honorem
1309 3070 1442 3122 tanti
1473 3083 1660 3123 sacra-

57 3161 235 3216 menti
265 3161 318 3216 in
344 3176 405 3216 os
431 3161 721 3217 Christiani
752 3163 898 3231 prius
921 3162 1249 3218 dominicum
1273 3179 1468 3233 corpus
1496 3165 1665 3218 intra-

1778 575 1934 621 natus
1960 608 1974 633 ,
2019 579 2073 623 et
2103 569 2296 622 deinde
2326 567 2600 636 subjungis
2629 584 2640 621 :
2674 565 2730 620 Si
2763 566 2863 621 hoc
2894 564 3004 636 [sit]
3037 566 3094 620 lit
3138 578 3354 636 propter

1778 658 2068 713 Sabbatum
2101 671 2155 714 et
2204 660 2430 725 Lunam,
2465 659 2591 728 quid
2629 659 2728 713 sibi
2765 657 2891 712 velit
2938 660 2990 712 in
3022 659 3121 713 hac
3176 674 3234 714 re
3264 661 3360 713 ob-

1776 753 2012 805 servatio
2041 751 2258 807 Sabbati
2307 762 2362 807 et
2391 752 2598 806 Lunae?
2647 751 2744 806 llic
2795 751 3022 819 primum
3053 761 3266 820 oportet
3300 761 3357 805 ut

1775 843 1989 897 noveris
2014 842 2156 897 diem
2185 842 2385 897 Natalis
2416 843 2648 909 Domini,
2684 857 2792 896 non
2824 839 2876 894 in
2902 852 3236 896 sacramento
3264 855 3324 895 ce
3355 877 3358 882 ι

1777 937 1994 1003 lebrari,
2027 937 2120 991 sed
2154 947 2356 990 tantum
2388 939 2439 990 in
2467 937 2782 990 memoriam
2806 935 3077 998 revocari,
3105 935 3243 1004 quod
3267 951 3360 988 na-

1779 1042 1862 1085 tus
1892 1032 1974 1086 sit.
2027 1034 2105 1087 Ac
2158 1048 2253 1100 per
2281 1032 2381 1086 hoc
2413 1033 2544 1086 nihil
2572 1045 2708 1101 opus
2749 1041 2896 1097 erat,
2925 1032 3028 1086 nisi
3059 1033 3356 1086 revolutum

1775 1125 1917 1180 diem
1947 1127 2094 1186 anni,
2123 1141 2230 1194 quo
2272 1127 2386 1195 ipsa
2418 1141 2505 1180 res
2549 1137 2666 1181 acta
2696 1136 2780 1182 est
2809 1126 2944 1181 festa
2976 1125 3260 1180 devotione
3291 1126 3362 1178 si-

1775 1219 1947 1290 gnari.
1981 1219 2388 1273 Sacratncntum
2421 1226 2505 1273 est
2553 1227 2734 1273 autem
2783 1219 2837 1272 in
2884 1218 3062 1288 aliqua
3113 1218 3360 1272 celebra-

1777 1313 1961 1376 tione,
2017 1326 2137 1365 cum
2188 1313 2265 1365 rei
2321 1320 2486 1379 gestae
2535 1310 2977 1366 commemoratio
3025 1310 3095 1363 ita
3151 1309 3242 1374 lit,
3294 1315 3358 1362 ut

1777 1404 1979 1474 aliquid
2030 1405 2191 1458 etiam
2238 1402 2542 1472 signiﬁcare
2589 1401 2952 1470 intelligatur,
3001 1397 3143 1468 quod
3173 1407 3362 1452 sancte

1777 1495 2148 1566 accipiendum
2168 1505 2272 1550 est.
2312 1494 2386 1549 Eo
2418 1495 2596 1563 itaque
2621 1493 2784 1547 modo
2813 1494 3020 1562 agimus
3050 1490 3277 1558 Pascha,
3303 1497 3361 1544 ut

1778 1605 1887 1645 non
1917 1590 2093 1643 solum
2121 1588 2262 1658 quod
2305 1586 2559 1658 [gestum]
2608 1586 2805 1640 factum
2835 1593 2916 1639 est
2948 1585 3002 1638 in
3042 1584 3360 1639 memoriam

1777 1697 2133 1748 revocemus,
2182 1681 2232 1735 id
2263 1690 2375 1745 est,
2431 1681 2571 1749 quod
2606 1687 2846 1733 mortuus
2877 1686 2957 1733 est
3008 1678 3254 1733 Christus
3307 1685 3362 1731 et

1777 1776 2094 1838 resurrexit,
2139 1773 2232 1828 sed
2286 1772 2444 1826 etiam
2485 1783 2679 1826 cwtera
2727 1785 2847 1840 quae
2897 1769 3041 1824 circa
3102 1784 3165 1824 ea
3223 1776 3362 1824 atte-

1696 1852 2016 1934 Bstantnr,
2065 1867 2131 1922 ad
2187 1865 2510 1922 sacramenti
2557 1863 3002 1934 significationem
3051 1876 3158 1918 non
3197 1863 3362 1917 ornit-

1776 1973 1971 2017 tamus.
2021 1960 2154 2027 Quia
2227 1959 2372 2014 enim
2449 1957 2588 2014 sicut
2651 1957 2783 2011 dicit
2835 1955 3178 2024 Apostolus;
3221 1953 3363 2010 Mor-

1771 2066 1896 2112 tuus
1913 2065 1998 2112 est
2027 2065 2246 2124 propter
2269 2053 2466 2108 delicta
2498 2061 2679 2107 nostra
2700 2094 2714 2116 ,
2745 2059 2799 2105 et
2827 2049 3124 2105 resurrexit
3142 2058 3362 2119 propter

1769 2147 2210 2218 justifieationem
2244 2154 2482 2200 nostram
2509 2185 2526 2212 ,
2555 2143 2815 2198 transitus
2844 2142 3059 2211 quidam
3088 2141 3157 2196 de
3186 2149 3362 2196 morte

1771 2239 1837 2292 ad
1889 2238 2053 2291 vitam
2077 2279 2092 2301 ,
2124 2239 2176 2290 in
2205 2237 2294 2290 illa
2330 2236 2583 2304 passione
2613 2243 2668 2289 et
2699 2233 3096 2288 resurrectione
3145 2232 3360 2287 Domini

1772 2341 2012 2389 sacratus
2063 2340 2168 2386 est.
2225 2329 2358 2385 Nam
2409 2331 2573 2385 etiam
2625 2329 2942 2384 vocabulum
3001 2331 3174 2396 ipsum
3218 2331 3362 2398 quod

1723 2441 1726 2444 ν
1773 2422 1976 2490 pascha
2008 2422 2206 2476 dicitur
2235 2437 2342 2475 non
2377 2419 2622 2475 Graecum
2653 2421 2791 2474 sicut
2820 2421 2976 2490 vulgo
3000 2420 3168 2475 videri
3199 2422 3361 2488 solet,

1773 2514 1870 2568 sed
1915 2513 2201 2568 Hebraeum
2247 2528 2367 2568 esse
2416 2511 2635 2575 dicunt,
2682 2511 2773 2580 qui
2804 2521 3087 2581 utramque
3129 2511 3361 2582 linguam

1775 2616 2062 2661 noverunt.
2088 2604 2272 2675 Neque
2302 2604 2443 2658 enim
2468 2619 2498 2657 a
2529 2604 2794 2673 passione,
2821 2604 3072 2672 quoniam
3101 2607 3279 2660 πάθειν
3303 2606 3358 2659 in

1775 2700 1965 2756 Graeco
2005 2700 2234 2764 dicitur,
2285 2701 2392 2766 pati
2419 2739 2434 2764 ,
2465 2698 2558 2752 sed
2609 2697 2676 2752 ab
2707 2712 2773 2753 eo
2799 2698 2941 2767 quod
2975 2699 3230 2752 transitur
3256 2740 3269 2763 ,
3298 2707 3355 2753 ut

1773 2791 1905 2855 dixi,
1937 2790 2046 2863 [de]
2094 2806 2121 2843 a
2168 2798 2340 2845 morte
2389 2791 2452 2844 ad
2486 2791 2670 2852 vitam,
2708 2789 2935 2844 llebrzeo
2964 2789 3126 2845 verbo
3155 2804 3242 2844 res
3265 2804 3358 2858 ap-

1774 2885 1974 2955 pellata
2022 2895 2137 2951 est,
2187 2883 2238 2936 in
2284 2896 2390 2952 quo
2420 2883 2664 2951 eloquio,
2696 2890 2811 2958 np;
2839 2882 3098 2935 transitus
3126 2881 3357 2946 dicitur,

1771 2991 1912 3046 sicut
1940 2990 2224 3058 perhibent
2270 2989 2362 3058 qui
2391 2988 2507 3044 haec
2533 2989 2729 3044 sciunt.
2779 2987 2930 3054 Quod
2960 2988 3130 3041 voluit
3161 2997 3212 3041 et
3244 2987 3361 3055 ipse

1773 3083 2034 3140 Dominus
2066 3093 2281 3152 tangere
2315 3097 2437 3136 cum
2468 3084 2560 3149 ait,
2614 3083 2714 3149 Qui
2744 3081 2916 3137 credit
2959 3085 3010 3135 in
3040 3096 3145 3148 me,
3187 3092 3360 3134 trans-

1773 3178 1847 3234 iet
1900 3193 1930 3233 a
1961 3185 2133 3232 morte
2163 3178 2216 3232 in
2244 3176 2438 3242 vitam;
2475 3185 2529 3230 et
2557 3175 2791 3230 maxime
2821 3174 2964 3230 idem
3014 3173 3359 3242 Evangelista

55 3264 146 3309 ΐθῑ
167 3294 182 3320 υ
213 3270 372 3325 quam
405 3255 619 3327 [exteri]
648 3257 827 3312 οωῑθτί
849 3258 955 3314 Cibi
976 3298 993 3324 ρ
1020 3273 1144 3313 nam
1171 3260 1292 3316 ideo
1318 3276 1411 3329 De?
1432 3264 1656 3318 υηῖνθΐ·
1686 3232 1734 3297 C
1765 3269 2921 3338 hocintelligiturexprimerevoluisse,cum
2940 3267 3358 3324 decelebraturo

52 3358 181 3400 sum
213 3347 401 3402 orbem
435 3363 551 3402 mos
600 3349 700 3403 iste
740 3357 1006 3405 servatur.
1054 3349 1237 3420 Neque
1267 3355 1411 3405 enim
1442 3353 1564 3420 quia
1606 3353 1660 3408 id

52 3448 187 3510 post
241 3441 394 3494 cibos
442 3440 591 3496 dedit
645 3441 935 3509 Dominus,
988 3456 1270 3515 propterea
1339 3448 1518 3515 pransi
1570 3457 1662 3502 aut

52 3533 266 3586 cmnati
303 3532 532 3596 fratres,
591 3534 659 3587 ad
702 3535 831 3590 illud
861 3547 1260 3592 sacramentum
1289 3540 1658 3607 accipiendum

52 3624 366 3677 convenire
391 3623 632 3695 [debent]
661 3624 964 3694 debebunt,
994 3627 1236 3681 autsicut
1266 3628 1340 3681 illi
1367 3629 1656 3696 faciebant,

52 3729 197 3785 quos
231 3717 524 3784 Apostolus
553 3717 728 3785 arguit
756 3726 810 3772 et
839 3719 1170 3784 emendavit,
1195 3721 1396 3773 mensis
1425 3721 1534 3775 suis
1557 3721 1659 3776 ista

52 3807 317 3863 miscere.
336 3807 468 3862 Nam
487 3809 734 3865 Salvator
747 3826 851 3879 quo
864 3811 1233 3867 vehementius
1247 3814 1660 3871 commendaret

54 3899 302 3969 mysterii
339 3899 482 3952 illius
513 3899 848 3955 altitudinem
867 3943 880 3966 ,
909 3903 1154 3958 ultimum
1181 3903 1283 3958 hoc
1309 3905 1473 3959 voluit
1497 3906 1658 3962 altius

62 3990 284 4058 nﬁgere
307 3991 560 4045 cordibus
588 4002 641 4044 et
662 3993 935 4046 memoriae
963 3993 1344 4062 discipulorum
1363 4036 1378 4061 ,
1409 4011 1436 4048 a
1467 3998 1658 4064 quibus

54 4081 118 4132 ad
153 4080 474 4148 passionem
498 4080 835 4148 digressurus
860 4091 1012 4136 erat:
1045 4092 1098 4137 et
1121 4084 1243 4138 ideo
1271 4101 1375 4138 non
1406 4089 1660 4155 praecepit

54 4183 157 4240 [uo
203 4168 406 4224 ordine
456 4170 715 4238 deinceps
762 4181 1086 4240 sumeretur,
1141 4184 1200 4228 ut
1251 4177 1523 4243 Apostolis
1566 4192 1661 4245 per

54 4275 184 4334 [uos
215 4260 523 4315 Ecclesiam
554 4261 910 4330 dispositurus
949 4271 1095 4330 erat,
1127 4273 1374 4318 servaret
1400 4265 1541 4317 hunc
1573 4265 1658 4320 lo-

54 4367 192 4407 :um.
226 4351 371 4405 Nam
403 4352 450 4407 si
478 4352 580 4407 hoc
611 4352 702 4408 ille
746 4355 1078 4420 monuisset,
1108 4364 1165 4409 ut
1193 4363 1315 4424 post
1344 4355 1492 4410 cibos
1523 4355 1658 4410 alios

54 4458 155 4498 rem
164 4458 269 4513 per
289 4444 650 4512 acciperetur,
671 4446 836 4500 credo
858 4447 996 4516 quod
1016 4462 1136 4501 eum
1160 4461 1367 4502 morem
1394 4462 1550 4517 nemo
1568 4463 1660 4501 va-

58 4538 268 4592 iasset.
298 4537 437 4592 Cum
455 4553 580 4593 vero
603 4539 981 4608 aitApostolus
1004 4539 1070 4595 de
1089 4541 1191 4596 hoc
1208 4551 1554 4596 sacramento
1579 4543 1656 4597 lo-

56 4645 238 4700 [uens,
260 4631 493 4700 Propter
517 4633 677 4702 quod,
705 4631 915 4699 fratres,
943 4648 1064 4689 cum
1087 4636 1388 4690 convenitis
1411 4637 1477 4690 ad
1503 4652 1654 4692 man-

56 4722 388 4788 Iucandum,
425 4724 652 4780 invicem
684 4737 1030 4795 exspectate;
1060 4727 1103 4782 si
1135 4730 1252 4799 quis
1284 4731 1471 4797 esurit,
1507 4731 1653 4786 domi

56 4816 358 4871 manducet
381 4858 395 4882 ,
443 4827 501 4870 ut
530 4834 634 4872 non
664 4819 730 4872 ad
756 4820 1016 4888 judicium
1050 4825 1388 4879 conveniatis
1420 4842 1434 4881 :
1468 4827 1650 4880 statim

56 4909 336 4962 ubtexuit
383 4909 635 4965 :Ctetera
680 4921 859 4964 autem
918 4928 1036 4966 cum
1099 4929 1301 4968 venero
1369 4918 1651 4972 ordinabo.

56 4999 195 5053 Inde
256 5001 490 5070 intelligi
537 5001 715 5067 datur,
749 5004 869 5071 quia
903 5005 1126 5057 multum
1161 5015 1276 5059 erat
1325 5016 1380 5059 ut
1428 5007 1480 5060 in
1528 5009 1652 5076 Epi-

56 5092 170 5145 Lola
213 5102 398 5146 totum
447 5093 579 5147 illud
610 5095 799 5162 agendi
844 5096 1090 5150 ordinem
1124 5097 1452 5166 insinuaret,
1485 5116 1644 5169 quem

59 5185 307 5238 niversa
345 5199 442 5254 per
469 5187 652 5241 orbem
696 5197 876 5242 servat
909 5188 1148 5244 Ecclesia
1177 5191 1246 5244 ab
1277 5193 1393 5260 ipso
1435 5193 1650 5247 ordina-

58 5288 143 5327 ιη]
205 5288 378 5340 esse,
411 5276 552 5344 quod
589 5271 743 5334 nulla
776 5296 983 5336 morum
1038 5282 1355 5338 diversitate
1387 5283 1645 5340 variatur.

597 5371 824 5427 CAPUT
873 5373 1113 5432 CXXVI.

58 5460 172 5512 'm'd
203 5461 314 5513 sibi
363 5463 478 5515 velit
507 5462 556 5514 in
579 5463 915 5517 celebratione
963 5466 1176 5520 Pascha:
1199 5468 1480 5520 obaervatio
1508 5468 1641 5521 Sab-

90 5533 216 5605 brm'
239 5539 306 5605 εἰ
345 5532 526 5597 Lunw,
553 5541 598 5584 et
622 5535 684 5585 de
715 5535 1143 5605 Quadragesima,
1175 5538 1249 5590 vel
1271 5540 1334 5591 de
1363 5555 1641 5591 consonan-

89 5603 179 5675 ιὲᾳ
231 5602 546 5675 Ρεηιετοε-ιε
574 5619 688 5656 cum
716 5606 799 5658 die
827 5602 950 5675 legis
987 5602 1144 5674 datm,
1173 5623 1232 5660 ea:
1263 5609 1390 5663 libro
1417 5610 1640 5663 secundo

84 5673 170 5723 ad
199 5675 456 5726 eumdem
472 5673 506 5726 Ι
510 5676 802 5728 armarium.

86 5766 342 5830 Qttreris
377 5781 494 5834 quae
525 5781 685 5820 causa
726 5767 815 5831 sit,
849 5783 943 5824 cur
974 5770 1368 5827 anniversarius
1409 5773 1525 5827 dies
1555 5787 1644 5828 ce-

69 5857 334 5913 braudae
390 5857 680 5914 Dominicae
706 5859 1005 5931 passionis,
1044 5877 1149 5920 non
1183 5862 1249 5920 ad
1277 5865 1525 5920 eumdem
1553 5879 1641 5921 re-

1767 3362 1998 3418 Domino
2032 3362 2237 3416 Pascha
2267 3376 2388 3415 cum
2422 3361 2704 3428 discipulis
2733 3359 2846 3414 suis
2897 3359 2988 3412 ubi
3036 3373 3244 3414 coenam
3278 3357 3359 3412 eis

1765 3457 2048 3526 mysticam
2092 3454 2286 3508 dedit:
2319 3453 2451 3508 Cum
2494 3454 2740 3519 vidisset,
2770 3451 2978 3520 inquit,
3023 3451 3181 3505 Jesus
3233 3451 3356 3518 quia

1765 3548 1912 3599 venit
1944 3546 2096 3608 hora,
2127 3553 2186 3598 ut
2233 3545 2490 3598 transiret
2539 3557 2606 3597 ex
2656 3543 2756 3596 hoc
2790 3541 2992 3596 mundo
3021 3541 3088 3594 ad
3120 3550 3352 3610 patrem.

1767 3637 2047 3692 Transitus
2068 3650 2198 3705 ergo
2224 3635 2292 3691 de
2318 3635 2417 3690 hac
2447 3637 2550 3689 vita
2574 3633 2785 3689 mortali
2810 3635 2860 3687 in
2884 3633 3044 3686 aliam
3067 3633 3228 3687 vitam
3255 3633 3355 3687 im-

1764 3730 2070 3795 mortalem,
2104 3729 2206 3783 hoc
2237 3737 2320 3784 est
2355 3728 2518 3793 enim,
2554 3728 2621 3782 de
2650 3735 2822 3783 morte
2850 3727 2916 3782 ad
2947 3727 3132 3790 vitam,
3159 3725 3209 3781 in
3234 3741 3356 3796 pas-

1765 3823 1916 3878 sione
1970 3830 2023 3876 et
2068 3819 2461 3878 resurrectione
2511 3819 2726 3874 Domini
2773 3819 3200 3875 commendatur.
3255 3819 3350 3876 Hic

1766 3917 2026 3972 transitus
2057 3931 2084 3967 a
2117 3915 2272 3970 nobis
2306 3914 2466 3970 modo
2493 3916 2669 3983 agitur
2700 3929 2794 3983 per
2827 3913 3018 3979 fidem,
3049 3928 3168 3983 qua:
3191 3913 3350 3966 nobis

1766 4018 1848 4063 est
1876 4010 1928 4061 in
1956 4009 2325 4062 remissionem
2348 4016 2712 4076 peccatorum,
2741 4007 2792 4059 in
2819 4021 2969 4075 spem
2987 4007 3109 4059 vitze
3135 4015 3351 4060 aeterna:

1767 4100 2111 4166 diligentibus
2143 4100 2308 4152 Deum
2351 4108 2404 4150 et
2434 4099 2736 4166 proximum
2763 4137 2778 4158 ,
2804 4096 2926 4164 quia
2976 4096 3109 4149 fides
3153 4111 3246 4163 per
3272 4097 3352 4151 di-

1767 4191 2050 4244 lectionem
2085 4198 2338 4257 operatur
2361 4227 2375 4251 ,
2408 4199 2462 4241 et
2486 4189 2660 4254 justus
2683 4201 2746 4239 ex
2773 4185 2877 4240 fide
2901 4185 3054 4240 vivit.
3088 4186 3226 4254 Spes
3256 4201 3352 4241 au-

1767 4291 1877 4338 tem
1909 4299 2027 4350 quin
2058 4283 2288 4345 videtur,
2323 4295 2430 4334 non
2461 4289 2544 4334 est
2571 4294 2715 4347 spes.
2747 4279 2901 4345 Quod
2935 4279 3123 4351 [enim]
3167 4288 3348 4335 autem

1766 4373 2078 4441 videt.quis,
2110 4371 2236 4441 quid
2265 4372 2480 4440 sperat?
2513 4370 2556 4424 si
2585 4379 2762 4425 autem
2789 4370 2928 4440 quod
2959 4385 3063 4426 non
3105 4371 3349 4430 videmus

1764 4480 2078 4535 speramus,
2130 4479 2222 4534 per
2258 4463 2568 4532 patientiam
2600 4472 3014 4533 exspectamus:
3047 4463 3342 4518 secundum

1766 4559 1905 4614 hanc
1938 4558 2119 4622 fidem,
2151 4573 2298 4625 spem
2332 4565 2385 4611 et
2414 4557 2796 4620 dilectionem,
2829 4557 3203 4625 quacmpimus
3225 4572 3347 4614 esse

1761 4654 1862 4708 sub
1893 4653 2081 4722 gratia.
2125 4651 2240 4706 Jam
2294 4649 2617 4703 commortui
2649 4662 2833 4702 sumus
2877 4663 2998 4702 cum
3050 4647 3347 4730 Christo.et

1761 4745 2062 4816 consepulti
2092 4745 2168 4798 illi
2199 4759 2292 4811 per
2315 4741 2664 4812 baptismum,
2693 4741 2830 4794 sicut
2857 4740 2989 4795 dicit
3014 4743 3302 4809 Apostolus
3326 4759 3338 4796 :

1761 4842 1897 4907 Quia
1942 4849 1996 4894 et
2025 4849 2178 4894 vetus
2209 4839 2370 4892 homo
2404 4844 2608 4898 noster,
2656 4833 2812 4887 simul
2839 4835 3229 4889 concrucilixus
3257 4844 3343 4890 est

1760 4932 1906 4989 cruci
1935 4947 2053 4986 cum
2103 4932 2217 4993 illo,
2269 4939 2322 4983 et
2367 4929 2764 4983 resurreximus
2792 4941 2912 4980 cum
2946 4925 3065 4992 illo,
3117 4927 3235 4995 quia
3285 4935 3340 4980 et

1759 5026 1921 5080 simul
1971 5038 2066 5077 nos
2115 5021 2390 5084 excitavit,
2426 5029 2479 5074 et
2519 5019 2676 5074 simul
2725 5018 2914 5074 sedere
2959 5017 3086 5072 fecit
3135 5018 3187 5070 in
3229 5031 3339 5070 cm-

1759 5117 2002 5171 lestibus.
2062 5113 2212 5166 Unde
2280 5120 2363 5166 est
2420 5112 2509 5165 illa
2550 5111 2852 5166 exhortatio
2899 5128 2911 5164 :
2962 5110 3091 5176 Quae
3122 5122 3334 5163 sursum

1759 5222 1884 5266 sttut
1906 5213 2096 5280 sapite,
2110 5211 2227 5280 [non
2246 5224 2362 5278 qum.
2380 5223 2544 5278 super
2560 5217 2756 5262 terram
2774 5224 2786 5258 :
2807 5204 2901 5260 sed
2923 5202 3064 5272 quod
3097 5203 3342 5271 sequitur

1757 5308 1869 5376 8,2
1896 5312 1948 5358 et
1976 5303 2137 5357 dicit:
2178 5302 2366 5356 Mortui
2405 5300 2546 5354 enim
2585 5301 2741 5362 estis,
2764 5305 2818 5351 et
2854 5296 2958 5348 vita
2990 5302 3165 5348 vestra
3209 5295 3339 5347 abs-

1759 5397 1967 5455 condita
1984 5405 2065 5450 est
2081 5410 2198 5450 cum
2212 5394 2424 5448 Christo
2439 5394 2490 5446 in
2511 5395 2641 5456 Deo,
2659 5387 3008 5445 cumChistus
3025 5388 3338 5452 apparuerit

1758 5494 1862 5546 vita
1893 5498 2088 5552 vestra,
2130 5498 2253 5542 tunc
2280 5497 2333 5541 et
2363 5502 2456 5541 vos
2485 5485 2814 5554 apparebitis
2846 5497 2965 5537 cum
2998 5480 3114 5544 ipso
3138 5479 3190 5532 in
3223 5482 3337 5551 glo-

1747 5586 1857 5649 ria;
1892 5581 2021 5637 satis
2051 5581 2246 5634 indicat
2275 5579 2400 5647 quid
2433 5580 2560 5632 velit
2590 5577 2832 5645 intelligi,
2855 5577 2975 5645 quia
3003 5585 3128 5629 tunc
3159 5585 3336 5626 trans-

1751 5679 1853 5732 itus
1900 5683 2079 5728 noster
2123 5672 2190 5726 de
2232 5681 2400 5725 morte
2450 5671 2513 5723 ad
2551 5671 2737 5733 vitam,
2785 5670 2875 5740 qui
2913 5671 2970 5723 fit
3008 5683 3102 5738 per
3146 5667 3328 5729 ﬁdem,

1751 5786 1847 5840 spe
1878 5768 2148 5839 peragitur
2187 5764 2397 5828 futurre,
2450 5763 2500 5817 in
2536 5764 2639 5818 fine
2679 5761 3084 5818 resurrectionis
3130 5767 3184 5816 et
3212 5758 3328 5828 glo—

1754 5865 1871 5928 riae,
1903 5876 2022 5917 cum
2069 5858 2416 5932 corruptibile
2457 5857 2588 5924 hoc,
2623 5855 2675 5912 id
2722 5863 2804 5912 est
2842 5868 2968 5912 caro
2992 5854 3092 5909 ista
3123 5851 3176 5906 in
3220 5866 3321 5922 qua
