3968 6390
580 402 691 463 785

1643 392 1716 454 n.
1753 381 2081 449 EUGYPPII
2119 377 2406 438 seems
2444 344 2768 438 armum

3749 354 3839 432 τεο

580 519 1046 595 gemtmus,modo
1060 519 1244 576 induet
1262 517 1739 587 incorruptionem,
1754 501 2157 566 etmortalehoc
2186 466 2242 556 Ᾰ
2264 497 2318 552 in
2342 498 2495 553 bonis
2516 498 2767 568 operibus
2784 502 3005 567 apparet
3020 472 3350 561 hominibus,
3366 486 3665 561 aliquando
3682 501 3834 548 autem

579 612 817 671 induerit
843 613 1324 669 immortalitatem.
1355 612 1503 667 Nunc
1518 609 1663 664 enim
1689 607 1800 677 jam
1828 602 2042 674 quidem
2070 599 2165 652 ha-

580 704 774 762 bemus
802 722 896 777 per
927 706 1086 760 ﬁdem
1116 705 1383 777 primitias
1413 704 1651 774 Spiritus,
1676 700 1769 756 sed
1791 698 1967 753 adhuc
1990 694 2043 747 in
2077 706 2167 746 no-

580 800 909 871 bismetipsis
936 800 1335 871 ingemiscimus
1374 798 1722 869 adoptionem
1764 796 2166 862 exspectantes,

583 893 1007 959 redemptionem
1032 893 1277 961 corporis
1308 894 1500 948 nostri.
1533 889 1724 943 Restat
1748 886 1928 954 utique
1962 879 2170 936 redem-

543 1037 546 1040 .
583 987 697 1056 ptio
734 987 976 1052 corporis
1015 986 1207 1053 nostri,
1250 1000 1408 1057 quam
1444 989 1843 1052 exspectantes,
1888 976 1943 1031 iu
1990 971 2169 1028 nobis-

583 1078 834 1147 metipsis
852 1078 1272 1150 ingemiscimus.
1293 1078 1445 1134 Unde
1460 1085 1540 1133 est
1553 1074 1683 1130 illud
1702 1091 1716 1129 :
1735 1074 1841 1141 Spe
1855 1066 2166 1140 gaudentes.

584 1172 638 1227 in
671 1172 1012 1226 tribulatione
1043 1173 1335 1242 patientes.
1372 1171 1500 1226 llaec
1540 1170 1702 1238 igitur
1745 1159 2018 1220 innovatio
2049 1158 2170 1211 vitae

583 1270 781 1325 nostrae
810 1270 866 1317 et
893 1262 1112 1331 quidam
1138 1262 1393 1317 transitus
1424 1260 1492 1316 de
1514 1267 1687 1315 morte
1716 1254 1783 1310 ad
1810 1256 1969 1308 vitam
1995 1248 2084 1320 qui
2115 1247 2174 1301 ﬁt

585 1356 759 1425 primo
780 1371 877 1425 per
906 1355 1087 1420 ﬁdem,
1110 1365 1169 1410 ut
1194 1356 1247 1409 in
1278 1370 1375 1423 spe
1402 1352 1753 1424 gaudeamus,
1776 1358 1831 1403 et
1859 1347 1911 1402 in
1944 1341 2171 1398 tribula-

586 1443 733 1501 tione
756 1446 1020 1512 patientes
1043 1445 1233 1509 simus,
1260 1444 1387 1499 dum
1422 1443 1599 1497 adhuc
1628 1438 1863 1497 exterior
1896 1436 2054 1490 homo
2076 1448 2173 1487 no-

584 1514 696 1591 sier
722 1536 1104 1604 corrumpitur,
1159 1535 1252 1590 sed
1299 1534 1525 1589 interior
1564 1541 1852 1587 renovatur
1878 1526 1945 1580 de
1988 1526 2074 1578 die
2118 1523 2174 1577 in

586 1623 751 1679 diem.
800 1623 1028 1689 Propter
1066 1623 1240 1691 ipsum
1294 1623 1507 1677 initium
1566 1634 1724 1675 nova:
1750 1621 1902 1682 vitae,
1957 1622 2176 1685 propter

584 1706 781 1764 novum
817 1710 1109 1772 hominem,
1142 1725 1299 1773 quem
1326 1709 1580 1777 jubemur
1617 1706 1863 1770 induere,
1892 1712 1947 1757 et
1975 1717 2177 1756 exuere

584 1798 863 1853 veterem;
916 1800 1271 1857 exiturgantes
1316 1800 1468 1845 vetus
1511 1787 1857 1851 fermentum,
1907 1792 1963 1837 tit
2008 1785 2177 1837 simus

2270 590 2323 647 in
2352 590 2681 647 conscientia
2724 590 2876 654 latet,
2925 604 2987 643 ac
3021 586 3130 643 Deo
3175 583 3560 641 tantummodo
3601 595 3720 639 nota
3746 595 3831 653 est,

2270 696 2393 739 eum
2422 682 2539 737 solo
2587 698 2816 752 corpore
2846 688 3071 749 apparet
3103 678 3431 743 hominibus,
3468 676 3620 731 sicut
3659 677 3833 732 contio.

2269 777 2347 847 git
2366 792 2488 832 cum
2517 792 2735 832 oramus
2774 777 2826 832 in
2854 774 3038 843 corde,
3070 781 3126 829 et
3147 773 3299 845 quasi
3329 769 3466 826 nihil
3500 785 3669 842 agere
3687 771 3829 828 videa-

2271 885 2412 936 mur,
2437 868 2561 924 dum
2590 886 2697 925 non
2723 868 2789 923 ad
2817 877 3037 931 terram,
3070 852 3166 922 sed
3195 880 3407 921 sursum
3436 878 3545 918 cor
3569 864 3752 919 habere
3765 864 3829 935 ju-

2271 950 2465 1020 bemur
2493 964 2559 1020 ad
2591 964 2895 1019 Dominum.
2945 962 3051 1017 Alii
3091 972 3268 1016 autem
3301 958 3497 1014 dicunt
3529 952 3639 1012 non
3669 959 3827 1016 habere

2274 1048 2453 1111 lunam
2501 1057 2675 1112 lumen
2722 1054 3017 1127 proprium,
3067 1051 3161 1108 sed
3206 1067 3237 1107 ι
3277 1050 3395 1108 sole
3436 1050 3721 1117 illustrari,
3757 1052 3825 1106 sed

2273 1148 2485 1219 quando
2513 1163 2631 1203 cum
2658 1148 2748 1204 illo
2773 1157 2876 1213 est,
2907 1162 3025 1201 eam
3057 1156 3262 1214 partem
3295 1144 3361 1199 ad
3385 1158 3496 1198 nos
3541 1139 3727 1197 habere
3750 1146 3823 1212 qua"

2275 1256 2380 1296 non
2424 1241 2738 1302 illustratur,
2770 1249 2825 1295 et
2856 1239 2976 1294 ideo
3011 1237 3143 1292 nihil
3169 1237 3221 1292 in
3253 1250 3319 1291 ea
3344 1235 3488 1290 lucis
3529 1233 3822 1297 videri,cum

2278 1343 2458 1389 autem
2491 1335 2677 1404 incipit
2706 1334 2772 1385 ab
2800 1331 2891 1387 illo
2918 1330 3173 1386 recedere
3202 1328 3491 1395 illustrari,
3530 1326 3599 1381 ab
3628 1341 3681 1380 ea
3697 1326 3821 1380 etiam

2276 1438 2429 1496 parte
2457 1443 2615 1497 quam
2649 1425 2811 1479 habet
2835 1423 2900 1479 ad
2932 1434 3159 1488 terram,
3194 1431 3250 1476 ct
3286 1417 3611 1475 necessario
3641 1418 3823 1485 incipere

2275 1533 2305 1572 a
2338 1519 2614 1583 cornibus,
2645 1516 2817 1572 donec
2866 1515 2959 1569 ﬁat
2997 1510 3392 1586 quintadecima
3438 1520 3635 1566 contra
3669 1510 3820 1570 solem;

2278 1612 2406 1665 tunc
2450 1609 2593 1664 enim
2633 1607 2749 1664 sole
2778 1606 3060 1662 occidente
3102 1605 3292 1670 oritur,
3340 1612 3398 1657 ut
3443 1601 3688 1672 quisquis
3721 1598 3820 1655 occi-

2276 1694 2491 1758 dentem
2537 1701 2704 1756 solem
2755 1696 3127 1754 observaverit
3166 1711 3290 1751 cum
3330 1708 3455 1750 eum
3503 1693 3716 1764 eruperit
3746 1704 3819 1747 non

2278 1796 2465 1851 videre
2494 1809 2789 1849 conversus
2818 1791 2884 1847 ad
2913 1793 3171 1847 orientem
3206 1789 3386 1844 lunam
3410 1803 3636 1855 surgere
3664 1785 3818 1851 videat,

585 1876 720 1925 nova
752 1854 1365 1961 conspersiuiquoniain
1400 1869 1601 1923 Pascha
1638 1875 1890 1959 nostrum
1924 1865 2171 1955 imutola-
2276 1901 2436 1961 mque
2467 1886 2591 1942 inde
2629 1901 2694 1940 ex
2724 1885 2829 1939 ana
2859 1890 3030 1953 parte,
3076 1897 3193 1936 cum
3222 1874 3452 1949 coeperit
3482 1854 3817 1949 propinquare,

585 1961 671 2006 tus
684 1963 765 2006 est
781 1951 1048 2005 Christus.
1065 1950 1294 2019 Propter
1308 1950 1443 2004 hanc
1454 1964 1585 2019 ergo
1605 1948 1725 2002 vitae
1739 1948 2050 2007 novitatem,
2067 1945 2171 2013 pri.

586 2047 707 2085 mus
754 2030 956 2085 mensis
988 2036 1038 2083 in
1069 2033 1209 2084 anui.
1232 2030 1530 2096 mensibus,
1563 2027 1913 2084 celebrationi
1949 2025 2069 2077 huic
2094 2032 2177 2077 at-

588 2110 820 2167 tributus
852 2120 951 2163 est.
984 2109 1114 2165 Nam
1162 2111 1275 2178 ipse
1304 2111 1500 2163 dicitur
1543 2116 1598 2161 et
1644 2106 1849 2161 mensis
1892 2119 2173 2159 novorum.

588 2190 722 2258 Quia
752 2206 881 2246 vero
913 2191 968 2253 in
999 2201 1112 2245 toto
1135 2201 1377 2260 tempore
1397 2188 1604 2250 saeculi,
1639 2201 1783 2241 nunc
1808 2186 2023 2240 tertium
2050 2194 2181 2237 tem-

586 2297 688 2353 pus
716 2281 987 2351 apparuit,
1016 2279 1137 2336 ideo
1165 2280 1495 2335 resurrectio
1526 2278 1772 2334 triduana
1803 2286 1909 2331 est.
1937 2275 2177 2329 Primum

586 2371 729 2428 enim
779 2382 990 2441 tempus
1019 2381 1102 2426 est
1144 2380 1273 2427 ante
1313 2371 1505 2441 legem,
1558 2366 1850 2423 secundum
1891 2365 1993 2421 sub
2040 2365 2175 2435 lege,
2224 2425 2229 2429 _

586 2458 808 2517 tertium
846 2461 946 2516 sub
979 2460 1185 2532 gratia,
1219 2459 1308 2513 ubi
1335 2458 1447 2529 jam
1481 2455 1845 2512 manifestatio
1883 2464 1966 2508 est
2002 2468 2181 2509 sacra-

587 2556 755 2610 menti
787 2555 935 2624 prius
955 2554 1147 2610 occulti
1173 2554 1223 2609 in
1249 2554 1564 2621 prophetico
1585 2552 1891 2623 aanigmate.
1920 2550 2031 2606 Hoc
2053 2564 2183 2621 ergo

589 2655 646 2703 et
676 2648 728 2700 in
759 2642 933 2701 lunari
964 2661 1186 2700 numero
1216 2646 1570 2714 siguilicatur.
1603 2645 1736 2713 Quia
1764 2644 1907 2698 enim
1936 2651 2183 2712 septena-

591 2740 705 2795 rius
736 2756 992 2796 nttmerus
1034 2742 1174 2797 solet
1209 2741 1262 2796 in
1310 2741 1608 2811 Scripturis
1646 2741 1711 2794 ad
1744 2740 2028 2809 quamdam
2063 2752 2185 2808 per-

595 2832 880 2888 fectionem
907 2836 1163 2905 mysticus
1187 2848 1469 2904 apparere,
1488 2833 1640 2888 tertia
1669 2830 2001 2887 hebdomada
2022 2829 2187 2884 Luna:

594 2922 799 2980 Pascha
843 2926 1167 2993 celebratur,
1191 2930 1279 2995 qui
1307 2926 1420 2980 dies
1445 2924 1701 2985 occurrit,
1736 2941 1761 2976 ει
1787 2921 2185 2993 quartadecima

595 3019 649 3073 in
680 3019 986 3074 vicesimam
1001 3019 1249 3087 primatu.
1270 3017 1489 3073 Estillic
1515 3025 1571 3072 et
1597 3016 1741 3070 aliud
1765 3022 2185 3079 sacramentum,

597 3112 735 3182 quod
762 3112 806 3165 si
827 3110 920 3165 tibi
939 3110 1223 3165 obscurum
1246 3109 1422 3173 fuerit,
1448 3108 1568 3177 quia
1594 3108 1645 3161 iu
1672 3108 1863 3162 talibus
1886 3106 2190 3176 inquisitio-

598 3206 755 3261 nibus
787 3202 965 3258 minus
994 3203 1236 3258 eruditus
1276 3217 1357 3269 es,
1391 3217 1497 3257 non
1528 3202 1898 3267 contristeris,
1944 3212 2042 3252 nec
2068 3197 2189 3251 ideo
2224 3266 2227 3269 ἰ

2284 1982 2425 2037 illam
2459 1986 2660 2048 partem
2701 1976 2767 2030 ad
2799 1990 2899 2029 nos
2922 1980 3267 2036 convertere,
3297 1984 3400 2040 qua
3434 1985 3538 2023 non
3569 1968 3820 2022 illustratur

2280 2077 2452 2132 dunec
2481 2073 2547 2127 ad
2588 2086 2788 2127 cornua
2832 2071 3016 2124 redeat
3050 2080 3212 2138 atque
3242 2067 3367 2121 inde
3400 2063 3613 2119 omnino
3636 2076 3733 2116 non
3754 2073 3823 2128 ap-

2284 2176 2488 2239 pareat,
2519 2167 2642 2238 quia
2684 2176 2807 2219 tuuc
2850 2163 2939 2217 illa
2984 2176 3110 2231 pars
3146 2174 3268 2230 qua:
3296 2158 3597 2221 illustratur,
3637 2163 3822 2206 sursum

2282 2270 2367 2318 est
2395 2260 2460 2315 ad
2483 2263 2699 2321 caelum,
2730 2257 2795 2311 ad
2830 2265 3028 2311 terram
3068 2260 3273 2319 autem,
3301 2250 3383 2305 illa
3408 2263 3556 2318 quam
3586 2242 3825 2299 irradiare

2283 2353 2365 2409 sol
2408 2368 2513 2407 non
2546 2360 2742 2422 potest.
2791 2350 2929 2418 Ergo
2959 2355 3014 2402 et
3052 2331 3342 2402 secundum
3382 2340 3509 2395 hanc
3536 2338 3824 2407 opinionem

2286 2444 2411 2501 luna
2466 2443 2781 2516 intelligitur
2827 2440 3101 2505 Ecclesia,
3150 2436 3296 2509 quod
3341 2449 3484 2489 suum
3522 2432 3695 2485 lumen
3735 2440 3825 2483 non

2286 2538 2502 2605 habeat,
2535 2538 2628 2593 sed
2654 2538 2718 2590 ab
2750 2534 3025 2608 unigenito
3056 2532 3148 2588 Dei
3174 2529 3435 2599 Filio,qui
3464 2526 3631 2580 multis
3648 2519 3765 2578 locis
3783 2520 3819 2577 in

2287 2633 2488 2690 sanctis
2528 2630 2821 2701 Scripturis
2863 2628 3152 2698 allegorice
3190 2625 3268 2679 sol
3318 2621 3613 2692 appellatus
3639 2614 3815 2672 eSlilltl-

2288 2738 2513 2786 stratur.
2536 2728 2705 2794 Quem
2733 2726 3032 2780 nescientes
3055 2731 3109 2777 et
3128 2735 3355 2778 cernere
3377 2735 3485 2773 non
3507 2717 3716 2773 valentes
3736 2712 3811 2766 bat-

2288 2802 2441 2878 retici
2472 2820 2685 2889 quidam
2716 2815 2781 2871 ad
2825 2816 2983 2872 istum
3024 2816 3191 2870 solem
3235 2824 3564 2881 corporeum
3605 2820 3646 2863 et
3673 2804 3803 2860 visin

2290 2913 2414 2978 lem,
2446 2912 2586 2981 quod
2617 2925 2903 2967 commune
2946 2906 3130 2962 lumen
3161 2914 3241 2960 est
3281 2904 3473 2957 carnis
3505 2901 3719 2957 hominum
3742 2900 3801 2947 at-

2292 3023 2399 3078 que
2446 3021 2772 3066 muscarum,
2823 3017 3015 3057 sensus
3058 2999 3381 3069 simplicium
3428 3005 3665 3053 conantur
3692 3005 3807 3045 aver-

2294 3108 2407 3155 tere
2434 3138 2450 3164 ,
2498 3105 2553 3152 et
2593 3095 2969 3150 nonnullorum
3013 3099 3262 3147 avertunt
3291 3131 3308 3156 ,
3355 3088 3451 3156 qui
3501 3083 3705 3159 quandiu
3740 3092 3815 3135 non

2252 3200 2523 3265 possunt
2584 3189 2895 3243 interiorem
2958 3183 3131 3239 lucem
3190 3181 3443 3237 veritatis
3523 3185 3678 3234 mente
3724 3187 3818 3228 com

600 3316 688 3355 me
712 3307 867 3370 putes
884 3314 1003 3354 esse
1026 3267 1461 3368 meliorem,quia
1488 3296 1600 3350 haec
1621 3295 1673 3349 in
1690 3293 1879 3348 studiis
1897 3289 2192 3362 puerilibus
2219 3267 2265 3344 C
2300 3284 2456 3346 tueri,
2501 3279 2733 3349 simplici
2781 3280 2884 3334 ﬁde
2927 3275 3190 3333 catholica
3237 3273 3483 3329 contenti
3515 3285 3627 3327 esse
3661 3267 3819 3370 nolunt,

603 3390 763 3446 didici
798 3409 811 3446 :
846 3392 935 3462 qui
979 3392 1123 3446 enim
1169 3388 1447 3460 gloriatur,
1494 3389 1547 3443 in
1598 3385 1858 3453 Domino,
1915 3383 2192 3454 glorietur.

603 3511 674 3524 —-
699 3482 781 3538 Ea:
826 3486 932 3538 alio
984 3500 1248 3554 opere.—
1277 3482 1403 3537 Duae
1457 3488 1584 3537 sunt
1625 3479 1691 3534 de
1736 3478 1861 3532 luna
1900 3472 2188 3544 Opinioncs

606 3573 915 3642 probabiles
943 3592 956 3626 :
986 3572 1177 3627 harum
1207 3580 1384 3627 autem
1410 3587 1527 3641 qua:
1555 3586 1677 3626 vera
1712 3569 1802 3636 sit,
1831 3578 1924 3622 aut
1954 3582 2057 3621 non
2080 3581 2197 3620 om-

607 3666 756 3729 nino,
790 3676 879 3719 ant
902 3666 1218 3720 difﬁcillime
1250 3664 1483 3719 arbitror
1519 3678 1678 3734 posse
1708 3662 1982 3716 hominem
2030 3659 2192 3716 seire.

609 3752 741 3808 Cum
769 3754 911 3808 enim
950 3756 1209 3824 quaeritur
1245 3756 1388 3810 unde
1426 3756 1605 3809 lumen
1639 3754 1851 3817 haheat,
1884 3751 1976 3806 alii
2012 3750 2201 3804 dicunt

612 3858 767 3897 suum
794 3844 1013 3908 habere,
1060 3846 1153 3900 sed
1184 3845 1400 3914 globum
1430 3845 1545 3913 ejus
1577 3843 1857 3897 dimidium
1888 3843 2085 3906 lucere,
2117 3840 2201 3896 di-

611 3934 835 3991 midium
865 3944 1040 3992 autem
1078 3940 1366 3993 obscurum
1400 3950 1556 4003 esse;
1590 3936 1716 3990 dum
1749 3946 1923 3991 autem
1957 3944 2202 3991 movetur

609 4024 665 4082 in
693 4029 899 4085 circulo
930 4046 1027 4085 suo
1056 4029 1302 4085 eamdem
1344 4036 1551 4100 partem
1591 4044 1695 4098 qua
1736 4027 1898 4093 lucet,
1943 4027 2199 4098 paulatim

610 4118 677 4174 ad
718 4128 891 4175 terras
920 4122 1185 4187 converti,
1229 4128 1287 4176 ut
1318 4121 1488 4176 videri
1531 4135 1559 4174 a
1592 4120 1752 4175 nobis
1778 4121 1965 4188 possit,
1996 4129 2049 4173 et
2081 4119 2202 4173 ideo

611 4214 760 4281 prius
777 4213 931 4283 qua~i
951 4216 1336 4270 corniculatam
1354 4228 1634 4283 apparere.
1651 4213 1783 4267 Nam
1803 4220 1858 4267 et
1873 4212 1916 4265 si
1942 4212 2103 4267 iacias
2125 4212 2203 4280 pi-

610 4307 722 4361 lam
749 4324 815 4362 ex
845 4309 1063 4365 dimidia
1100 4321 1253 4379 parte
1278 4310 1565 4365 candidam
1593 4317 1650 4364 et
1673 4324 1740 4365 ex
1758 4308 1980 4364 dimidia
2010 4310 2205 4362 obscu-

616 4411 733 4452 ram
763 4415 775 4449 :
805 4394 850 4452 si
896 4414 1013 4452 eam
1060 4412 1263 4469 partem
1311 4418 1431 4473 quae
1478 4402 1709 4457 obscura
1741 4409 1820 4455 est
1868 4410 1991 4455 ante
2021 4399 2205 4455 oculos

615 4492 841 4562 habeas,
874 4495 1007 4549 nihil
1048 4497 1299 4551 candoris
1336 4492 1507 4563 vides,
1556 4506 1761 4553 etcum
1791 4497 2023 4564 coeperis
2059 4495 2204 4550 illam

618 4584 898 4639 candidam
942 4597 1145 4655 partem
1174 4587 1243 4642 ad
1272 4588 1459 4643 oculos
1488 4599 1821 4655 convertere,
1872 4588 1917 4643 si
1951 4587 2204 4656 paulatim
2245 4654 2251 4661 ι

2297 3391 2417 3447 quze
2447 3391 2550 3429 una
2602 3370 2833 3443 parvulis
2873 3371 3017 3426 salus
3058 3380 3160 3432 est,
3219 3375 3277 3423 et
3319 3380 3429 3437 quo
3486 3379 3591 3420 uno
3639 3363 3748 3415 lacte
3778 3352 3822 3410 ad

2300 3467 2606 3523 ﬁrmitatem
2655 3462 2924 3519 solidioris
2968 3460 3073 3518 cibi
3121 3471 3270 3516 certo
3311 3459 3509 3513 robore
3550 3452 3824 3527 pervenitur.

2300 3560 2566 3628 Quaelibet
2595 3572 2723 3629 ergo
2761 3556 2984 3611 duarum
3024 3556 3245 3609 istarum
3276 3550 3586 3622 opinionum
3618 3562 3728 3603 vera
3760 3543 3827 3607 sit,

2301 3653 2432 3709 illud
2460 3660 2607 3708 certe
2635 3648 2976 3705 manifestum
3015 3656 3119 3713 est,
3164 3654 3219 3701 et
3252 3645 3419 3700 cuivis
3460 3638 3743 3696 advertenti
3773 3633 3833 3689 ia-

2302 3747 2405 3801 cile
2432 3747 2730 3815 cognitum,
2753 3743 2894 3812 quod
2923 3742 3043 3795 luna
3074 3755 3179 3795 non
3205 3746 3454 3805 augeatur
3473 3732 3540 3789 ad
3566 3733 3742 3789 oculos
3763 3744 3839 3783 nu-

2303 3830 2470 3906 Stros,
2500 3832 2603 3892 nisi
2632 3852 2659 3889 a
2690 3837 2803 3891 sole
2836 3832 3160 3898 recedendo,
3191 3846 3352 3901 neque
3386 3827 3639 3881 minuatur
3662 3821 3763 3876 nisi
3790 3816 3847 3873 ad

2304 3934 2473 3988 solem
2521 3946 2589 3987 ex
2634 3931 2736 3984 alia
2783 3939 2935 4001 parte
2991 3923 3407 3998 propinquantis.
3454 3916 3674 3976 Attende
3717 3927 3849 3970 nunc

2304 4025 2447 4097 quod
2482 4026 2535 4079 in
2578 4022 2882 4080 Proverbiis
2921 4024 3143 4094 legimus
3176 4040 3187 4075 :
3217 4016 3438 4088 Sapiens
3474 4019 3606 4070 sicut
3633 4011 3714 4068 sul
3753 4024 3847 4081 pet-

2307 4128 2506 4186 manet,
2541 4120 2738 4173 stultus
2767 4126 2946 4172 autem
2987 4116 3125 4171 sicut
3166 4112 3317 4169 Luna
3358 4119 3609 4166 mutatur.
3660 4106 3727 4161 Et
3756 4104 3844 4173 quis

2308 4220 2393 4268 est
2435 4212 2650 4283 sapiens
2692 4211 2781 4280 qui
2823 4217 3136 4279 permanet,
3179 4209 3279 4262 nisi
3311 4206 3392 4262 sol
3434 4206 3525 4259 ille
3558 4194 3842 4273 justitiam

2306 4322 2415 4377 quo
2462 4306 2679 4371 dicitur,
2719 4302 2880 4359 Ortus
2901 4312 2983 4358 est
3008 4302 3136 4357 mihi
3162 4299 3383 4370 iustitiae
3406 4299 3515 4363 sol,
3542 4305 3597 4351 et
3620 4310 3755 4365 quem
3772 4286 3843 4342 sibi
3934 4290 3935 4301 ‘

2310 4413 2418 4453 non
2447 4398 2610 4454 fuisse
2638 4406 2814 4452 ortum
2838 4395 2893 4451 in
2925 4394 3013 4449 die
3045 4392 3335 4449 novissima
3372 4390 3686 4461 plangentes
3717 4378 3842 4451 impii.

2309 4492 2503 4547 dicturi
2543 4500 2667 4546 sunt
2701 4508 2715 4545 :
2750 4491 2814 4544 Et
2839 4489 3067 4561 iustitia}
3094 4490 3272 4542 lumen
3300 4501 3408 4540 non
3445 4485 3625 4540 illuxit
3653 4480 3843 4537 nubis,cl

2310 4585 2391 4639 sol
2424 4600 2529 4638 non
2557 4593 2706 4637 ortus
2735 4592 2818 4637 est
2846 4579 3045 4638 nobis?
3072 4578 3202 4635 Nam
3228 4578 3388 4634 istum
3422 4579 3614 4633 carnis
3636 4570 3764 4628 oculis
3783 4564 3842 4618 vi-

619 4671 807 4741 facias,
833 4679 1003 4745 primo
1028 4695 1226 4733 cornua
1255 4681 1508 4737 candoris
1538 4680 1765 4747 videbis,
1793 4680 1991 4735 deinde
2022 4680 2208 4749 paula-
2234 4665 2286 4726 Ῑ)
2312 4675 2521 4732 sibilem
2550 4677 2715 4730 solem
2758 4676 2885 4730 oriri
2912 4672 3039 4730 facit
3062 4689 3223 4743 super
3247 4673 3425 4729 bonos
3456 4682 3521 4727 et
3552 4671 3701 4725 malos
3722 4663 3848 4717 Deus.

620 4768 715 4821 tim
738 4768 954 4836 crescit,
995 4769 1169 4826 donec
1197 4781 1303 4827 tota
1338 4789 1458 4842 pars
1484 4773 1721 4828 candens
1750 4783 2053 4841 Opponatur
2080 4788 2209 4828 ocu-

617 4856 684 4914 lis
711 4870 765 4914 et
804 4860 935 4915 nihil
967 4862 1213 4921 obscura:
1236 4865 1455 4921 alterius
1488 4868 1656 4935 partis
1683 4866 1945 4920 videatur.
1975 4865 2128 4933 Quod
2162 4870 2208 4923 si

618 4968 937 5023 perseveres
961 4956 1135 5012 adhuc
1166 4959 1420 5028 paulatim
1440 4968 1781 5024 convertere,
1800 4960 1986 5027 incipit
2006 4960 2206 5015 obscu-

617 5043 749 5100 ritas
785 5060 1079 5116 apparere,
1118 5058 1172 5103 et
1214 5048 1418 5104 candor
1449 5051 1647 5115 minui,
1693 5051 1867 5107 donec
1906 5053 2100 5106 iterum
2141 5052 2209 5108 ad

618 5148 820 5190 cornua
844 5137 1047 5202 redeat,
1077 5148 1132 5193 et
1156 5151 1430 5209 postremo
1454 5148 1597 5196 totus
1621 5143 1689 5197 ab
1711 5143 1878 5199 oculis
1901 5153 2208 5209 avertatur,

623 5244 687 5283 ac
718 5246 905 5288 rursus
943 5235 1173 5288 obscura
1204 5234 1295 5288 illa
1327 5250 1450 5305 pars
1485 5237 1598 5290 sola
1632 5236 1803 5306 possit
1831 5236 2002 5291 videri
2030 5254 2042 5290 :
2068 5237 2212 5307 quod

623 5320 738 5377 ﬁeri
770 5324 973 5389 dicunt,
1000 5341 1122 5379 cum
1150 5314 1329 5380 lumen
1363 5325 1502 5382 luna:
1531 5328 1742 5384 videtur
1768 5343 2015 5384 crescere
2045 5342 2215 5397 usque

623 5414 690 5471 ad
722 5417 1225 5487 quintamdecimam
1264 5420 1464 5486 lunam,
1492 5431 1548 5477 et
1592 5436 1782 5477 rursus
1820 5438 1991 5492 usque
2020 5422 2085 5477 ad
2119 5422 2216 5478 tri-

626 5510 883 5565 cesimam
934 5512 1103 5566 minui
1155 5520 1208 5568 et
1262 5512 1440 5569 redire
1483 5514 1551 5568 ad
1591 5530 1829 5581 cornua,
1889 5517 2060 5572 donec
2122 5532 2213 5585 pe-

628 5598 773 5652 nitus
805 5597 933 5652 nihil
984 5600 1040 5653 in
1097 5615 1159 5656 ea
1203 5602 1338 5657 lucis
1385 5612 1664 5673 appareat.
1720 5604 2025 5660 Secundum
2078 5605 2216 5661 hanc

628 5690 938 5759 Opinionem
983 5690 1110 5748 luna
1152 5690 1207 5750 in
1256 5697 1511 5767 allegoria
1564 5697 1829 5767 signiﬁcat
1896 5699 2213 5767 Ecclesiam,

630 5781 774 5849 quod
803 5796 870 5838 ex
899 5794 1049 5854 parte
1078 5786 1304 5856 spiritali
1331 5788 1482 5855 lucet
1526 5788 1764 5845 Ecclesia
1798 5807 1813 5845 :
1841 5805 1908 5845 ex
1936 5800 2089 5862 parte
2116 5806 2217 5846 au-

635 5876 747 5926 tem
779 5875 982 5932 carnali
1012 5874 1241 5936 obscura
1268 5888 1373 5951 est,
1405 5886 1462 5937 et
1486 5878 1772 5953 aliquando
1799 5882 2056 5954 spiritalis
2094 5897 2219 5955 pare

2315 4769 2405 4839 qui
2438 4769 2598 4825 etiam
2644 4768 2777 4835 pluit
2815 4782 2979 4837 super
3017 4764 3191 4836 justus
3232 4773 3285 4818 et
3323 4763 3594 4833 injustos.
3642 4759 3853 4815 Ducum“!

2316 4869 2492 4915 autem
2516 4874 2728 4925 semper
2757 4875 2821 4913 ex
2844 4858 3005 4913 rebus
3029 4855 3330 4910 visibilibus
3360 4854 3430 4909 ad
3474 4851 3752 4910 invisibilia
3769 4859 3857 4898 cen-

2316 4968 2462 5023 grua:
2510 4950 2915 5006 similitudines.
2948 4949 3079 5017 Quis
3118 4961 3249 5018 ergo
3291 4947 3377 5001 est
3424 4946 3526 5001 ille
3573 4944 3773 5003 stultus,
3802 4930 3860 5002 qui

2321 5054 2572 5115 tanquam
2602 5045 2724 5098 luna
2747 5051 3004 5109 mutatur,
3033 5041 3137 5097 nisi
3168 5040 3337 5095 Adam
3362 5039 3417 5093 in
3444 5056 3569 5108 quo
3591 5050 3767 5093 omnes
3783 5040 3866 5101 pett

2319 5136 2615 5193 caverunt?
2642 5136 2830 5193 Anima
2852 5134 3052 5204 quippe
3081 5134 3312 5187 humana
3332 5131 3619 5186 recedens
3635 5146 3665 5184 a
3682 5127 3779 5183 sole
3795 5123 3869 5192 ius-

2314 5232 2465 5296 titiae,
2497 5232 2564 5285 ab
2593 5230 2678 5285 illa
2719 5228 2928 5284 scilicet
2970 5238 3178 5282 interna
3207 5225 3693 5293 contemplatione
3723 5224 3876 5276 incum-

2313 5324 2585 5381 mutabilis
2608 5322 2873 5387 veritatis,
2902 5333 3093 5375 omnes
3121 5318 3264 5373 vires
3292 5332 3421 5371 suas
3450 5318 3514 5372 in
3552 5328 3765 5372 terrena
3783 5322 3879 5365 con-

2312 5418 2491 5484 vertit,
2514 5428 2568 5472 et
2592 5432 2657 5471 eo
2688 5415 2859 5483 magis
2887 5413 3163 5482 magisque
3192 5411 3532 5465 obscuratur
3567 5412 3626 5465 in
3661 5402 3885 5463 interiore

2314 5511 2417 5569 bus
2441 5525 2504 5564 ac
2532 5507 2898 5577 superioribus
2927 5505 3067 5560 suis:
3090 5503 3184 5559 sed
3207 5516 3331 5559 cum
3362 5500 3566 5557 redire
3609 5496 3824 5571 ceperit
3846 5488 3889 5543 ad

2316 5602 2463 5658 illam
2495 5594 2983 5656 incommutabilem
3024 5593 3381 5664 sapientiam,
3421 5603 3659 5663 quanto
3699 5583 3896 5659 magisei

2318 5695 2639 5766 pr0pinquat
2686 5691 2882 5747 aﬁ'ectu
2936 5688 3183 5759 pietatis,
3241 5692 3395 5741 tanto
3452 5687 3658 5757 magis
3705 5682 3899 5741 exterior

2322 5788 2485 5842 homo
2520 5787 2908 5856 corrumpitur,
2939 5783 3036 5840 sed
3066 5781 3294 5838 interior
3320 5792 3649 5839 renovatur
3675 5781 3747 5837 de
3771 5778 3848 5833 die
3870 5775 3907 5826 in

2322 5876 2493 5950 diem,
2517 5878 2801 5950 omnisque
2827 5877 2919 5935 lux
2934 5875 3025 5934 illa
3046 5872 3248 5947 ingenii
3269 5886 3391 5945 qua:
3408 5871 3490 5930 ad
3521 5874 3800 5932 inferiora
3818 5880 3908 5923 ver-
