3968 6390
177 381 281 439 757

181 697 373 757 riatur,
401 697 458 745 et
482 684 587 739 vita
616 678 734 747 ejus
778 647 1136 727 abscondatur
1165 674 1286 715 cum
1312 653 1527 710 Christo
1556 650 1607 705 in
1636 647 1771 706 Deo;

184 790 420 844 Mutatur
451 790 583 851 ergo
612 772 667 826 in
698 762 940 822 deterius
979 755 1046 812 ad
1088 752 1355 810 exteriora
1399 740 1769 816 progrediens,

180 892 235 940 et
267 881 323 936 in
353 876 461 930 vita
490 884 586 925 sua
619 860 911 937 projiciens
937 852 1123 908 intima
1148 862 1268 913 sua,
1302 841 1484 900 ethoc
1513 848 1692 905 terrm,
1719 833 1774 891 id

182 983 268 1032 est
281 970 363 1027 eis
375 962 465 1040 qui
482 971 695 1018 terrena
711 968 766 1009 sa
776 950 927 1021 piunt
938 944 1130 1001 melius
1144 937 1380 1004 videtur,
1392 948 1513 989 cum
1526 929 1775 985 laudatur

183 1073 442 1142 peccator
472 1055 528 1112 in
553 1046 845 1109 desideriis
878 1040 1070 1095 animae
1098 1048 1233 1095 sum,
1260 1040 1314 1086 et
1340 1028 1431 1099 qui
1468 1024 1647 1095 iniqua
1684 1034 1776 1092 ge-

702 1139 744 1142 η
1040 1140 1045 1142 _
1161 1127 1173 1140 .
1260 1122 1435 1142 __A,,A__
1469 1133 1580 1142 ,η-
1606 1116 1776 1142 hum

181 1116 278 1224 iit,
306 1147 666 1209 benedicitur.
700 1139 937 1197 Mutatur
963 1140 1140 1187 autem
1160 1127 1214 1182 in
1246 1122 1438 1179 melius
1464 1133 1582 1174 cum
1606 1116 1779 1170 inten-

183 1255 392 1309 tionem
421 1256 574 1300 suam
599 1245 655 1293 et
681 1232 906 1307 gloriam
944 1239 975 1279 a
1002 1219 1252 1285 ferrenis,
1292 1229 1411 1287 quae
1457 1212 1510 1266 in
1541 1209 1646 1263 hoc
1672 1219 1778 1260 sae-

184 1347 313 1403 cuio
340 1339 601 1411 apparent
632 1299 888 1402 paulatim
926 1316 1162 1381 avertit,
1200 1320 1256 1365 et
1286 1308 1349 1362 ad
1390 1299 1669 1373 superiora
1702 1299 1783 1369 [et

186 1390 309 1403 νν¹¹ν
341 1390 438 1411 "l’r
468 1390 473 1391 ’
522 1390 529 1391 ί
636 1390 651 1402 ι

185 1434 471 1507 superiora
497 1427 565 1483 ab
603 1416 953 1482 inferioribus
996 1402 1284 1474 convertit]
1323 1411 1484 1470 atque
1525 1390 1782 1450 interiora

187 1525 482 1589 convertit,
534 1528 591 1575 et
626 1517 727 1571 hoc
768 1521 949 1575 terrae,
1000 1502 1053 1558 id
1083 1506 1167 1554 est
1199 1495 1277 1552 eis
1309 1492 1400 1564 qui
1446 1499 1657 1545 terrena
1699 1498 1785 1539 sa-

187 1622 347 1692 piunt
402 1612 642 1671 deterius
698 1602 935 1658 videtur.
994 1590 1148 1650 Unde
1188 1588 1261 1642 illi
1308 1581 1460 1652 impii
1509 1586 1785 1650 postremo

188 1711 585 1769 infructuosam
628 1705 851 1770 agentes
890 1683 1261 1761 pmnitentiam
1296 1677 1457 1732 etiam
1504 1673 1605 1727 hoc
1643 1668 1785 1723 inter

188 1802 366 1861 multa
396 1792 589 1853 dicturi
631 1759 792 1845 sunt:
825 1759 903 1841 Hi
937 1786 1063 1837 sunt
1090 1788 1225 1847 quos
1273 1765 1558 1840 aliquando
1597 1759 1786 1816 habui-

1324 328 1327 329 ’
1392 312 1824 404 msswnus.
1860 316 2018 397 car.
2058 335 2299 395 cxxvt.

180 386 281 439 757
1401 386 1824 404 auum-ww...
1866 386 1980 397 ν...-
2002 386 2018 395 .
2064 386 2202 395 η---
2223 386 2298 395 ._-

180 504 341 583 gebat
366 497 434 556 ad
465 491 742 565 superiora
764 468 1120 541 convertitur,
1141 479 1198 528 et
1217 484 1249 525 a
1270 465 1500 523 terrenis
1520 459 1779 534 quodam-
1805 460 1861 523 Α
1885 462 2000 533 spei
2030 446 2195 517 futuri
2224 444 2434 522 saeculi,
2455 432 2513 507 in
2538 432 2682 506 dono
2718 432 3026 516 septenario
3057 428 3292 508 Spiritus
3319 386 3475 491 san-1P

884 578 899 583 ’
1082 570 1094 581 ’
1216 582 1223 583 “
1268 564 1287 583 ’⁷
1308 564 1386 583 ⁷⁷’“
1421 559 1613 583 ““·“¹¹“
1651 570 1767 583 “Mr
1876 558 1941 583 *⁸³
1996 570 2091 583 ἰλ-ι
2119 553 2345 583 πλη-ἰω
2376 543 2655 583 arbitrium
2685 514 3028 583 destruatur?
3054 526 3136 583 Ob
3174 525 3278 582 hoc
3301 523 3453 581 enim

179 558 344 662 r'nodo
383 591 646 653 aufertur,
674 592 733 639 ut
762 578 929 650 magis
958 570 1234 642 magisque
1266 564 1390 620 huic
1418 559 1616 616 saeculo
1651 570 1770 611 mo-
1871 558 1966 624 ριῑ,

1872 652 2243 708 circumeunte
2280 656 2427 707 arca,
2474 652 2580 693 non
2625 630 2859 703 impulsu
2896 624 3135 682 violento
3169 614 3246 675 illi
3288 612 3456 683 muri,

3339 311 3445 371 758

1996 514 2346 627 pett-liberum
2375 514 2656 603 arbitrium
2685 514 3028 595 destruatur?
3054 526 3136 587 0b
3174 525 3278 582 hoc
3301 523 3453 581 enim

1875 744 1975 801 sed
2005 747 2201 815 sponte
2222 705 2556 793 Ceciderunt.
2594 727 2734 783 Sunt
2759 730 2816 780 et
2843 720 2949 776 alia
2974 710 3279 773 testimonia
3305 705 3458 763 Scri-

1877 849 2175 913 pturarum,
2222 845 2346 902 qua:
2388 814 2547 883 nobis
2587 816 2840 893 ingerunt
2868 828 2965 885 per
2989 798 3461 866 commemoratio-

1879 946 2001 988 nem
2031 929 2169 984 luna:
2201 919 2457 979 Ecclesia:
2486 904 2929 987 significationem
2959 915 3080 974 quas
3109 897 3161 953 in
3194 896 3293 950 ista
3317 904 3463 946 mor-

1880 1018 2087 1082 talitate
2115 1018 2183 1073 ab
2203 1016 2292 1071 illa
2317 1007 2672 1072 Hierusalem,
2700 1000 2857 1072 cujus
2881 998 3029 1053 cives
3058 984 3230 1045 sancti
3262 978 3461 1052 angeli,
3526 1028 3531 1033 ,

1881 1118 1935 1175 in
1963 1109 2217 1170 aerumnis
2245 1114 2299 1162 et
2336 1100 2610 1160 laboribus
2650 1093 3042 1166 peregrinatur.
3080 1081 3198 1139 Non
3234 1076 3356 1133 ideo
3388 1082 3469 1127 ta-

1883 1223 2006 1265 men
2040 1213 2226 1275 putare
2251 1198 2451 1254 debent
2493 1191 2641 1247 stulti
2672 1187 2764 1258 qui
2800 1183 2990 1239 nolunt
3014 1179 3068 1233 in
3099 1172 3290 1229 melius
3317 1178 3469 1222 com-

1886 1299 2081 1358 mutari
2105 1290 2379 1350 adoranda
2404 1300 2526 1342 esse
2553 1285 2653 1337 ista
2676 1274 2985 1336 luminaria,
3011 1269 3135 1341 quia
3163 1262 3377 1319 ducitur
3400 1270 3472 1312 ex

1886 1399 1964 1453 eis
1991 1387 2280 1462 aliquando
2326 1375 2654 1440 similitudo,
2703 1372 2772 1426 ad
2814 1367 2991 1423 divina
3036 1354 3293 1431 mysteria
3340 1352 3475 1421 figu-

1888 1488 2088 1550 randa;
2129 1498 2197 1538 ex
2232 1476 2379 1534 omni
2422 1472 2565 1529 enim
2597 1474 2841 1523 creatura
2870 1457 3104 1515 ducitur.
3136 1448 3245 1505 Nec
3270 1448 3389 1501 ideo
3420 1443 3477 1498 in

1890 1578 2214 1638 sententiam
2259 1563 2622 1627 damnationis
2664 1558 2927 1614 debemus
2957 1551 3183 1612 irruere,
3231 1552 3353 1611 qua:
3381 1549 3480 1591 ore

1892 1672 2204 1746 Apostolico
2250 1665 2319 1721 de
2367 1656 2686 1735 quibusdam
2732 1649 3021 1722 profertur,
3057 1640 3151 1711 qui
3194 1636 3483 1693 coluerunt

1892 1720 2195 1746 "r"-"--"
2308 1720 2311 1721 ν
2386 1720 2400 1735 ι
2736 1720 2749 1722 -

1891 1776 1948 1825 et
1986 1762 2296 1823 servierunt
2333 1759 2595 1811 creaturae
2638 1744 2815 1815 potius
2861 1752 3023 1807 quam
3072 1727 3338 1793 Creatori,
3389 1720 3485 1791 qui

191 1820 366 1861 murta
396 1820 589 1853 UICIUTI
631 1820 755 1845 auus
781 1829 792 1839 .
828 1820 891 1841 ιιι
938 1820 1063 1837 συ...
1092 1820 1224 1847 Ὶυυ-
1274 1820 1431 1840 ηητη

191 1908 319 1950 mus
346 1892 398 1945 in
420 1889 588 1944 risum
617 1880 745 1937 etin
766 1870 1176 1933 similitudinem
1207 1856 1539 1931 improperii.
1571 1853 1679 1908 Nos
1702 1851 1785 1904 iu-
1813 1857 1825 1920 1

1929 1868 1975 1915 st
2002 1853 2317 1911 benedictus
2348 1849 2402 1902 in
2434 1843 2655 1899 smcula.
2698 1838 2849 1892 Sicut
2884 1830 3028 1885 enim
3061 1838 3168 1880 non
3196 1820 3485 1875 adoramus

2344 1943 2355 1950 ·
2430 1938 2463 1950 ι’
2507 1947 2516 1950 -
2647 1932 2681 1950 9-
2716 1919 3001 1950 IA‘L_:.....-‘I
3025 1929 3071 1950 ,ι
3115 1916 3289 1950 Annua
3317 1919 3372 1950 pl
3398 1907 3485 1950 Vi-

193 1981 401 2043 sensati
432 1979 594 2034 vitam
616 1972 830 2028 illorum
852 1961 1250 2021 mstimabamus
1278 1951 1564 2008 insaniam.
1590 1944 1667 2000 Ac
1697 1956 1790 2011 per

196 2035 463 2147 hoc—'83
516 2064 750 2138 Spiritus
807 2068 1023 2114 sanctus
1073 2052 1141 2107 de
1186 2045 1487 2104 visibiiibus
1534 2039 1599 2094 ad
1652 2035 1793 2092 invi-

198 2166 401 2229 sibilia,
452 2171 507 2217 et
554 2158 624 2213 de
652 2148 1019 2222 corporalibus
1051 2143 1119 2197 ad
1156 2136 1414 2209 spiritalia
1460 2134 1796 2188 sacramenta

200 2256 608 2317 similitudinem
650 2249 874 2309 ducens,
910 2238 1194 2297 transitum
1236 2234 1409 2300 illum,
1451 2227 1520 2282 de
1551 2225 1650 2278 alia
1689 2220 1798 2275 vita

203 2354 263 2410 in
288 2354 445 2406 aliam
477 2347 640 2402 vitam
671 2339 815 2411 quod
850 2334 1055 2391 Pascha
1087 2328 1416 2389 nominatur,
1459 2334 1489 2371 a
1516 2313 1802 2386 quartade-

207 2443 347 2499 cima
392 2441 519 2495 luna
558 2433 730 2489 voluit
776 2423 1074 2490 observari,
1128 2428 1187 2474 ut
1218 2431 1324 2471 non
1372 2412 1544 2467 solum
1589 2414 1807 2476 pr0pter

210 2545 428 2606 tempus
451 2530 690 2590 tertium,
721 2522 861 2591 quod
884 2532 1044 2587 supra
1071 2504 1510 2569 commemoravi,
1541 2499 1665 2571 quia
1686 2495 1810 2551 inde

208 2628 402 2699 incipit
450 2590 788 2679 hebdomada
833 2612 1012 2676 tertia,
1056 2606 1150 2662 sed
1180 2603 1339 2659 etiam
1375 2604 1594 2667 propter
1641 2590 1813 2659 ipsam

210 2720 628 2779 conversionem
659 2712 728 2766 ab
757 2702 1117 2764 exterioribus
1165 2696 1232 2751 ad
1277 2690 1555 2751 interiora,
1598 2682 1813 2738 deluna

213 2810 514 2872 similitudo
564 2808 955 2863 assumeretur,
1008 2804 1181 2862 usque
1219 2786 1287 2842 ad
1330 2780 1642 2838 vicesimam
1685 2784 1816 2827 vero

214 2916 274 2966 et
314 2906 542 2979 primum
598 2904 817 2970 propter
861 2895 1033 2962 ipsum
1089 2893 1373 2939 numerum
1423 2867 1813 2944 septenarium,

218 2955 273 2966 V'
315 2955 541 2979 I'"""""
599 2955 617 2970 ι
701 2955 716 2967 ι
882 2955 896 2962 -

216 3017 329 3076 quo
380 2990 752 3054 universitatis
806 2981 1129 3057 significatio
1195 2988 1340 3043 smpe
1392 2969 1672 3039 ﬁguratur,
1726 2955 1819 3029 qui

220 3051 324 3076 ‘1"
388 3051 449 3054 ‘_"
856 3051 880 3057 ν

218 3095 384 3151 etiam
412 3087 514 3157 ipsi
546 3082 801 3140 Bedes-te
836 3075 1109 3135 tribuitur,
1151 3073 1373 3139 propter
1402 3060 1572 3113 instar
1601 3051 1820 3106 univer-

222 3187 421 3246 sitatis.
479 3182 604 3237 ltleo
660 3166 895 3232 Jonnnes
945 3164 1223 3236 apostolus
1270 3160 1324 3211 in
1380 3144 1707 3222 Apocalypsi
1752 3138 1822 3195 ad

216 3286 429 3349 septem
454 3270 641 3349 scribit
668 3262 960 3321 Ecclesias.
983 3233 1237 3312 iEcclesia
1266 3260 1398 3302 vero
1430 3241 1606 3296 adhuc
1635 3238 1689 3289 in
1712 3233 1815 3287 ista
1845 3250 1895 3317 ο
1926 3263 2091 3317 ωιτη,

1389 3336 1403 3349 .
1526 3347 1551 3349 ._
1590 3346 1616 3349 __
1645 3323 1789 3349 “hu

225 3323 428 3349 μνη---
454 3323 475 3328 -
518 3323 531 3325 _
566 3323 584 3325 ,-

225 3323 561 3429 mortalita‘te
590 3357 771 3416 carnis
799 3351 1108 3411 constituta,
1141 3350 1360 3414 propter
1389 3336 1558 3405 ipsam
1588 3323 1821 3383 mutabi—

231 3456 438 3519 litatem
458 3458 597 3512 luna!
612 3451 852 3511 nomine,
871 3445 923 3498 in
946 3436 1240 3510 Scripturis
1252 3424 1539 3506 [signatur]
1557 3420 1827 3493 significa-

236 3565 342 3611 tur.
360 3549 512 3607 Unde
529 3550 612 3600 cst
627 3540 755 3597 illud
780 3555 795 3592 :
820 3526 1387 3595 Paraveruntsagittas
1411 3533 1535 3572 suas
1559 3518 1613 3568 in
1636 3513 1829 3582 pltare-

237 3658 342 3713 tra,
375 3654 433 3699 ut
463 3640 714 3713 sagittent
754 3633 807 3687 in
839 3627 1066 3685 obscura
1096 3623 1222 3677 luna
1250 3623 1429 3673 rectos
1458 3607 1643 3666 corde.
1674 3603 1834 3659 Prius

240 3699 381 3801 enim
394 3699 554 3810 quani
570 3726 801 3787 [iatillud
815 3723 957 3797 quod
972 3719 1099 3776 dicit
1114 3710 1419 3786 Apostolus,
1441 3708 1572 3761 Cum
1587 3699 1835 3756 Christus

243 3826 551 3904 apparuerit
571 3826 678 3879 vita
700 3792 906 3884 veStra,
932 3825 1059 3869 tunc
1082 3816 1140 3867 et
1161 3821 1256 3863 vos
1274 3817 1401 3861 cum
1432 3792 1595 3873 [ipso]
1625 3792 1715 3848 illo
1741 3802 1837 3860 ap-

245 3922 509 3998 parebitis
537 3920 590 3974 in
620 3913 811 3989 gloria,
838 3908 1069 3966 obscura
1100 3903 1311 3957 videtur
1334 3888 1580 3951 Ecclesia
1617 3887 1670 3943 in
1704 3894 1839 3940 tem-

250 4033 383 4092 pore
424 4004 870 4085 peregrinationis
914 4015 1050 4064 sum,
1095 3998 1237 4051 inter
1283 3991 1479 4046 multas
1526 3980 1842 4051 iniquitates

255 4119 497 4180 gemens,
531 4110 585 4157 ct
612 4107 738 4153 tunc
764 4100 889 4151 sunt
921 4090 1172 4147 timendae
1215 4081 1428 4139 insidiae
1459 4074 1729 4129 fallaciutn
1758 4082 1845 4123 se-

1146 4178 1152 4180 ‘
1394 4171 1406 4180 '
1458 4177 1465 4180 λ
1509 4167 1559 4180 ¹¹⁶
1603 4164 1616 4180 ο
1654 4156 1820 4180 -μ-1--1ι.

255 4156 496 4180 ον---νηη

255 4200 563 4259 ductorum,
607 4188 740 4259 quas
777 4184 995 4241 nomine
1042 4178 1358 4248 sagittarum
1393 4164 1621 4235 intelligi
1653 4156 1844 4217 voluit.

258 4282 413 4349 Unde
443 4288 550 4342 alio
571 4286 690 4340 loco
714 4286 932 4352 praptcr
960 4277 1177 4329 nuntios
1208 4264 1551 4322 ﬁdelissimos
1578 4253 1849 4319 veritatis,

259 4398 395 4455 quos
416 4381 614 4450 ubique
632 4375 769 4447 parit
790 4368 1057 4431 Ecclesia,
1073 4364 1269 4419 dicitur
1290 4359 1436 4415 Luna
1459 4354 1614 4410 testis
1635 4350 1689 4405 in
1712 4344 1854 4402 cmlo

260 4430 394 4455 ‹.--ς--
419 4430 610 4450 -ς--ν.--
634 4430 655 4447 τ
1046 4430 1051 4431 ,

211 4529 216 4531 _
260 4474 459 4533 fidelis.
486 4471 693 4526 Etcum
736 4464 805 4520 de
827 4472 993 4532 regno
1015 4451 1229 4513 Domini
1262 4446 1539 4521 psaltnista
1563 4430 1857 4515 [cantaret]

262 4573 507 4631 caneret,
556 4560 793 4622 Orietur,
843 4529 1033 4625 inquit,
1079 4550 1137 4605 in
1174 4546 1365 4601 diebus
1401 4540 1521 4610 ejus
1556 4534 1765 4606 iustitia
1803 4536 1861 4589 et
1894 4529 1906 4543 ’

1895 1967 2110 2029 pecora,
2142 1943 2387 2019 quamvis
2412 1938 2589 1995 dictus
2618 1932 2688 1988 sit
2716 1919 3003 2003 [Christus]
3024 1929 3079 1975 et
3108 1916 3290 1985 Agnus
3317 1919 3374 1966 et
3398 1907 3491 1963 Vi-

2642 2027 2654 2029 ’
2861 2020 2872 2029 ⁸
2930 2016 2951 2029 '
3076 2012 3120 2029 Ἀ
3159 2008 3297 2029 ι-Ξιιη
3334 2002 3461 2029 ἰηι-Ιιι

1897 2002 2065 2116 iuius,
2106 2060 2207 2099 nec
2234 2040 2429 2101 feram,
2463 2031 2585 2101 quia
2626 2002 2803 2081 dictus
2831 2020 2901 2075 sit
2930 2016 3040 2072 Leo
3061 2012 3129 2067 de
3159 2008 3300 2064 tribu
3328 2002 3490 2068 Juda,

1900 2157 2001 2199 nec
2029 2137 2258 2209 lapides,
2282 2131 2406 2202 quia
2448 2125 2609 2181 Petra
2649 2126 2766 2174 erat
2799 2111 3072 2171 Christus,
3110 2115 3213 2159 nec
3248 2103 3494 2154 montem

1900 2188 2001 2199 ""v
2030 2188 2203 2209 '*r'—'
2243 2188 2257 2201 ν
2302 2188 2314 2202 ι

1900 2235 2053 2293 Sion,
2078 2243 2202 2300 (lilia
2229 2228 2284 2280 in
2315 2225 2434 2293 ipso
2465 2219 2725 2287 figuratur
2760 2206 3039 2267 Ecclesia;
3075 2197 3154 2251 sic
3184 2206 3287 2248 nec
3323 2188 3499 2245 solent

1906 2341 2005 2381 nec
2037 2324 2243 2386 lunam,
2272 2310 2523 2383 quamvis
2544 2321 2614 2361 ex
2644 2317 2706 2359 ea
2731 2295 2939 2356 cmlesti
2968 2298 3244 2349 creatura,
3264 2284 3408 2337 sicut
3428 2292 3501 2333 ex

1909 2417 2091 2476 multis
2108 2406 2453 2468 terrestribus
2466 2402 2925 2457 sacramentorum
2942 2385 3151 2456 figuris,
3165 2375 3233 2431 ad
3246 2373 3503 2429 informa-

1912 2513 2091 2567 tiones
2115 2504 2369 2576 mysticas
2392 2498 2761 2550 assumuntur.
2784 2484 2900 2539 Non
2922 2478 3084 2549 igitur
3107 2484 3207 2527 nos
3222 2467 3290 2522 de
3317 2462 3432 2520 sole
3448 2467 3507 2516 et

1916 2607 2044 2664 luna
2074 2599 2268 2656 annuis
2309 2586 2673 2650 menstruisve
2714 2574 3047 2647 temporibus
3087 2565 3358 2622 actionum
3403 2567 3508 2610 no.

1919 2710 2153 2757 strarum
2187 2698 2379 2748 eventa
2422 2679 2765 2753 conjicimtts,
2802 2686 2869 2725 ne
2896 2669 2951 2723 in
2982 2664 3106 2719 vitae
3138 2658 3387 2713 humana:
3413 2661 3511 2719 pe-

1921 2786 2326 2853 ῐὶευιοεὶς›ἱιι)ἱε
2350 2771 2759 2843 tempestatibus
2783 2774 3035 2833 tanquam
3059 2756 3112 2812 in
3135 2748 3387 2820 scopulos
3413 2742 3515 2797 mi-

1919 2903 2058 2947 serae
2074 2871 2395 2958 [servitutis]
2419 2868 2679 2928 servitute
2706 2859 2852 2922 illisi.
2880 2871 2909 2910 a
2933 2853 3104 2910 lib-ro
3128 2841 3352 2901 arbitrio
3381 2851 3516 2893 nau-

2890 2947 2904 2958 ‘
2984 2943 3034 2958 "‘
3080 2938 3264 2958 κᾼὶλρ-
3324 2927 3516 2958 -zmm,

1923 2927 2197 3048 frageltttus
2221 2987 2236 3024 :
2261 2966 2356 3023 sed
2376 2927 2451 3019 ad
2483 2975 2596 3016 rem
2626 2961 2837 3012 sacrate
2861 2938 3292 3020 signiﬁcandam,
3323 2927 3520 2987 simili-

1924 3014 2197 3048 Ιιυδυιιιυν
2222 3014 2236 3024 υ
2262 3014 2356 3023 ..ν-
2385 3014 2451 3019 __
2485 3014 2497 3016 _
2522 3014 2535 3016 γ
2914 3014 2937 3020 ν

1924 3069 2144 3126 tudines
2182 3069 2333 3131 aptas
2388 3047 2796 3122 religiosissima
2838 3036 3124 3096 dchtione
3169 3014 3545 3095 suscipimus,

3044 3126 3055 3131 -
3169 3119 3186 3131 ·
3372 3113 3385 3131 9
3460 3111 3519 3131 ι-

1926 3164 2068 3219 sicut
2124 3155 2194 3210 de
2247 3159 2444 3207 caetera
2494 3147 2770 3207 creatura,
2818 3131 2887 3188 de
2915 3126 3112 3195 ventis,
3154 3119 3226 3176 de
3255 3113 3413 3185 mari,
3453 3111 3525 3167 de

2123 3202 2193 3302 de
2236 3202 2566 3302 volatilibus,
2596 3232 2665 3287 de
2710 3202 2970 3303 piscibus,
3003 3217 3084 3303 de
3112 3209 3421 3285 pecoribus,
3452 3202 3525 3260 de

1925 3300 2248 3408 arbutrib—u's,
2302 3338 2371 3393 de
2418 3300 2769 3390 hominibus,
2828 3320 2898 3377 ad
2945 3300 3252 3373 sermonem
3308 3301 3529 3376 quidem

1932 3437 2327 3511 multipliciter,
2376 3426 2445 3482 ad
2502 3420 2923 3479 celebrationem
2980 3422 3113 3465 vero
3158 3406 3533 3461 sacramento-

2545 3508 2549 3511 ’
3014 3502 3025 3511 ·
3092 3498 3104 3511 ¹
3290 3492 3423 3511 -!_-_.
3467 3488 3533 3511 Δ-

1933 3549 2055 3593 rum
2100 3530 2211 3601 jam
2250 3508 2549 3580 christiana
2583 3513 2833 3571 libertate
2884 3498 3244 3571 parcissime;
3286 3492 3427 3547 sicut
3463 3488 3536 3544 de

1936 3582 2199 3700 aqua,‘de
2239 3617 2534 3678 frumento,
2588 3608 2656 3662 de
2684 3603 2834 3665 vino,
2874 3598 2943 3654 de
2983 3592 3127 3649 oleo.
3176 3588 3236 3643 In
3276 3582 3540 3640 servitute

1936 3678 2053 3700 -τν
2082 3678 2097 3695 ι

1936 3728 2119 3777 autem
2150 3711 2352 3769 veteris
2382 3700 2563 3775 populi
2589 3695 2756 3755 multa
2779 3692 2941 3749 etiam
2965 3681 3228 3742 celebrari
3274 3678 3543 3745 imperata

1938 3821 2086 3879 sunt,
2120 3821 2241 3878 qua:
2267 3770 2422 3857 nobis
2448 3770 2822 3852 tantummodo
2848 3775 3199 3850 intelligenda
3229 3770 3543 3828 traduntur.

1940 3907 2052 3970 Sed
2078 3908 2338 3975 quantum
2381 3889 2596 3949 intersit
2643 3885 2786 3943 inter
2831 3873 3238 3935 observationes
3278 3863 3546 3928 siderum,

2884 3971 2896 3975 _
3125 3962 3137 3975 ,
3216 3967 3229 3975 _
3274 3952 3518 3975 ___,“,_

1950 3999 2020 4055 ad
2050 3952 2226 4051 agrias
2258 3985 2550 4057 qualitates
2582 3971 3057 4039 accommodatas,
3094 3962 3235 4017 sicut
3272 3952 3548 4025 agricolae,

1945 4089 2034 4147 vel
2065 4095 2242 4141 nautae
2268 4044 2592 4134 observant:
2616 4075 2709 4122 aut
2728 4057 3092 4138 adnotandas
3123 4059 3304 4121 partes
3334 4044 3547 4111 mundi,

1952 4135 2287 4244 cursumque
2317 4168 2497 4236 aliquo
2527 4168 2583 4218 et
2611 4135 2861 4213 alicunde
2887 4143 3245 4217 dirigentium,
3275 4135 3419 4209 quod
3446 4149 3551 4203 gu-

1950 4228 2276 4330 bernatores
2301 4258 2516 4316 navium
2559 4250 2779 4315 faciunt,
2809 4252 2866 4302 et
2900 4242 2954 4297 hi
2984 4238 3075 4312 qui
3107 4250 3203 4307 per
3231 4228 3554 4288 solitudines

1955 4376 2214 4423 arenosas
2274 4355 2331 4412 in
2382 4350 2637 4407 interiora
2686 4338 2920 4406 Austri,
2973 4330 3120 4395 nulla
3166 4335 3317 4386 certa
3358 4322 3556 4381 semita

1958 4411 2651 4532 [vel-recta]gradiuntur;
2687 4442 2780 4490 aut
2816 4430 2962 4507 [cum
2995 4422 3063 4481 ad
3090 4412 3321 4495 aliquid]
3349 4411 3556 4485 aliquid

1962 4508 2019 4609 in
2045 4508 2444 4607 doctrinavutili
2476 4537 2701 4607 ﬁgurate
2740 4518 3175 4599 significandum,
3227 4512 3288 4569 fit
3324 4508 3557 4567 nonnul-

262 4657 592 4719 abuudautia
645 4654 796 4725 pacis
817 4693 833 4719 ,
880 4643 1059 4719 quoad
1102 4654 1273 4709 usque
1316 4630 1669 4691 interficiatur
1698 4625 1858 4725 luna.
1884 4624 1943 4695 Β
1966 4649 2143 4711 lorum
2166 4640 2407 4699 siderum
2430 4632 2609 4702 aliqua
2632 4616 3108 4683 commemoratio;
3138 4620 3397 4683 quantum
3425 4618 3559 4677 ergo

2574 4720 2623 4725 .--
2834 4724 2839 4725 ,
2985 4704 3432 4725 --__A_a___.:......
3484 4695 3552 4725 ΑιΙ

264 4755 320 4814 id
362 4762 445 4811 est
487 4718 824 4805 abundantia
863 4718 1031 4811 pacis,
1071 4735 1125 4791 in
1158 4740 1364 4789 tantum
1409 4732 1639 4789 crescet,
1684 4718 1861 4775 donec

266 4861 487 4907 omnem
533 4838 951 4899 mutabilitatem
1003 4823 1343 4885 mortalitatis
1388 4819 1660 4875 absumat.
1710 4811 1864 4873 Tune

271 4943 568 5005 novissima
591 4935 810 4995 inimica
839 4930 1149 4986 destruetur
1185 4934 1332 4975 mors
1352 4958 1367 4982 ,
1398 4924 1454 4971 et
1480 4904 1738 4983 quidquid
1768 4918 1865 4960 no-

272 5042 358 5098 bis
396 5033 601 5094 rcsistit
644 5046 713 5086 ex
756 5023 1066 5082 inﬁrmitate
1104 5012 1304 5079 carnis,
1357 5007 1502 5065 unde
1550 5003 1705 5061 nobis
1744 5015 1867 5070 per-

275 5134 416 5191 fecta
464 5142 572 5200 pax
614 5119 851 5179 nondum
894 5124 1001 5182 est,
1046 5110 1398 5166 consumetur
1443 5098 1683 5161 omnino,
1740 5106 1862 5147 cum

277 5216 630 5291 corruptibile
657 5214 759 5269 hoc
783 5207 1016 5267 induerit
1042 5202 1529 5270 incorruptionem,
1562 5198 1619 5247 et
1644 5186 1871 5243 mortale

282 5372 446 5477 muri,
477 5420 597 5477 qua
627 5396 879 5457 Hiericho
909 5392 1232 5467 appellatur,
1260 5402 1379 5460 quae
1408 5382 1463 5439 in
1489 5380 1721 5437 llebrmo
1756 5372 1873 5429 elo-

283 5502 435 5576 quio,
467 5498 613 5566 luna,
649 5488 989 5562 interpretari
1017 5486 1234 5549 dicitur,
1263 5479 1493 5550 septimo
1520 5471 1744 5530 circuitu
1775 5464 1878 5522 cir-

284 5602 528 5654 cumacta
542 5584 873 5646 Testamenti
893 5594 1040 5647 arca,
1056 5583 1397 5632 corruerunt.
1415 5566 1551 5639 Quid
1571 5567 1712 5623 enim
1738 5572 1880 5617 nunc

288 5686 482 5767 [aliud]
496 5687 606 5758 agit
618 5677 953 5737 aununtiatio
966 5673 1112 5744 regni
1125 5671 1408 5735 caelorum,
1425 5679 1584 5738 quam
1597 5664 1884 5717 circumaco

292 5783 371 5839 tio
389 5793 526 5834 arca:
541 5769 880 5848 signiﬁcavit,
899 5766 997 5823 nisi
1016 5774 1073 5820 ut
1093 5762 1273 5819 omnia
1289 5759 1621 5815 munimenta
1639 5749 1882 5810 mortalis

293 5878 439 5941 vitae,
486 5872 540 5928 id
580 5878 663 5927 est
687 5864 866 5925 omnis
903 5875 1030 5934 spes
1066 5855 1229 5931 huius
1264 5854 1495 5922 seaculi,
1524 5866 1645 5927 quae
1682 5848 1885 5907 resiStit

1967 4737 2180 4799 intersit
2219 4735 2359 4790 inter
2384 4727 2485 4784 bas
2512 4720 2769 4779 utilitates
2793 4724 2849 4771 et
2875 4709 3143 4767 vanitates
3159 4704 3456 4764 hominum,
3483 4695 3555 4754 ad

1968 4777 2180 4799 ...........
2386 4777 2480 4784 ρ--
2522 4777 2533 4779 -

1968 4832 2077 4890 hoc
2110 4820 2520 4885 observantium
2568 4810 2785 4877 sidera,
2822 4813 2883 4861 ut
2922 4815 3022 4858 nec
3061 4798 3205 4855 aeris
3248 4777 3591 4869 qualitates,'

1970 4940 2075 4989 nec
2114 4922 2399 4991 regionum
2428 4908 2569 4975 vias,
2608 4918 2710 4960 nec
2750 4897 2895 4961 solos
2933 4903 3235 4973 temporum
3282 4893 3567 4946 numeros,

1974 5031 2077 5077 nec
2107 4977 2432 5086 spiritalium
2463 4996 2871 5060 similitudines,
2912 4989 3009 5047 sed
3048 4982 3203 5060 quasi
3251 4977 3435 5034 fatalia
3472 4990 3565 5031 re-

2916 5083 2926 5086 —
3124 5078 3135 5086 -
3373 5067 3429 5086 ..ι
3459 5064 3563 5086 ..-ι

1967 5124 2089 5177 rum
2111 5064 2234 5178 35m
2254 5107 2449 5158 eventa
2474 5092 2811 5169 perquirunt,
2838 5083 2960 5157 quis
2990 5096 3098 5135 non
3124 5067 3429 5141 intelligat?
3458 5064 3569 5125 Sed

1966 5202 2079 5276 jam
2110 5198 2365 5265 deinceps
2398 5166 2675 5253 videamus
2697 5196 2795 5238 cur
2817 5171 3053 5234 etiamid
3083 5166 3421 5223 observetur,
3444 5169 3569 5215 cum

1978 5393 2084 5445 rat.
2120 5345 2233 5439 Hoc
2261 5377 2405 5435 enim
2428 5345 2755 5447 [proprium]
2802 5354 3108 5431 proximum
3137 5345 3459 5403 Christiana:
3486 5352 3572 5394 re-

1988 5473 2203 5548 ligionis
2232 5479 2333 5527 est.
2370 5442 2501 5523 Nam
2532 5456 2707 5518 Judaei
2739 5442 3112 5510 tantummodo
3144 5451 3383 5496 mensem
3414 5445 3576 5488 novo-

2997 5546 3001 5548 .
3062 5537 3074 5548 .
3152 5536 3164 5548 ,
3339 5544 3462 5548 ψη,
3507 5524 3572 5548 __,

1987 5583 2107 5631 rum
2134 5576 2186 5622 et
2212 5566 2394 5620 lunam
2438 5557 2747 5614 observant,
2787 5560 2817 5600 a
2853 5536 3255 5614 quartadecima
3296 5544 3467 5602 usque
3505 5524 3575 5583 ad

1988 5657 2303 5719 vicesimam
2354 5651 2605 5722 primam.
2637 5640 2759 5719 [Sed
2799 5636 2921 5709 quia
2970 5630 3102 5688 illud
3142 5641 3327 5684 eorum
3371 5619 3577 5678 Pascha

1988 5768 2097 5827 quo
2127 5761 2317 5821 passus
2351 5750 2438 5801 est
2476 5737 2734 5795 Dominus
2781 5733 2855 5788 ita
2886 5724 3120 5785 occurrit
3150 5732 3205 5778 ut
3243 5722 3383 5776 inter
3425 5730 3575 5772 mor-

1988 5805 2097 5902 tjem
2145 5841 2263 5913 ejus
2314 5846 2371 5894 et
2421 5827 2876 5892 resurrectionem
2924 5816 3133 5877 medius
3167 5820 3312 5873 esset
3338 5805 3578 5889 _Sabbati
