3968 6390
513 308 623 370 7.59

1582 300 1648 360 Ι).
1691 298 2014 360 EUGYPPII
2051 293 2345 355 ABBATIS
2383 297 2706 357 AFRICANI

3712 306 3800 362 760

512 426 633 482 dies
653 461 672 492 ,
728 405 1036 482 addendum
1064 406 1276 478 'Patres
1330 418 1500 476 nostri
1556 426 1899 483 censuerunt,
1949 425 2006 470 ut
2050 420 2108 468 et
2131 415 2182 472 A
2209 412 2319 469 Deo
2341 413 2555 479 dicitur,
2579 412 2700 484 quia
2729 426 2848 468 cum
2873 411 3089 470 fecisset
3112 411 3292 468 omnia
3313 425 3486 484 opera
3511 412 3661 470 bona
3688 421 3794 476 val.

511 524 703 574 nostra
735 515 1000 573 festivitas
1029 531 1056 569 a
1084 513 1392 569 Judreorum
1435 512 1730 567 festivitate
1760 510 2123 580 distinguere-

513 623 626 677 tur,
655 623 710 669 et
739 612 879 682 quod
911 627 1015 666 non
1047 611 1242 665 frustra
1271 609 1474 665 factum
1506 623 1629 664 esse
1656 607 1986 663 credendum
2014 611 2120 671 est,

518 706 588 760 ah
617 705 708 761 illo
737 705 825 772 qui
855 713 935 757 est
961 711 1084 757 ante
1115 712 1380 772 tempora,
1430 710 1485 756 et
1513 717 1608 771 per
1637 715 1801 772 quem
1831 700 1972 754 facta
1999 707 2123 755 sunt

518 806 788 867 tempora,
838 804 892 849 et
919 794 1009 865 qui
1041 794 1185 848 venit
1226 795 1281 849 in
1330 793 1667 864 plenitudine
1715 802 2035 861 temporum,
2069 798 2124 846 et

521 889 615 957 qui
644 895 958 956 potestatem
989 886 1221 940 habebat
1248 886 1480 956 ponendi
1511 886 1745 939 animam
1766 900 1916 940 suam
1945 895 1998 939 et
2021 884 2123 938 itc-

517 995 639 1034 rum
669 979 969 1048 recipiendi
1001 994 1141 1043 eam,
1174 987 1227 1032 et
1255 978 1374 1034 ideo
1401 994 1505 1033 non
1539 977 1778 1043 fatalem,
1813 977 1906 1031 sed
1935 990 2125 1046 oppor-

519 1080 705 1126 tunam
748 1081 1121 1140 sacramento,
1165 1072 1309 1140 quod
1360 1071 1743 1126 commendare
1789 1070 2118 1137 instituerat,

515 1162 712 1218 horam
737 1164 1085 1231 exspectabat
1115 1178 1234 1218 cum
1269 1164 1494 1227 diceret,
1544 1162 1791 1216 Nondum
1821 1163 1964 1216 venit
1993 1161 2123 1215 hora

515 1271 674 1322 mea,
730 1265 787 1310 ut
827 1257 879 1309 in
921 1257 1298 1310 anniversaria
1357 1254 1626 1324 passionis
1679 1252 2044 1308 celebratione
2089 1267 2122 1308 a

518 1352 750 1418 posteris
797 1357 1127 1404 servaretur.
1182 1347 1336 1416 Quod
1383 1348 1528 1402 enim
1579 1360 1740 1411 nunc,
1776 1355 1832 1399 ut
1875 1344 2122 1414 superius

518 1443 652 1511 dixi,
701 1442 808 1496 ﬁde
839 1458 900 1497 ac
929 1457 1026 1511 Spe
1061 1440 1342 1514 [gerimus]
1402 1443 1832 1510 peregrinamur,
1863 1452 2023 1509 atque
2064 1446 2122 1493 ut

520 1534 588 1588 ad
615 1533 667 1587 id
702 1535 1075 1604 perveniamus
1107 1533 1402 1588 dilectione
1432 1534 1750 1602 satagimus,
1802 1535 2012 1602 requies
2039 1540 2121 1587 est

519 1627 772 1695 quaedam
811 1627 878 1680 ab
907 1627 1055 1680 omni
1103 1626 1291 1680 labore
1319 1624 1560 1679 omnium
1595 1625 1964 1679 molestiarum
1996 1639 2118 1678 san-

519 1728 608 1773 cta
648 1728 811 1789 atque
842 1728 1139 1788 perpetua:
1173 1720 1227 1772 in
1276 1716 1513 1791 [eadem]
1563 1733 1680 1773 eam
1723 1719 1879 1773 nobis
1912 1734 1979 1774 ex
2019 1718 2116 1774 hac
2154 1767 2160 1774 .

2224 505 2314 570 de,
2343 506 2573 575 septimo
2602 505 2689 560 die
2719 504 2984 574 requievit
3017 505 3085 559 ab
3124 504 3371 559 omnibus
3413 506 3680 574 operibus
3704 511 3797 567 suis

2223 612 2342 668 quae
2375 597 2500 652 fecit
2528 613 2541 650 :
2568 597 2797 651 futuram
2823 597 2966 651 enim
2997 597 3232 666 requiem
3262 596 3631 666 signiﬁcabat,
3662 616 3796 670 quam

2227 700 2344 762 post
2364 691 2502 745 bona
2521 707 2680 761 opera
2701 693 2924 747 daturus
2946 701 3061 746 erat
3085 689 3282 764 [nobis]
3305 691 3651 749 hominibus.
3672 695 3794 752 Sicut

2225 787 2367 842 enim
2393 802 2513 842 cum
2543 787 2680 842 bene
2705 803 3013 857 operamur,
3043 788 3155 856 ipse
3176 787 3371 841 dicitur
3399 790 3628 857 operari
3653 789 3700 843 in
3717 806 3793 845 no-

2228 879 2330 945 bis,
2361 880 2513 951 cujus
2531 897 2758 936 muuere
2782 881 2918 938 bene
2955 896 3242 950 operantur
3276 899 3289 934 :
3322 880 3394 936 ita
3428 897 3564 936 cum
3612 886 3790 954 requie-

2226 973 2448 1038 scimus,
2491 974 2606 1043 ipse
2654 974 2990 1044 requiescere
3036 974 3253 1040 dicitur,
3295 973 3427 1045 [quo
3463 974 3696 1032 donante
3720 992 3785 1032 re-

2225 1067 2569 1140 quiescimus]
2603 1069 2743 1138 quod
2788 1084 2894 1122 non
2941 1077 3064 1123 ante
3115 1068 3540 1137 requiescimus.
3597 1069 3785 1141 ideoque

2224 1162 2366 1216 inter
2413 1161 2586 1216 omnia
2618 1162 2800 1217 decem
2838 1162 2925 1216 illa
2956 1172 3248 1231 praecepta,
3279 1163 3462 1218 solum
3498 1164 3572 1218 ibi
3596 1165 3720 1232 quod
3736 1166 3784 1221 de

2223 1256 2454 1312 Sabbato
2480 1257 2710 1325 positum
2740 1266 2844 1323 est,
2876 1256 3101 1327 figurate
3129 1257 3538 1312 observandum
3585 1259 3780 1327 pracipi-

2224 1357 2327 1405 tur.
2361 1349 2530 1415 Quam
2555 1349 2777 1417 ﬁguram
2809 1364 2905 1404 nos
2952 1349 3356 1418 intelligendam
3387 1364 3506 1403 non
3537 1352 3686 1404 etiam
3710 1367 3779 1420 per

2223 1443 2390 1495 otium
2413 1441 2692 1510 corporale
2720 1441 3098 1496 celebrandam
3123 1441 3488 1509 suscepimus.
3515 1442 3645 1498 Cum
3673 1445 3778 1498 enim

2223 1532 2460 1588 Salxbato
2517 1532 2922 1606 [signiﬁcetur]
2976 1533 3340 1588 sanctiﬁcatur
3417 1535 3678 1604 spiritalis
3718 1553 3777 1592 re-

2222 1623 2396 1693 quies,
2433 1624 2500 1678 de
2550 1639 2651 1693 qua
2697 1623 2897 1678 dictum
2944 1634 3026 1679 est
3073 1625 3126 1679 in
3151 1626 3398 1694 psalmo:
3431 1625 3632 1682 Vacate
3660 1630 3775 1682 etri-

2221 1718 2345 1774 dete
2370 1721 2491 1788 quia
2527 1733 2626 1788 ego
2657 1718 2929 1790 [quoniam
2967 1733 3068 1788 ego
3113 1734 3231 1773 sum
3283 1718 3452 1791 Deus]
3484 1734 3598 1775 sum
3635 1723 3775 1776 Domi-

521 1812 629 1866 vita
664 1812 721 1864 ﬁt
752 1813 1031 1874 transitus,
1082 1825 1240 1881 quem
1276 1812 1537 1867 Dominus
1568 1822 1751 1866 noster
1777 1811 1934 1866 Jesus
1963 1810 2118 1866 Cbri-
2149 1806 2197 1868 Β
2225 1828 2350 1878 nus,
2380 1821 2434 1866 et
2460 1827 2566 1882 quo
2591 1821 2851 1867 vocantur
2870 1813 3114 1868 homines
3146 1813 3347 1884 abipso
3370 1815 3600 1870 Domino
3627 1816 3774 1871 dicen-

525 1915 643 1960 stus
689 1921 786 1960 sua
823 1908 1077 1975 passione
1128 1905 1545 1977 [demonstrare]
1600 1915 2014 1976 praemonstrare
2065 1913 2120 1960 et

524 2013 850 2054 consecrare
875 1998 1122 2069 dignatus
1174 2007 1279 2055 est.
1323 1999 1467 2054 inest
1511 2008 1688 2053 autem
1731 1997 1785 2052 in
1816 1999 1903 2052 illa
1935 1997 2118 2066 requie

523 2104 634 2143 non
663 2089 929 2143 desidiosa
962 2089 1211 2160 segnitia,
1243 2089 1339 2144 sed
1371 2090 1617 2158 quaedam
1655 2088 1942 2144 ineﬁ'ahilis
1975 2098 2119 2142 tran-

523 2183 761 2252 quillitas
789 2182 1014 2239 actionis
1035 2183 1245 2238 otiosae.
1280 2183 1370 2237 Sic
1397 2185 1540 2237 enim
1560 2185 1626 2237 aI)
1658 2183 1816 2251 hujus
1842 2182 1965 2236 vitae
1991 2196 2120 2251 ope-

520 2279 700 2343 ribus,
734 2279 787 2332 in
819 2278 924 2333 ﬁne
948 2277 1322 2346 requiescitur,
1349 2288 1406 2331 ut
1427 2278 1482 2332 in
1509 2277 1729 2332 alterius
1759 2277 1882 2331 vitae
1911 2277 2119 2332 actione

524 2371 841 2440 gaudeatur.
890 2371 996 2427 Sed
1027 2372 1150 2441 quia
1177 2371 1297 2425 talis
1327 2371 1467 2425 actio
1498 2369 1551 2424 in
1585 2370 1682 2424 Dei
1724 2368 1883 2424 laude
1921 2369 2115 2438 agitur,

523 2465 645 2521 sine
671 2465 853 2520 labore
876 2465 1271 2529 membrorum,
1318 2464 1435 2518 sine
1463 2477 1666 2534 angore
1705 2477 1976 2527 curarum,
2011 2477 2118 2518 non

524 2560 594 2615 ad
628 2559 792 2632 [eam]
847 2560 1034 2615 eadem
1080 2559 1159 2614 sic
1191 2558 1451 2614 transitur
1484 2571 1582 2628 per
1622 2557 1880 2627 quietem,
1933 2564 1990 2610 ut
2018 2555 2119 2626 ipsi

529 2652 728 2723 [labor]
783 2651 954 2708 labori
1008 2652 1284 2716 succedat,
1334 2651 1386 2705 id
1415 2660 1496 2705 est
1527 2665 1632 2705 non
1663 2650 1743 2704 sic
1773 2663 1893 2704 esse
1933 2646 2120 2718 incipit

533 2753 705 2818 actio,
732 2759 792 2804 ut
838 2765 958 2806 esse
998 2749 1211 2805 desinat
1235 2750 1410 2819 quies.
1440 2747 1625 2818 Neque
1653 2747 1796 2801 enim
1828 2744 2032 2799 reditur
2053 2742 2120 2798 ad

525 2844 743 2900 labores
783 2853 837 2898 et
873 2858 1050 2910 curas,
1099 2843 1195 2898 sed
1230 2848 1513 2912 permanet
1553 2841 1608 2894 in
1645 2838 1854 2892 actione
1879 2835 2022 2905 quod
2052 2833 2121 2888 ad

525 2938 765 3006 quietem
805 2937 1060 3005 pertinet,
1095 2949 1194 2991 nec
1224 2936 1278 2989 in
1313 2948 1477 3004 opere
1503 2932 1767 2995 laborare,
1811 2943 1912 2984 nec
1942 2929 1994 2982 in
2030 2940 2122 2981 co-

527 3028 786 3098 gitatione
830 3027 1110 3082 ﬂuctuare.
1142 3026 1279 3090 Quia
1317 3038 1583 3094 ergo.per
1620 3022 1859 3089 requiem
1903 3019 1968 3073 ad
2011 3017 2120 3087 pri—

529 3135 673 3174 mam
698 3121 858 3174 vitam
890 3118 1117 3184 reditur,
1151 3117 1292 3172 unde
1322 3115 1501 3170 anima
1541 3115 1689 3183 lapsa
1719 3121 1803 3168 est
1832 3113 1884 3166 in
1926 3126 2118 3180 pecca-

2224 1912 2276 1957 te
2299 1919 2315 1965 ;
2339 1901 2530 1957 Venite
2555 1903 2621 1956 ad
2643 1918 2729 1956 me
2751 1918 2940 1959 omnes
2968 1904 3058 1974 qui
3076 1905 3332 1960 laboratis
3353 1916 3408 1961 et
3433 1909 3631 1962 onerati
3653 1908 3770 1975 estis,

2221 2005 2275 2050 et
2305 2011 2404 2065 ego
2434 2010 2530 2050 vos
2560 1995 2796 2052 reﬁciam
2821 2016 2834 2063 ;
2863 1997 3035 2052 tollite
3059 1999 3247 2069 jugum
3279 2015 3458 2054 meum
3497 2015 3649 2069 super
3673 2016 3766 2064 vos,

2221 2098 2276 2146 et
2303 2090 2491 2146 discite
2524 2105 2554 2144 a
2577 2106 2660 2146 me
2692 2089 2865 2163 [quia]
2896 2092 3146 2160 quoniam
3177 2092 3321 2146 mitis
3363 2107 3476 2147 sum
3507 2101 3556 2147 et
3581 2093 3771 2147 humilis

2221 2182 2405 2249 corde,
2433 2183 2786 2237 etinvenietis
2809 2184 3049 2253 requiem
3067 2184 3344 2240 animabus
3369 2185 3570 2250 vestris;
3596 2195 3769 2238 cariem

2221 2279 2399 2328 tamen
2427 2273 2495 2327 ibi
2521 2282 2784 2344 praecepta
2804 2275 3021 2344 proprie
3048 2276 3443 2345 sicutpraacepta
3473 2284 3607 2342 sunt,
3631 2275 3757 2349 [sine

2220 2362 2350 2434 ulla]
2372 2364 2583 2432 singula
2609 2365 2834 2433 ﬁgurata
2858 2365 3250 2435 signiﬁcatione
3273 2365 3611 2420 observamus.
3633 2365 3768 2420 [nde

2221 2472 2326 2513 non
2378 2459 2817 2514 inconvenienter
2857 2459 3216 2529 intelligimus
3261 2459 3330 2514 ad
3372 2474 3596 2514 amorem
3640 2459 3766 2513 exci-

2221 2551 2467 2619 tandum,
2491 2566 2596 2621 quo
2625 2552 2691 2606 ad
2718 2553 2956 2623 requiem
2986 2554 3476 2620 tendimus,valere
3505 2552 3661 2608 omnia
3676 2567 3764 2620 qua:

2227 2642 2497 2718 [ﬁgurate]
2549 2646 2603 2700 in
2645 2644 2942 2716 Scripturis
2973 2645 3265 2712 dicuntur;
3309 2645 3702 2716 quandoquidem
3720 2642 3757 2698 id

2223 2735 2400 2790 solum
2434 2736 2486 2789 in
2516 2734 2778 2806 decalogo
2809 2737 3036 2807 figurate
3078 2737 3414 2807 praecipitur,
3463 2739 3547 2792 ubi
3596 2735 3748 2805 requies

2222 2828 2654 2893 commendatur,
2685 2845 2804 2899 qua:
2832 2829 3035 2900 ubique
3078 2840 3309 2896 amatur,
3337 2831 3440 2886 sed
3483 2831 3536 2884 in
3569 2826 3740 2885 saloDeo

2221 2929 2406 2975 sancta
2429 2930 2483 2975 et
2511 2928 2658 2976 certa
2690 2920 2983 2976 invenitur.
3019 2921 3142 2976 Dies
3165 2931 3344 2976 tamen
3375 2922 3744 2977 Dominicusuon

2223 3011 2450 3076 Judaeis,
2487 3011 2581 3068 sed
2611 3012 2932 3069 Christianis
2961 3015 3364 3070 resurrectione
3387 3015 3592 3070 Domini
3631 3011 3753 3067 decla-

2224 3112 2373 3160 ratus
2402 3115 2507 3174 est,
2530 3115 2584 3162 et
2609 3121 2676 3162 ex
2706 3107 2795 3162 illo
2841 3107 3040 3163 habere
3072 3109 3233 3178 coepit
3264 3108 3605 3164 festivitatem
3630 3120 3754 3162 suam.

532 3221 667 3277 tum,
700 3219 986 3281 propterea
1015 3208 1253 3264 Sabbato
1288 3209 1502 3277 requies
1536 3205 1890 3276 significatur.
1915 3203 2004 3257 Illa
2029 3219 2124 3257 au-
2149 3205 2198 3268 (ι
2230 3197 2438 3251 Anima“:
2461 3198 2659 3266 quippe
2701 3198 2940 3252 omnium
2966 3206 3276 3254 sanctorum
3311 3211 3443 3254 ante
3475 3195 3756 3254 resurrectio-

534 3310 639 3355 tem
679 3301 848 3370 prima
880 3299 1023 3366 vita,
1064 3313 1182 3368 qua:
1224 3296 1337 3370 [de]
1370 3312 1400 3352 a
1433 3295 1869 3366 peregrinatione
1898 3294 2126 3350 redeun-

534 3396 676 3450 tibus
724 3406 778 3452 et
825 3396 1052 3464 primam
1099 3395 1291 3449 stolam
1329 3393 1713 3464 accipientibus
1753 3393 1994 3448 redditur
2033 3407 2126 3463 per

535 3504 696 3544 unam
729 3490 944 3547 Sabbati
972 3505 1129 3559 quem
1166 3489 1310 3544 diem
1335 3491 1668 3544 Dominicum
1700 3489 1950 3552 dicimus,
1987 3487 2124 3560 ﬁgu-

535 3590 704 3636 ratur.
739 3584 933 3649 Quaere
953 3592 1159 3653 septem
1203 3581 1356 3647 dies,
1409 3580 1660 3636 Genesim
1701 3580 1839 3650 lege,
1881 3581 2128 3634 invenies

535 3675 823 3739 septimum
847 3675 963 3729 sine
984 3688 1213 3742 vespere
1240 3714 1256 3738 ,
1277 3672 1401 3740 quia
1426 3671 1665 3741 requiem
1691 3671 1808 3724 sine
1833 3671 1938 3724 ﬁne
1962 3669 2128 3737 signi-

540 3765 693 3818 ﬁcat.
749 3765 930 3817 Prima
985 3779 1114 3834 ergo
1153 3765 1263 3818 vita
1305 3779 1413 3817 non
1470 3764 1568 3816 fuit
1622 3764 1949 3832 sempiterna
2003 3776 2130 3831 pec-

540 3856 728 3919 canti,
762 3855 976 3924 requies
1031 3863 1212 3909 autem
1264 3855 1451 3909 ultima
1508 3856 1835 3924 sempiterna
1891 3863 2013 3920 est,
2066 3868 2129 3908 ac

537 3961 639 4017 per
704 3946 806 4003 hoc
871 3957 923 4001 et
994 3956 1216 4003 octavus
1288 3945 1672 4016 sempiternam
1741 3946 2128 4001 beatitudinem

539 4038 796 4104 habebit,
845 4040 966 4109 quia
1022 4039 1238 4108 requies
1285 4038 1378 4093 illa
1440 4053 1563 4108 quae
1628 4038 1955 4110 sempiterna
2009 4047 2125 4104 est,

537 4133 804 4202 excipitur
873 4133 942 4187 ab
1025 4142 1235 4196 octavo,
1316 4145 1426 4186 non
1498 4132 1893 4201 exstinguitur,
1957 4146 2129 4201 neque

537 4225 686 4279 enim
717 4234 862 4281 esset
900 4225 1057 4280 aliter
1086 4225 1439 4297 sempiterna.
1482 4223 1559 4277 ita
1590 4239 1717 4294 ergo
1760 4224 1865 4278 erit
1886 4234 2128 4291 octavus,

534 4320 626 4388 qui
663 4319 894 4387 primus,
924 4328 988 4373 ut
1014 4319 1183 4387 prima
1218 4319 1326 4373 vita
1362 4331 1470 4372 non
1516 4317 1760 4383 tollatur,
1797 4317 1890 4372 sed
1931 4327 2130 4371 aeterna

536 4405 820 4460 reddatur.
863 4405 1158 4462 Sabbatum
1200 4417 1378 4462 tamen
1401 4408 1836 4462 commendatum
1857 4415 1940 4462 est
1970 4405 2131 4475 priori

541 4494 743 4562 populo
765 4495 819 4548 in
841 4496 955 4550 otio
976 4495 1333 4564 corporaliter
1354 4496 1755 4562 celebrandum,
1781 4505 1839 4551 ut
1862 4498 2026 4563 ﬁgura
2047 4511 2133 4552 es-

2233 3305 2354 3345 nem
2402 3290 2645 3358 corporis
2675 3300 2800 3344 sunt
2828 3291 3046 3356 quidem
3078 3292 3131 3347 in
3177 3293 3391 3360 requie,
3425 3293 3518 3348 sed
3541 3291 3590 3347 in
3616 3305 3664 3345 ea
3687 3302 3759 3342 non

2231 3390 2358 3436 sunt
2386 3381 2620 3448 actione,
2655 3397 2755 3450 qua
2781 3397 3007 3453 corpora
3043 3395 3256 3454 recepta
3278 3393 3602 3454 vegetantur.
3623 3382 3760 3438 Talem

2229 3475 2429 3546 quippe
2457 3474 2722 3529 actionem
2748 3475 3144 3545 signiﬁcatdies
3160 3487 3383 3532 octavus
3409 3478 3496 3547 qui
3517 3487 3565 3532 et
3585 3476 3762 3545 primus,

2229 3568 2354 3638 quia
2401 3582 2508 3622 non
2548 3569 2722 3623 aufert
2759 3568 2906 3624 illam
2962 3572 3230 3639 requiem,
3262 3571 3356 3626 sed
3397 3571 3650 3640 gloriﬁcat.
3676 3566 3764 3622 Non

2231 3662 2379 3716 enim
2408 3661 2549 3717 redit
2578 3677 2698 3717 cum
2723 3677 2951 3732 corpore
2999 3665 3287 3721 difﬁcultas
3323 3682 3386 3720 ex
3415 3679 3637 3733 corpore,
3665 3662 3766 3731 quia

2232 3768 2333 3810 nec
2363 3757 2658 3826 corruptio.
2678 3758 2902 3826 Oportet
2931 3759 3072 3813 enim
3104 3761 3441 3829 corruptibiie
3462 3760 3553 3812 hoc
3567 3756 3765 3810 induere

2231 3849 2717 3918 incorruptionem,
2750 3859 2805 3905 et
2834 3853 3063 3907 mortale
3094 3855 3199 3908 hoc
3230 3853 3435 3910 induere
3479 3848 3758 3905 immortali-

2232 3947 2418 3995 tatem.
2437 3941 2771 4011 Quapropter
2788 3953 2911 3998 ante
2931 3943 3141 3999 Domini
3159 3944 3582 4000 resurrectionem
3598 3954 3767 4011 quam-

2232 4033 2313 4086 vis
2341 4043 2557 4087 sanctos
2589 4033 2794 4099 Patres,
2828 4035 3020 4103 plenos
3054 4037 3375 4105 prophetico
3403 4032 3770 4106 Spiritu,octavi

2233 4133 2633 4179 sacramentum
2689 4140 3027 4196 nequaquam
3058 4128 3272 4197 lateret,
3296 4142 3406 4198 quo
3433 4125 3770 4196 signiﬁcaretur

2233 4219 2555 4273 resurrectio
2582 4219 2728 4289 (nam
2774 4229 2828 4274 et
2865 4235 2962 4290 pro
3004 4231 3195 4277 octavo
3214 4222 3455 4291 psalmus
3476 4206 3769 4293 [inscribitur]

2232 4310 2511 4379 scribitur,
2569 4323 2624 4367 et
2673 4319 2860 4366 octava
2890 4313 2976 4367 die
3014 4314 3543 4370 circumcidebantur
3571 4312 3767 4367 infantes.

2234 4417 2290 4464 et
2318 4409 2369 4462 in
2404 4409 2732 4465 Ecclesiaste
2757 4410 2824 4464 ad
2853 4411 3078 4466 duorum
3122 4411 3593 4467 Testamentorum
3620 4405 3767 4483 signiﬁ-

2240 4499 2507 4555 cationem
2531 4500 2748 4568 dicitur,
2777 4502 2850 4557 Da
2879 4503 2986 4558 illis
3011 4512 3218 4574 septem
3247 4513 3302 4560 et
3328 4504 3442 4558 illis
3471 4503 3611 4572 octo)
3643 4511 3759 4553 reser-

536 4594 625 4639 set
644 4587 1077 4642 sanctiﬁcationis
1102 4588 1152 4642 in
1178 4590 1360 4658 requie
1376 4587 1604 4657 Spiritus
1624 4589 1812 4642 sancti.
1841 4588 2125 4659 Nunquam
2152 4579 2208 4640 D
2237 4601 2416 4648 vatum
2449 4603 2532 4649 est
2559 4602 2734 4649 tamen
2769 4595 2896 4668 [illis
2936 4608 3019 4652 est
3048 4596 3396 4668 occultatum]
3421 4607 3485 4652 et
3513 4595 3759 4652 occultatum

540 4673 872 4749 [Nusquam]
902 4681 1044 4732 enim
1070 4681 1296 4750 legimus
1326 4679 1378 4734 in
1403 4679 1620 4743 Genesi,
1646 4679 2122 4736 sanctiﬁcationem

533 4767 648 4840 84
667 4784 765 4838 per
785 4784 970 4826 omnes
1000 4774 1206 4841 priores
1236 4775 1388 4842 dies;
1424 4776 1516 4830 sed
1548 4775 1613 4831 de
1636 4777 1753 4831 solo
1777 4777 2014 4832 Sabbato
2045 4778 2126 4832 di-

534 4871 682 4917 ctum
711 4870 794 4918 est
827 4881 841 4917 :
868 4863 1229 4920 Sanctiﬁcavit
1255 4866 1442 4940 [Deus]
1466 4867 1611 4923 diem
1648 4870 1957 4940 septimum.
1990 4870 2122 4937 Quia

531 4970 665 5027 ergo
693 4956 930 5012 charitas
954 4957 1049 5012 Dei
1078 4959 1267 5014 diﬁ'usa
1297 4969 1380 5016 est
1409 4961 1460 5016 in
1509 4963 1762 5018 cordibus
1804 4963 1998 5018 nostris
2029 4978 2125 5033 per

529 5044 794 5117 Spiritum
817 5061 1060 5105 sanctum
1094 5052 1183 5121 qui
1213 5053 1366 5107 datus
1413 5063 1497 5109 est
1536 5055 1710 5122 nobis,
1745 5056 1864 5111 ideo
1888 5056 2126 5111 sanctiﬁ-

529 5137 678 5192 catio
707 5140 757 5193 in
807 5143 1040 5210 septimo
1088 5141 1177 5197 die
1206 5154 1627 5199 commemorata
1659 5155 1759 5210 est,
1789 5146 1878 5199 ubi
1908 5146 2125 5216 requies

527 5231 961 5286 commendatur.
983 5232 1116 5299 Quia
1147 5248 1276 5289 vero
1300 5249 1400 5288 nec
1421 5235 1559 5289 bene
1579 5236 1790 5302 cperari
1811 5250 2122 5304 possumus,

529 5315 636 5371 nisi
682 5319 823 5374 dono
872 5322 991 5390 ejus
1041 5323 1227 5392 adjuti,
1275 5326 1414 5379 sicut
1462 5325 1753 5394 Apostolus
1797 5325 1947 5391 dicit,
1985 5327 2122 5380 Deus

527 5412 678 5463 enim
725 5423 826 5474 est.
859 5417 964 5485 .qui
1023 5429 1277 5488 operatur
1318 5423 1370 5475 in
1402 5421 1556 5474 nobis
1585 5431 1638 5475 et
1667 5421 1804 5476 velle
1830 5432 1882 5476 et
1911 5422 2122 5490 operari

529 5515 632 5568 pro
661 5502 802 5558 bona
835 5508 1134 5576 voluntate,
1167 5527 1266 5568 nec
1292 5513 1498 5585 [agere,
1527 5528 1625 5567 nec
1657 5513 2016 5585 requiescere]
2044 5529 2125 5570 re-

492 5676 494 5679 .
525 5595 810 5658 quiescere
843 5601 1140 5666 poterimus
1171 5615 1294 5672 post
1319 5608 1501 5659 omnia
1535 5605 1671 5660 bona
1725 5621 1888 5674 opera
1919 5619 2122 5675 nostra,

527 5697 646 5746 quae
681 5687 733 5741 in
764 5689 864 5746 hac
891 5693 994 5749 vita
1025 5699 1282 5765 gerimus,
1310 5700 1413 5754 nisi
1437 5698 1554 5770 ejus
1580 5699 1724 5753 dono
1750 5701 1814 5754 ad
1849 5702 2124 5756 aeternita-

520 5777 636 5823 θείη
691 5784 1004 5845 sanetiﬁcati
1066 5797 1120 5846 et
1174 5788 1443 5862 periecﬁ;
1519 5801 1801 5862 propterea
1883 5792 1950 5846 de
2007 5793 2125 5865 ipso

2232 4695 2287 4742 et
2328 4688 2502 4742 solum
2536 4688 2919 4744 celebrandum
2958 4690 3252 4746 Sabbatutn
3289 4690 3553 4745 traditum
3580 4697 3663 4748 est,
3686 4680 3768 4752 qui!

2229 4787 2347 4835 erat
2375 4788 2532 4835 antea
2564 4781 2780 4850 requies
2825 4789 3210 4846 mortuorum;
3271 4783 3601 4838 resurrectio
3646 4786 3776 4831 autem

2229 4869 2436 4926 nullius
2460 4880 2577 4924 erat
2623 4870 2816 4943 [donec
2847 4873 3055 4926 veniret
3083 4870 3376 4942 Christus],
3409 4874 3508 4940 qui
3550 4877 3777 4937 resurgens

2232 4978 2261 5017 a
2296 4965 2550 5029 mortuis,
2578 4963 2689 5033 jam
2725 4980 2829 5020 non
2860 4975 3182 5032 moreretur,
3221 4977 3276 5021 et
3306 4982 3454 5021 mors
3485 4969 3536 5023 ei
3570 4968 3689 5021 ultra
3709 4976 3780 5016 non

2235 5055 2607 5110 dominaretur
2633 5074 2644 5108 :
2681 5064 2738 5110 ut
2768 5067 3049 5126 postquam
3077 5057 3211 5111 facta
3236 5067 3317 5113 est
3365 5058 3492 5113 talis
3513 5053 3784 5112 resurrectio

2235 5147 2287 5202 in
2326 5146 2820 5215 corpore:Domini,
2853 5148 2934 5216 (ut
2984 5149 3196 5216 praeiret
3241 5149 3292 5202 in
3342 5149 3524 5212 capite
3555 5145 3784 5203 Ecclesia.

2235 5241 2376 5308 quod
2403 5255 2597 5310 corpus
2622 5241 2874 5295 Ecclesia:
2897 5252 3140 5309 Sper-aret
3166 5244 3219 5296 in
3240 5243 3392 5311 ﬁne),
3408 5243 3526 5311 jam
3543 5246 3693 5300 etiam
3705 5240 3788 5292 dies

2238 5334 2574 5399 Dominicus,
2609 5333 2660 5387 id
2707 5342 2812 5397 est,
2840 5344 3086 5397 octavus.
3115 5334 3204 5402 qui
3233 5344 3286 5388 et
3313 5335 3526 5403 primus
3576 5334 3792 5398 inciperet

2235 5425 2524 5479 celebrari.
2575 5423 2692 5492 Ipsa
2751 5425 2913 5478 etiam
2955 5438 3113 5478 causa
3147 5424 3486 5492 intelligitur,
3520 5439 3619 5478 cur
3643 5424 3793 5477 obser-

2235 5516 2466 5570 vandum
2500 5514 2727 5579 Pascha,
2755 5515 2846 5569 ubi
2876 5513 3114 5586 [agnum]
3143 5531 3297 5569 ovem
3317 5516 3576 5570 occidere
3605 5524 3654 5568 et
3670 5511 3797 5568 edere

2228 5610 2524 5680 jubentur,
2604 5609 2747 5677 quod
2835 5607 3268 5662 manifestissime
3341 5609 3654 5677 passionem
3718 5603 3796 5656 Do-

2232 5705 2363 5759 mini
2396 5703 2700 5773 praeﬁgurat
2724 5743 2737 5765 ,
2769 5716 2872 5755 non
2897 5701 2976 5755 eis
3004 5701 3073 5755 ita
3099 5708 3422 5769 praeceptum
3446 5709 3558 5766 est,
3582 5707 3641 5754 ut
3660 5706 3800 5751 atten-

2195 5836 2216 5860 κ
2234 5794 2426 5853 derent
2456 5807 2738 5854 occurrere
2769 5792 3078 5858 Sabbatum,
3105 5801 3158 5849 et
3183 5805 3302 5847 cum
3320 5806 3511 5849 mense
3540 5800 3798 5849 novorum.
