3968 6390
183 324 281 382 761

1357 331 1796 391 THESAURUS.
1834 332 1988 394 CAP.
2028 340 2264 400 CXXVI.

3351 368 3454 422 762

187 449 247 504 ad
282 449 491 504 tertiam
521 448 659 505 lunae
688 449 1074 507 hebdomadam
1120 463 1470 518 concurrere,
1508 463 1564 508 ut
1591 469 1751 509 eum-
1787 454 1843 516 Α
1867 455 2063 514 frustra
2086 461 2203 532 ipse
2226 464 2486 524 Dominus
2512 476 2567 525 et
2594 473 2940 545 quadraginta
2973 474 3104 536 'dies
3125 491 3246 552 post
3271 498 3454 542 resur-

187 543 303 598 (km
326 559 540 614 quoque
556 544 695 598 diem
716 545 973 599 Dominus
990 545 1170 614 potius
1197 558 1292 600 sua
1315 546 1563 615 passione
1583 546 1759 616 signa-

189 645 286 704 ret,
317 637 406 707 qui
437 632 985 705 etiam'Dominicum,
1014 636 1081 703 lid
1131 646 1237 704 est,
1292 646 1560 703 octavum,
1589 638 1677 708 qui
1704 646 1759 692 et

186 732 383 803 pimus
425 738 530 795 est,
556 729 925 785 declaraturus
978 732 1284 786 advenerat.
1328 731 1574 786 Adtende
1601 732 1758 802 igitur

187 825 598 881 sacratissimum
644 825 875 880 triduum
921 826 1180 892 cruciﬁxi,
1225 827 1437 896 sepulti,
1493 828 1752 883 suscitati.

185 920 380 975 lorum
405 920 566 974 trium
591 920 734 990 quod
760 919 1027 991 signiﬁcat
1048 935 1176 975 crux
1200 921 1254 975 in
1276 922 1526 991 praesenti
1550 923 1754 992 agimus

184 1013 304 1081 ita,
335 1013 479 1082 quod
524 1024 699 1068 autem
728 1013 992 1081 signiﬁcat
1021 1013 1294 1082 sepultura
1323 1023 1377 1069 et
1405 1016 1749 1083 resurrectio,

182 1107 279 1163 {de
295 1121 359 1161 ac
383 1121 479 1178 spe
507 1107 764 1174 gerimus.
782 1105 933 1161 Nunc
955 1106 1096 1161 enim
1124 1107 1322 1162 dicitur
1345 1107 1545 1162 homini
1568 1125 1583 1162 :
1603 1108 1752 1164 Tolle

181 1214 385 1256 trucem
414 1209 557 1254 tuam
585 1207 642 1254 et
667 1213 894 1269 sequere
925 1214 1034 1254 me.
1082 1198 1365 1254 Cruciatur
1395 1208 1572 1254 autem
1601 1214 1748 1266 caro,

181 1309 293 1348 tum
323 1292 714 1347 mortiﬁcantur
771 1291 1007 1346 membra
1049 1301 1230 1347 nostra
1280 1307 1397 1361 qua:
1443 1300 1567 1346 sunt
1590 1304 1750 1361 supra

182 1400 392 1457 terram,
419 1388 718 1454 fornicatio,
747 1386 1103 1453 immunditia,
1157 1387 1387 1453 luxuria,
1425 1387 1668 1464 avaritia,
1696 1394 1750 1442 et

179 1490 365 1536 caetera
413 1479 714 1550 bnjusmodi
771 1479 838 1534 de
887 1478 1077 1549 quibus
1125 1477 1266 1534 idem
1315 1478 1444 1533 dicit
1475 1494 1492 1532 :
1520 1477 1578 1534 Si
1605 1479 1746 1534 enim

169 1574 458 1630 secundum
508 1588 724 1630 carnem
771 1573 1036 1638 vixeritis,
1087 1571 1392 1628 moriemini
1422 1588 1438 1628 :
1472 1572 1519 1628 si
1566 1581 1746 1628 autem

166 1669 356 1738 spiritu
405 1668 543 1723 facta
594 1669 769 1723 carnis
821 1666 1291 1733 mortiticaveritis,
1341 1667 1551 1723 vivetis.
1609 1666 1746 1721 Hinc

167 1761 323 1816 etiam
371 1758 438 1814 de
466 1774 526 1815 se
553 1760 670 1829 ipso
697 1759 824 1814 dicit
858 1777 870 1811 :
901 1758 1126 1813 Mundus
1160 1759 1290 1813 mihi
1323 1758 1606 1814 cruciﬁxus
1639 1767 1740 1824 est,

1866 551 2164 608 rectionem
2189 555 2244 610 in
2276 557 2377 614 hac
2406 569 2568 629 terra,
2596 575 2649 620 et
2670 564 2722 620 in
2753 567 2852 622 hac
2882 569 2986 626 vita
3030 551 3150 628 cum
3178 555 3453 644 diScipulis

1863 653 2214 702 conversatus
2243 659 2344 715 est,
2380 660 2435 706 et
2483 664 2832 726 posteaquam
2860 663 3100 718 ascendit
3144 665 3198 720 in
3229 667 3448 736 ctelum,

1862 731 2047 790 decem
2077 737 2268 796 diebus
2291 743 2642 814 interpositis,
2668 753 2993 818 promissum
3018 755 3163 811 misit
3192 731 3450 828 Spiritum

1859 835 2102 883 sanctum
2145 834 2416 902 completo
2470 837 2557 894 die
2609 839 2974 900 Pentecostes.
3011 846 3112 914 Qui
3149 849 3262 906 dies
3296 851 3448 921 quin-

1862 923 2219 987 quagenarius
2241 924 2401 982 habet
2419 929 2649 987 alterum
2666 947 3084 1008 sacramentum,
3098 943 3238 1010 quod
3251 946 3447 1014 septies

1856 1021 2063 1080 septem
2093 1017 2445 1089 quadraginta
2477 1039 2670 1082 novem
2729 1028 2879 1098 ﬁum,
2912 1040 2968 1087 et
2996 1048 3117 1088 cum
3148 1035 3354 1092 reditur
3380 1038 3446 1093 ad

1857 1102 2091 1198 initium,
2116 1109 2259 1178 quod
2283 1123 2367 1167 est
2388 1124 2634 1184 octavus,
2656 1122 2746 1190 qui
2786 1133 2840 1178 et
2890 1127 3120 1195 primus,
3153 1127 3268 1184 dies
3294 1131 3446 1198 quin-

1854 1196 2112 1267 quaginta
2158 1203 2520 1274 complentur,
2580 1212 2669 1280 qui
2718 1214 3061 1272 celebrantur
3099 1229 3222 1288 post
3267 1196 3446 1276 resur-

1853 1289 2145 1348 rectionem
2192 1294 2424 1354 Domini.
2456 1300 2572 1356 Jam
2622 1303 2678 1359 in
2718 1305 2885 1376 ﬁgura
2920 1323 3026 1363 non
3078 1309 3300 1376 laboris,
3349 1313 3444 1368 sed

1852 1384 2049 1454 quietis
2076 1397 2134 1444 et
2155 1389 2378 1459 laetitiae,
2414 1403 2636 1465 propter
2666 1400 2767 1454 hoc
2794 1400 2999 1471 jejunia
3028 1403 3360 1469 relaxantur,
3388 1415 3445 1462 et

1852 1485 2058 1534 stantes
2079 1493 2317 1550 oramus,
2347 1487 2488 1554 quod
2517 1496 2600 1543 est
2623 1488 2833 1560 signum
2853 1496 3265 1551 resurrectionis
3290 1497 3442 1554 Unde

1852 1571 2015 1628 etiam
2043 1574 2231 1632 diebus
2271 1582 2521 1638 omnibus
2561 1584 2856 1643 Dominicis
2899 1590 3022 1646 idad
3050 1591 3219 1648 altare
3247 1595 3437 1650 obser-

1849 1674 2024 1730 vatur,
2073 1679 2127 1725 et
2167 1671 2377 1729 alleluia
2411 1677 2643 1744 canitur,
2684 1681 2824 1750 quod
2869 1683 3136 1752 signiﬁcat
3174 1687 3439 1743 actionem

1848 1769 2086 1817 nostram
2115 1764 2373 1837 futuram,
2405 1785 2511 1827 non
2559 1788 2678 1831 esse
2725 1776 2828 1830 nisi
2859 1776 3080 1833 laudare
3110 1781 3275 1837 Deum
3304 1783 3440 1839 sicut

170 1861 218 1907 3t
242 1865 342 1921 ego
368 1850 587 1905 mundo.
618 1850 738 1905 Alio
766 1850 1189 1914 loco:Scientes,
1215 1850 1406 1919 inquit,
1442 1851 1563 1919 quia
1588 1858 1742 1905 vetus
1771 1858 1820 1918 Β
1853 1855 2116 1924 scriptum
2139 1867 2223 1914 est
2249 1877 2260 1912 :
2292 1860 2438 1916 Beati
2466 1866 2557 1933 qui
2580 1865 2821 1922 habitant
2851 1867 2902 1922 in
2933 1869 3093 1926 domo
3116 1881 3225 1940 tua,
3257 1875 3310 1928 in
3339 1889 3440 1930 sa:-

175 1958 325 2000 iomo
370 1953 552 2000 noster
582 1944 742 1998 simul
773 1943 1059 1998 cruciﬁxus
1108 1952 1189 1999 est
1217 1943 1363 1999 cruci
1393 1958 1513 1998 cum
1542 1943 1650 2008 illo,
1685 1951 1743 1998 ut

163 2045 450 2094 evacuetur
477 2052 672 2107 corpus
702 2037 928 2106 peccati,
962 2037 1098 2092 ultra
1151 2053 1257 2092 non
1297 2037 1591 2091 serviamus
1618 2049 1743 2106 pec-

153 2137 298 2184 cato.
332 2129 576 2198 Quandiu
599 2144 726 2199 ergo
749 2129 801 2184 id
826 2137 988 2199 agunt
1017 2143 1178 2198 opera
1206 2138 1414 2194 nostra,
1438 2139 1496 2184 ut
1515 2141 1743 2184 evacue-

149 2227 246 2274 tur
274 2234 465 2290 corpus
512 2221 737 2290 peccati,
771 2221 1004 2290 quandiu
1037 2222 1273 2277 exterior
1305 2223 1465 2276 homo
1496 2235 1741 2275 corrum-

151 2311 322 2382 pitur,
355 2323 412 2366 ut
440 2312 660 2367 interior
687 2321 996 2380 renovetur,
1026 2312 1092 2367 de
1136 2313 1225 2368 die
1265 2313 1318 2365 in
1359 2313 1501 2367 diem
1530 2322 1742 2382 tempus

152 2410 240 2456 est
267 2401 461 2455 crucis.
497 2402 620 2457 Haec
647 2403 806 2457 etiam
837 2411 962 2458 sunt
1007 2403 1146 2457 bona
1176 2418 1338 2472 opera
1361 2403 1601 2472 quidem,
1652 2412 1741 2457 ta-

153 2505 280 2547 men
311 2491 484 2545 adhuc
513 2491 799 2559 laboriosa,
832 2508 1059 2562 quorum
1102 2508 1312 2549 merces
1365 2494 1579 2564 requies
1632 2504 1736 2550 est.

151 2581 222 2636 Et
253 2581 309 2635 in
332 2581 611 2651 scripturis
636 2582 850 2652 quidem
875 2584 1148 2639 veteribus
1169 2584 1235 2638 ad
1250 2585 1513 2654 agendum
1535 2585 1740 2643 Pascha

148 2685 260 2728 non
288 2680 374 2726 est
402 2682 728 2742 praaceptum
778 2682 1012 2743 tempus,
1044 2675 1150 2731 nisi
1171 2691 1236 2732 ex
1268 2691 1453 2732 mense
1479 2691 1742 2736 novorum

155 2764 286 2818 luna
315 2765 714 2834 quartadecima
742 2781 912 2838 usque
953 2769 1018 2822 ad
1048 2769 1357 2824 vicesimam
1383 2771 1631 2840 primam.
1662 2772 1738 2828 Ea

146 2856 444 2925 Evangelio
494 2867 692 2922 tamen,
741 2859 863 2928 quia
904 2859 1246 2916 manifestum
1296 2873 1400 2929 est,
1432 2878 1537 2934 quo
1577 2866 1738 2921 etiam

143 2947 239 3004 die
276 2947 534 3004 Dominus
582 2950 872 3006 cruciﬁxus
891 2953 1071 3019 sit,'et
1101 2952 1154 3007 in
1184 2955 1456 3023 sepultura
1497 2957 1658 3012 fuerit
1683 2966 1738 3013 et

141 3041 529 3106 resurrexerit,
566 3041 818 3111 adjuncta
845 3044 1106 3099 estetiam
1139 3045 1373 3114 ipsorum
1405 3047 1610 3102 dierum
1641 3048 1737 3104 ob-

138 3133 408 3199 servatio,
431 3146 526 3202 per
556 3133 771 3188 Patrum
795 3136 1044 3202 concilia,
1076 3144 1132 3190 et
1158 3137 1273 3191 orbi
1304 3137 1554 3193 universo
1577 3138 1733 3194 Chri-

1847 1945 1968 2001 cula
2018 1950 2341 2008 saeculorum
2372 1954 2481 2025 85
2530 1955 2824 2015 laudabunt
2854 1968 2928 2016 te.
2974 1961 3081 2016 Sed
3135 1962 3250 2018 dies
3276 1965 3437 2034 quin-

1845 2043 2188 2112 quagesimns
2243 2054 2299 2100 et
2362 2047 2416 2102 in
2480 2047 2777 2121 Scripturis
2825 2055 3273 2123 commendatur,
3328 2073 3434 2117 non

1847 2141 2052 2189 tantum
2081 2136 2134 2191 in
2167 2137 2478 2209 Evangelia,
2506 2145 2632 2212 quia
2675 2155 2800 2200 tunc
2840 2145 3070 2216 Spiritus
3101 2157 3319 2206 sanctus
3340 2150 3436 2208 ad-

1845 2225 2014 2291 venit,
2032 2229 2126 2282 sed
2144 2221 2376 2286 etiamin
2394 2236 2666 2289 veteribus
2684 2237 2858 2293 libris.
2891 2238 3025 2292 Nam
3057 2247 3112 2294 et
3132 2238 3203 2295 ibi
3227 2250 3435 2311 postea-

1846 2331 2006 2385 quam
2036 2319 2242 2375 Pascha
2287 2324 2470 2380 occiso
2509 2341 2649 2396 agno
2690 2329 3120 2397 celebraverunt,
3172 2335 3431 2404 quinqua-

1846 2408 1991 2477 ginta
2020 2409 2137 2466 dies
2165 2423 2537 2484 numerantur,
2584 2434 2754 2488 usque
2801 2421 2854 2475 in
2883 2422 3027 2477 diem
3057 2438 3162 2492 quo
3190 2425 3275 2478 lex
3310 2427 3433 2482 data

1846 2509 1930 2555 est
1975 2501 2029 2555 in
2083 2512 2267 2560 monte
2317 2506 2463 2562 Sinai
2512 2508 2715 2565 famulo
2759 2512 2854 2567 Dei
2899 2513 3090 2585 Moysi,
3132 2516 3298 2586 digito
3335 2516 3432 2573 Dei

1847 2591 2069 2660 scripta.
2130 2592 2449 2653 Celebratur
2493 2615 2679 2656 verum
2723 2602 2950 2671 Pascha,
3003 2614 3058 2660 et
3106 2606 3433 2678 interpositis

1846 2685 2231 2758 quinquaginta
2282 2691 2494 2760 diebus,
2549 2695 2706 2750 datur
2736 2697 2801 2751 ad
2845 2697 3158 2756 charitatem
3201 2701 3432 2772 Spiritus

1845 2789 2085 2847 sanctus,
2116 2783 2206 2852 qui
2246 2794 2329 2840 est
2371 2786 2568 2858 digitus
2614 2790 2734 2856 Dei,
2782 2792 3084 2849 contrarius
3125 2793 3431 2852 hominibus

1844 2892 1941 2932 sua
1965 2881 2352 2953 quaerentibus,
2405 2895 2459 2940 et
2480 2886 2602 2942 ideo
2623 2887 2809 2958 jugum
2827 2903 3074 2959 asperum
3096 2899 3150 2946 et
3165 2893 3430 2948 sarcinam

1841 2983 2061 3037 gravem
2090 2975 2445 3042 portantibus,
2475 2992 2576 3032 nec
2617 2979 3014 3036 invenientibus
3043 2981 3282 3053 requiem
3310 2984 3431 3039 aui-

1840 3059 2032 3114 mabus
2059 3062 2200 3127 suis;
2233 3065 2358 3132 quia
2387 3065 2624 3123 charitas
2652 3083 2758 3124 non
2787 3070 2980 3139 quaerit
3008 3088 3126 3141 qua:
3152 3088 3248 3128 sua
3277 3083 3424 3130 sunt.

1839 3149 1966 3207 Ideo
2015 3153 2330 3211 animositas
2372 3157 2750 3218 haereticorum
2802 3177 3014 3235 semper
3061 3167 3294 3237 inquieta
3324 3178 3428 3235 est,

99 3225 319 3282 .stiano
371 3241 681 3294 persuasum
726 3235 829 3296 est,
880 3243 945 3284 eo
993 3227 1154 3284 modo
1205 3229 1410 3285 Pascha
1463 3232 1726 3286 celebrari
1756 3237 1806 3302 ο
1836 3256 1974 3313 quos
2002 3243 2276 3314 Magorum
2321 3247 2623 3307 Pharaonis
2650 3252 2849 3310 habere
2878 3225 3148 3325 {conatum
3189 3225 3431 3316 declarat

137 3327 416 3388 oportere.
467 3320 888 3392 Quadragesima
940 3338 1073 3379 sane
1099 3325 1428 3395 jejuniorum
1457 3325 1619 3381 habet
1644 3342 1733 3382 au-

138 3414 481 3482 ctoritatem,
512 3423 566 3469 et
596 3415 652 3470 in
681 3415 954 3472 veteribus
983 3416 1133 3472 libris
1159 3433 1224 3473 ex
1253 3418 1459 3485 jejunio
1489 3418 1656 3482 Moysi
1679 3429 1734 3475 et

137 3505 335 3574 Helia,
362 3516 412 3563 et
441 3524 508 3564 ex
537 3507 831 3578 Evangelio
861 3508 984 3578 quia
1013 3508 1234 3563 totidem
1256 3508 1444 3563 diebus
1473 3510 1731 3564 Dominus

137 3599 425 3672 iejunavit,
449 3602 827 3656 demonstrans
860 3600 1206 3672 Evangelium
1237 3615 1343 3655 non
1386 3601 1675 3656 dissentire
1702 3619 1730 3655 a

135 3691 265 3762 lege
291 3703 345 3748 et
376 3692 678 3762 Prophetis.
712 3692 768 3746 In
813 3705 1040 3762 persona
1069 3692 1267 3762 quippe
1292 3692 1460 3763 Moysi
1501 3692 1633 3762 Lex,
1676 3691 1730 3747 in

135 3798 373 3854 persona
403 3785 569 3840 Heliae
619 3785 904 3856 Prophetae
946 3786 1304 3856 accipiuntur,
1350 3787 1490 3841 inter
1517 3802 1648 3857 quos
1677 3787 1730 3843 in

139 3887 331 3933 monte
368 3878 638 3946 gloriosus
687 3879 956 3948 apparuit,
1011 3888 1067 3935 ut
1122 3879 1421 3934 evidentius
1467 3880 1730 3936 emineret

71 4009 77 4014 .
134 3968 288 4038 quod
317 3969 384 4022 de
415 3969 507 4022 illo
533 3969 666 4023 dicit
687 3970 975 4038 Apostolus
1010 3988 1022 4024 :
1055 3971 1448 4026 Testimonium
1473 3972 1676 4028 habens
1698 3988 1729 4027 a

138 4059 290 4126 Lege
318 4066 373 4111 et
401 4058 703 4126 Prophetis.
726 4059 783 4114 ln
803 4075 908 4129 qua
939 4076 1066 4130 ergo
1094 4071 1246 4130 parte
1278 4063 1404 4116 anni
1433 4078 1731 4132 congruen-

140 4149 254 4204 tius
273 4149 576 4204 observatio
597 4151 1018 4221 quadragesima:
1041 4157 1459 4210 constitueretur
1479 4157 1580 4210 nisi
1599 4173 1732 4211 con-

137 4239 270 4295 ﬁnis
311 4249 472 4308 atque
510 4243 756 4312 contigua
801 4242 1094 4297 Dominicae
1145 4246 1377 4313 passioni
1417 4248 1539 4316 quia
1584 4247 1636 4300 in
1667 4262 1729 4302 ea

134 4331 476 4401 signiﬁcatur
525 4332 639 4387 haec
679 4333 786 4388 vita
833 4332 1131 4400 laboriosa,
1162 4337 1248 4390 cui
1289 4352 1421 4406 opus
1450 4347 1532 4392 est
1559 4339 1730 4392 conti-

136 4425 347 4489 nentia,
382 4433 439 4477 ut
479 4424 548 4480 ab
594 4425 762 4494 ipsius
788 4425 974 4481 mundi
1022 4427 1256 4483 amicitia
1285 4429 1579 4500 jejunetur,
1610 4445 1728 4500 quae

133 4513 323 4583 utique
345 4513 606 4568 fallaciter
644 4514 901 4582 blandiri,
932 4527 988 4572 et
1032 4517 1406 4573 illecebrarum
1439 4520 1588 4576 fucos
1619 4522 1725 4576 cir-

1839 3342 2127 3412 Aposwlus
2169 3346 2403 3403 dicens:
2436 3350 2587 3407 Sicut
2633 3356 2778 3410 enim
2827 3355 3027 3411 Jannes
3068 3366 3123 3412 et
3165 3357 3431 3414 Mambres

1837 3437 2168 3503 restiterunt,
2200 3440 2391 3510 Moysi,
2417 3443 2495 3497 sic
2537 3453 2593 3500 et
2622 3445 2677 3499 bi
2704 3447 2966 3502 resistunt
2995 3449 3231 3513 veritati,
3257 3450 3430 3504 homi-

1838 3540 1936 3580 nes
1963 3538 2146 3582 mente
2174 3532 2439 3599 corrupti,
2486 3536 2704 3602 reprobi
2751 3538 2892 3591 circa
2939 3538 3122 3605 ﬁdem,
3168 3540 3262 3594 sed
3293 3541 3429 3596 ultra

1838 3633 1946 3672 non
2001 3619 2308 3689 proﬁcient.
2363 3623 2718 3696 [lnsipientia]
2769 3627 3048 3683 Dementia
3077 3629 3218 3684 enim
3243 3645 3429 3688 eorum

1837 3711 2120 3769 manifesta
2150 3715 2251 3770 erit
2278 3717 2552 3786 omnibus,
2602 3719 2746 3774 sicut
2802 3729 2858 3777 et
2904 3721 3118 3778 illorum
3150 3724 3278 3792 fuit;
3307 3727 3428 3796 quia

1836 3809 1978 3862 enim
2009 3823 2104 3878 per
2125 3810 2296 3879 ipsam
2323 3813 2725 3883 corruptionem
2774 3818 2972 3872 mentis
3001 3819 3426 3893 [inquietissimi]

1835 3898 2159 3969 iniquissimi
2188 3902 2423 3970 fuerunt,
2444 3904 2496 3958 in
2527 3905 2681 3976 signo
2709 3909 2868 3964 tertio
2889 3909 3222 3977 defecerunt,
3251 3911 3425 3968 faten-

1836 3999 1918 4045 tes
1945 3992 2047 4046 sibi
2072 3994 2359 4049 adversum
2392 4011 2514 4050 esse
2544 3997 2801 4065 Spiritum
2843 4010 3087 4055 sanctum
3115 4003 3204 4070 qui
3235 4003 3424 4057 eratin

1835 4078 2039 4149 Moyse.
2087 4081 2218 4135 Nam
2301 4084 2620 4140 deﬁcientes
2689 4087 2990 4143 dixerunt:
3062 4089 3272 4158 Digitus
3328 4091 3424 4145 Dei

1835 4179 1920 4225 est
1949 4171 2054 4224 hic.
2110 4171 2261 4226 Sicut
2308 4182 2487 4228 autem
2527 4176 2844 4231 conciliatus
2903 4186 2959 4232 et
3011 4178 3252 4248 placatus
3305 4178 3425 4249 Spi-

1833 4260 1970 4315 ritus
2004 4271 2224 4317 sanctus
2270 4264 2510 4333 requiem
2565 4275 2780 4336 praestat
2824 4269 3044 4325 mitibus
3095 4277 3150 4325 et
3204 4270 3421 4325 humili-

1833 4351 1934 4405 bus
1962 4353 2126 4407 corde
2160 4371 2171 4405 :
2207 4353 2278 4408 ita
2301 4356 2608 4412 contrarius
2635 4366 2688 4413 et
2713 4359 2970 4416 adversus
2993 4360 3229 4417 immites
3258 4370 3420 4417 etsu-

1833 4444 2030 4513 perbos
2061 4446 2431 4517 inquietudine
2477 4451 2732 4521 exagitat.
2782 4451 2952 4520 Quam
2997 4453 3418 4523 inquietudinem

1833 4549 2032 4591 muscae
2077 4537 2186 4591 illae
2241 4538 2576 4596 brevissima:
2601 4541 3061 4613 signiﬁcaverunt,
3099 4545 3199 4600 sub
3228 4547 3420 4616 quibus

131 4619 517 4675 cumSpargere
544 4614 703 4676 atque
724 4606 935 4677 jactare
983 4624 1089 4663 non
1129 4621 1324 4665 cessat.
1361 4612 1593 4667 Numero
1622 4629 1719 4668 au-

1840 4624 1967 4697 Magi
2000 4627 2298 4686 Pharaonis
2324 4606 2908 4692 defeceruntdicentes
2939 4654 2954 4692 :
2979 4606 3184 4709 Digitus
3215 4606 3309 4694 Dei
3337 4648 3420 4695 est

134 4708 248 4754 tem
296 4700 716 4770 quadragenario
761 4701 924 4756 vitam
972 4702 1130 4758 istam
1178 4714 1464 4774 propterea
1507 4707 1724 4777 ﬁgurari

131 4794 388 4860 arbitror,
416 4794 539 4864 quia
570 4794 821 4850 denarius
851 4796 902 4849 in
933 4810 1038 4864 quo
1082 4806 1163 4851 est
1195 4800 1454 4866 perfectio
1486 4800 1721 4856 beatitu-

129 4882 278 4938 dinis
297 4895 495 4938 nostra:
513 4884 654 4938 sicut
678 4886 728 4938 in
753 4886 1050 4951 octonario,
1076 4886 1199 4956 quia
1222 4888 1362 4943 redit
1381 4889 1445 4944 ad
1470 4893 1722 4958 primum.

131 4975 214 5029 Ita
272 4976 325 5030 in
382 4975 484 5031 hoc
536 4976 666 5030 mihi
715 4976 926 5031 videtur
981 4979 1231 5047 exprimi,
1275 4981 1400 5049 quia
1453 4993 1718 5054 creatura,

129 5080 256 5133 qua:
297 5064 598 5133 septenario
645 5065 921 5135 ﬁguratur,
951 5065 1193 5121 adhaeret
1214 5065 1482 5136 Creatori,
1534 5073 1588 5125 in
1617 5089 1722 5142 quo

130 5156 443 5212 declaratur
469 5157 642 5211 unitas
670 5157 972 5225 Trinitatis,
1005 5172 1101 5227 per
1130 5157 1439 5214 universum
1465 5163 1721 5220 mundum

130 5248 501 5317 temporaliter
554 5249 940 5316 annuntianda,
991 5251 1083 5318 qui
1136 5252 1367 5306 mundus
1414 5263 1467 5308 et
1511 5270 1543 5309 a
1589 5271 1721 5327 qua-

131 5355 258 5400 tuor
294 5346 467 5401 ventis
505 5345 813 5413 delimatur,
853 5357 906 5403 et
962 5357 1191 5418 quatuor
1219 5351 1502 5407 elementis
1559 5355 1724 5426 erigi-

133 5447 244 5501 tur,
305 5445 357 5490 et
412 5445 639 5505 quatuor
679 5439 833 5492 annis
873 5449 1170 5509 temporum
1217 5443 1420 5499 vicibus
1459 5447 1715 5503 variatur.

132 5528 333 5582 Decem
360 5536 536 5582 autem
562 5536 749 5598 quater
777 5529 831 5583 in
867 5533 1219 5599 quadraginta
1247 5547 1713 5604 consummantur,

126 5610 594 5690 'quadragenarius
640 5631 818 5676 autem
879 5624 1121 5692 partibus
1179 5630 1291 5682 suis
1340 5641 1709 5700 computatus,

128 5708 330 5784 [addit]
351 5711 558 5767 addidit
584 5713 758 5783 ipsum
781 5713 1058 5770 denarium
1081 5725 1136 5772 ct
1160 5717 1711 5795 ﬁuntquinquagiuta,

129 5810 386 5871 tanquam
417 5818 626 5861 merces
655 5804 854 5860 laboris
883 5814 940 5863 et
962 5809 1327 5866 continentiae.
1359 5813 1542 5884 Neque
1567 5818 1710 5874 enim

1831 4717 1965 4793 [hic]
1990 4719 2112 4776 hoc.
2145 4722 2380 4781 Numera
2399 4728 2575 4796 itaque
2597 4742 2625 4779 a
2653 4739 2838 4796 quarta
2860 4730 3066 4784 decima
3088 4732 3244 4802 primi
3269 4747 3418 4789 men-

1826 4814 1924 4880 sis,
1943 4829 2048 4884 quo
2063 4813 2259 4870 factum
2273 4826 2355 4872 est
2373 4817 2599 4885 Pascha,
2619 4832 2786 4888 usque
2801 4820 2868 4874 ad
2882 4820 3025 4876 diem
3041 4824 3256 4878 tertium
3272 4823 3415 4878 tertii

1827 4906 2052 4970 mensis,
2066 4916 2121 4960 et
2138 4907 2381 4962 invenies
2395 4909 2578 4964 decem
2592 4918 2645 4965 et
2661 4919 2866 4978 septem
2883 4911 3000 4967 dies
3019 4913 3176 4982 primi
3191 4915 3412 4976 mensis,

1826 4997 2050 5066 triginta
2096 4999 2337 5064 secundi,
2372 5008 2484 5055 tres
2529 5002 2694 5071 tertii,
2723 5002 2812 5073 qui
2845 5005 2979 5059 ﬁunt
3007 5005 3408 5075 quinquaginta.

1827 5087 1939 5143 Lex
1966 5089 2021 5143 in
2051 5103 2176 5145 arca
2203 5099 2288 5146 est
2318 5093 2674 5148 sanctiﬁcatio
2711 5094 2764 5148 in
2797 5108 3023 5164 corpore
3051 5093 3280 5158 Domini,
3317 5108 3413 5162 per

1826 5179 1982 5249 cujus
2003 5185 2644 5240 resurrectionemnobis
2693 5189 2909 5257 requies
2945 5187 3118 5241 futura
3149 5185 3412 5254 promitti-

1826 5284 1932 5329 tur.
1974 5276 2056 5330 Arl
2091 5293 2250 5347 quam
2302 5280 2697 5351 percipiendam
2728 5293 2919 5340 sancto
2941 5283 3145 5352 Spiritu
3175 5279 3410 5338 charitas

1825 5363 2136 5434 inspiratur.
2157 5369 2394 5440 Spiritus
2421 5383 2601 5430 autem
2630 5376 2868 5430 nondum
2897 5384 3015 5429 erat
3033 5374 3210 5437 datus,
3242 5375 3406 5447 [cum|

1823 5460 1948 5529 quia
1979 5462 2134 5516 Jesus
2163 5466 2396 5521 nondum
2447 5477 2564 5523 erat
2599 5469 2944 5524 clariﬁcatus.
2971 5469 3097 5524 lude
3126 5471 3404 5540 pr0phetia

1819 5550 1912 5606 illa
1945 5563 2158 5608 cantata
2183 5567 2267 5610 est
2294 5576 2306 5610 :
2342 5559 2574 5629 Exurge,
2606 5559 2850 5626 Domine,
2884 5562 2938 5616 in
2960 5564 3200 5630 requiem
3232 5574 3401 5631 tuam,

1821 5651 1877 5698 tu
1906 5654 1960 5700 et
1982 5661 2106 5700 arca
2130 5650 2568 5704 sanctiﬁcationis
2587 5659 2712 5704 tuae.
2739 5652 2837 5707 Ubi
2861 5654 3096 5722 requies,
3120 5653 3193 5710 ibi
3210 5664 3265 5708 et
3280 5668 3405 5710 san-

1820 5736 2092 5793 ctiﬁcatio.
2122 5739 2270 5796 Unde
2299 5757 2439 5797 nunc
2467 5751 2528 5797 ut
2553 5756 2792 5798 amemus
2815 5751 2869 5798 et
2897 5742 3288 5812 desideremus,
3313 5746 3398 5816 pi-

1818 5841 1884 5900 gn
1893 5843 1953 5885 us
1969 5834 2294 5903 accepimus.
2312 5833 2581 5891 Vocantur
2592 5843 2769 5892 autem
2787 5835 2852 5890 ad
2867 5834 3150 5908 [requiem]
3168 5851 3389 5908 regnum
