3968 6390
596 348 706 408 765

598 565 890 637 signiﬁcat,
930 578 1117 621 omnes
1147 563 1202 617 in
1232 556 1452 617 nomine
1481 554 1655 615 Patris
1686 569 1739 613 et
1770 546 1891 610 Filii
1921 562 1973 609 et
2010 552 2181 623 Spiri-

601 670 685 716 tus
716 660 915 716 sancti.
946 658 1241 727 Propterea
1276 650 1765 727 quinquagenarius
1794 664 2074 713 numerus,
2102 654 2185 702 ter

602 742 1008 823 multiplicatus,
1033 746 1215 805 addito
1244 748 1309 803 ad
1340 745 1685 804 eminentiam
1711 741 2031 800 sacramenti
2054 741 2171 810 ipso

603 842 859 911 ternario,
890 852 946 900 et
984 843 1037 899 in
1067 842 1171 899 illis
1209 840 1435 913 magnis‘
1458 838 1693 910 piscibus
1725 837 2018 903 invenitur,
2049 847 2186 904 quos

606 928 864 994 Dominus
884 932 994 1005 jam
1028 942 1150 1005 post
1176 934 1651 999 resurrectionem,
1682 946 1873 985 novam
1904 929 2065 984 vitam
2092 926 2189 982 de-

599 1039 929 1098 monstrans,
959 1045 989 1084 a
1006 1030 1194 1085 dextra
1218 1035 1371 1098 parte
1398 1026 1564 1082 levari
1598 1021 1903 1097 imperavit,
1929 1038 2027 1077 nec
2052 1021 2187 1076 retia

598 1132 755 1193 rupta
799 1129 945 1191 sunt,
980 1121 1101 1192 quia
1153 1130 1279 1176 ιιιηο
1321 1118 1699 1177 haereticorum
1748 1115 2055 1187 inquietudo
2082 1129 2189 1168 non

601 1216 724 1273 erit.
757 1215 905 1271 Tunc
939 1215 1100 1268 homo
1133 1212 1409 1285 perfectus
1463 1222 1516 1267 et
1573 1210 1809 1281 quietus,
1839 1209 2106 1280 purgatus
2134 1202 2191 1261 in

601 1308 784 1364 anima
829 1304 883 1362 et
914 1320 1162 1377 corpore,
1193 1318 1289 1377 per
1319 1298 1528 1375 eloquia
1562 1296 1773 1358 Domini
1801 1310 1970 1367 casta,
2002 1314 2192 1372 argen-

600 1406 713 1455 tum
746 1398 869 1468 igne
898 1396 1267 1453 examinatum
1304 1404 1490 1462 terrae,
1534 1402 1814 1467 purgatum
1867 1393 2191 1464 septuplum,

604 1491 834 1562 accipiet
852 1486 1157 1547 mercedem
1181 1489 1459 1548 denarium
1487 1488 1662 1545 utsint
1678 1490 1866 1545 decem
1888 1497 1941 1543 et
1962 1494 2189 1558 septem.

604 1584 735 1642 Nam
767 1586 823 1642 et
850 1584 903 1639 in
931 1581 1035 1640 hoc
1065 1600 1293 1641 numero
1323 1585 1463 1641 sicut
1490 1584 1543 1640 in
1571 1583 1692 1640 aliis
1715 1582 2037 1653 multiplices
2062 1581 2195 1651 ﬁgu-

602 1691 691 1734 ras
720 1675 1126 1747 exhibentibus,
1157 1686 1560 1733 sacramentum
1612 1676 1860 1731 mirabile
1906 1673 2190 1744 reperitur.

602 1768 711 1826 Nec
740 1769 1011 1825 immerito
1062 1769 1223 1827 etiam
1262 1770 1500 1841 psalmus
1543 1770 1802 1838 septimus
1850 1758 2093 1823 decimus
2137 1765 2193 1821 in

604 1860 909 1932 Regnorum
970 1860 1124 1918 libris
1155 1862 1308 1917 solus
1336 1862 1543 1932 integer
1578 1861 1793 1931 legitur,
1823 1858 1945 1930 quia
1967 1852 2190 1930 regnum
2221 1841 2273 1905 Β

604 1952 736 2009 illud
760 1953 1047 2023 signiﬁcat,
1070 1954 1158 2009 ubi
1188 1954 1555 2008 adversarium
1585 1968 1691 2008 non
1724 1948 2065 2007 habebimus.
2099 1944 2190 2004 Ti-

611 2047 757 2103 tulus
784 2050 923 2102 enim
952 2047 1067 2118 ejus
1096 2055 1181 2104 est
1210 2047 1261 2101 in
1287 2047 1374 2103 die
1400 2062 1501 2119 qua
1531 2044 1817 2102 eruit'eum
1850 2043 2107 2099 Dominus
2127 2040 2194 2098 de

611 2154 774 2196 manu
803 2140 1040 2196 omnium
1093 2140 1435 2196 inimicorum
1492 2140 1634 2211 ejus,
1691 2140 1832 2195 etde
1860 2152 2019 2193 manu
2046 2134 2193 2191 Saul.

606 2233 738 2302 Quis
766 2234 908 2289 enim
951 2234 1211 2306 ﬁguratur
1250 2233 1303 2290 in
1332 2232 1526 2299 David,
1558 2233 1660 2288 nisi
1699 2232 1788 2289 ille
1817 2231 1906 2303 qui
1935 2229 2083 2285 venit
2113 2244 2198 2283 se-

610 2322 843 2384 cundum
870 2342 1086 2384 carnem
1112 2344 1176 2385 ex
1209 2329 1417 2385 semine
1444 2326 1650 2383 David?
1672 2327 1762 2398 qui
1786 2326 1969 2396 utique
1997 2324 2048 2379 in
2079 2338 2200 2379 cor-

610 2435 743 2492 pore
763 2436 884 2490 suo,
910 2422 1054 2493 quod
1086 2430 1169 2479 est
1198 2418 1465 2489 Ecclesia,
1498 2422 1673 2479 adhuc
1703 2421 1901 2493 patitur
1931 2419 2197 2475 inimicos.

614 2512 768 2572 Unde
793 2516 870 2571 illi
897 2517 1255 2588 persecutori,
1281 2533 1438 2588 quem
1463 2532 1594 2572 voce
1623 2512 1875 2572 mactavit
1899 2524 1954 2571 et
1976 2514 2028 2569 in
2046 2527 2200 2570 suum

612 2621 811 2676 corpus
856 2608 1127 2679 trajiciens
1176 2609 1577 2680 quodammodo
1618 2608 1979 2674 manducavit,
2002 2604 2205 2679 [sonuit

614 2694 684 2753 de
712 2695 875 2770 coelo]
900 2699 1085 2753 sonuit
1118 2717 1131 2753 :
1159 2700 1341 2769 Saule,
1361 2700 1546 2768 Saule,
1571 2701 1698 2771 quid
1722 2716 1808 2755 me
1833 2697 2206 2772 persequeris?

617 2786 844 2856 Quando
876 2798 1054 2845 autem
1080 2800 1299 2848 eruetur
1326 2792 1659 2865 hoc.corpus
1678 2788 1795 2865 ejus
1821 2792 1887 2849 de
1909 2809 2068 2848 manu
2093 2806 2207 2846 om-

616 2880 765 2935 nium
796 2878 1136 2938 inimicorum
1165 2883 1314 2955 ejus,
1348 2886 1455 2942 nisi
1504 2902 1625 2941 cum
1675 2894 1735 2943 et
1769 2886 1856 2941 illa
1918 2884 2209 2941 novissima

617 2972 833 3030 inimica
892 2972 1198 3033 destruetur
1255 2980 1441 3034 mors?
1511 2980 1591 3035 Ad
1645 2978 1749 3035 hoc
1808 2988 2020 3048 tempus
2090 2994 2214 3049 per-

622 3070 758 3123 tinet
826 3076 1085 3125 humerus
1140 3072 1233 3127 ille
1309 3082 1522 3128 centum
1596 3075 1981 3143 quinquaginta
2050 3073 2213 3128 trium

623 3158 869 3229 piscium.
899 3159 1031 3215 Nam
1084 3170 1141 3217 et
1192 3165 1309 3233 ipse
1346 3179 1602 3219 numerus
1653 3165 1916 3235 septimus
1973 3163 2218 3220 decimus

627 3266 853 3323 surgens
916 3252 970 3308 in
1028 3252 1363 3326 Trigonum,
1410 3264 1626 3313 centum
1685 3257 2066 3328 quinquaginta
2116 3254 2210 3313 tria

2322 3233 2556 3289 minatus

626 3352 854 3401 'summze
906 3346 1161 3418 complet.
1213 3347 1298 3404 Ab
1345 3365 1453 3405 uno
1498 3351 1697 3423 quippe
1737 3366 1905 3421 usque
1939 3348 2005 3405 ad
2034 3350 2219 3407 decem

628 3446 684 3496 et
704 3450 908 3511 septem
938 3458 1166 3513 surgens
1222 3458 1413 3515 omnes
1446 3443 1651 3501 medios
1689 3439 1828 3500 adde
1858 3453 1912 3499 ct
1944 3444 2219 3499 invenies:

627 3530 695 3588 ad
738 3547 902 3588 unum
944 3526 1153 3590 scilicet
1182 3535 1319 3592 adde
1355 3530 1485 3605 duo,
1516 3538 1652 3591 ﬁunt
1692 3537 1874 3608 utique
1915 3538 2055 3601 tria;
2084 3534 2223 3590 adde

629 3623 734 3681 tria
760 3666 775 3692 ,
810 3624 948 3680 ﬁunt
977 3641 1071 3682 sex
1098 3645 1111 3693 ;
1156 3626 1295 3681 adde
1318 3628 1585 3699 quatuor,
1643 3627 1777 3683 ﬁunt
1823 3628 2010 3682 decem
2039 3644 2053 3693 ;
2085 3625 2224 3683 adde

631 3719 892 3788 quinque,
927 3717 1061 3773 [lunt
1105 3719 1448 3788 quindecim;
1494 3719 1631 3776 adde
1683 3736 1799 3785 sex,
1856 3719 1989 3772 ﬁunt
2036 3717 2227 3786 viginti

633 3821 823 3873 unum;
849 3807 988 3862 adde
1009 3809 1081 3861 ita
1100 3819 1347 3875 caeteros,
1364 3818 1417 3863 et
1433 3810 1607 3878 ipsum
1625 3810 1911 3878 septimum
1930 3807 2222 3875 decimum,

635 3897 775 3956 ﬁunt
830 3908 1047 3955 centum
1101 3900 1479 3973 quinquaginta
1518 3902 1638 3956 tria.
1675 3901 1800 3957 llrec
1830 3900 1897 3955 de
1935 3900 2227 3969 Scripturis

636 3993 948 4050 ﬁrmissime
990 4004 1265 4064 tenentur,
1298 3994 1349 4051 id
1397 4005 1498 4062 est,
1542 3993 1744 4051 Pascha
1776 4004 1830 4049 et
1882 3993 2221 4051 Pentecoste.

634 4070 768 4143 Nam
791 4098 851 4142 ut
869 4088 1221 4160 quadraginta
1251 4089 1326 4142 illi
1356 4088 1472 4143 dies
1495 4100 1619 4142 ante
1648 4085 1852 4142 Pascha
1872 4086 2227 4141 observentur

639 4178 903 4237 Ecclesia:
926 4180 1214 4237 consensio
1243 4181 1535 4248 roboravit,
1567 4180 1644 4235 sic
1693 4180 1854 4234 etiam
1880 4189 1939 4234 ut
1965 4185 2087 4233 octo
2111 4176 2227 4234 dies

640 4273 1047 4346 Neophytorum
1076 4275 1472 4345 distinguantur
1498 4272 1527 4328 a
1556 4273 1789 4340 caeteris,
1818 4271 1870 4327 id
1894 4278 1977 4326 est
2004 4280 2228 4326 octavus

639 4363 814 4435 primo
853 4362 1124 4419 concinat.
1172 4364 1242 4421 Ut
1281 4374 1457 4420 autem
1498 4365 1709 4420 alleluia
1756 4379 1851 4435 per
1902 4362 2024 4417 illos
2081 4361 2228 4416 solos

639 4456 755 4513 dies
777 4450 1159 4529 quinquaginta
1177 4457 1229 4511 in
1257 4458 1499 4513 Ecclesia
1518 4466 1784 4523 cantetur,
1808 4470 1911 4510 non
1937 4466 2230 4523 usquequa-

639 4564 747 4621 que
775 4540 1091 4605 observatur
1113 4546 1129 4604 ἐ
1160 4565 1283 4604 nam
1317 4556 1371 4605 et
1403 4549 1520 4603 aliis
1566 4544 1755 4605 diebus
1804 4549 1951 4602 varie
1973 4554 2227 4601 cantatur

639 4642 767 4696 alibi
793 4652 949 4711 atque
971 4643 1120 4711 alibi,
1148 4642 1281 4711 ipsis
1307 4652 1487 4697 tamen
1527 4636 1715 4697 diebus
1739 4638 1979 4712 [ubique]
2017 4639 2221 4707 utique.

643 4734 714 4793 Ut
734 4744 912 4791 autem
936 4732 1140 4793 stantes
1162 4748 1216 4792 et
1236 4738 1289 4792 in
1316 4730 1421 4792 illis
1451 4735 1664 4803 diebus,
1687 4730 1817 4790 etin
1858 4733 2107 4788 omnibus
2132 4732 2229 4787 do-

641 4826 856 4883 minicis
875 4844 1109 4895 oremus,
1126 4839 1305 4884 utrum
1328 4829 1529 4901 ubique
1550 4837 1795 4886 servetur
1811 4826 2028 4898 ignoro:
2050 4834 2229 4880 tamen

639 4922 766 4995 quid
791 4922 843 4979 in
869 4939 934 4978 eo
961 4933 1215 4993 sequatur
1245 4924 1487 4981 Ecclesia
1514 4923 1626 4979 dixi
1653 4931 1710 4979 ut
1732 4921 1967 4994 potui,et
1994 4918 2230 4975 arbitror

642 5016 767 5075 esse
807 5016 1178 5074 manifestum.
1392 5021 1429 5057 ⁸

1168 5156 1398 5214 CAPUT
1434 5155 1694 5213 CXXVII.

644 5272 724 5326 De
772 5266 849 5327 his
879 5273 970 5343 qui
1012 5272 1099 5346 de,
1125 5274 1329 5346 paginis
1380 5271 1703 5346 Evangeticis
1744 5274 1906 5346 sortes
1943 5268 2142 5339 legunt,
2171 5278 2237 5320 ex

1002 5343 1183 5399 eodem
1195 5343 1340 5400 'tibro
1362 5362 1399 5401 tt
1434 5347 1504 5400 ad
1530 5343 1879 5399 Ianuarium.

717 5450 821 5522 Qui
853 5454 922 5510 de
951 5455 1159 5527 paginis
1179 5456 1520 5527 Evangeli‘cis
1565 5463 1737 5510 sortes
1768 5454 1974 5525 legunt,
1999 5449 2115 5505 etsi
2140 5461 2237 5518 op-

645 5550 869 5603 tandum
900 5559 1003 5616 est,
1034 5558 1093 5605 ut
1121 5551 1227 5607 hoc
1254 5551 1435 5622 potius
1462 5549 1664 5604 iaciant
1690 5564 1847 5619 quam
1891 5546 1994 5620 [ut]
2024 5544 2091 5600 ad
2120 5542 2235 5599 dce-

649 5645 833 5696 monia
870 5644 1204 5699 consulenda
1242 5651 1588 5711 concurrant,
1648 5651 1825 5697 tamen
1865 5651 1918 5696 et
1960 5642 2062 5696 ista
2107 5636 2236 5692 mihi

652 5736 905 5808 displicet
927 5739 1287 5808 consuetudo,
1311 5739 1376 5795 ad
1401 5738 1616 5810 negotia
1647 5736 1924 5793 saecularia
1945 5742 1997 5788 et
2022 5730 2087 5787 ad
2116 5731 2240 5786 vita

658 5832 816 5901 hujus
844 5827 1141 5889 (anitatem
1165 5844 1387 5906 propter
1410 5834 1568 5891 aliam
1600 5833 1787 5897 vitam,
1818 5826 2090 5901 loquentia
2119 5838 2241 5883 ora-

658 5924 779 5980 cula
809 5926 992 5983 divina
1017 5928 1157 5987 velle
1170 5938 1503 5984 convertere.

1622 344 1689 399 n.
1725 314 2023 399 suum
2059 306 2366 393 anseris
2404 333 2730 393 AFRICANI

594 474 819 530 alterius
846 466 990 541 vitm,
1014 460 1122 543 que
1147 464 1216 526 ab
1236 469 1337 525 i3ta
1366 448 1474 523 vita
1503 462 1778 531 transitur,
1805 456 1949 533 quod
1972 444 2177 516 Pascha
2204 452 2261 516 Δ

3750 327 3829 384 764

2795 448 3023 515 CAPUT
3059 450 3345 512 CXXVIII.

2288 552 2439 622 Quod
2465 553 2517 606 in
2547 550 2730 607 Genesi
2753 550 2861 606 dies
2892 566 2923 601 a
2946 549 3059 603 luce
3086 548 3353 622 coeperint.
3378 551 3427 599 ετ
3474 557 3626 622 τιυησ,
3644 555 3676 594 ⁸
3702 541 3825 622 ηοέξ·

2358 624 2449 678 bus
2463 632 2840 696 computentur,
2869 637 2933 675 ea:
2960 612 3191 675 sermone
3217 618 3287 672 ad
3328 614 3585 686 populum
3608 612 3663 666 in
3682 613 3823 684 signa

2359 696 2593 752 Paulus.

2359 811 2650 869 Dicendum
2681 815 2786 877 est,
2824 820 2920 861 cur
2946 811 3094 859 tanta
3125 799 3448 857 celebritate
3491 793 3820 864 hodierna»

2290 903 2556 959 tissimum
2588 907 2742 955 nocte
2758 896 3065 967 vigilemus,
3092 890 3240 964 quod
3266 889 3357 945 die
3379 887 3552 945 tertio
3578 886 3819 941 resurretit

2291 1011 2322 1053 a
2352 996 2577 1053 mortuis
2600 992 2860 1048 Dominus
2883 988 3131 1045 Christus
3173 986 3354 1040 nullus
3378 982 3609 1052 ambigit
3630 981 3819 1035 christ:-

2289 1090 2413 1143 nus.
2470 1084 2579 1141 Hae
2627 1088 2813 1138 autem
2854 1087 3014 1134 nocte
3042 1078 3143 1132 hoc
3181 1074 3382 1130 factum
3419 1087 3553 1128 esse
3582 1071 3815 1127 secundm

2293 1178 2639 1250 Evangelium
2663 1180 3014 1231 contestatur.
3044 1170 3239 1224 Totum
3261 1168 3408 1221 enim
3436 1164 3593 1218 diem
3616 1179 3644 1217 a
3672 1178 3813 1232 prae.

2292 1274 2454 1331 dente
2482 1280 2639 1327 nocte
2665 1266 2963 1338 computari
2991 1278 3098 1320 non
3133 1262 3357 1316 dubium
3402 1267 3522 1327 est,
3555 1274 3658 1313 non
3681 1272 3814 1312 secu-

2294 1368 2420 1434 dum
2455 1365 2662 1420 dierum
2696 1357 3081 1427 ordinem,qui
3125 1360 3627 1410 commemorantur
3669 1351 3714 1406 in
3748 1350 3812 1404 Ge-

2294 1462 2434 1527 nesi,
2456 1470 2763 1530 quanquam
2803 1462 2858 1509 et
2888 1452 2999 1507 illie
3024 1448 3260 1505 tenebrae
3294 1452 3703 1516 praecesserunt.
3729 1441 3810 1497 Na

2295 1553 2534 1609 tenebrm
2562 1556 2718 1605 erant
2738 1560 2900 1617 super
2929 1543 3203 1615 abyssum,
3235 1553 3359 1594 cum
3398 1536 3542 1592 dixit
3568 1534 3718 1599 Dens,
3740 1533 3812 1588 Fiat

2295 1649 2410 1714 lux,
2443 1654 2499 1702 et
2523 1644 2661 1707 facta
2687 1648 2779 1695 est
2798 1639 2910 1703 lux,
2937 1634 3033 1691 sed
3060 1632 3185 1704 quia
3234 1630 3343 1686 illa:
3370 1628 3613 1684 tenebrz
3640 1624 3808 1680 nonda:

2296 1746 2450 1797 erant
2478 1751 2606 1802 nox,
2641 1731 2879 1789 nondum
2923 1727 3070 1784 enim
3113 1731 3471 1796 praecesserat
3517 1719 3648 1775 dies.
3685 1717 3810 1773 Divisit

2299 1834 2496 1906 quippe
2524 1828 2640 1884 dies
2669 1828 2810 1879 inter
2831 1823 3006 1877 lucem
3030 1826 3085 1874 et
3118 1815 3397 1878 tenebras,
3429 1821 3490 1869 et
3529 1812 3667 1882 prius
3693 1811 3809 1863 tum

2299 1900 2511 1982 vocavit
2532 1920 2697 1982 diem,
2720 1914 2915 1971 deinde
2945 1910 3199 1967 tenebras
3225 1915 3461 1969 noctem,
3507 1913 3560 1960 et
3592 1902 3713 1957 facta
3738 1900 3810 1954 line

2297 2031 2467 2089 usque
2491 2014 2558 2069 ad
2588 2013 2813 2066 alterum
2839 2019 2997 2061 mane
3012 2006 3470 2058 eommemoratus
3485 2003 3565 2050 est
3584 1994 3689 2048 dies
3701 2005 3810 2045 unis.

2297 2108 2639 2169 Manifestum
2670 2112 2753 2158 est
2780 2100 2902 2155 illos
2923 2096 3040 2153 dies
3060 2110 3091 2149 a
3124 2094 3247 2149 luce
3272 2091 3498 2161 coepisse
3522 2095 3573 2143 et
3601 2095 3813 2140 transeat

2301 2206 2420 2263 luce
2451 2215 2620 2273 usque
2648 2197 2715 2253 ad
2743 2208 2901 2251 mane
2925 2190 3167 2261 singulos
3194 2179 3615 2257 terminatos,sed
3639 2186 3817 2246 poste:-

2301 2304 2460 2369 quam
2491 2269 2703 2349 creatus
2732 2287 2897 2342 homo
2923 2298 2954 2338 ι
2978 2283 3099 2337 luce
3142 2277 3353 2349 justitire
3393 2272 3454 2327 ad
3480 2269 3663 2340 peccati
3691 2275 3820 2320 tene-

2305 2360 2431 2446 bras
2458 2380 2769 2450 declinavit,
2798 2391 2828 2432 a
2855 2375 3049 2446 quibus
3075 2387 3200 2427 eum
3231 2364 3420 2424 Christi
3453 2362 3608 2434 gratia
3626 2360 3817 2425 liberat,

2305 2481 2506 2538 factum
2551 2483 2656 2541 est,
2698 2479 2757 2527 ut
2803 2481 2950 2524 nunc
2978 2466 3096 2522 dies
3141 2478 3174 2519 a
3220 2459 3464 2517 noctibus
3484 2459 3814 2523 computemus

2307 2576 2432 2647 quia
2463 2586 2571 2629 non
2604 2584 2636 2624 a
2664 2570 2784 2625 luce
2814 2565 2882 2620 ad
2911 2560 3191 2625 tenebras,
3233 2556 3331 2613 sed
3365 2571 3398 2609 a
3428 2551 3652 2647 tenebris
3759 2548 3805 2601 lu-

2311 2641 2429 2727 eem
2452 2666 2641 2723 venire
2668 2671 2961 2718 conamur:
2990 2663 3044 2711 et
3064 2651 3298 2708 Domino
3320 2647 3602 2717 adiuvante
3621 2641 3711 2697 ﬁeri
3727 2652 3805 2707 spt—

2312 2774 2515 2828 ramus,
2561 2757 2703 2812 sicut
2729 2746 3020 2822 Apostolus
3058 2744 3210 2800 dicit.
3265 2740 3386 2795 Nox
3442 2733 3706 2808 praeessit,
3731 2729 3809 2783 dies

2312 2864 2495 2914 autem
2519 2842 2993 2923 appropinquavit,
3021 2837 3334 2908 abjiciamus
3360 2832 3547 2901 itaque
3568 2841 3686 2898 open
3706 2832 3807 2923 terte

2314 2952 2533 3009 brarum
2564 2956 2621 3002 et
2646 2916 2932 2998 induamus
2963 2948 3062 2990 nos
3091 2943 3236 2987 arma
3258 2928 3428 2985 lucis.
3458 2926 3575 2981 Dies
3603 2923 3719 2992 igitur
3741 2916 3809 2970 do-

2318 3045 2530 3103 minicae
2554 3035 2821 3110 passionis
2842 3045 2951 3103 quo
2977 3024 3262 3083 cruciﬁxus
3301 3029 3411 3086 est,
3442 3021 3550 3089 jam
3574 3020 3811 3071 transactam

2323 3146 2532 3193 noctem
2558 3127 2831 3203 propriam
2862 3119 3210 3192 sequebatur,
3234 3113 3472 3183 ideoque
3492 3110 3671 3166 clausus
3686 3114 3725 3157 et

2585 3192 2688 3287 est,
2716 3231 2890 3289 usque
2918 3215 2985 3269 ad
3014 3213 3311 3269 Paraseeve
3341 3218 3507 3275 quam
3550 3192 3814 3289 Judaietiu‘l

2324 3336 2535 3383 caenam
2569 3284 2759 3389 puram
2789 3284 3003 3366 vocant.
3036 3304 3122 3361 Ab
3150 3303 3268 3372 ejus
3321 3298 3499 3353 noctis
3527 3284 3817 3389 exordio

2324 3378 2535 3490 pientes
2563 3378 2787 3467 'Sabbati
2818 3397 3275 3461 observationem,
3298 3390 3497 3447 deinde

2325 3472 2355 3569 :3
2380 3525 2474 3567 sua
2503 3514 2666 3564 nocte
2691 3499 2957 3570 incipiens
2985 3490 3167 3549 ﬁnitus
3216 3498 3300 3544 est
3344 3498 3562 3553 vespere
3591 3472 3823 3544 incipiam

2327 3605 2527 3671 noctis,
2557 3614 2677 3672 qua:
2709 3594 2946 3666 pertinet
2970 3590 3036 3645 ad
3061 3585 3276 3642 initium
3305 3577 3557 3672 Dominiei
3736 3578 3824 3637 quo-

2328 3704 2471 3759 niam
2493 3666 2616 3752 eum
2648 3690 2909 3747 Dominus
2938 3698 3051 3739 suae
3077 3672 3483 3737 resurrectionis
3504 3666 3662 3759 gloria

2328 3748 2523 3850 crevit.
2554 3785 2702 3841 lllius
2730 3781 2913 3849 itaque
2942 3772 3117 3830 noctis
3169 3767 3239 3824 ad
3266 3765 3458 3822 initium
3484 3757 3583 3850 diei
3608 3748 3839 3850 Dominici

2329 3842 2673 3957 pertinentis,
2702 3842 2848 3929 nunc
2878 3870 2981 3925 ista
3018 3861 3354 3920 solemnitate
3372 3842 3843 3957 memoria

2330 3935 2470 4036 rrnus.
2510 3974 2659 4031 lllam
2702 3975 2913 4024 noctem
2952 3960 3161 4030 agimus
3189 3948 3454 4024 vlgilantlo
3492 3957 3588 4015 qua
3615 3935 3840 4036 Deipinut

2330 4072 2647 4135 resurrexit,
2679 4076 2731 4121 et
2755 4064 2897 4119 illam
2922 4059 3087 4114 vitam
3114 4054 3185 4109 de
3214 4065 3319 4122 qua
3364 4042 3517 4117 pauiu
3537 4047 3655 4093 ante
3674 4030 3838 4135 diccba-

2332 4164 2820 4227 mus‘meditamur,
2849 4156 2938 4213 ubi
2962 4168 3062 4209 nec
3092 4161 3238 4206 mors
3273 4145 3401 4210 ulla,
3433 4151 3533 4195 nee
3551 4142 3745 4192 sentos:
3766 4133 3834 4227 6f.

2329 4225 2443 4338 86
2473 4274 2632 4331 quam
2664 4257 2719 4310 in
2743 4265 2837 4307 sua
2877 4259 3043 4304 carne
3086 4240 3243 4298 nobis
3281 4235 3573 4338 inchoavit,
3621 4234 3751 4295 quam
3779 4225 3837 4338 in:

2334 4316 2595 4413 e'x‘c'itavit
2623 4365 2651 4403 a
2680 4342 2931 4407 mortuis,
2962 4347 3020 4393 ut
3045 4334 3156 4408 jam
3190 4346 3295 4386 non
3330 4327 3610 4386 moriatur,
3632 4329 3715 4373 nec

2334 4453 2381 4507 ei
2414 4450 2553 4505 uitra
2574 4442 2903 4500 dominetur.
2934 4406 3067 4489 Nam
3102 4425 3355 4500 quoniam
3403 4419 3675 4507 venientes

2332 4494 2739 4615 pulcrum—ejus,
2765 4546 2793 4585 a
2817 4526 3011 4615 quibus
3038 4494 3389 4589 diligentibus
3414 4494 3833 4615 quaerebmrﬂl:

2248 4607 2306 4669 D
2335 4597 2482 4696 culo,
2505 4642 2699 4697 corpus
2724 4639 2830 4679 non
2857 4603 3195 4675 inVenerunt,
3227 4597 3835 4697 responsumque

2338 4735 2464 4785 runt
2486 4724 2553 4779 ab
2580 4687 2787 4793 angelis
2830 4712 2971 4786 quod
2998 4710 3107 4779 jam
3156 4705 3565 4764 resurrexerat,
3590 4687 3841 4793 manifeste?
3918 4728 3919 4735 η

2339 4766 2552 4785 ,ιη-...υ
2580 4766 2645 4777 ...-
2692 4766 2785 4774 ν..-
2835 4766 2900 4786 ,_
2998 4766 3015 4779 ,

2339 4832 2421 4879 est
2446 4816 2589 4891 quod
2641 4766 2703 4868 ζει
2735 4816 2893 4865 nocte
2935 4798 3230 4860 resurrexit
3260 4793 3418 4861 cujus
3441 4766 3844 4891 extremiusn'tlllid

2337 4870 2628 4974 diliteulum
2654 4905 2771 4961 fuit.
2802 4897 3003 4957 Deinde
3035 4890 3125 4948 cui
3167 4882 3480 4955 resurgenti
3519 4878 3671 4974 paqu
3918 4870 3919 4959 χ

2340 4958 2615 5082 vigilando
2636 4994 2940 5056 conciniutn
2995 4980 3304 5082 praestabat,
3331 4984 3389 5032 ut
3406 4958 3852 5082 inopinis:
3918 5020 3919 5082 ἴ

2339 5051 2906 5162 ⁷ῑέεξέιεξιῐιιιδ.
2957 5051 3064 5137 sed
3101 5086 3158 5131 et
3186 5073 3232 5129 si
3268 5070 3407 5125 forte
3438 5065 3534 5120 his
3562 5062 3701 5117 horis
3721 5051 3852 5155 quibus
3918 5058 3919 5119 1

2339 5154 2709 5250 nosiducimu's
2736 5181 2891 5234 istam
2914 5170 3145 5242 vigiliam
3176 5162 3319 5219 illius
3343 5158 3532 5213 adhuc
3552 5154 3857 5250 COI'ptbStllif-

2340 5288 2526 5363 pulcro
2556 5288 2691 5344 erat,
2724 5270 3066 5334 nondumque
3093 5260 3501 5317 resurrexerat,
3559 5259 3661 5303 nec
3690 5240 3868 5363 sic
3918 5246 3919 5319 ξ

3000 5358 3013 5363 -
3144 5353 3157 5363 ,
3220 5349 3309 5363 ,ψ
3356 5340 3624 5363 ,Ἁμῂῇ
3668 5341 3817 5363 Mm

2342 5323 2526 5363 vum",
2556 5323 2691 5344 VH“,
2725 5323 2852 5331 "nn
2880 5323 2888 5324 ί
2980 5323 2992 5334 ’
3767 5329 3777 5339 .
3805 5324 3813 5334 .

2340 5380 2499 5438 laudo
2523 5387 2705 5431 sumus
2737 5358 3038 5433 incongrui,
3068 5353 3196 5426 quia
3220 5349 3320 5405 ille
3347 5340 3628 5401 dormivit
3668 5343 3721 5392 ut
3740 5323 3868 5396 πεύθ-

2343 5488 2483 5541 mus,
2517 5468 2608 5543 qui
2636 5474 2719 5522 est
2741 5465 2983 5518 mortuus
3010 5459 3069 5506 ut
3087 5448 3416 5543 vivere-mus.

2877 5540 3104 5606 CAPUT
3151 5531 3391 5596 CXXIX.

2351 5661 2642 5733 Quomodo,
2689 5646 2965 5707 secundum
2980 5641 3221 5733 I{igni-ant
3248 5628 3420 5691 Jonw,
3452 5630 3571 5676 tres
3594 5618 3702 5673 dies
3741 5611 3878 5731 etuti;

2624 5728 2635 5733 ‘
2822 5721 2832 5731 '
3034 5723 3181 5733 --Α-αυ
3226 5705 3603 5733 anum-nuntur
3697 5698 3755 5733 ﬂ
3849 5710 3855 5720 .

2689 5698 2930 5796 passione
2975 5698 3184 5796 Domini
3222 5705 3603 5796 computentur
3629 5733 3646 5760 ,
3697 5698 3755 5740 ex

2425 5770 3063 5878 sanissimus.-
3082 5781 3271 5852 primo,
3299 5773 3382 5833 tit.
3406 5770 3466 5822 7.
