3968 6390
232 392 334 448 765

1440 372 1868 435 THESAURUS.
1904 374 2063 435 CAP.
2101 373 2312 434 CXXX.

3389 324 3495 423 766

231 515 283 564 α
304 470 478 562 tribus
507 501 775 567 noctibus,
802 499 881 555 sic
907 497 1010 554 erit
1028 503 1085 553 et
1110 494 1278 551 Filius
1302 489 1534 547 hominis
1561 487 1615 543 in
1644 485 1807 541 corde
1832 486 1888 549 Δ
1913 494 2020 541 tur.
2054 485 2237 542 Gloria
2270 488 2431 558 igitur
2473 487 2525 542 in
2579 483 2810 541 excelsis
2839 460 2982 553 Deo,
3025 492 3083 539 et
3121 484 3174 539 in
3217 494 3356 539 terra
3386 497 3494 554 pax

132 571 169 645 ἶ
232 608 389 657 terra:
419 596 586 653 tribus
616 594 805 651 diebus
850 600 907 648 et
942 591 1111 646 tribus
1139 586 1403 645 noctibus.
1437 585 1614 641 Sexta:
1661 578 1809 635 ferite

241 689 341 747 tiei
393 697 599 765 partem
638 700 744 757 qua
797 684 1036 756 sepultus
1078 692 1163 740 est
1190 697 1311 738 cum
1355 677 1620 751 praeterita
1654 683 1811 733 nocte

236 794 330 857 [ro
358 793 517 841 nocte
542 790 598 839 et
625 780 715 855 die
737 780 968 851 accipies
988 820 1006 848 ,
1050 778 1153 833 hoc
1180 785 1283 841 est,
1312 788 1409 845 pro
1440 782 1552 828 toto
1573 771 1658 826 die
1686 768 1811 825 sab-

238 856 365 935 bato
411 856 568 931 nocte
601 882 656 929 et
683 874 808 943 die,
840 879 898 929 et
942 877 1154 927 noctem
1201 868 1524 941 dominicam
1566 878 1687 921 cum
1718 877 1810 918 eo-

238 969 354 1025 tem
398 968 488 1025 die
519 968 905 1032 illucescente,
955 978 1017 1020 ac
1063 952 1159 1034 per
1201 962 1304 1017 hoc
1346 956 1657 1028 accipiendo
1688 970 1811 1027 par-

240 1072 340 1119 tem
372 1076 470 1133 pro
516 1070 629 1117 toto
674 1058 842 1123 habes
894 1057 1127 1113 triduum
1168 1063 1226 1111 et
1271 1063 1380 1110 tres
1420 1060 1626 1108 noctes.
1656 1047 1811 1118 Quod

242 1153 375 1209 enim
425 1153 676 1209 dicuntur
715 1151 903 1207 decem
949 1162 1166 1205 menses
1209 1144 1575 1219 praegnantis,
1619 1154 1810 1196 novem

226 1252 357 1300 sunt
388 1244 556 1317 pleni,
592 1243 686 1301 sed
717 1242 925 1299 initium
948 1241 1145 1298 decimi
1173 1254 1271 1309 pro
1304 1246 1415 1293 toto
1447 1236 1724 1307 accipitur,
1758 1242 1815 1289 et

227 1338 372 1407 quod
405 1353 463 1393 se
494 1338 751 1393 Dominus
795 1335 1029 1393 ostendit
1058 1334 1113 1390 in
1144 1340 1359 1399 monte,
1400 1337 1522 1401 post
1568 1344 1663 1385 sex
1696 1326 1812 1383 dies

230 1427 429 1509 factum
460 1428 589 1483 dicit
629 1443 766 1484 unus
814 1426 1177 1498 evangelista,
1208 1425 1343 1479 alter
1373 1437 1501 1478 vero
1532 1428 1656 1492 post
1692 1428 1815 1475 octo

230 1520 350 1576 dies
373 1563 387 1588 ,
421 1520 554 1576 dicit
582 1530 790 1593 partem
822 1520 1176 1593 posteriorem
1218 1517 1376 1588 primi
1417 1515 1564 1579 diei,
1610 1514 1663 1568 in
1709 1526 1816 1581 quo

233 1612 467 1667 futurum
494 1612 595 1669 hoc
625 1612 865 1683 promisit
896 1612 1177 1676 Dominus,
1222 1618 1277 1665 et
1317 1618 1530 1679 partem
1576 1605 1815 1677 priorem

232 1702 511 1761 novissimi
539 1704 673 1774 diei,
702 1705 755 1769 in
780 1720 888 1777 quo
917 1705 1239 1775 completum
1268 1710 1351 1757 est
1377 1699 1519 1773 quod
1546 1699 1814 1772 promisit,

234 1811 329 1867 pro
360 1797 486 1852 totis
510 1806 673 1868 atque
712 1797 934 1868 integris
973 1796 1165 1852 diebus
1194 1808 1558 1850 annumerans
1582 1828 1600 1859 ,
1631 1801 1693 1848 ut
1738 1792 1817 1845 in-
1856 1846 1859 1849 ,

1916 577 2222 637 hominibus
2270 580 2424 635 bona:
2462 579 2776 636 voluntatis.
2802 575 2993 633 —Cur
3018 576 3100 631 hic
3136 576 3273 631 malo
3298 577 3495 633 honu'ni

1912 666 2036 726 bene
2079 673 2165 741 sit,
2196 676 2272 726 vel
2301 673 2432 726 bona
2475 671 2630 725 male.
2676 670 2761 724 Ea:
2805 686 3036 725 sermone
3065 669 3128 723 de
3157 665 3495 723 Providentia

1911 763 2031 821 Dei.
2076 797 2147 809 —
2178 766 2317 823 Hinc
2365 765 2599 821 maxime
2630 763 2959 821 credendum
3009 772 3088 818 est
3128 761 3269 835 quod
3323 759 3495 832 pietas

1913 858 2169 930 prtedicat
2198 859 2539 916 manifestum
2593 857 2829 914 futurum
2874 872 2995 914 esse
3035 856 3322 926 judicium,
3372 854 3495 927 quia

1914 965 2055 1007 nunc
2093 934 2339 1006 videmus
2371 952 2631 1007 humanas
2676 951 2960 1006 felicitates
3006 956 3065 1005 et
3107 949 3286 1005 clades
3332 948 3499 1007 indis-

1912 1054 2059 1099 crete
2090 1044 2243 1099 bonis
2268 1053 2324 1098 et
2345 1045 2499 1100 malis
2513 1046 2663 1100 velut
2688 1044 2806 1100 sine
2837 1043 2948 1098 ullo
2973 1042 3177 1114 judicio
3204 1057 3326 1099 esse
3349 1058 3497 1098 com-

1914 1150 2106 1193 munes
2128 1177 2147 1204 ,
2196 1151 2319 1191 cum
2352 1137 2443 1192 Dei
2469 1136 2703 1208 justitia,
2735 1136 2889 1208 cujus
2917 1136 2995 1191 sic
3019 1135 3225 1191 eminet
3255 1136 3307 1190 in
3336 1136 3500 1212 rebus

1916 1229 2124 1300 exiguis
2155 1228 2520 1299 providentia,
2565 1228 2712 1284 nullo
2743 1227 2904 1283 modo
2951 1228 3221 1298 relinquat
3247 1228 3365 1285 sine
3394 1228 3502 1283 ullo

1911 1321 2114 1395 judicio
2144 1323 2342 1392 passim
2377 1321 2588 1377 ﬂuitare
2600 1319 2828 1391 majora.
2851 1319 2989 1387 Quid
3012 1331 3191 1376 autem
3214 1321 3385 1392 majus
3397 1327 3503 1391 est,

1915 1416 2219 1472 nonsulum
2250 1418 2302 1471 in
2333 1416 2433 1471 ista
2459 1416 2713 1481 humana,
2746 1430 2932 1470 verum
2962 1415 3127 1471 etiam
3175 1416 3228 1469 in
3260 1415 3504 1486 angelica

1918 1516 2128 1575 natura,
2156 1523 2315 1579 quam
2362 1517 2422 1563 ut
2447 1507 2573 1562 mali
2616 1507 2761 1577 justa
2791 1507 3008 1562 miseria
3041 1507 3352 1577 puniantur,
3378 1506 3506 1564 boui

1918 1617 2046 1659 vero
2076 1603 2407 1659 beatitudine
2432 1602 2811 1670 perfruantur?
2837 1600 2990 1669 Quod
3020 1616 3150 1673 ergo
3193 1616 3335 1656 nunc
3363 1599 3507 1656 malo

1922 1696 2126 1751 homini
2181 1698 2333 1765 quasi
2366 1697 2505 1753 bene
2544 1707 2659 1762 est,
2691 1695 2904 1751 occulta
2951 1711 3109 1766 pmna
3136 1703 3249 1762 est,
3283 1695 3510 1751 felicitas

1924 1787 2091 1854 falsa;
2124 1788 2263 1858 quod
2292 1798 2470 1843 autem
2516 1788 2719 1847 homini
2756 1789 2899 1844 bono
2928 1789 3070 1844 male
3101 1797 3205 1855 est,
3236 1804 3342 1843 non
3374 1802 3511 1859 prte-

238 1889 448 1960 telligas
476 1904 598 1945 eum
629 1890 720 1959 qui
748 1889 884 1944 dixit
912 1898 1034 1960 post
1080 1904 1177 1944 sex
1214 1886 1334 1942 dies
1355 1928 1371 1953 ,
1420 1885 1563 1940 solos
1612 1883 1818 1939 medios
1845 1876 1897 1939 B
1925 1883 2088 1936 mium
2121 1881 2304 1950 pietati
2326 1889 2570 1951 negatur,
2589 1882 2683 1936 sed
2716 1882 2780 1936 ad
2810 1880 3013 1949 majora
3043 1881 3265 1950 prtemia
3296 1882 3507 1952 patien-

235 1994 729 2048 oommemorasse,
762 1982 853 2052 qui
883 1996 1011 2037 vero
1041 1981 1137 2036 toti
1162 1989 1322 2050 atque
1345 1978 1534 2049 integri
1562 1976 1819 2046 completi

234 2084 391 2139 sunt;
421 2071 474 2128 in
507 2064 703 2131 Genesi
754 2074 897 2130 enim
924 2088 956 2128 a
985 2073 1187 2129 lumine
1217 2070 1401 2142 incipit
1439 2071 1587 2138 dies,
1621 2078 1677 2125 et
1703 2068 1822 2124 finit

235 2163 301 2219 ad
333 2165 585 2220 tenebras
611 2165 678 2220 ad
708 2166 1113 2238 signiﬁcandum
1144 2168 1354 2238 lapsum
1383 2163 1647 2227 hominis;
1677 2176 1821 2216 nunc

236 2264 415 2311 autem
444 2270 474 2310 a
499 2256 736 2313 tenebris
756 2258 822 2313 ad
850 2259 1053 2325 lucem,
1076 2259 1216 2312 sicut
1245 2256 1450 2311 dictum
1481 2266 1564 2311 est
1589 2254 1654 2310 de
1672 2264 1822 2309 tene-

237 2344 352 2405 bris
384 2348 558 2404 lucem
584 2350 959 2421 splendescere
986 2346 1352 2421 [clarescere],
1383 2347 1510 2416 quia
1538 2360 1569 2401 a
1592 2345 1824 2416 peccatis

241 2438 405 2499 homo
432 2440 690 2497 liberatus
706 2441 1039 2517 pervenitad
1061 2442 1232 2496 lucem
1258 2439 1511 2511 justitiae.

791 2572 1023 2630 CAPUT
1061 2568 1274 2629 CXXX.

736 2688 817 2746 De
846 2688 1181 2745 Providentia
1205 2682 1325 2744 Dei.

310 2803 455 2863 Fieri
485 2814 666 2876 potest
695 2814 752 2861 ut
777 2820 873 2878 per
903 2806 1099 2860 malum
1132 2803 1405 2859 hominem
1437 2801 1615 2857 divina
1646 2800 1827 2872 provi-

240 2895 423 2952 dentia
451 2904 508 2951 et
552 2896 734 2966 puniat
777 2904 834 2953 et
862 2896 1175 2966 opituletur.
1207 2892 1341 2950 Nam
1385 2884 1693 2949 Judaeorum
1722 2893 1827 2947 im-

240 2988 413 3067 pietas
439 2998 493 3043 et
517 2987 706 3044 Juilam
737 2988 1116 3058 supplantavit,
1152 2997 1207 3043 et
1235 2987 1483 3057 gentibus
1515 2988 1672 3041 saluti
1702 2984 1825 3039 fuit.

242 3080 371 3136 item
399 3076 514 3134 fieri
546 3088 724 3150 potest
754 3090 811 3134 ut
839 3079 1018 3134 divina
1060 3076 1393 3149 providentia
1426 3092 1521 3147 per
1552 3076 1827 3131 hominem

242 3174 437 3229 bonum
469 3183 523 3229 et
552 3173 771 3229 damnet
815 3183 867 3229 et
911 3171 1163 3243 adjuvet,
1196 3172 1336 3226 sicut
1375 3171 1451 3225 ait
1486 3169 1777 3240 Apostolus
1810 3186 1824 3222 :

240 3266 376 3321 Aliis
419 3280 604 3322 sumus
629 3260 762 3321 odor
807 3265 934 3321 vitze
980 3265 1031 3318 in
1064 3266 1254 3330 vitam,
1300 3263 1420 3318 aliis
1464 3274 1644 3318 autem
1688 3248 1899 3318 odorc

243 3359 430 3414 mortis
484 3361 535 3413 in
586 3367 839 3415 mortem.
884 3358 989 3414 Sed
1038 3374 1159 3413 cttm
1211 3357 1386 3413 omnis
1433 3355 1706 3412 tribulatio
1735 3364 1828 3412 aut

241 3465 395 3520 pmna
425 3449 712 3518 impiorum
744 3450 837 3515 sit,
887 3459 979 3503 aut
1026 3448 1349 3504 exercitatio
1371 3447 1675 3521 justorum;
1704 3447 1827 3518 quia

243 3541 428 3595 eadem
483 3540 679 3595 tribula
732 3547 787 3595 et
834 3540 1016 3610 paleas
1057 3539 1322 3605 concidit,
1378 3547 1433 3593 et
1482 3538 1748 3592 frumenta
1798 3552 1830 3591 a

242 3630 411 3702 paleis
441 3631 615 3699 exuit,
644 3631 786 3686 unde
815 3630 1089 3685 tribulatio
1119 3645 1313 3684 nomen
1346 3630 1586 3699 accepit;
1613 3644 1827 3683 rursum

242 3738 362 3780 cum
406 3740 508 3795 pax
553 3734 609 3801 et
634 3724 785 3796 quies
812 3739 842 3779 a
891 3722 1153 3779 molestiis
1182 3723 1532 3778 sacularibus
1560 3731 1616 3778 et
1657 3723 1832 3778 bonos

248 3815 525 3883 lucretur,
560 3824 617 3872 et
661 3824 971 3888 corrumpat
1022 3816 1227 3885 malos,
1279 3816 1457 3871 omnia
1506 3814 1621 3871 haec
1650 3816 1830 3875 divina

244 3903 581 3975 providentia
635 3920 734 3979 pro
783 3906 991 3960 meritis
1026 3904 1335 3959 moderatur
1379 3904 1705 3974 animarum,
1734 3904 1831 3961 sed

243 4002 426 4050 tamen
458 4010 563 4047 non
600 3992 701 4048 sibi
740 3996 943 4064 eligunt
970 3994 1092 4049 boni
1127 3996 1486 4050 ministerium
1524 3998 1830 4054 tribulatio-

246 4085 361 4150 nis,
392 4098 491 4137 nec
532 4083 657 4137 mali
688 4096 869 4138 amant
899 4100 1109 4152 pacem.
1136 4086 1315 4149 Quare
1344 4086 1443 4155 ipsi
1473 4102 1686 4156 quoque
1734 4103 1829 4156 per

247 4189 382 4247 quos
406 4173 457 4228 id
488 4172 831 4245 agitur“quod
862 4173 1129 4244 ignorant,
1151 4164 1255 4229 non
1278 4176 1499 4243 justitite
1529 4192 1645 4246 qua:
1673 4177 1835 4232 refer-

250 4264 337 4322 tur
366 4267 432 4321 ad
465 4266 629 4321 Deum
648 4307 664 4333 ,
692 4265 787 4321 sed
813 4266 1195 4323 malivolentiae
1224 4282 1335 4324 suae
1363 4264 1663 4325 mercedem
1694 4268 1837 4325 acci-

246 4367 429 4437 piunt;
462 4366 915 4437 quemadmodum
948 4381 1048 4422 nec
1077 4365 1233 4424 bonis
1264 4368 1557 4437 imputatur
1581 4368 1724 4438 quod
1753 4369 1836 4437 ip-

245 4458 322 4514 sis
368 4456 622 4528 prodesse
662 4456 969 4512 volentibus
1028 4467 1251 4513 uocetur
1297 4459 1493 4525 alicui,
1539 4460 1634 4515 sed
1692 4460 1835 4515 bono

246 4549 426 4604 animo
472 4548 863 4604 benevolentia:
911 4550 1187 4618 praemium
1235 4552 1510 4607 tribuitur.
1546 4552 1621 4607 Ita
1670 4553 1830 4607 etiam

1924 1975 1995 2030 tia
2045 1973 2260 2043 pietatis
2290 1984 2536 2041 augetur.
2571 1972 2703 2027 llein
2730 1973 2871 2043 quod
2902 1973 3188 2043 aliquando
3232 1982 3289 2028 et
3325 1974 3378 2029 in
3410 1974 3513 2030 hac

1923 2067 2029 2120 vita
2046 2066 2189 2120 malo
2204 2066 2407 2119 homini
2425 2066 2561 2119 mala
2574 2074 2777 2134 est,aut
2791 2065 3097 2121 emendatio
3111 2075 3214 2131 est,
3236 2075 3324 2121 aut
3340 2065 3512 2120 afﬂic-

1926 2156 2001 2211 tio
2032 2167 2400 2225 peccatorum.
2434 2156 2659 2225 Quando
2702 2165 2881 2213 autem
2932 2157 3074 2211 bono
3123 2156 3325 2213 homini
3376 2155 3516 2213 bene

1925 2259 2029 2318 est,
2064 2267 2170 2304 non
2214 2261 2296 2305 est
2326 2252 2472 2307 illius
2503 2266 2751 2321 superna:
2780 2252 2967 2321 patria:
2996 2253 3353 2308 certissimum
3384 2266 3516 2322 gau-

1926 2342 2074 2395 dium
2098 2382 2114 2409 ,
2164 2342 2257 2396 sed
2294 2342 2454 2413 hujus
2490 2344 2806 2411 periculosae
2839 2345 3285 2414 peregrinationis
3333 2345 3517 2416 quale-

1927 2450 2156 2505 cumque
2187 2434 2457 2489 solatium.
2492 2435 2618 2491 llsec
2663 2446 2823 2506 atque
2852 2436 3158 2506 hujusmodi
3189 2438 3233 2491 si
3258 2438 3519 2508 cogitaret

1928 2530 2164 2585 infidelis
2195 2529 2471 2597 impietas,
2506 2531 2559 2584 in
2592 2530 2957 2599 gubernandis
2978 2531 3140 2586 rebus
3170 2531 3417 2587 humanis
3438 2532 3521 2587 di-

1930 2622 2109 2676 vinam
2140 2620 2532 2691 providentiam
2575 2637 2681 2677 non
2728 2632 2975 2694 negaret,
3020 2638 3120 2679 nec
3161 2624 3215 2679 in
3238 2624 3349 2679 suis
3375 2632 3522 2680 tene-

1936 2714 2113 2768 brosis
2142 2722 2197 2769 et
2238 2714 2530 2769 mortiferis
2572 2715 2778 2770 viribus
2805 2726 2993 2772 contra
3032 2716 3211 2771 lumen
3253 2723 3309 2772 et
3361 2717 3523 2773 vitam

1936 2807 2216 2876 sapientia:
2245 2807 2585 2878 perduraret.
2618 2806 2749 2863 Illud
2774 2823 2905 2880 ergo
2933 2809 3178 2863 attendat
3210 2809 3371 2865 homo
3402 2808 3522 2862 inii-

1933 2900 2090 2968 delis,
2119 2901 2263 2970 quod
2308 2901 2492 2957 dicere
2531 2916 2638 2957 non
2669 2911 2844 2971 potest
2872 2904 2940 2956 ab
2971 2902 3280 2958 hominibus
3312 2902 3524 2957 institu-

1935 3002 2070 3059 tum,
2103 3009 2171 3049 ne
2222 2995 2387 3049 Deum
2429 3005 2591 3066 neget
2634 2997 2794 3051 rebus
2824 2997 3073 3052 humanis
3100 2997 3341 3052 ordinem
3369 2996 3523 3067 dare,

1933 3086 2022 3154 qui
2070 3086 2251 3141 docuit
2279 3088 2521 3157 apiculas
2567 3090 2741 3153 cellas
2770 3088 3016 3145 favorum
3050 3099 3157 3146 tam
3207 3090 3525 3147 mirabiliter

1932 3177 2187 3234 ordinare
2222 3196 2233 3230 :
2270 3179 2373 3249 ipsi
2404 3181 2604 3249 quippe
2629 3179 2836 3236 homini
2862 3182 2984 3251 quis
3014 3182 3161 3237 dedit
3202 3182 3523 3239 inordinatis

1932 3272 2095 3327 rebus
2119 3271 2354 3339 offendi,
2380 3281 2433 3327 et
2458 3288 2640 3329 rerum
2670 3275 2859 3331 ordine
2886 3276 3175 3333 delectari?
3204 3276 3393 3333 Nonne
3421 3276 3526 3334 hoe

1932 3362 1984 3415 iu
2009 3378 2121 3417 sua:
2150 3365 2343 3418 anima:
2377 3376 2566 3421 natura
2595 3368 2819 3434 invenit,
2847 3383 3009 3438 quam
3040 3369 3142 3423 sibi
3169 3370 3284 3438 ipse
3313 3384 3421 3424 non
3448 3368 3526 3426 fe-

1932 3454 2041 3507 cit?
2069 3453 2202 3507 Nam
2234 3472 2402 3523 quare
2430 3458 2623 3514 ordine
2662 3474 2768 3513 non
2816 3461 3032 3515 invento
3062 3462 3115 3513 in
3146 3460 3308 3516 rebus
3339 3460 3526 3517 huma-

1934 3545 2017 3597 nis
2050 3545 2215 3599 Deum
2265 3562 2354 3601 res
2399 3548 2660 3604 humanas
2705 3550 3007 3621 gubernare
3038 3565 3142 3605 non
3174 3552 3348 3607 credit
3375 3591 3391 3616 ,
3422 3552 3527 3609 nisi

1935 3633 2061 3705 quia
2110 3636 2270 3690 rebus
2303 3638 2621 3693 inordinatis
2651 3641 2928 3697 ordinatas
2959 3656 3273 3712 praeponere
3312 3651 3527 3698 natura.

1935 3729 2059 3785 liter
2090 3730 2270 3785 novit?
2322 3732 2533 3802 Ergone
2578 3734 2739 3789 homo
2765 3735 2974 3807 judicat
3002 3737 3399 3793 ordinationem
3427 3752 3526 3808 po-

1936 3824 2045 3880 tius
2070 3839 2229 3895 quam
2275 3827 2737 3895 perturbationem
2768 3830 3018 3899 operibus
3058 3832 3352 3887 convenire
3379 3829 3519 3887 divi-

1937 3916 2060 3972 nis?
2088 3919 2154 3972 Et
2183 3917 2327 3973 Deus
2355 3920 2661 3975 ordinatum
2689 3921 2953 3991 judicium
2982 3938 3090 3977 non
3122 3922 3283 3978 habet
3308 3922 3378 3977 de
3424 3920 3526 3979 lio-

1936 4009 2173 4064 minibus
2204 4011 2493 4076 universis,
2526 4015 2616 4083 qui
2645 4014 2852 4070 ordinis
2876 4030 3095 4070 sensum
3111 4017 3312 4069 creavit
3340 4015 3396 4069 in
3416 4014 3527 4070 sin-

1937 4100 2110 4169 gulis?
2140 4101 2314 4155 Habct
2343 4102 2520 4170 plane,
2556 4104 2750 4170 habet,
2795 4120 2901 4160 non
2929 4105 3138 4159 dubitet
3168 4106 3357 4173 pietas,
3388 4116 3443 4160 et
3480 4105 3528 4163 si

1940 4208 2049 4247 non
2097 4194 2508 4260 comprehendit
2554 4196 2857 4253 infirmitas.
2910 4198 3087 4267 Opera
3140 4196 3410 4253 fabrorum
3465 4213 3527 4255 ea

1940 4298 2132 4352 nempe
2162 4284 2473 4350 laudamus,
2505 4300 2626 4357 quae
2672 4285 2938 4356 inspicere
2969 4301 3274 4357 possumus,
3311 4286 3528 4343 mecha-

1942 4376 2183 4431 nicorum
2214 4386 2391 4431 autem
2423 4387 2701 4448 stupemus
2725 4417 2741 4444 ,
2771 4387 2829 4434 et
2857 4380 2958 4434 nisi
2982 4387 3165 4449 aperta
3187 4389 3349 4451 atque
3374 4394 3529 4435 mon-

1941 4476 2110 4523 strata
2151 4467 2389 4533 fuerint,
2440 4482 2537 4525 eos
2567 4468 2922 4540 impossibilia
2957 4472 3197 4538 potuisse
3242 4472 3525 4537 miramur.

1940 4554 2047 4612 Cur
2088 4572 2217 4628 ergo
2246 4556 2312 4611 de
2354 4557 2578 4628 judiciis
2604 4558 2698 4614 Dei
2729 4570 2833 4614 tam
2866 4572 3076 4617 temere
3105 4561 3432 4632 judicamus,
3472 4575 3528 4622 et

248 4650 441 4695 cale“!
507 4648 754 4694 creatura
816 4654 915 4710 PI'O
963 4641 1170 4695 meritis
1229 4643 1530 4697 animarum
1598 4644 1833 4699 raliona-
1866 4632 2104 4705 Ddivini
2153 4651 2329 4721 operis
2380 4654 2627 4708 ordinem
2676 4654 2768 4708 ubi
2808 4670 2914 4709 non
2958 4658 3290 4726 potuerimus
3317 4658 3524 4726 videre,

247 4730 379 4786 lium
408 4730 489 4785 vel
521 4731 772 4797 sentitur,
804 4733 887 4787 vel
925 4731 1089 4799 latet,
1138 4733 1225 4788 vel
1256 4734 1482 4789 molesta
1502 4775 1518 4801 ,
1564 4737 1649 4791 vel
1679 4751 1832 4791 com-

249 4820 406 4878 moda
436 4830 539 4879 est.
594 4820 817 4879 Summo
865 4824 1008 4879 enim
1043 4826 1153 4879 Deo
1182 4839 1374 4882 cuncta
1408 4829 1543 4884 bene
1570 4830 1833 4886 adminis-

248 4922 450 4968 strante
471 4929 589 4982 quae
612 4913 758 4979 fecit,
781 4913 916 4969 nihil
935 4914 1299 4972 inordinatum
1326 4918 1379 4972 in
1406 4922 1653 4975 universo
1678 4923 1835 4977 nihil-

248 5020 353 5076 que
380 5002 634 5076 injustnm
660 5016 740 5061 est
764 5045 779 5073 ,
820 5006 937 5060 sive
967 5006 1261 5063 scientibus
1284 5050 1299 5075 ,
1333 5010 1447 5065 sive
1473 5011 1836 5070 nescientibus

247 5098 426 5155 nobis.
460 5098 562 5154 Sed
591 5100 642 5154 in
678 5108 829 5169 parte
858 5097 1147 5155 offenditur
1176 5100 1352 5155 anima
1398 5106 1690 5174 peccatrix.
1720 5106 1826 5161 Ta-

249 5209 372 5249 men
403 5193 523 5262 quia
549 5207 644 5262 pro
672 5192 877 5247 meritis
902 5192 973 5247 ibi
1002 5202 1106 5259 est,
1132 5194 1219 5248 ubi
1248 5211 1369 5252 esse
1394 5196 1552 5252 talem
1576 5199 1752 5268 decet,
1776 5211 1832 5258 et

250 5300 313 5342 ea
342 5283 543 5355 patitur
583 5300 702 5356 quae
742 5286 903 5341 talem
948 5286 1055 5356 pati
1103 5303 1315 5357 aequum
1357 5299 1477 5358 est,
1522 5293 1828 5351 universum

252 5378 350 5433 Dei
396 5392 616 5449 regnum
668 5378 810 5431 nulla
861 5392 955 5433 sua
1005 5377 1251 5436 foeditate
1299 5381 1579 5437 deformat.
1625 5383 1825 5451 Quam-

251 5469 439 5524 obrem
473 5467 725 5538 quoniam
756 5484 861 5524 non
911 5470 1089 5527 omnia
1136 5468 1384 5529 novimus
1428 5490 1548 5543 quae
1576 5474 1646 5530 de
1676 5478 1833 5537 nobis

252 5560 391 5615 bene
412 5559 517 5628 agit
544 5558 677 5613 ordo
701 5558 931 5628 divinus,
963 5561 1014 5616 in
1038 5562 1149 5617 sola
1181 5562 1319 5619 bona
1338 5566 1611 5621 voluntate
1641 5583 1832 5625 secun-

253 5652 381 5707 dum
405 5651 575 5722 legem
605 5652 809 5722 agimus
835 5691 851 5717 ,
896 5652 947 5708 in
976 5654 1186 5710 caeteris
1221 5666 1400 5711 autem
1433 5658 1724 5714 secundum
1750 5660 1831 5718 le-

255 5758 374 5817 gem
400 5743 627 5814 agimur,
661 5757 781 5796 cum
806 5740 888 5797 lex
918 5743 1498 5813 ipsaincommutabilis
1525 5760 1757 5819 maneat,
1778 5762 1833 5809 et

254 5832 434 5892 omnia
463 5830 738 5891 mutabilia
782 5833 1140 5904 pulcherrima
1170 5837 1556 5907 gubernatione
1585 5842 1833 5904 modere-

1936 4742 2255 4798 festinamus
2285 4760 2508 4815 negare,
2543 4744 2826 4802 laudantes
2858 4749 3149 4816 potentiam
3175 4748 3445 4804 Creatoris
3472 4750 3527 4811 in

1939 4834 2189 4890 arborum
2224 4836 2366 4891 foliis
2390 4878 2405 4903 ,
2438 4846 2494 4891 et
2523 4852 2639 4891 eam
2697 4853 2805 4893 non
2839 4849 3087 4909 putantes
3114 4856 3240 4897 esse
3280 4841 3333 4895 in
3359 4841 3525 4897 rebus
3608 4840 3615 4851 '

1939 4926 2209 4993 humanis,
2243 4941 2343 4981 nec
2375 4928 2553 4996 potius
2584 4928 3031 5004 investigabiliter
3077 4943 3133 4988 et
3174 4934 3408 4990 latenter
3438 4948 3528 4987 or-

1940 5018 2119 5073 dinem
2150 5034 2330 5073 rerum
2372 5023 2727 5078 humanarum
2767 5039 2990 5081 currere
3018 5024 3292 5080 credimus
3314 5064 3330 5088 ,
3364 5040 3525 5095 quem

1939 5112 2023 5166 vel
2054 5112 2373 5169 immensum
2407 5116 2905 5187 comprehendere,
2936 5120 3019 5173 vel
3056 5117 3329 5172 occultum
3360 5116 3526 5188 inspi-

1938 5218 2063 5258 cere
2089 5218 2194 5258 non
2222 5205 2499 5259 valemus?
2526 5207 2633 5261 Sed
2666 5223 2844 5263 rerum
2874 5207 3132 5260 divinitus
3160 5206 3521 5265 institutarum

1939 5293 2188 5360 ordines,
2214 5294 2481 5350 manifesti
2497 5310 2564 5351 ex
2595 5298 2788 5367 quibus
2816 5294 3171 5366 conjiciantur
3199 5299 3416 5363 occulti,
3448 5301 3524 5355 fe-

1940 5386 2085 5441 riunt
2113 5387 2273 5441 etiam
2305 5388 2490 5443 oculos
2534 5390 2839 5460 impiorum.
2864 5388 3095 5456 ——Qu:‘d
3141 5390 3195 5442 in
3253 5390 3382 5445 libro
3416 5390 3523 5447 Ec-

1939 5479 2199 5531 clesiastes
2232 5478 2482 5533 Salomon
2508 5480 2572 5533 de
2620 5480 2700 5533 his
2749 5480 2802 5533 in
2857 5479 2954 5533 hac
2984 5481 3085 5533 vita
3114 5481 3258 5535 bonis
3302 5493 3349 5536 et
3372 5483 3521 5540 malis

1936 5586 2050 5640 qua:
2076 5571 2176 5623 sint
2204 5573 2497 5624 communia
2522 5571 2815 5639 disputarit.
2847 5570 2924 5626 Ea:
2952 5572 3081 5629 libro
3103 5572 3165 5627 de
3188 5572 3403 5626 Cioitate
3427 5574 3522 5633 Dei

1936 5678 2030 5716 xx.
2061 5691 2130 5702 —
2160 5660 2311 5716 Nunc
2354 5662 2564 5732 quando
2593 5678 2696 5715 non
2729 5661 2909 5716 solum
2946 5657 2999 5713 in
3038 5663 3178 5717 malo
3204 5674 3330 5718 sunt
3367 5664 3515 5737 boni,
3608 5729 3619 5741 _

1935 5765 1989 5811 et
2019 5755 2068 5809 in
2101 5755 2239 5810 bone
2271 5755 2416 5823 mali,
2444 5755 2585 5826 quod
2610 5754 2817 5811 videtur
2846 5757 3122 5827 injustum,
3150 5772 3331 5813 verum
3356 5759 3516 5815 etiam

1936 5847 2256 5919 plerumque
2301 5856 2356 5904 et
2384 5847 2541 5903 malis
2580 5847 2721 5904 mala
2759 5847 3052 5916 eveniunt,
3096 5856 3153 5905 et
3194 5848 3349 5906 bonis
3374 5850 3517 5911 bona
