3968 6390
515 295 624 358 ⁸167

1618 300 1681 356 D.
1726 299 2041 357 EUGYPPII
2083 298 2371 357 ABBATIS
2409 301 2726 358 AFHICANI

3707 311 3797 366 768

512 415 858 490 proveniunt,
893 414 1064 488 magis
1095 415 1461 474 inscrutabilia
1493 415 1626 471 liunt
1651 417 1852 485 judicia
1904 417 2017 481 Dei,
2050 426 2103 473 et
2132 421 2182 480 Α
2208 417 2464 487 despecto
2495 459 2508 482 ,
2558 418 2670 473 sive
2698 419 2929 485 bonum,
2963 421 3081 475 sive
3111 419 3329 475 malum.
3380 420 3524 490 Quid
3557 423 3790 488 brevius.

511 511 915 580 investigabiles
963 512 1064 566 viae
1108 512 1245 580 ejus.
1319 510 1574 578 Quamvis
1624 525 1753 581 ergo
1802 512 2102 567 nesciamus

510 606 620 678 87
656 619 762 676 quo
787 604 991 674 judicio
1033 604 1174 658 Deus
1203 603 1301 657 ista
1347 605 1426 658 vel
1467 602 1648 668 faciat,
1679 604 1763 658 vel
1792 604 1908 658 ﬁeri
1940 605 2099 672 sinat,

509 700 653 769 apud
680 713 840 768 quem
887 711 1096 751 summa
1124 697 1296 750 virtus
1325 705 1449 761 est,
1497 705 1550 751 et
1577 710 1783 751 summa
1815 696 2098 765 sapientia,

510 804 723 846 summa
776 787 1007 859 justitia,
1061 787 1205 841 nulla
1237 787 1553 853 inﬁrmitas,
1607 788 1751 843 nulla
1791 789 2099 855 temeritas,

511 881 658 935 nulla
682 878 955 949 iniquitas,
988 877 1276 932 salubriter
1305 886 1484 933 tamen
1499 879 1758 934 discimus
1787 893 1893 934 non
1925 878 2103 949 magni

512 971 787 1042 pendere,
815 983 910 1025 seu
945 970 1107 1038 bona,
1136 983 1229 1024 seu
1261 972 1422 1035 mala,
1443 986 1562 1039 qua:
1593 969 1839 1025 videmus
1868 985 1988 1026 esse
2019 971 2102 1025 bo-

511 1064 599 1119 nis
628 1063 892 1132 malisque
921 1064 1228 1117 communia
1248 1105 1262 1129 ,
1313 1072 1368 1118 et
1399 1063 1484 1116 illa
1519 1065 1656 1117 bona
1710 1078 1955 1132 quaerere
1982 1078 2101 1133 quae

507 1155 795 1222 bonorum,
817 1164 977 1224 atque
1012 1155 1102 1210 illa
1131 1156 1364 1210 maxime
1385 1156 1571 1225 fugere
1593 1172 1711 1226 qua:
1733 1157 1947 1226 propria
1978 1166 2103 1211 sunt

507 1246 795 1301 malorum.
813 1244 945 1299 Cum
966 1260 1096 1300 vero
1110 1247 1174 1300 ad
1198 1246 1328 1301 illud
1344 1246 1605 1316 judicium
1619 1248 1924 1302 venerimus
1948 1249 2101 1317 cujus

504 1346 720 1408 tempus
765 1338 875 1409 jam
905 1339 1127 1409 proprie
1156 1339 1272 1395 dies
1297 1340 1486 1410 judicii
1511 1382 1526 1408 ,
1568 1351 1621 1396 et
1652 1329 1942 1412 aliquando
1984 1343 2100 1398 dies

507 1429 722 1486 Domini
755 1440 1259 1513 nuncupatur,'non
1290 1433 1462 1487 solum
1494 1449 1826 1504 quaecunque
1867 1443 1991 1489 tunc
2016 1435 2099 1504 ju-

504 1522 846 1592 dicabuntur,
876 1539 1064 1580 verum
1108 1526 1267 1580 etiam
1294 1541 1628 1596 quaecunque
1659 1528 1726 1583 ab
1780 1528 1934 1585 initio
1958 1527 2099 1598 judi.

503 1628 622 1674 cata
649 1660 665 1687 ,
698 1628 752 1673 et
780 1633 1115 1690 quascunque
1165 1633 1333 1690 usque
1379 1621 1446 1674 ad
1499 1620 1630 1676 illud
1663 1630 1872 1691 tempus
1923 1620 2098 1676 adhuc

501 1712 788 1784 iudicanda
815 1723 976 1779 sunt,
1005 1713 1341 1782 apparebunt
1369 1729 1490 1769 esse
1510 1713 1828 1784 justissima.
1863 1715 1964 1771 Ubi
1993 1716 2096 1772 hoc

2209 511 2389 564 verius
2411 549 2426 572 ,
2449 509 2712 564 salubrius
2740 510 2842 565 dici
2868 512 3036 580 potuit
3063 512 3086 563 ?
3130 513 3320 578 Deum,
3355 515 3555 583 inquit,
3592 516 3724 572 time
3752 531 3789 573 et

2207 603 2456 656 mandata
2509 602 2630 672 ejus
2660 603 2909 668 custodi,
2943 604 3065 672 quia
3112 603 3212 658 hoc
3257 615 3340 660 est
3379 607 3571 660 omnis
3619 608 3783 666 homo.

2206 693 2520 768 Quicunque
2545 694 2692 750 enim
2730 703 2814 750 est
2837 737 2850 759 ,
2883 695 2984 750 hoc
3013 705 3119 759 est,
3150 707 3332 752 custos
3359 698 3556 766 utique
3583 703 3785 756 manda-

2209 796 2384 842 torum
2415 789 2539 856 Dei,
2571 789 2824 859 quoniam
2857 790 2944 860 qui
2977 789 3079 845 hoc
3109 805 3216 845 nou
3247 802 3352 857 est,
3382 793 3527 848 nihil
3559 807 3662 850 est.
3689 797 3779 854 Non

2205 879 2346 934 enim
2376 879 2442 932 ad
2469 879 2708 935 veritatis
2736 881 3021 951 imaginem
3047 881 3392 950 reformatur,
3420 900 3720 942 remanens
3747 893 3779 944 'n

2204 971 2556 1027 similitudine
2603 972 2852 1027 vanitatis
2874 1014 2889 1040 ,
2920 974 3043 1044 quia
3070 989 3232 1030 omne
3274 976 3378 1032 hoc
3419 993 3591 1048 opus,
3625 981 3677 1035 id
3698 995 3775 1048 est,

2205 1066 2350 1134 quod
2381 1065 2448 1120 ab
2481 1065 2699 1121 homine
2730 1066 2789 1121 ﬁt
2835 1066 2886 1121 in
2925 1067 3026 1123 hac
3057 1069 3162 1124 vita
3193 1111 3208 1136 ,
3241 1069 3357 1125 sive
3402 1071 3650 1140 bonum,
3692 1076 3776 1130 site

2205 1158 2430 1224 malum,
2464 1158 2600 1212 Deus
2630 1158 2926 1214 adducetin
2951 1159 3215 1228 judicium
3245 1162 3301 1215 in
3330 1165 3488 1218 omni
3521 1165 3773 1234 despecto.

2203 1249 2258 1306 id
2281 1259 2383 1316 est,
2401 1251 2452 1305 in
2476 1252 2801 1306 omnietiam
2829 1252 2916 1320 qui
2939 1253 3362 1322 contemptibilis
3377 1255 3470 1312 hic
3487 1255 3714 1324 videtur,
3741 1270 3776 1313 et

2203 1343 2327 1398 ideo
2359 1357 2461 1398 nec
2489 1343 2718 1409 videtur,
2745 1343 3000 1412 quoniam
3035 1344 3178 1399 Deus
3206 1355 3262 1402 et
3285 1346 3472 1416 ipsum
3510 1347 3670 1414 videt,
3698 1363 3777 1404 nec

2202 1452 2325 1493 eum
2353 1437 2602 1506 despicit,
2635 1451 2734 1493 nec
2765 1451 2886 1492 cum
2930 1437 3140 1507 judicat
3165 1441 3428 1509 praeterit.

2743 1550 2973 1606 CAPUT
3011 1550 3245 1606 CXXXI.

2203 1641 2398 1716 Quibus
2419 1641 2677 1716 sententiis
2707 1640 2920 1716 Do_mini
2945 1643 3202 1716 judicium
3225 1644 3277 1696 in
3299 1646 3416 1716 ﬁne
3441 1647 3677 1716 futurum
3696 1666 3772 1703 str-

2273 1713 2378 1766 culi
2415 1711 2725 1766 declaretur.
2772 1712 2907 1767 Item
2948 1711 3014 1768 ex
3066 1715 3244 1769 eodem
3285 1711 3543 1772 libro‘de
3585 1720 3772 1775 Cit't'tate

502 1783 716 1878 quoque
737 1806 1190 1871 manifestabitur,
1220 1821 1376 1876 quam
1399 1783 1545 1875 justo
1567 1807 1772 1877 judicio
1797 1807 1891 1862 Dei
1923 1808 2093 1862 ﬁatut
2123 1799 2172 1860 B
2275 1783 2372 1840 θεέ
2405 1799 2495 1838 Π·
3159 1849 3190 1878 ᾖ

501 1906 784 1953 nunc-tam
815 1897 982 1951 multa
1025 1912 1088 1952 ac
1126 1912 1264 1967 pene
1285 1898 1463 1952 omnia
1491 1899 1636 1966 justa
1663 1898 1866 1967 judicia
1897 1899 1992 1955 Dei
2024 1900 2094 1954 la-

501 1997 651 2044 teant
681 2002 872 2044 sensus
909 1998 1239 2060 mentesque
1285 1989 1594 2044 mortalium
1620 2032 1636 2057 ,
1669 2007 1793 2045 cum
1824 1999 2002 2046 tamen
2037 1993 2090 2047 in

501 2080 704 2154 hacAre'
720 2081 930 2149 piorum
962 2081 1122 2136 ﬁdem
1181 2097 1286 2136 non
1335 2082 1519 2150 lateat,
1549 2083 1751 2152 justum
1781 2097 1903 2139 esse
1949 2085 2091 2154 quod

501 2148 652 2228 latet.
676 2173 880 2243 Nempe
903 2175 1339 2244 sapientissimus
1370 2176 1628 2230 Salomon
1659 2191 1751 2232 rex
1783 2178 1968 2242 Israel,
2001 2181 2090 2247 qui

499 2267 743 2336 regnavit
772 2267 826 2321 in
852 2252 1177 2334 Jerusalem,
1204 2267 1400 2323 librum
1422 2270 1511 2339 qui
1536 2281 1757 2326 vocatur
1787 2271 2090 2328 Ecclesias-

499 2368 604 2428 tcs,
637 2369 688 2416 et
714 2376 744 2416 a
771 2361 970 2416 Judmis
1002 2377 1216 2431 quoque
1245 2362 1475 2418 habetur
1503 2363 1556 2417 in
1582 2378 1859 2419 sacrarum
1885 2379 2092 2421 canone

498 2451 819 2520 litterarum,
844 2453 921 2508 sic
941 2468 1169 2509 exorsus
1193 2463 1276 2510 est
1301 2455 1548 2510 :Vanitas
1569 2457 1892 2522 vanitatum,
1910 2457 2089 2511 omnia

498 2543 734 2598 vanitas.
759 2544 890 2612 Qua:
920 2539 1245 2600 abundantia
1271 2545 1475 2601 homini
1504 2548 1556 2601 in
1593 2547 1772 2602 omnia
1803 2550 1890 2622 [ex
1922 2548 2089 2620 omni]

497 2631 680 2689 labore
710 2650 808 2690 suo
833 2650 939 2706 quo
969 2636 1178 2690 laborat
1206 2637 1308 2691 sub
1335 2638 1486 2692 sole?
1525 2647 1720 2693 etcum
1749 2654 1815 2695 ex
1850 2641 1948 2694 hac
1969 2655 2092 2695 seu-

497 2732 663 2786 tentia
692 2742 1039 2790 connecteret
1085 2744 1282 2791 caetera
1308 2777 1322 2801 ,
1355 2749 1787 2791 commemorans
1819 2752 2090 2792 aerumnas

496 2835 814 2893 erroresque
845 2823 967 2878 vitae
997 2825 1154 2896 hujus
1173 2872 1187 2895 ,
1232 2835 1288 2882 et
1318 2836 1674 2882 vanescentes
1704 2829 1908 2884 interea
1939 2837 2080 2884 tem-

494 2926 688 2985 porum
716 2916 894 2986 lapsus
921 2961 934 2985 ,
967 2919 1057 2974 ubi
1102 2920 1234 2974 nihil
1266 2921 1492 2976 solidum
1515 2963 1530 2988 ,
1578 2921 1709 2977 nihil
1740 2923 1932 2978 stabile
1963 2923 2094 2978 reti-

495 3016 696 3076 netur,
750 3011 802 3064 in
851 3025 911 3064 ea
954 3026 1135 3066 rerum
1182 3015 1419 3068 vanitate
1466 3014 1567 3068 sub
1610 3014 1726 3070 sole
1770 3015 1898 3070 illud
1929 3017 2088 3070 etiam

495 3097 749 3167 deplorat
801 3101 1235 3169 quodammodo,
1275 3104 1434 3172 quod
1489 3120 1612 3160 cum
1643 3108 1714 3160 sit
1763 3108 2088 3162 abundantia

2268 1898 2516 1954 Salvator
2543 1913 2663 1953 cum
2691 1900 2999 1971 objurgaret
3023 1901 3268 1958 civitates
3299 1903 3352 1958 in
3383 1905 3583 1975 quibus
3611 1907 3763 1963 virtu-

2195 1996 2279 2046 tes
2301 2004 2521 2060 magnas
2561 1991 2762 2045 fecerat
2789 2035 2803 2058 ,
2832 2007 3007 2060 neque
3039 1993 3412 2062 crediderant,
3448 2006 3506 2052 et
3531 1999 3608 2054 eis
3644 2001 3761 2055 alie-

2195 2083 2419 2152 nigenas
2439 2090 2794 2150 anteponeret
2825 2099 2839 2134 :
2873 2081 3285 2151 Verumtamen,
3312 2087 3500 2158 inquit,
3531 2089 3646 2145 dico
3676 2105 3760 2146 vo-

2194 2177 2298 2243 bis,
2325 2177 2469 2246 Tyro
2495 2185 2550 2232 et
2575 2176 2762 2231 Sidoni
2790 2176 3069 2233 remissius
3099 2179 3203 2233 erit
3232 2178 3285 2233 in
3309 2181 3390 2235 die
3402 2181 3586 2249 judicii
3605 2200 3751 2253 quam
3926 2181 3927 2250 ᾗ

2193 2268 2364 2322 vobis.
2399 2267 2465 2321 Et
2494 2267 2653 2336 paulo
2700 2276 2821 2335 post
2856 2267 3012 2322 alteri
3056 2269 3301 2324 civitati:
3330 2272 3508 2338 Amen,
3540 2273 3738 2342 inquit,
3926 2283 3927 2342 ξ

2193 2359 2318 2414 dico
2348 2358 2526 2424 vobis,
2559 2358 2682 2427 quia
2724 2368 2885 2414 terra:
2902 2359 3264 2416 Sodomorum
3296 2361 3555 2417 remissius
3576 2365 3671 2419 erit
3691 2365 3745 2420 in

2194 2450 2482 2521 diejudicii
2505 2465 2665 2522 quam
2687 2451 2806 2507 tibi.
2829 2452 2926 2508 Hic
2947 2453 3355 2510 evidentissime
3368 2456 3750 2525 praedicatdiem

2189 2545 2375 2615 judicii
2410 2560 2532 2601 esse
2560 2554 2872 2601 venturum.
2919 2546 2989 2601 Et
3017 2547 3124 2602 alio
3153 2549 3312 2603 loco:
3349 2548 3462 2604 Viri
3487 2549 3746 2616 Ninivitae,

2194 2639 2404 2709 inquit,
2427 2647 2649 2708 surgent
2678 2639 2731 2693 in
2769 2638 2977 2708 judicio
3014 2654 3138 2695 cum
3181 2643 3533 2712 generatione
3557 2643 3679 2709 ista,
3702 2654 3744 2699 et

2193 2732 2630 2786 condemnabunt
2671 2746 2829 2798 eam,
2874 2733 2996 2802 quia
3043 2734 3418 2803 paenitentiam
3460 2747 3662 2806 egerunt
3697 2739 3732 2790 in

2192 2825 2572 2895 praedicatione
2611 2825 2792 2893 Jouae,
2815 2833 2873 2881 et
2901 2840 3028 2881 ecce
3050 2827 3332 2898 plusquam
3362 2828 3508 2884 Jona
3527 2830 3624 2885 ‘lliC.
3651 2829 3724 2883 Re-

2191 2917 2316 2985 gina
2358 2917 2540 2971 Austri
2569 2925 2751 2988 surget
2789 2918 2841 2971 in
2870 2917 3075 2986 judicio
3100 2935 3219 2975 cum
3253 2923 3596 2992 generatione
3611 2925 3714 2984 ista,

2192 3017 2248 3063 et.
2286 3008 2669 3064 condemnabit
2697 3024 2816 3064 eam
2838 3049 2853 3075 ,
2888 3011 3012 3078 quia
3045 3011 3190 3066 venit
3214 3027 3244 3066 a
3272 3012 3482 3069 ﬁnibus
3513 3025 3641 3070 terra
3661 3027 3730 3066 au-

2192 3097 2307 3153 dire
2330 3100 2650 3170 sapientiam
2676 3099 2985 3156 Salomonis
3007 3144 3021 3168 ,
3048 3111 3103 3158 et
3137 3119 3266 3159 ecce
3303 3106 3588 3178 plusquam
3622 3106 3738 3161 Salo.

498 3191 782 3262 sapientia:
815 3208 978 3264 super
1025 3197 1388 3266 insipientiam
1421 3199 1556 3255 sicut
1591 3199 1714 3271 [est]
1763 3202 2085 3258 abundantia
2113 3193 2160 3256 C
2194 3203 2320 3244 ῐηοη
2349 3189 2457 3245 hic-
2492 3191 2632 3246 Duas
2660 3206 2749 3248 res
2785 3193 2891 3248 hoc
2921 3194 3040 3249 ¹ο(εο
3081 3194 3339 3252 ἀῖεοῖηιιιε
3363 3240 3378 3264 ,
3421 3207 3477 3253 el
3505 3208 3736 3254 venturum

496 3282 635 3339 lucis
663 3299 825 3355 super
875 3288 1147 3354 tenebras,
1181 3290 1552 3362 sapientisque
1582 3293 1723 3347 oculi
1752 3293 1860 3348 sint
1905 3296 1956 3349 in
2001 3311 2090 3350 ca-

495 3378 608 3448 pite
639 3378 828 3450 ipsius,
862 3389 915 3435 et
946 3382 1146 3437 stultus
1174 3382 1226 3437 in
1275 3384 1513 3439 tenebris
1539 3385 1810 3453 ambulet,
1845 3403 1982 3442 unus
2014 3397 2091 3443 ta-

494 3485 619 3529 men
651 3473 898 3531 incursus
947 3486 1206 3532 occurrat
1244 3478 1513 3544 omnibus,
1543 3480 1728 3549 utique
1770 3481 1822 3534 in
1854 3481 1954 3537 hac
1982 3483 2088 3536 vita

493 3579 614 3636 qua:
633 3565 736 3620 sub
757 3567 873 3623 sole
893 3569 1086 3638 agitur,
1112 3569 1426 3639 signiﬁcans
1449 3571 1698 3627 videlicet
1720 3587 1783 3627 ea
1808 3556 2089 3643 mala'quae

493 3656 653 3712 bonis
681 3668 736 3712 et
765 3659 922 3715 malis
961 3661 1208 3715 videmus
1235 3676 1356 3717 esse
1385 3665 1709 3718 communia.
1757 3664 1899 3719 Dicit
1925 3666 2087 3720 etiam

496 3747 660 3802 illud.
687 3749 830 3816 quod
885 3759 940 3805 et
978 3752 1104 3805 boni
1149 3754 1420 3821 patiantur
1463 3754 1599 3806 mala
1648 3763 1902 3823 tanquam
1962 3755 2087 3809 mali

495 3842 645 3907 sint,
679 3851 734 3896 ct
762 3845 888 3898 mali
921 3854 1174 3915 tanquam
1216 3847 1344 3900 boni
1395 3847 1505 3900 sint
1532 3847 1897 3914 adipiscantur
1926 3849 2087 3915 bona,

494 3935 571 3992 ita
604 3936 830 4007 loquens
855 3955 871 3993 :
892 3939 1013 4007 Est,
1039 3941 1233 4009 inquit,
1260 3942 1470 3995 vanitas
1497 3956 1618 4010 quae
1647 3940 1787 3995 facta
1817 3951 1899 3996 est
1927 3957 2092 4007 super

508 4037 748 4096 terram,
806 4030 928 4100 quia
980 4039 1108 4085 sunt
1149 4030 1281 4100 justi
1328 4046 1492 4100 super
1544 4046 1676 4102 quos
1727 4032 1894 4098 venit,
1955 4032 2091 4087 sicut

496 4120 700 4196 [quasi]
749 4123 951 4179 factum
985 4123 1274 4194 impiorum
1301 4165 1317 4191 ,
1348 4131 1403 4180 et
1429 4132 1554 4178 sunt
1585 4123 1731 4193 impii
1764 4139 1929 4191 super
1955 4139 2090 4194 quos

497 4215 649 4270 venit
677 4216 817 4270 sicut
850 4215 1046 4270 factum
1074 4215 1362 4286 justorum.
1399 4216 1516 4271 Dixi
1548 4215 1801 4284 quoniam
1827 4218 1928 4272 hoc
1958 4232 2090 4287 quo-

495 4320 604 4375 que
635 4307 864 4361 vanitas.
911 4308 969 4361 In
999 4308 1100 4361 hac
1129 4309 1372 4363 vanitate
1401 4308 1485 4362 cui
1506 4349 1522 4375 ,
1549 4317 1806 4378 quantum
1841 4310 1974 4363 satis
2005 4311 2089 4362 vi-

492 4399 614 4452 Sum
646 4404 758 4460 est,
793 4397 1102 4450 intimandte
1135 4404 1304 4451 totum
1335 4399 1494 4452 istum
1527 4399 1720 4454 librum
1762 4401 1845 4454 vir
1870 4402 2087 4469 sapien-

493 4486 738 4540 tissimus
767 4486 1066 4556 deputavit,
1102 4504 1205 4542 non
1239 4490 1422 4559 utique
1450 4490 1519 4544 ob
1551 4493 1716 4558 aliud,
1750 4495 1852 4547 nisi
1885 4503 1940 4548 ut
1968 4511 2087 4550 eam

2192 3296 2315 3337 esse
2337 3281 2618 3352 judicium,
2647 3293 2701 3340 et
2727 3299 2848 3340 cum
2869 3295 3202 3342 mortuorum
3231 3291 3623 3344 resurrectione
3642 3304 3742 3343 ven-

2192 3382 2393 3429 turum.
2429 3374 2503 3430 De
2533 3375 2785 3430 Ninivitis
2816 3377 2959 3433 enim
2979 3419 2996 3444 ,
3029 3388 3084 3433 et
3110 3380 3295 3450 regina
3331 3381 3542 3448 Austri,
3568 3381 3743 3451 quando

2194 3465 2294 3520 ista
2326 3466 2563 3532 dicebat,
2593 3467 2662 3522 de
2690 3469 2927 3524 mortuis‘
2941 3470 3059 3524 sine
3089 3469 3252 3526 dubio
3285 3471 3613 3542 loquebatur,
3635 3487 3745 3542 quos

2193 3566 2372 3611 tamen
2399 3557 2451 3613 in
2475 3557 2561 3612 die
2585 3557 2776 3627 judicii
2808 3572 3212 3618 rcsurrecturos
3231 3577 3353 3618 esse
3377 3565 3636 3633 praedixit,
3663 3578 3746 3642 nec

2194 3647 2321 3702 ideo
2347 3648 2482 3703 dixit
2505 3650 2945 3708 condemnabunt
2965 3694 2980 3720 ,
3010 3655 3136 3724 quia
3170 3656 3271 3725 ipsi
3292 3655 3596 3726 judicabunt
3618 3699 3632 3723 ,
3663 3655 3745 3711 sed

2190 3739 2314 3808 quia
2339 3753 2405 3793 ex
2428 3741 2668 3809 ipsorum
2690 3746 3095 3814 comparatione
3117 3745 3205 3800 isti
3229 3748 3413 3801 merito
3436 3747 3741 3800 damnabun-

2190 3839 2299 3885 tur.
2342 3832 2547 3886 Rursus
2576 3833 2680 3888 alio
2722 3834 2839 3890 loco
2869 3851 2991 3891 cum
3023 3836 3092 3892 de
3121 3838 3391 3893 hominum
3415 3839 3654 3892 bonorum
3681 3845 3731 3890 et

2191 3927 2459 3981 malorum
2484 3944 2626 3984 nunc
2649 3933 3029 4003 permixtione,
3064 3945 3255 4004 postea
3278 3935 3609 4006 separatione,
3629 3948 3739 4002 qua:

2192 4020 2378 4090 utique
2403 4021 2488 4076 die
2508 4022 2696 4092 judicii
2726 4024 2905 4080 futura
2931 4035 3038 4093 est,
3069 4028 3399 4096 loqueretur,
3430 4028 3656 4083 adhibuit
3678 4026 3748 4081 si-

2194 4113 2555 4170 militudinem
2605 4115 2673 4171 de
2708 4117 2889 4172 tritico
2927 4119 3192 4176 seminato
3216 4163 3234 4188 ,
3266 4131 3321 4178 et
3347 4119 3752 4192 superseminatis

2195 4205 2457 4274 zizaniis,
2484 4221 2712 4278 eamque
2745 4211 2858 4264 suis
2895 4225 3176 4282 exponens
3214 4215 3496 4285 discipulis
3529 4214 3660 4280 :Qui
3683 4227 3752 4267 se-

2193 4300 2391 4367 minat,
2423 4300 2595 4370 inquit
2622 4342 2639 4369 ,
2694 4302 2891 4357 bonum
2924 4318 3108 4359 semen
3134 4346 3149 4370 ,
3188 4314 3272 4361 est
3304 4307 3477 4361 Filius
3509 4305 3748 4364 hominis;

2192 4404 2323 4460 ager
2352 4399 2530 4444 autem
2561 4401 2642 4446 est
2663 4391 2794 4464 [hic]
2822 4395 3050 4450 mundus
3076 4437 3089 4458 ,
3120 4404 3174 4452 et
3195 4407 3392 4452 caetera
3415 4414 3588 4470 usque
3611 4397 3668 4451 ad
3693 4397 3750 4449 lo-

2194 4496 2316 4535 cum
2347 4497 2450 4550 quo
2481 4484 2556 4536 ait
2591 4503 2601 4535 :
2629 4483 2732 4550 Qui
2761 4485 2922 4540 habet
2951 4501 3108 4543 aures
3133 4488 3428 4554 audiendi,
3465 4491 3655 4545 audiat.
3677 4487 3745 4540 Hic

493 4579 662 4634 vitam
687 4580 1054 4637 desideremus
1067 4599 1184 4651 quae
1207 4585 1497 4638 vanitatem
1521 4599 1628 4639 non
1653 4585 1832 4650 habet,
1862 4587 1960 4640 sub
1983 4587 2084 4642 hoc

2197 4575 2452 4644 judicium
2477 4577 2695 4644 quidem
2721 4581 2800 4634 vel
2818 4579 2958 4635 diem
2978 4580 3165 4650 judicii
3192 4597 3297 4635 non
3325 4585 3651 4647 nominavit,
3671 4577 3740 4634 sed

495 4671 644 4736 sole,
673 4672 764 4726 sed
795 4674 1076 4730 veritatem
1100 4676 1199 4730 sub
1227 4677 1318 4729 illo
1348 4675 1438 4746 qui
1463 4676 1586 4730 fecit
1629 4677 1770 4732 hunc
1799 4679 1995 4744 solem;
2029 4680 2082 4734 in

401 4825 412 4837 ι
492 4762 599 4820 hac
625 4779 752 4834 ergo
780 4766 1017 4821 vanitate
1067 4768 1308 4838 nunquid
1359 4769 1459 4822 nisi
1499 4771 1647 4838 justo
1692 4769 1788 4825 Dei
1831 4779 2083 4841 rectoque

489 4857 718 4928 judicio,
749 4858 941 4913 similis
965 4861 1140 4916 eidem
1186 4863 1407 4918 vanitati
1439 4862 1611 4919 factus
1639 4875 1952 4920 vanesceret
1981 4851 2079 4919 ho-

493 4950 625 5004 mo?
655 4949 707 5004 in
741 4949 930 5005 diebus
971 4960 1150 5005 tamen
1200 4956 1448 5010 vanitatis
1490 4971 1631 5022 sum,
1658 4957 1879 5012 interest
1915 4957 2082 5027 pluri-

501 5056 650 5096 mum
708 5053 886 5097 utrum
944 5043 1164 5099 resistat
1214 5061 1280 5100 an
1351 5048 1686 5118 obtemperet
1737 5051 1976 5114 veritati,
2029 5061 2084 5106 et

495 5142 676 5189 utrum
735 5136 804 5190 sit
849 5151 1042 5206 expers
1072 5151 1214 5194 verte
1257 5140 1468 5208 pietatis
1517 5158 1583 5196 an
1629 5144 1928 5214 particeps,
1974 5160 2080 5199 non

493 5237 714 5297 propter
745 5228 868 5282 vitae
901 5230 1088 5298 hujus,
1123 5230 1208 5285 vel
1242 5231 1381 5286 bona
1413 5236 1734 5304 acquirenda
1762 5278 1778 5303 ,
1827 5237 1912 5291 vel
1943 5239 2079 5291 mala

494 5319 710 5374 vitanda
738 5323 1077 5377 vanescendo
1104 5326 1460 5394 transeuntia,
1478 5327 1569 5382 sed
1595 5337 1812 5398 propter
1845 5329 2079 5383 futurum

492 5410 751 5480 judicium
783 5429 878 5483 per
907 5417 1048 5484 quod
1079 5427 1273 5484 erunt,
1324 5430 1375 5472 et
1425 5419 1582 5473 bonis
1615 5420 1783 5482 bona,
1831 5429 1885 5472 et
1928 5422 2082 5476 malis

491 5505 628 5562 mala
660 5505 778 5559 sine
809 5507 911 5560 line
955 5523 1227 5566 mansura.
1263 5511 1504 5580 Denique
1538 5512 1637 5564 iste
1671 5512 1888 5580 sapiens
1934 5513 2082 5568 hunc

493 5600 687 5655 librum
737 5600 817 5656 sic
866 5601 1143 5666 conclusit,
1197 5605 1532 5659 utilicerct:
1585 5605 1751 5658 Deum
1804 5605 1974 5673 time,
2029 5619 2079 5663 et

497 5695 744 5750 mandata
777 5696 891 5764 ejus
907 5695 1137 5761 cusmdi,
1171 5697 1292 5763 quia
1321 5696 1419 5751 hoc
1442 5705 1526 5751 est
1551 5698 1726 5751 omnis
1750 5698 1930 5763 homo,
1955 5702 2076 5769 quia

495 5796 656 5842 omne
706 5788 805 5843 hoc
833 5804 966 5861 opus
995 5793 1134 5848 Deus
1181 5791 1414 5848 adducet
1465 5794 1515 5848 in
1559 5792 1816 5863 judicium
1849 5796 1899 5850 in
1933 5797 2076 5852 omni

2192 4684 2314 4724 eum
2345 4673 2512 4724 multo
2557 4672 2753 4726 clarius
2786 4674 2914 4742 ipsis
2947 4676 3107 4729 rebus
3136 4678 3446 4746 expressit,
3497 4689 3554 4733 et
3593 4680 3638 4732 in
3672 4675 3749 4728 line

2191 4762 2374 4816 seaculi
2407 4761 2641 4816 futurum
2692 4779 2812 4819 esse
2842 4765 3112 4834 praedixit.
3152 4768 3284 4822 ltem
3312 4769 3604 4840 discipulis
3632 4768 3752 4824 suis:

2191 4854 2378 4918 Amen,
2415 4855 2624 4923 inquit,
2659 4855 2778 4911 dico
2807 4859 2993 4924 vobis,
3029 4859 3170 4929 quod
3201 4875 3297 4914 vos
3323 4862 3414 4930 qui
3439 4865 3618 4917 secuti
3658 4857 3761 4914 estis

2190 4965 2276 5005 me
2311 4950 2365 5004 in
2399 4955 2804 5023 regeneratione
2825 4997 2837 5020 ,
2870 4971 2990 5011 cum
3023 4959 3224 5014 sederit
3255 4960 3421 5015 Filius
3458 4963 3690 5017 hominis
3715 4959 3756 5013 in

2188 5044 2316 5100 sede
2357 5047 2655 5114 majestatis
2707 5063 2819 5102 sua:
2846 5092 2859 5113 ,
2908 5051 3165 5105 Stldebilis
3201 5063 3255 5107 et
3297 5068 3393 5107 vos
3423 5069 3600 5125 super
3633 5055 3765 5109 sedes

2185 5134 2490 5203 duodecim,
2521 5137 2825 5206 judicautes
2846 5139 3125 5196 duodecim
3160 5142 3328 5198 tribus
3359 5143 3554 5201 Israel.
3589 5147 3680 5200 llic
3697 5144 3765 5198 di-

2188 5227 2390 5282 scimus
2422 5243 2542 5282 cum
2574 5231 2687 5285 suis
2719 5231 3000 5301 discipulis
3022 5233 3386 5302 judicaturum
3424 5237 3772 5307 Jesum,untle

2186 5328 2242 5375 et
2261 5321 2388 5376 alibi
2422 5321 2624 5376 Judaeis
2645 5323 2778 5378 dixit
2811 5342 2825 5379 :
2857 5325 2913 5379 Si
2944 5340 3042 5394 ego
3078 5328 3128 5381 in
3158 5328 3468 5384 Beelzebub
3493 5331 3658 5400 ejicio
3681 5332 3773 5384 dr-

2187 5417 2397 5485 monia,
2427 5417 2521 5472 lilii
2563 5421 2728 5474 vestri
2777 5420 2829 5473 in
2871 5436 2976 5488 quo
3005 5421 3260 5490 ejiciunt?
3288 5423 3409 5478 ideo
3438 5425 3549 5494 ipsi
3583 5426 3774 5495 judices

2187 5512 2350 5566 vestri
2371 5521 2555 5566 erunt.
2577 5511 2686 5567 Nec
2708 5513 2958 5581 quoniam
2983 5529 3144 5583 super
3166 5515 3450 5570 duodecim
3480 5517 3651 5572 sedes
3677 5530 3775 5570 ses-

2185 5619 2342 5660 suros
2374 5620 2493 5660 esse
2522 5607 2619 5668 ait,
2651 5605 2938 5660 duodecim
2969 5607 3114 5662 solos
3138 5607 3385 5662 homines
3415 5621 3548 5663 cum
3589 5610 3678 5663 illo
3704 5608 3778 5674 ju-

2185 5698 2454 5753 dicaturos
2492 5706 2682 5765 putare
2722 5697 3015 5764 debemus,
3053 5698 3384 5753 duodenario
3432 5700 3648 5770 quippe
3687 5714 3774 5754 nu-

2185 5805 2333 5847 mero
2367 5792 2614 5846 universa
2656 5789 2898 5862 quaedam
2945 5790 3240 5862 signiﬁcata
3295 5799 3380 5846 est
3413 5789 3777 5861 judicantium
