3968 6390
181 406 267 463 769

1317 397 1755 462 THESAURUS.
1795 402 1950 461 CAP.
1990 403 2250 463 CXXXII.

3319 407 3429 472 no
3453 377 3456 381 ’

178 525 441 584 multitudo
461 566 479 594 ,
528 537 747 598 propter
775 525 907 583 duas
936 531 1134 603 partes.
1157 528 1369 583 numeri
1407 525 1727 599 septenarii,
1756 528 1810 589 Α
1836 528 1993 582 riens.
2021 528 2140 587 Hoc
2159 529 2317 598 plane
2341 526 2578 599 piissime
2598 527 2950 586 etverissime
2972 527 3127 600 dicis,
3147 545 3424 588 commen-

118 599 124 644 ί
176 635 270 692 quo
313 619 636 690 signiﬁcatur
685 620 1000 692 plerumque
1048 599 1395 688 universitas,
1441 635 1560 689 quae
1615 618 1732 673 duae

175 723 365 785 partes,
396 713 450 768 id
494 722 578 769 est
600 754 616 781 ,
649 715 745 769 tria
777 723 832 769 et
857 722 1088 784 quatuor
1111 758 1124 782 ,
1159 714 1328 768 altera
1371 728 1467 783 per
1511 713 1732 766 alteram

129 793 141 803 ’
174 807 543 877 multiplicatae,
570 807 851 862 duodecim
877 806 1096 862 faciunt.
1124 806 1256 861 Nam
1286 815 1339 861 et
1360 814 1550 874 quater
1578 813 1659 859 ter
1681 811 1735 859 et

173 903 261 956 tria
289 911 473 972 quater
500 899 784 956 duodecim
813 910 959 968 sunt,
987 909 1042 956 et
1068 900 1113 955 si
1143 915 1244 969 qua
1273 899 1387 958 alia.
1407 897 1569 968 hujus
1601 897 1736 952 duo-

171 995 356 1051 denarii
401 994 612 1050 numeri
653 1009 773 1064 quae
803 993 869 1048 ad
912 992 1015 1048 hoc
1062 993 1237 1048 valeat
1284 992 1422 1046 ratio
1449 991 1732 1060 reperitur.

169 1088 406 1158 Alioquin
433 1090 686 1158 quoniam
725 1087 777 1141 in
809 1087 986 1143 locum
1025 1085 1179 1143 Judac
1224 1086 1499 1141 traditoris
1522 1096 1737 1154 aposto-

169 1184 269 1238 lum
305 1182 576 1238 Matthiam
614 1181 842 1251 legimus
893 1182 1201 1236 ordinatum
1230 1221 1246 1248 ,
1286 1179 1562 1250 apostolus
1599 1178 1736 1232 Pau-

168 1277 268 1344 lus,
294 1275 380 1345 qui
403 1275 522 1346 plus
552 1275 805 1331 omnibus
834 1275 940 1330 illis
968 1274 1251 1341 laboravit,
1283 1273 1374 1329 ubi
1404 1273 1470 1328 ad
1489 1271 1737 1342 judican-

168 1366 282 1423 dum
320 1365 506 1423 sedeat
550 1381 659 1422 non
704 1366 970 1423 habebit?
1025 1369 1116 1437 qui
1172 1366 1414 1437 profecto
1462 1381 1584 1420 cum
1615 1365 1737 1421 aliis

168 1460 355 1518 sanctis
387 1460 454 1515 ad
477 1476 761 1516 numerum
796 1461 1038 1531 judicum
1079 1476 1139 1516 se
1167 1461 1440 1532 pertinere
1482 1460 1739 1516 demons-

167 1563 264 1610 trat
294 1568 413 1609 cum
449 1551 618 1608 dicit:
646 1551 877 1608 Nescitis
916 1553 1040 1622 quia
1081 1553 1306 1623 angelos
1333 1549 1738 1621 iudicabimus?

166 1647 237 1703 De
257 1647 384 1716 ipsis
411 1659 624 1717 quoque
650 1645 960 1716 judicandis
982 1645 1034 1700 in
1059 1647 1162 1701 hoc
1191 1659 1420 1701 numero
1453 1644 1734 1700 duodena-

165 1741 241 1796 rio
263 1739 447 1796 similis
475 1755 634 1795 causa
664 1750 766 1795 est.
789 1739 906 1795 Non
935 1740 1079 1795 enim
1108 1740 1230 1809 quia
1256 1740 1456 1794 dictum
1485 1746 1567 1794 est
1594 1737 1738 1808 judi-

164 1841 337 1891 cantes
361 1834 646 1890 duodecim
681 1833 850 1890 tribus
874 1834 1062 1899 lsrael,
1097 1834 1266 1889 tribus
1298 1834 1444 1903 Levi,
1476 1849 1598 1902 qua:
1629 1844 1738 1889 ter-

164 1933 229 1987 tia
257 1921 459 1988 decima
491 1941 576 1988 cst
604 1933 671 1987 ab
705 1932 784 1988 eis
811 1931 1105 2002 judicanda
1139 1945 1246 1986 non
1277 1931 1401 1998 erit,
1439 1937 1533 1985 aut
1560 1931 1734 1986 solum
1763 1905 1815 1965 Β

163 2024 300 2080 illum
324 2025 575 2094 populum
597 2038 706 2080 non
735 2024 896 2080 etiam
925 2031 1112 2094 gentes
1143 2033 1368 2078 caeteras
1388 2022 1734 2093 judicabunt.

160 2116 307 2186 Quod
340 2118 523 2172 autem
578 2115 654 2170 ait
707 2116 764 2171 In
825 2115 1280 2186 regeneratione,
1341 2115 1526 2182 procul
1573 2115 1738 2171 dubio

159 2216 484 2262 mortuorum
511 2205 961 2263 resurrectionem
995 2205 1212 2260 nomine
1243 2204 1416 2258 voluit
1443 2218 1736 2274 regenera-

159 2297 318 2353 tionis
347 2297 588 2368 intelhgi.
630 2297 733 2357 .Sic
769 2298 913 2353 enim
938 2312 1067 2351 caro
1120 2304 1304 2350 nostra
1334 2295 1740 2364 regenerabitur

159 2390 743 2459 perincorruptionem,
769 2389 1224 2459 quemadmodum
1247 2398 1330 2444 est
1352 2389 1530 2444 anima
1554 2398 1740 2444 nostra

161 2491 470 2552 regenerata
487 2497 578 2550 per
601 2481 951 2537 ﬁdem.Multa
973 2490 1233 2551 praetereo
1248 2496 1366 2552 quae
1381 2481 1448 2535 de
1461 2480 1646 2534 ultimo
1660 2479 1743 2551 ju-

157 2573 298 2629 dicio
313 2574 386 2628 ita
398 2574 498 2630 dici
512 2575 624 2645 88
637 2573 900 2640 videntur,
922 2582 979 2628 ut
996 2573 1279 2643 diligenter
1294 2572 1632 2628 considerata
1650 2586 1740 2627 re-

153 2669 433 2736 periantur
461 2667 708 2736 ambigua
735 2705 750 2730 ,
777 2665 863 2721 vel
891 2666 1061 2736 magis
1091 2665 1159 2720 ad
1190 2665 1337 2720 aliud
1372 2665 1694 2735 pertinentia
1722 2709 1738 2732 ,

149 2759 267 2814 sive
286 2759 492 2814 scilicet
520 2759 588 2814 ad
609 2774 730 2814 eum
761 2759 1059 2814 Salvatoris
1086 2759 1400 2827 adventum,
1419 2773 1524 2828 quo
1537 2773 1632 2829 per
1663 2768 1744 2814 to-

148 2861 266 2907 tum
299 2850 401 2906 hoc
440 2859 650 2920 tempus
680 2850 732 2904 in
773 2851 1014 2906 Ecclesia
1049 2864 1145 2905 sua
1177 2851 1353 2916 venit,
1390 2851 1492 2905 hoc
1523 2859 1644 2917 est,
1687 2850 1741 2905 in

147 2944 409 3000 membris
429 2944 539 2999 suis
571 2943 931 3013 particulatim
955 2953 1117 3014 atque
1146 2944 1409 3014 paulatim
1435 2986 1449 3010 ,
1483 2944 1743 3014 quoniam

147 3045 262 3092 tota
294 3049 489 3106 corpus
514 3043 596 3090 est
624 3034 775 3105 ejus,
805 3035 919 3090 sive
946 3034 1013 3090 ad
1040 3035 1307 3090 excidium
1332 3044 1560 3091 terrena:
1587 3033 1744 3089 Jeru-

144 3129 316 3184 salem
337 3171 352 3194 ,
380 3130 503 3199 quia
528 3136 584 3184 et
616 3127 684 3184 de
718 3128 809 3183 illo
844 3143 965 3184 cum
999 3129 1270 3198 loquitur,
1305 3128 1620 3198 plerumque
1661 3128 1743 3184 sic

143 3221 387 3290 loquitur
418 3229 666 3292 tanquam
687 3221 755 3276 de
781 3221 887 3276 ﬁne
915 3221 1096 3276 saeculi
1125 3229 1290 3290 atque
1319 3220 1412 3275 illo
1437 3220 1524 3276 die
1546 3219 1740 3290 judicii

141 3311 446 3368 novissimo
489 3290 545 3366 et
575 3327 770 3382 magno
820 3311 1071 3381 loquatur
1096 3353 1110 3380 ,
1145 3312 1214 3366 ita
1250 3320 1307 3366 ut
1345 3312 1585 3381 dignosci
1633 3328 1738 3368 non
1769 3290 1818 3355 (ἶ

141 3405 321 3476 possit
365 3402 621 3472 omnino,
663 3404 766 3459 nisi
796 3417 859 3458 ea
899 3419 1017 3472 qua:
1062 3405 1202 3474 apud
1237 3412 1349 3458 tres
1379 3406 1743 3474 evangelistas

140 3497 467 3552 Matthaeum
492 3537 509 3563 ,
535 3496 772 3552 Marcum
796 3505 848 3552 et
888 3495 1124 3561 Lucam,
1167 3495 1233 3548 de
1270 3495 1368 3549 hac
1395 3512 1454 3551 re
1491 3496 1744 3553 similiter

139 3590 293 3646 dicta
317 3599 442 3645 sunt
459 3589 600 3644 inter
621 3602 680 3644 se
699 3590 880 3644 omnia
904 3586 1275 3642 conferantur.
1308 3587 1566 3654 Quaedam
1589 3590 1746 3659 quip-

139 3698 216 3752 pe
244 3683 383 3738 alter
405 3681 710 3748 obscurius,
733 3681 870 3736 alter
906 3681 1138 3747 explicat
1166 3681 1408 3750 planius,
1438 3692 1499 3737 ut
1530 3698 1590 3738 ea
1623 3700 1746 3754 quae

140 3777 217 3832 ad
248 3791 411 3831 unam
440 3791 554 3831 rem
582 3775 904 3846 pertinentia
943 3775 1194 3831 dicuntur
1218 3786 1473 3846 appareat
1496 3778 1640 3833 unde
1664 3777 1748 3833 di-

141 3877 381 3936 cantur,
427 3867 573 3938 quod
617 3867 795 3923 facere
848 3877 1118 3936 utcunque
1177 3868 1360 3923 curavi
1418 3868 1470 3922 in
1513 3869 1746 3939 quadam

143 3961 389 4030 epistola
435 3974 592 4028 quam
640 3959 896 4028 rescripsi
935 3960 1003 4014 ad
1025 3961 1197 4014 beatae
1241 3960 1518 4015 memoria:
1567 3963 1745 4017 virum

148 4050 454 4120 Esychium
469 4050 791 4104 Salonitana:
809 4050 960 4104 urbis
980 4051 1314 4120 episcopum,
1333 4051 1485 4119 cujus
1502 4051 1748 4120 epistolae

145 4139 352 4195 titulus
386 4147 470 4195 est
497 4156 510 4193 :
540 4139 618 4193 De
647 4137 781 4194 Fine
812 4139 1012 4192 saeculi.

693 4250 923 4306 CAPUT
948 4250 1214 4306 CXXXII.

141 4344 233 4400 De
265 4345 465 4397 diversa
493 4343 787 4413 Opinatione
817 4343 974 4397 trium
1006 4344 1237 4408 ﬁdelium
1269 4360 1531 4400 servorum
1554 4348 1751 4402 adven-

226 4426 311 4487 tus
363 4413 573 4487 Domini
622 4423 818 4487 tempus
877 4415 1277 4487 arbitrantium,
1308 4418 1636 4487 exrepistola
1683 4419 1752 4471 ad

224 4485 517 4555 Esychium
556 4485 846 4554 episcopum
885 4485 1248 4540 Salom'tanum
1283 4489 1346 4541 de
1380 4485 1513 4542 Fine
1546 4492 1747 4544 mundi.

224 4598 543 4669 Diligendus
575 4613 703 4668 ergo
726 4607 830 4664 est,
854 4608 907 4655 et
929 4602 1320 4670 exspectandus
1346 4603 1579 4672 Domini,
1612 4607 1754 4662 sicut

1839 625 1974 678 dans
1999 640 2183 680 eorum
2215 625 2599 681 beatitudinem
2629 625 2720 696 qui
2748 625 2976 697 diligunt
2998 627 3284 682 adventum
3310 626 3422 680 Do-

1839 724 1989 789 mini,
2018 724 2112 778 sed
2139 733 2192 778 et
2215 723 2291 778 illi
2323 723 2513 794 quibus
2562 723 2775 780 dicebat
2812 723 3134 793 Apostolus:
3167 722 3284 778 Non
3316 723 3424 777 cito

1838 810 2159 865 moveamini
2190 821 2391 879 mente,
2425 811 2576 882 quasi
2609 813 2771 867 instet
2813 812 2930 866 dies
2966 813 3196 878 Domini,
3230 812 3421 882 dilige-

1837 905 1966 959 bant
1996 905 2179 975 utique
2217 905 2506 960 adventum
2555 905 2788 971 Domini,
2830 920 2927 960 nec
2974 906 3208 960 eoshaec
3238 905 3423 959 dicens

1839 997 2036 1052 Doctor
2057 997 2295 1067 gentium
2325 997 2391 1050 ab
2423 998 2512 1051 illa
2557 997 2846 1052 dilectione
2883 995 3178 1066 frangebat,
3223 1010 3326 1064 qua
3368 1003 3425 1049 ut

1840 1089 2304 1146 inﬂammarentur
2330 1091 2563 1156 volebat,
2597 1099 2650 1146 et
2678 1091 2801 1144 ideo
2818 1090 3032 1145 nolebat
3060 1098 3117 1143 ut
3144 1088 3428 1144 crederent

1839 1186 1918 1242 eis
1947 1171 2202 1256 atquibus
2231 1185 2519 1240 audiebant
2549 1183 2748 1240 instare
2765 1184 2907 1240 diem
2934 1183 3165 1247 Domini,
3199 1196 3265 1236 ne
3291 1182 3428 1236 forte

1837 1293 1960 1334 cum
2014 1280 2296 1333 transisset
2345 1285 2558 1346 tempus
2610 1293 2714 1346 quo
2764 1293 2887 1332 eum
2928 1276 3267 1332 crediderant
3306 1288 3427 1330 esse

1839 1381 2154 1439 venturum,
2183 1381 2238 1426 et
2280 1372 2493 1424 venisse
2535 1386 2640 1424 non
2685 1378 2992 1436 cernerent,
3031 1369 3193 1423 etiam
3233 1374 3428 1422 caetera

1839 1463 2103 1520 fallaciter
2131 1466 2232 1520 sibi
2265 1463 2504 1534 promitti
2536 1464 2883 1529 arbitrantes,
2921 1475 2974 1518 et
3007 1464 3072 1518 de
3121 1463 3232 1532 ipsa
3281 1475 3425 1515 mer-

1839 1555 1973 1612 cede
2001 1556 2121 1611 ﬁdei
2151 1556 2521 1626 desperarent.
2547 1555 2664 1610 Non
2684 1570 2809 1625 ergo
2839 1555 2931 1610 ille
2954 1554 3118 1625 diligit
3140 1554 3428 1608 adventum

1839 1649 2077 1714 Domini,
2111 1651 2201 1718 qui
2243 1664 2366 1704 eum
2403 1649 2597 1704 asserit
2642 1648 3022 1717 propinquare,
3067 1654 3159 1700 aut
3199 1646 3288 1700 ille
3337 1646 3429 1715 qui

1840 1760 1962 1800 eum
1992 1745 2187 1800 asserit
2217 1759 2324 1799 non
2346 1743 2728 1813 propinquare,
2753 1741 2850 1795 sed
2872 1738 2961 1794 ille
2986 1740 3164 1808 potius
3185 1740 3275 1809 qui
3306 1752 3429 1793 eum

1841 1838 1956 1894 sive
1987 1851 2177 1906 prope,
2206 1838 2323 1891 sive
2353 1836 2512 1904 longe
2539 1835 2630 1898 sit,
2657 1833 2964 1887 sinceritate
3005 1831 3152 1895 ﬁdei,
3178 1829 3432 1884 ﬁrmitate

1840 1932 1981 2002 spei,
2010 1931 2204 1986 ardore
2225 1929 2504 1984 charitatis
2530 1935 2834 1997 exspectat;
2866 1939 2986 1979 nam
3010 1924 3054 1978 si
3085 1932 3235 1977 tanto
3261 1921 3432 1991 magis

1841 2025 2080 2095 diligitur
2103 2023 2366 2078 Dominus
2386 2030 2588 2091 quanto
2606 2019 2779 2090 magis
2809 2017 3065 2083 creditur,
3089 2025 3145 2072 et
3169 2014 3431 2086 praedica-

1841 2127 1930 2172 tur
1975 2117 2134 2172 citius
2163 2129 2285 2170 esse
2314 2123 2597 2178 venturus,
2642 2111 2814 2181 magis
2854 2125 2976 2164 eum
3009 2107 3298 2178 diligebant
3344 2105 3433 2173 qui

1843 2210 1962 2280 ejus
1993 2209 2280 2264 adventum
2307 2208 2417 2276 jam
2464 2209 2667 2261 instare
2697 2204 2970 2269 dicebant,
3012 2216 3171 2272 quam
3204 2199 3258 2253 hi
3298 2212 3435 2269 quos

1844 2300 2138 2372 Apostolus
2163 2301 2241 2354 eis
2273 2298 2495 2354 credere
2513 2296 2851 2367 prohibebat,
2881 2295 2962 2349 vel
2985 2295 3099 2362 ipse
3126 2291 3434 2361 Apostolus,

1845 2394 1936 2464 qui
1965 2392 2066 2446 hoc
2090 2391 2274 2459 utique
2297 2406 2402 2445 non
2424 2390 2697 2444 credebat.
2724 2387 2780 2442 Si
2804 2402 2931 2457 ergo
2952 2387 3080 2441 latet
3100 2384 3314 2454 quando
3337 2383 3436 2437 Ec-

1846 2483 2010 2538 clesia
2042 2483 2398 2537 Iructiﬁcante
2422 2490 2583 2550 atque
2612 2487 2889 2534 crescente
2912 2479 3190 2532 universus
3217 2475 3438 2530 omnino

1847 2590 1878 2629 a
1906 2574 2038 2628 mari
2064 2589 2232 2644 usque
2258 2574 2326 2628 ad
2356 2587 2504 2627 mare
2530 2572 2676 2627 orbis
2705 2570 3034 2640 implebitur,
3070 2568 3254 2638 procul
3277 2566 3439 2621 dubio

1849 2668 1982 2723 latet
2011 2667 2226 2736 quando
2252 2665 2374 2721 ﬁnis
2405 2666 2526 2732 erit,
2559 2673 2684 2720 ante
2705 2665 2902 2734 quippe
2930 2678 3034 2717 non
3065 2662 3185 2717 erit.
3233 2660 3303 2716 Ut
3339 2673 3437 2712 au-

1849 2769 1960 2816 tem
1995 2761 2090 2816 tibi
2121 2770 2375 2831 tanquam
2403 2769 2587 2816 sancto
2613 2759 2817 2814 homini
2849 2758 2942 2813 Dei
2983 2767 3037 2812 et
3073 2753 3440 2811 sincerissimo

1850 2851 2002 2906 fratri
2029 2851 2267 2922 aperiam
2296 2851 2364 2908 de
2395 2853 2495 2907 hac
2522 2852 2820 2921 quaestione
2842 2848 2970 2920 quid
2995 2847 3220 2903 sentiam
3247 2862 3262 2900 :
3287 2859 3441 2899 error

1851 2943 2073 3015 quidem
2106 2945 2157 2999 in
2184 2954 2413 3014 utroque
2438 2944 2689 2998 vitandus
2710 2952 2816 3009 est,
2841 2950 3100 3010 quantum
3128 2939 3195 2994 ab
3223 2938 3442 2991 homine

1851 3037 2008 3092 vitari
2033 3046 2228 3106 potest,
2259 3038 2378 3093 sive
2401 3038 2590 3105 citius,
2618 3039 2729 3093 sive
2763 3035 2964 3090 tardius
3004 3049 3162 3106 quam
3204 3033 3441 3087 futurum

1849 3136 1935 3184 cst
2001 3129 2260 3184 Dominus
2326 3138 2586 3185 venturus
2639 3143 2762 3184 esse
2815 3127 3102 3193 credatur;
3165 3125 3261 3180 sed
3308 3122 3441 3178 mihi

1849 3220 2130 3292 quisquam
2164 3235 2270 3284 nm
2303 3221 2513 3276 videtur
2542 3237 2726 3276 errare
2746 3235 2866 3276 cum
2900 3219 3106 3290 aliquid
3137 3218 3344 3274 nescire
3384 3230 3446 3272 se

1849 3312 1976 3379 scit;
2003 3313 2098 3368 sed
2123 3327 2243 3368 cum
2262 3327 2320 3368 se
2341 3323 2492 3382 putat
2514 3314 2654 3368 scire
2676 3311 2817 3382 quod
2840 3312 3031 3366 nescit.
3052 3310 3446 3365 Removeamus

1849 3403 2028 3474 itaque
2058 3405 2125 3461 de
2152 3405 2331 3459 medio
2360 3419 2574 3459 servum
2602 3405 2747 3459 illum
2783 3403 3000 3468 malum,
3032 3403 3143 3472 qui,
3167 3401 3352 3456 dicens
3393 3399 3445 3452 in

1851 3497 2014 3551 corde
2037 3512 2156 3563 suo,
2196 3497 2398 3552 Moram
2431 3497 2557 3552 facit
2588 3498 2836 3552 dominus
2868 3511 3021 3552 meus
3043 3496 3246 3562 venire,
3273 3493 3448 3547 domi-

1851 3597 2011 3642 natur
2054 3591 2328 3643 conservis
2369 3590 2480 3644 suis
2510 3597 2564 3643 et
2593 3588 2824 3658 ebriosis
2871 3586 3206 3643 convivando
3253 3585 3447 3640 misce-

1854 3690 1960 3736 tur.
1986 3683 2092 3737 Isle
2119 3683 2318 3753 quippe
2342 3682 2525 3753 procul
2551 3681 2714 3737 dubio
2738 3681 2951 3737 Domini
2984 3681 3066 3736 sui
3097 3680 3212 3735 odit
3241 3678 3446 3733 adven—

1855 3783 1966 3828 tum
2013 3792 2024 3826 :
2071 3789 2177 3844 quo
2223 3789 2380 3829 servo
2422 3773 2564 3828 malo
2605 3782 2845 3839 semoto,
2889 3773 3280 3827 constituamus
3324 3777 3450 3824 ante

1856 3868 2043 3923 oculos
2073 3875 2182 3922 tres
2227 3881 2414 3924 servos
2452 3870 2646 3932 bonos,
2679 3865 2932 3922 familiam
2967 3865 3294 3920 dominicam
3336 3862 3451 3916 dili-

1857 3971 2050 4033 genter
2082 3963 2368 4031 sobrieque
2418 3969 2732 4026 tractantes,
2774 3958 3058 4014 adventum
3110 3955 3319 4009 Domini
3368 3954 3449 4007 sui

1856 4055 2105 4110 sitienter
2134 4052 2526 4115 desiderantes,
2569 4050 2856 4119 vigilanter
2888 4054 3285 4118 exspectantes,
3321 4044 3451 4097 lide—

1855 4146 1980 4200 liter
2001 4152 2264 4208 amantes,
2291 4144 2334 4196 si
2359 4155 2497 4196 unus
2518 4156 2706 4197 eorum
2743 4140 2926 4203 citius,
2949 4139 3087 4194 alter
3118 4135 3321 4192 tardius
3345 4134 3451 4188 Do-

1859 4235 2064 4290 minum
2095 4242 2244 4303 putat
2271 4247 2392 4288 esse
2414 4241 2722 4299 venturum,
2767 4231 2956 4284 tertius
3002 4242 3131 4283 vero
3181 4236 3334 4280 suam
3385 4223 3453 4279 de

1859 4329 1961 4384 hac
2024 4344 2082 4382 re
2134 4327 2489 4396 ignorantiam
2541 4324 2850 4380 conﬁtetur.
2906 4321 3219 4391 Quanquam
3263 4331 3452 4373 omnes

1861 4429 2166 4476 consonent
2192 4417 2507 4488 Evangelio,
2527 4417 2652 4489 quia
2675 4429 2862 4471 omnes
2885 4412 3114 4482 diligunt
3140 4408 3451 4465 manifesta-

1862 4513 2060 4568 tionem
2110 4510 2338 4575 Domini,
2388 4519 2443 4564 et
2489 4524 2608 4564 eam
2643 4507 3013 4563 desideranter
3061 4512 3117 4560 et
3163 4502 3452 4572 vigilanter

1862 4614 2191 4674 exspectant,
2227 4601 2503 4658 videamus
2544 4613 2718 4658 tamen
2746 4598 2867 4670 quis
2905 4597 3130 4668 amplius
3166 4602 3452 4651 consonet.

141 4701 345 4748 sancte
374 4690 624 4756 hortaris,
657 4690 935 4759 adventus,
971 4707 1219 4762 magnam
1251 4694 1437 4751 dicens
1484 4713 1604 4752 esse
1627 4699 1754 4754 bea-
1785 4678 1841 4740 Ῑ)
1867 4697 2014 4755 Unus
2045 4697 2208 4753 dicit:
2244 4695 2537 4766 Vigilemus
2562 4703 2616 4750 et
2645 4707 2884 4760 oremus,
2915 4689 3038 4763 quia
3065 4689 3221 4747 citius
3261 4696 3451 4746 ventu-

143 4775 444 4840 titudinem
494 4783 833 4853 diligentibus
880 4782 1000 4852 ejus
1028 4785 1337 4855 adventum,
1388 4796 1444 4844 et
1488 4791 1755 4848 adhibens

139 4875 408 4945 Apostoli
458 4875 855 4940 testimonium,
906 4875 1059 4942 cujus
1104 4879 1265 4932 verba
1304 4879 1380 4933 sic
1413 4882 1566 4948 ponis
1618 4899 1631 4935 :
1678 4883 1758 4939 De

139 4978 358 5024 caetero
389 4969 622 5038 reposita
651 4977 733 5023 est
762 4965 892 5021 mihi
922 4981 1120 5022 corona
1147 4969 1396 5039 justitize,
1424 4989 1582 5042 quam
1620 4977 1755 5030 red-

137 5060 246 5115 det
277 5059 412 5114 mihi
445 5060 700 5114 Dominus
734 5059 910 5128 justus
952 5059 1118 5129 judex
1148 5061 1202 5116 in
1236 5061 1327 5116 illa
1375 5064 1481 5130 dic,
1516 5080 1622 5121 non
1663 5082 1757 5122 so-

138 5154 267 5210 lum
303 5161 482 5208 autem
527 5152 677 5217 mihi,
706 5153 800 5208 sed
845 5161 900 5209 et
939 5153 1022 5209 his
1067 5154 1156 5223 qui
1195 5153 1426 5225 diligunt
1466 5157 1754 5215 adventum

141 5246 402 5301 Domini.
435 5245 583 5300 Tunc
605 5248 770 5315 enim,
799 5248 935 5301 sicut
979 5263 1045 5302 ex
1096 5248 1390 5320 Evangelio
1436 5265 1759 5310 commemo-

135 5353 265 5403 ras,
299 5339 432 5408 justi
457 5338 737 5408 fulgebunt
764 5342 902 5396 sicut
923 5341 999 5397 sol
1029 5341 1082 5396 in
1113 5357 1282 5412 regno
1321 5343 1497 5402 Patris
1529 5360 1754 5415 eorum;

139 5445 203 5490 et
237 5433 390 5504 quod
413 5433 674 5503 propheta
699 5433 862 5488 dicit:
897 5435 1033 5490 Ecce
1059 5435 1200 5491 enim
1228 5434 1399 5506 caligo
1423 5445 1477 5492 et
1517 5440 1757 5494 tenebrae

136 5525 412 5592 operient
435 5531 632 5578 terram
675 5537 835 5592 super
860 5532 1066 5593 gentes,
1103 5525 1157 5580 in
1207 5533 1260 5580 te
1302 5540 1429 5581 vero
1475 5531 1754 5597 apparebit

134 5613 449 5678 Dominus,
475 5624 528 5668 et
554 5614 808 5682 majestas
836 5613 950 5682 ejus
977 5615 1030 5668 in
1061 5625 1111 5669 te
1125 5616 1415 5673 videbitur.
1447 5617 1579 5674 Item
1609 5620 1756 5689 quod

133 5705 430 5773 scriptum
458 5713 574 5760 est:
597 5704 697 5772 Qui
724 5718 852 5759 vero
890 5715 1207 5775 exspectant
1246 5709 1531 5763 Dominum
1579 5711 1759 5765 exsul-

137 5798 360 5853 tabunt
380 5811 499 5850 cum
523 5798 739 5860 virtute,
770 5796 1068 5867 producent
1109 5812 1314 5867 pennas
1359 5801 1500 5855 sicut
1539 5804 1756 5871 aquilae,

137 5899 392 5950 current
415 5896 471 5944 et
492 5904 596 5945 non
625 5889 966 5958 laborabunt,
1001 5890 1352 5948 ambulabunt
1392 5903 1447 5947 et
1485 5908 1593 5949 non
1635 5908 1760 5952 esu—

1865 4806 1957 4846 rus
1985 4797 2068 4845 est
2097 4788 2376 4845 Dominus.
2411 4787 2565 4842 Alter
2591 4785 2719 4841 dicit
2745 4802 2756 4836 :
2785 4784 3078 4848 Vigilemus
3117 4791 3173 4838 et
3210 4796 3449 4846 oremus,

1865 4883 1990 4952 quia
2017 4881 2199 4938 brevis
2221 4887 2303 4934 est
2328 4880 2428 4932 ista
2459 4878 2587 4944 vita,
2614 4876 2855 4946 quamvis
2886 4875 3088 4929 tardius
3117 4881 3370 4928 venturus
3385 4871 3456 4924 sit

1866 4974 2148 5028 Dominus.
2181 4971 2396 5026 Tertius
2426 4969 2591 5024 dicit:
2627 4968 2918 5038 Vigilemus
2968 4976 3023 5022 et
3060 4977 3291 5028 oremus,
3327 4962 3453 5030 quia

1865 5078 1920 5122 et
1948 5066 2126 5120 brevis
2150 5073 2204 5120 et
2231 5064 2432 5118 incerta
2462 5071 2544 5118 est
2575 5063 2673 5117 ista
2702 5063 2830 5129 vita,
2862 5071 2916 5115 et
2945 5059 3210 5114 nescimus
3241 5063 3452 5122 tempus

1870 5158 2084 5226 quando
2122 5166 2378 5212 venturus
2423 5156 2493 5211 sit
2545 5156 2825 5211 Dominus.
2874 5150 3221 5219 Evangelium
3278 5145 3448 5201 dicit:

1867 5250 2080 5318 Videte,
2109 5252 2345 5320 vigilate,
2373 5261 2421 5306 et
2455 5261 2630 5316 orate,
2665 5248 2885 5304 nescitis
2911 5246 3053 5299 enim
3082 5239 3294 5310 quando
3318 5247 3455 5292 tem-

1870 5359 1969 5413 pus
1997 5345 2086 5398 sit.
2111 5344 2348 5400 Obsecro
2381 5352 2454 5410 te,
2490 5343 2616 5412 quid
2648 5341 2791 5394 aliud
2818 5338 2998 5391 dicere
3031 5332 3276 5387 audimus
3307 5331 3448 5383 hunc

1869 5437 2120 5502 tertium,
2159 5450 2316 5504 quam
2363 5434 2504 5503 quod
2544 5434 2722 5488 dicere
2769 5428 3013 5483 audimus
3065 5421 3450 5492 Evangelium:

1868 5542 2058 5585 omnes
2089 5527 2305 5597 quidem
2347 5541 2446 5595 pro
2493 5525 2764 5581 desiderio
2795 5521 2944 5591 regni
2989 5519 3080 5574 Dei
3125 5517 3226 5571 hoc
3265 5514 3457 5570 volunt

1867 5638 1990 5679 esse
2037 5637 2224 5678 verum
2253 5622 2393 5691 quod
2436 5627 2588 5689 putat
2636 5617 2860 5686 primus,
2904 5614 2998 5670 sed
3041 5613 3142 5667 hoc
3185 5607 3454 5665 secundus

1866 5725 2058 5786 negat;
2103 5713 2291 5768 tertius
2330 5725 2459 5766 vero
2503 5724 2606 5764 non
2651 5717 2810 5777 negat
2852 5704 3049 5774 aliquid
3094 5703 3307 5766 horum,
3356 5699 3454 5753 sed

1867 5810 2112 5880 ignorare
2134 5821 2192 5860 se
2218 5804 2411 5860 fatetur
2439 5802 2557 5872 quis
2579 5817 2766 5858 verum
2797 5799 2938 5854 dicat
2959 5797 3192 5852 illorum.
3217 5788 3456 5848 Proinde

1866 5903 1913 5958 si
1942 5901 2042 5958 hoc
2071 5901 2263 5956 factum
2295 5897 2474 5966 fuerit,
2516 5895 2658 5967 quod
2694 5892 3016 5966 przedixerat
3060 5889 3290 5961 primus,
3319 5897 3452 5957 gau-
