3968 6390
481 398 587 487 τῖι

1552 381 1619 440 Ι).
1661 368 1980 453 EUGYPPII
2015 363 2309 427 ABBATIS
2345 360 2670 423 AFRICANI

3656 373 3757 451 772

482 484 690 570 debunt
729 523 853 565 cum
884 507 979 565 illo
1019 503 1290 563 secundus
1337 511 1393 560 et
1429 502 1641 567 tertius,
1690 511 1879 555 omnes
1930 490 2076 549 enim
2106 484 2159 549 Α
2183 487 2345 543 vitam
2368 488 2606 561 pietatis,
2634 504 2699 544 ex
2736 488 3023 560 impietatis
3068 496 3239 563 morte
3282 494 3643 569 transeundo,
3692 499 3754 555 de

490 598 979 665 manifestationem
1024 600 1236 657 Domini
1303 598 1563 669 diligunt,
1610 602 1667 651 et
1736 588 2079 648 exmiltabunt

488 702 705 771 utrique
731 701 887 755 citius
911 698 1125 752 venisse
1154 693 1295 766 quod
1323 694 1571 762 diligunt.
1604 687 1660 745 Si
1683 696 1860 741 autem
1879 683 2077 738 factum

418 798 442 871 ῖς
487 808 598 852 non
631 791 811 855 fuerit,
840 800 893 845 et
914 805 1172 859 apparere
1202 786 1426 858 coeperit
1457 785 1560 839 hoc
1608 779 1785 853 poﬁus
1822 791 1944 834 esse
1984 788 2080 829 ve-

438 888 441 891 ⁷
490 905 610 947 rum
642 890 782 959 quod
814 887 1026 942 dicebat
1056 885 1343 952 secundus,
1382 880 1725 940 metuendum
1754 884 1837 932 est
1858 878 2081 929 neinter

425 994 431 999 '
495 983 642 1054 ipsns
664 996 843 1036 moras
868 981 1248 1051 perturbentur
1269 980 1356 1049 qui
1387 976 1729 1033 crediderant
1750 970 1891 1043 quod
1929 968 2081 1023 dixe-

432 1059 437 1063 ³
490 1086 573 1134 rat
598 1076 821 1145 primus,
843 1084 897 1131 et
919 1074 1174 1145 incipiant
1191 1073 1399 1128 Domini
1424 1071 1717 1126 adventum
1740 1083 1844 1121 non
1869 1062 2081 1118 tardum

491 1180 706 1239 putare,
738 1169 830 1223 sed
861 1168 1065 1223 nullum
1094 1186 1105 1221 :
1132 1168 1221 1238 qui
1255 1166 1407 1220 vides
1448 1173 1680 1234 quantus
1726 1161 1797 1215 sit
1834 1158 2085 1215 interitus

394 1310 397 1319 .
492 1260 829 1317 animarum?
859 1260 1015 1328 Quod
1038 1263 1079 1315 si
1107 1270 1267 1315 tanta:
1298 1259 1421 1314 ﬁdei
1453 1257 1672 1323 iuerint,
1706 1261 1766 1308 ut
1797 1267 1857 1307 se
1897 1251 1962 1305 ad
1992 1265 2083 1304 se-

493 1354 932 1427 cundiprzedicm
954 1363 1292 1419 convertant,
1327 1362 1381 1409 et
1430 1352 1719 1406 Dominum
1769 1347 1929 1403 etiam
1971 1353 2083 1398 tar-

497 1450 712 1508 dantem
743 1450 971 1506 fideliter
998 1458 1053 1505 et
1082 1450 1345 1519 patienter
1373 1453 1708 1517 exspectent,
1738 1440 2084 1498 abundabunt

497 1549 679 1598 tamen
730 1540 1017 1611 opprobria
1058 1550 1112 1597 et
1154 1526 1767 1609 insultationem-atque
1812 1533 2088 1589 irrisioues

499 1632 866 1702 inimicorum,
897 1632 1093 1687 multos
1120 1630 1361 1686 inﬁrmos
1386 1647 1415 1685 a
1449 1627 1755 1684 Christiana
1783 1623 1891 1681 ﬁde
1929 1638 2088 1691 aver-

508 1726 759 1791 tentium,
790 1722 1023 1779 dicendo
1047 1734 1151 1778 tam
1178 1722 1437 1777 fallaciter
1464 1722 1543 1776 eis
1572 1734 1795 1789 regnum
1820 1731 1941 1772 esse
1966 1729 2089 1785 pro-

499 1818 744 1882 missum,
773 1833 931 1887 quam
947 1815 1207 1871 fallaciter
1226 1814 1504 1869 dicebatur
1515 1814 1622 1867 cito
1638 1828 1757 1866 esse
1777 1818 2085 1864 venturum.

2180 596 2285 654 qua
2315 592 2487 635 morte
2512 582 2876 652 aitapostolus
2908 583 3137 639 Paulus:
3168 584 3308 655 Ergo
3343 600 3538 655 omnes
3565 593 3751 649 mortui

2180 683 2304 729 sunt
2329 682 2385 729 et
2410 687 2505 744 pro
2532 674 2775 729 omnibus
2798 684 3035 728 mortuus
3060 684 3161 741 est,
3204 682 3263 731 ut
3300 678 3391 748 qui
3435 660 3631 753 vivunt
3654 684 3752 751 jam

2182 780 2287 820 non
2309 764 2410 819 sibi
2437 769 2636 830 vivant,
2660 763 2753 820 sed
2785 764 2835 821 ei
2865 765 2954 836 qui
2985 782 3080 834 pro
3136 765 3267 837 ipsis
3316 777 3570 825 mortuus
3600 781 3683 827 est
3708 786 3754 829 et

2180 856 2493 913 resurrexit.
2525 855 2724 913 Omnes
2748 859 2925 927 itaque
2950 860 3141 913 mortui
3164 869 3289 914 sunt
3310 859 3360 915 in
3387 876 3454 929 pe
3476 865 3650 930 ‘catis,
3676 881 3755 920 ne-

2184 950 2329 1006 mine
2358 954 2576 1021 prorsus‘
2603 962 2848 1021 excepto,
2877 951 2988 1005 sive
3030 948 3400 1020 originalibus,
3428 936 3573 1009 sive
3613 960 3753 1014 etiam

2182 1044 2460 1100 voluntate
2502 1044 2722 1111 additis,
2764 1043 2850 1099 vel
2890 1043 3207 1116 ignorando,
3251 1045 3331 1100 vel
3376 1046 3629 1110 sciendo.
3671 1065 3755 1105 nec

2184 1133 2431 1191 faciendo
2453 1136 2817 1207 quodjustum
2843 1130 2948 1202 est,
2989 1144 3045 1192 et
3094 1151 3189 1206 pro
3218 1120 3468 1193 omnibus
3526 1146 3755 1211 mortus,

2187 1229 2342 1285 vivus
2390 1241 2632 1285 mortuus
2670 1238 2755 1284 est
2802 1244 2981 1298 unus,
3042 1228 3094 1283 id
3140 1238 3261 1297 est,
3317 1231 3534 1286 nullum
3578 1232 3755 1290 habens

2188 1322 2407 1378 omnino
2438 1330 2741 1393 peccatum,
2773 1332 2831 1377 ut
2858 1322 2948 1394 qui
2976 1337 3070 1391 per
3104 1322 3481 1403 remissionem
3529 1337 3753 1403 peccato-

2188 1433 2307 1473 rum
2337 1418 2541 1485 vivunt,
2565 1416 2676 1489 jam
2710 1433 2815 1472 non
2840 1418 2940 1472 sibi
2964 1419 3165 1483 vivant,
3188 1418 3281 1473 sed
3310 1419 3357 1473 ei
3394 1398 3490 1488 qui
3523 1398 3635 1495 pro
3660 1437 3752 1477 om-

2190 1512 2350 1569 nibus
2372 1522 2618 1567 mortuus
2647 1522 2730 1566 est
2760 1496 2983 1582 propter
3015 1521 3227 1583 peccata
3254 1498 3463 1581 nostra,
3500 1525 3556 1569 et
3600 1530 3753 1571 resur-

2188 1608 2329 1664 rexit
2366 1616 2583 1677 propter
2616 1600 3056 1676 justilicationem
3094 1616 3359 1673 nostram,
3393 1615 3452 1659 ut
3500 1608 3752 1683 credentes

2192 1698 2245 1754 in
2279 1716 2399 1755 eum
2425 1701 2511 1768 qui
2538 1699 2794 1770 justiﬁcat
2825 1698 3044 1769 impium
3069 1714 3131 1752 ex
3158 1697 3459 1766 impietate,
3480 1698 3750 1769 justiﬁchi,

2195 1802 2446 1863 tanquam
2469 1807 2533 1847 ex
2561 1802 2733 1866 morte
2756 1789 3032 1857 viviﬁcati,
3062 1792 3125 1844 ad
3158 1789 3383 1860 primam
3422 1795 3749 1851 resurrectio-

499 1870 809 1978 Quiauteni
843 1870 1071 1964 credunt
1099 1907 1239 1978 quod
1262 1906 1394 1961 dicit
1419 1905 1721 1971 secundus,
1752 1900 1957 1957 tardius
1984 1900 2086 1954 Do-
2198 1901 2318 1941 ηειυ
2343 1900 2461 1955 qua2
2486 1900 2625 1938 ηυηο
2654 1892 2738 1978 εἶδε
2760 1884 3028 1978 Perimere
3051 1882 3335 1978 Pﬁsfillillso
3367 1882 3447 1937 Ad
3476 1870 3610 1978 [hinc
3628 1888 3746 1939 enim

508 2006 713 2061 minum
742 2018 863 2057 esse
893 2013 1213 2067 venturum,
1256 2000 1299 2054 si
1344 1998 1533 2054 falsum
1586 1996 1747 2052 fuerit
1792 1995 2094 2063 inventum,

505 2098 665 2152 citius
688 2095 913 2150 Domino
938 2095 1209 2159 veniente,
1230 2092 1376 2147 nullo
1393 2091 1553 2146 modo
1576 2090 1665 2160 qui
1687 2088 1735 2143 ei
1757 2086 2099 2143 crediderant

505 2186 865 2243 turbabuntur
890 2190 939 2242 in
962 2186 1085 2253 ﬁde,
1108 2185 1201 2242 sed
1222 2184 1495 2255 inopinato
1511 2182 1706 2257 gaudio
1731 2179 2092 2252 perfruentur.

504 2279 842 2349 Quapropter
871 2278 962 2350 qui
991 2277 1122 2334 dicit
1160 2278 1443 2333 Dominum
1473 2276 1634 2331 citius
1662 2288 1781 2330 esse
1808 2283 2094 2327 venturum

507 2370 796 2438 optabilius
828 2371 1085 2434 loquitur.
1112 2371 1204 2426 sed
1235 2370 1537 2441 periculose
1558 2367 1604 2423 si
1630 2367 1863 2433 fallitur;
1896 2362 2099 2419 utinam

505 2473 635 2530 ergo
660 2461 730 2514 sit
751 2475 960 2526 verum,
980 2462 1102 2531 quia
1128 2463 1232 2517 erit
1254 2461 1537 2517 molestum
1561 2459 1606 2513 si
1631 2476 1735 2515 non
1758 2460 1860 2515 erit
1882 2455 2096 2511 verum!

510 2548 612 2617 Qui
643 2560 820 2606 autem
858 2552 985 2606 dicit
1011 2551 1294 2607 Dominum
1326 2550 1532 2606 tardius
1563 2565 1682 2605 esse
1713 2558 2019 2612 venturum,
2050 2554 2105 2600 et

516 2648 696 2696 tamen
719 2641 909 2711 credit,
934 2651 1134 2713 sperat,
1156 2651 1303 2699 amat
1320 2643 1436 2715 ejus
1454 2643 1762 2707 adventum,
1778 2639 2016 2715 profecto
2036 2638 2105 2693 de

508 2732 761 2788 tarditate
806 2733 923 2803 ejus
964 2736 1126 2791 etiam
1154 2713 1374 2806 fallitur,
1397 2736 1622 2792 feliciter
1664 2736 1883 2790 fallitur.
1929 2713 2105 2791 liabe-

510 2825 592 2881 bit
613 2827 754 2881 enim
781 2829 1040 2899 majorem
1064 2832 1373 2900 patientiam
1396 2832 1439 2886 si
1466 2831 1566 2888 hoc
1596 2832 1669 2887 ita
1694 2831 1819 2897 erit,
1845 2830 2106 2902 majorem

508 2919 749 2977 ltetitiam
776 2921 820 2974 si
847 2938 953 2976 non
978 2922 1103 2987 erit,
1123 2938 1184 2977 ac
1210 2939 1305 2994 per
1324 2924 1423 2979 hoc
1449 2925 1517 2979 ab
1538 2925 1615 2981 eis
1638 2924 1726 2995 qui
1749 2923 1979 2993 diligunt.
2005 2935 2110 2977 ma-

513 3011 914 3069 nifestationem
943 3015 1178 3082 Domini,
1200 3016 1287 3072 ille
1315 3018 1530 3072 auditur
1552 3018 1791 3083 suavius,
1827 3019 1913 3071 isti
1936 3015 2109 3070 credi-

510 3109 600 3159 tur
619 3103 804 3159 tutius.
834 3103 935 3170 Qui
965 3114 1142 3159 autem
1174 3105 1299 3175 quid
1324 3104 1514 3161 horum
1545 3108 1839 3174 sit,verum
1864 3106 2111 3177 ignorare

510 3208 571 3251 se
597 3196 909 3261 conﬁtetur,
933 3196 1065 3251 illud
1093 3205 1265 3267 Optat,
1298 3200 1399 3254 hoc
1427 3199 1641 3267 tolerat,
1664 3199 1718 3253 in
1746 3200 1893 3254 nullo
1922 3214 2107 3255 eorum

2201 1978 2425 2049 primam
2457 1990 2560 2030 non
2591 1975 2861 2045 pertinent
2887 1974 2987 2028 nisi
3020 1975 3109 2044 qui
3141 1972 3286 2029 beati
3322 1984 3481 2029 erunt
3522 1976 3571 2030 in
3610 1988 3748 2033 mter-

2200 2084 2357 2135 num;
2391 2067 2455 2121 ad
2487 2066 2775 2122 secundam
2800 2079 2927 2120 vero
2952 2063 3019 2119 de
3050 2078 3154 2136 qua
3192 2080 3316 2120 mox
3354 2065 3614 2121 locuturus
3658 2076 3746 2133 est,

2200 2170 2256 2218 et
2277 2162 2459 2215 beatos
2492 2158 2765 2228 pertinere
2793 2155 3029 2221 docebit,
3058 2164 3113 2210 et
3143 2155 3389 2210 miseros.
3410 2154 3508 2210 Ista
3545 2168 3621 2211 est
3658 2157 3745 2210 mi-

2202 2251 2529 2319 sericordire,
2563 2250 2649 2305 illa
2676 2249 2883 2321 judicii.
2920 2248 3144 2319 Propter
3173 2249 3312 2325 quod
3338 2251 3385 2303 in
3407 2250 3595 2327 psalmo
3617 2250 3734 2303 scri-

2202 2357 2351 2419 ptum
2403 2354 2520 2410 est,
2552 2343 2969 2400 Misericordiam
3003 2352 3059 2398 et
3093 2341 3345 2416 judicium
3381 2341 3586 2398 cantabo
3628 2341 3736 2409 tibi,

2207 2440 2463 2505 Domine;
2487 2436 2555 2493 de
2582 2454 2688 2508 quo
2712 2436 2915 2506 judicio
2941 2445 3333 2507 consequenter
3356 2432 3579 2504 adjuuxit
3602 2442 3743 2511 atque

2203 2533 2319 2588 ait:
2352 2532 2418 2587 Et
2442 2540 2760 2603 potestatem
2786 2529 2934 2585 dedit
2962 2528 3010 2583 ei
3039 2538 3092 2583 et
3133 2528 3393 2600 judicium
3434 2528 3617 2595 lacere,
3643 2527 3745 2598 quia

2206 2625 2378 2684 Filius
2422 2625 2651 2680 hominis
2684 2630 2789 2678 est.
2822 2621 2919 2677 Hic
2955 2620 3192 2677 ostendit
3236 2622 3383 2693 quod
3430 2620 3486 2675 in
3525 2636 3581 2675 ea
3615 2635 3742 2675 carne

2204 2714 2385 2770 veniet
2409 2713 2742 2784 iudicaturus
2770 2713 2822 2765 in
2854 2725 2955 2781 qua
2977 2721 3197 2769 venerat
3216 2711 3560 2782 judicandus.
3581 2711 3645 2766 Ad
3664 2714 3737 2766 hoc

2207 2808 2349 2863 enim
2373 2807 2469 2873 ait,
2501 2805 2761 2874 Quoniam
2786 2803 2951 2884 Filius
2975 2804 3203 2859 hominis
3224 2813 3337 2871 est,
3369 2819 3437 2859 ac
3459 2803 3727 2860 deindesub-

2206 2902 2434 2974 iungens
2476 2900 2618 2955 unde
2668 2901 2909 2971 agimus:
2945 2898 3138 2964 Nolite,
3184 2896 3383 2968 inquit,
3439 2899 3598 2954 mirari
3633 2898 3719 2960 huc,

2211 2999 2335 3066 quia
2360 2994 2539 3051 veniet
2567 2995 2695 3048 hora
2749 2994 2800 3047 in
2850 3006 2953 3062 qua
2993 3006 3178 3046 omnes
3206 2992 3296 3062 qui
3329 2990 3387 3045 in
3440 2987 3730 3045 monumentis

2212 3098 2340 3146 sunt
2369 3088 2588 3143 audient
2616 3101 2801 3142 vocem
2827 3082 2966 3156 ejus,
2994 3092 3048 3138 et
3074 3084 3370 3155 precedent
3391 3085 3488 3156 qui
3510 3084 3624 3139 bona
3646 3080 3741 3136 lete

2214 3192 2339 3238 runt
2366 3182 2419 3237 in
2447 3180 2895 3236 resurrectionem
2924 3178 3067 3242 vitae.
3097 3176 3189 3248 qui
3219 3192 3352 3234 vero
3394 3178 3536 3233 mala
3574 3182 3741 3249 egerunt

510 3288 803 3359 errat,quia
822 3288 957 3343 nihil
976 3266 1161 3344 eorum
1176 3298 1267 3345 aut
1283 3289 1556 3359 adﬁrmat,
1570 3266 1659 3346 aut
1676 3301 1851 3361 negat.
1870 3291 2104 3348 Obsecro

2216 3275 2271 3332 in
2320 3272 2772 3347 resurrectionem
2818 3270 3025 3343 judicii.
3065 3269 3177 3325 Hoc
3220 3280 3306 3325 est
3366 3270 3497 3324 illud
3542 3268 3746 3341 judicium

512 3388 567 3436 te
590 3390 649 3436 ut
669 3398 755 3437 me
780 3383 940 3440 talem
968 3399 1074 3438 non
1092 3386 1479 3457 spernas,quia
1497 3395 1551 3441 et
1571 3401 1671 3457 ego
1690 3393 1744 3442 te
1766 3385 1929 3458 diligo
1953 3386 2002 3440 id
2025 3386 2107 3441 at-

514 3475 817 3534 ﬁrmantem
847 3479 990 3550 quod
1018 3495 1205 3536 verum
1230 3497 1351 3536 esse
1376 3480 1648 3548 desidero,
1678 3490 1733 3536 et
1761 3490 1913 3537 tanto
1940 3480 2109 3550 magis

514 3569 642 3624 uolo
701 3569 925 3641 fallaris,
970 3581 1172 3643 quanto
1214 3573 1388 3643 magis
1435 3588 1559 3628 amo
1614 3572 1757 3642 quod
1816 3571 2106 3642 polliceris,

520 3671 719 3731 quanto
748 3664 920 3731 magis
946 3665 1103 3721 video
1132 3666 1496 3736 periculosum
1528 3680 1671 3733 esse,
1700 3667 1745 3722 si
1779 3666 2003 3722 falleris.

1038 3797 1267 3855 CAPUT
1305 3801 1593 3857 CXXXIII.

526 3908 660 3976 Qua
685 3909 958 3984 situprima
983 3914 1325 3984 [esuri-ceno,
1363 3928 1478 3984 qua:
1519 3916 1774 3983 secunda,
1805 3931 1868 3970 ea:
1897 3915 2024 3970 libra
2051 3916 2114 3971 de

728 3982 944 4038 Civium
970 3981 1070 4037 Dei
1094 3999 1187 4053 xx,
1220 3987 1353 4039 inter
1370 3981 1556 4040 caetera
1583 3995 1630 4040 et
1647 3985 1717 4041 ad
1744 3981 1932 4042 lincunt.

594 4098 766 4155 Amen
798 4112 954 4153 amen
981 4098 1105 4154 dico
1136 4099 1314 4169 vobis,
1349 4100 1472 4171 quia
1501 4101 1654 4157 venit
1686 4100 1849 4168 hora,
1876 4112 1931 4157 et
1975 4117 2115 4159 nunc

524 4200 628 4259 est,
653 4192 872 4265 quando
902 4195 1100 4249 mortui
1131 4194 1354 4251 audient
1384 4209 1571 4250 vocem
1612 4194 1729 4249 Filii
1774 4195 1891 4261 Dei,
1936 4202 1991 4251 et
2024 4196 2113 4266 qui

524 4288 792 4341 audierint
813 4288 1023 4354 vivent;
1072 4290 1211 4344 sicut
1241 4290 1383 4345 enim
1412 4288 1571 4345 Pater
1597 4289 1709 4360 89
1757 4290 1918 4343 habet
1953 4289 2115 4343 vitam

524 4379 580 4435 in
611 4380 793 4446 seipso
818 4379 1180 4454 [semetipso],
1211 4383 1291 4437 sic
1317 4382 1468 4437 dedit
1497 4382 1632 4437 Filio
1650 4382 1846 4437 habere
1868 4382 2028 4436 vitam
2062 4383 2114 4436 in

526 4474 839 4541 semetipso.
872 4472 1117 4530 Nondum
1144 4476 1211 4529 de
1233 4476 1469 4531 secunda
1496 4478 1914 4541 resurrectione,
1939 4476 1991 4530 id
2012 4485 2115 4543 est,

528 4578 841 4631 corporum,
874 4566 1130 4635 loquitur,
1162 4584 1280 4637 quin
1312 4570 1365 4622 in
1396 4568 1501 4623 ﬁne
1544 4570 1720 4624 futura
1752 4580 1857 4636 est,
1912 4571 2006 4625 sed
2050 4570 2118 4625 de

2208 3366 2349 3437 quod
2375 3364 2531 3436 paulo
2558 3374 2681 3420 ante
2710 3364 2849 3419 sicut
2880 3376 3019 3417 nunc
3046 3376 3142 3433 pro
3172 3361 3518 3418 damnatione
3542 3369 3749 3436 posuerat

2208 3458 2435 3515 dicens:
2465 3457 2565 3524 Qui
2600 3455 2820 3511 verbum
2853 3470 3031 3510 meum
3058 3454 3207 3508 audit
3229 3464 3283 3508 et
3310 3455 3481 3510 credit
3505 3455 3550 3509 ei
3574 3452 3652 3525 qui
3672 3450 3728 3507 mi

2208 3551 2280 3608 sit
2305 3565 2412 3617 me,
2447 3549 2605 3605 habet
2627 3551 2792 3605 vitam
2814 3557 3092 3615 teternam,
3123 3554 3179 3603 et
3204 3548 3257 3601 in
3285 3547 3539 3618 judicium
3572 3562 3667 3601 non
3687 3559 3753 3599 re

2211 3641 2310 3709 nit,
2339 3643 2432 3699 sed
2460 3642 2649 3697 transit
2677 3657 2706 3696 a
2740 3649 2913 3695 morte
2940 3641 2994 3696 in
3026 3640 3218 3707 vitam,
3247 3639 3301 3695 id
3326 3651 3427 3708 est,
3468 3637 3752 3711 pertinendo

2212 3737 2279 3791 ad
2337 3736 2564 3806 primam
2606 3733 3060 3790 resurrectionem
3109 3748 3211 3803 qua
3258 3748 3396 3789 nunc
3440 3731 3675 3786 transitur
3722 3744 3748 3783 a

2213 3837 2386 3883 morte
2415 3826 2480 3882 ad
2509 3826 2672 3881 vitam
2712 3827 2767 3880 in
2792 3823 3192 3881 damnationem
3239 3842 3331 3881 non
3377 3823 3555 3886 veniet,
3597 3835 3741 3890 quam

2212 3918 2528 3990 signiﬁcavit
2564 3914 2923 3989 appellatione
2948 3917 3169 3990 judicii,
3200 3920 3333 3974 sicut
3349 3916 3494 3974 etiam
3520 3913 3617 3969 hoc
3638 3913 3749 3967 loco

2214 4009 2304 4065 ubi
2335 4008 2439 4064 ait:
2468 4008 2567 4078 Qui
2597 4007 2771 4082 [vero]
2816 4008 2953 4064 mala
2984 4019 3212 4079 egerunt
3252 4008 3306 4065 in
3350 4005 3757 4065 resurrectionem

2211 4102 2420 4174 judicii,
2452 4101 2504 4156 id
2533 4110 2633 4164 est,
2658 4101 3041 4158 damnationis.
3082 4101 3345 4173 Resurgat
3383 4116 3506 4172 ergo
3539 4100 3588 4155 in
3617 4099 3763 4168 prima

2216 4200 2307 4269 qui
2333 4212 2437 4251 non
2458 4197 2569 4251 vult
2596 4198 2647 4251 in
2680 4196 2913 4251 secunda
2938 4196 3334 4252 resurrectione
3358 4194 3611 4250 damnari.
3631 4190 3764 4246 Venit

2217 4292 2359 4347 enim
2384 4289 2553 4362 [ergo]
2587 4291 2739 4354 hora,
2779 4297 2834 4343 et
2874 4304 3015 4344 nunc
3052 4299 3154 4355 εει,
3196 4290 3419 4359 quando
3463 4288 3651 4343 mortui
3690 4300 3742 4337 an

2220 4383 2369 4438 dient
2396 4397 2579 4437 vocem
2612 4380 2732 4437 Filii
2758 4380 2869 4448 Dei,
2896 4392 2947 4436 et
2981 4382 3069 4452 qui
3100 4380 3368 4436 audierint
3392 4382 3600 4445 vivent,
3626 4377 3669 4433 id
3686 4384 3763 4439 est,

2221 4474 2275 4529 in
2298 4476 2695 4530 damnationem
2728 4490 2836 4529 non
2866 4473 3103 4540 venient,
3139 4489 3259 4544 quae
3288 4475 3537 4529 secunda
3568 4485 3686 4528 mors
3706 4468 3762 4520 di-

2223 4571 2385 4634 citur,
2416 4569 2467 4624 in
2490 4584 2650 4638 quam
2678 4579 2929 4634 mortem,
2970 4578 3088 4639 post
3109 4568 3404 4623 secundam
3452 4586 3579 4641 qua:
3615 4576 3753 4632 ωφο·

530 4657 723 4725 prima,
756 4672 875 4725 quae
904 4674 1043 4713 nunc
1065 4671 1168 4716 est.
1203 4660 1352 4716 lianc
1385 4661 1583 4733 quippe
1632 4670 1690 4716 ut
1730 4662 2107 4733 distingueret,
2140 4648 2196 4719 Ῑ)
2218 4678 2335 4717 rum
2367 4662 2540 4716 futura
2566 4671 2648 4717 est
2683 4662 3133 4717 resurrectionem
3177 4655 3765 4733 prmcipitabuntur.qtli

530 4746 642 4802 ait:
670 4746 832 4802 Venit
863 4750 992 4804 hora
1016 4763 1069 4806 et
1099 4770 1239 4810 nunc
1277 4766 1385 4823 est,
1428 4771 1532 4810 non
1569 4762 1747 4810 autem
1779 4756 1880 4811 ista
1925 4771 2117 4826 corpo-

531 4854 674 4906 rum,
698 4839 791 4894 sed
822 4842 1121 4898 animarum
1147 4856 1250 4900 est.
1280 4846 1489 4903 Habent
1511 4848 1653 4903 enim
1678 4858 1732 4902 et
1755 4849 1948 4903 animae
1976 4864 2119 4903 mor-

532 4940 641 4984 tem
685 4945 838 4984 suam
890 4932 944 4986 in
986 4933 1260 5003 impietate
1308 4946 1469 5007 atque
1516 4940 1771 5007 peccatis,
1824 4942 2115 4995 secundum

532 5039 691 5093 quam
726 5032 957 5078 mortem
989 5027 1185 5081 mortui
1216 5038 1342 5083 sunt
1370 5031 1437 5084 de
1464 5032 1662 5099 quibus
1694 5033 1833 5089 idem
1860 5032 2117 5088 Dominus

533 5115 639 5180 ait,
680 5115 808 5171 Sine
835 5127 1074 5172 mortuos
1102 5120 1333 5189 sepelire
1363 5130 1603 5178 mortuos
1632 5138 1758 5179 suos
1778 5166 1792 5191 ,
1830 5135 1885 5179 ut
1912 5126 2118 5181 scilicet

534 5209 587 5262 in
627 5209 802 5263 anima
843 5212 1062 5277 mortui,
1120 5212 1173 5267 in
1225 5226 1453 5283 corpore
1500 5226 1743 5273 mortuos
1800 5220 2114 5289 sepelirent.

533 5301 759 5371 Propter
787 5304 920 5360 istos
958 5320 1083 5375 ergo
1112 5306 1383 5375 impietate
1422 5319 1479 5364 et
1518 5310 1801 5381 iniquitate
1845 5312 1899 5367 in
1943 5313 2121 5370 anima

533 5405 795 5463 mortuos,
826 5397 1007 5464 Venit,
1045 5400 1237 5471 inquit,
1290 5400 1422 5457 hora
1464 5410 1519 5458 et
1558 5420 1702 5458 nunc
1753 5414 1859 5467 est,
1909 5407 2121 5475 quando

531 5492 729 5545 mortui
769 5492 992 5547 audient
1022 5508 1208 5549 vocem
1240 5495 1361 5550 Filii
1399 5496 1514 5563 Dei,
1552 5506 1605 5551 et
1634 5498 1722 5567 qui
1744 5499 2013 5556 audierint
2042 5503 2118 5558 vi-

529 5591 680 5638 vent.
703 5583 805 5650 Qui
833 5584 1099 5641 audierint
1124 5588 1278 5655 dixit,
1315 5590 1405 5659 qui
1448 5590 1769 5659 obvdierint,
1802 5596 1891 5665 qui
1936 5597 2115 5651 credi-

531 5674 733 5745 derint,
760 5687 816 5732 et
842 5693 1012 5747 usque
1041 5681 1094 5734 in
1128 5682 1286 5736 ﬁnem
1318 5689 1786 5752 perseveraverint
1822 5707 1834 5741 :
1874 5705 1973 5746 nec
1993 5687 2119 5748 fecit

533 5765 621 5822 hic
651 5769 809 5822 ullam
839 5771 1192 5827 dill‘erentiam
1225 5775 1485 5832 bonorum
1520 5790 1575 5834 et
1622 5779 1907 5845 malorum,
1939 5784 2116 5837 omni-

531 5858 634 5919 bus
654 5862 795 5918 enim
820 5863 1021 5920 bonum
1052 5873 1137 5923 est
1161 5866 1350 5925 audire
1377 5886 1564 5929 vocem
1596 5873 1736 5945 ejus,
1760 5885 1813 5931 et
1836 5873 2021 5932 vivere
2048 5875 2117 5932 ad

2218 4756 2271 4811 in
2305 4757 2472 4825 prima
2499 4771 2616 4824 quae
2656 4756 2957 4811 animarum
3002 4764 3086 4810 est
3135 4770 3240 4810 non
3291 4767 3615 4830 resurgunt.
3655 4751 3775 4807 Venit

2218 4851 2362 4907 enim
2394 4849 2524 4904 hora
2549 4849 2637 4902 ubi
2667 4865 2770 4903 non
2795 4850 2890 4914 ait,
2918 4859 2970 4904 et
3002 4864 3141 4904 nunc
3164 4857 3267 4914 est,
3294 4849 3421 4919 quia
3470 4851 3529 4905 in
3576 4851 3673 4903 ﬁne
3705 4844 3781 4900 erit

2219 4944 2423 5009 saeculi,
2466 4942 2568 4997 hoc
2602 4950 2707 5008 est,
2741 4943 2789 4996 in
2821 4942 3006 4997 ultimo
3046 4952 3103 4997 et
3154 4944 3389 4998 maximo
3446 4944 3656 5016 judicio
3698 4936 3785 4999 Dei.

2221 5038 2436 5107 quando
2467 5051 2656 5090 omnes
2685 5035 2775 5105 qui
2805 5036 2856 5089 in
2888 5036 3248 5093 monumentis
3290 5045 3422 5091 sunt
3454 5037 3681 5092 audient
3716 5045 3790 5084 v0-

2226 5147 2343 5187 cem
2380 5131 2496 5202 ejus
2517 5140 2571 5185 et
2596 5130 2906 5199 procedent.
2934 5129 3049 5184 Non
3100 5129 3233 5184 dixit
3274 5130 3730 5200 quemadmodum
3754 5125 3793 5177 iu

2228 5226 2421 5295 prima,
2451 5234 2500 5277 et
2533 5223 2623 5293 qui
2656 5220 2927 5277 audierint
2947 5222 3148 5287 vivent,
3172 5237 3279 5277 non
3306 5225 3458 5278 enim
3516 5238 3702 5280 omnes
3741 5221 3797 5269 vi.

2226 5327 2374 5386 vent,
2406 5318 2612 5373 scilicet
2649 5333 2709 5374 ea
2742 5319 2847 5370 vita
2889 5333 3029 5386 quae,
3069 5317 3321 5387 quoniam
3366 5320 3539 5379 beata
3584 5329 3686 5381 est,
3711 5313 3800 5368 sola

2227 5414 2336 5469 vita
2366 5412 2593 5468 dicenda
2618 5422 2719 5467 est.
2748 5412 2882 5467 Nam
2919 5412 3107 5480 utique
3142 5426 3249 5466 non
3286 5411 3407 5467 sine
3459 5412 3804 5482 qualicunque

2225 5508 2334 5561 vita
2365 5514 2581 5577 possent
2617 5505 2823 5569 audire,
2870 5514 2923 5560 et
2969 5503 3039 5560 de
3088 5503 3459 5559 monumentis
3510 5507 3807 5579 mut-gente

2224 5614 2387 5654 carne
2419 5598 2728 5668 procedere.
2758 5597 2934 5663 Quare
2954 5604 3133 5652 autem
3164 5612 3271 5652 non
3296 5612 3501 5653 omnes
3542 5600 3741 5663 vivent,
3765 5594 3809 5648 in

2224 5707 2292 5749 eo
2319 5692 2459 5764 quod
2491 5692 2729 5762 sequitur
2753 5689 2911 5744 docet
2937 5706 2949 5742 :
2977 5690 3076 5757 Qui
3108 5690 3269 5755 bona,
3307 5690 3515 5760 inquit,
3549 5690 3742 5753 fecere,
3768 5689 3812 5741 in

2177 5843 2181 5847 .
2225 5786 2675 5843 resurrectionem
2725 5782 2869 5849 vitm,
2912 5782 2970 5837 bi
3000 5792 3127 5838 sunt
3169 5782 3259 5854 qui
3302 5782 3497 5841 vivent
3565 5787 3663 5858 qui
3703 5794 3818 5840 vero

2182 5883 2197 5901 '
2228 5878 2366 5936 mala
2446 5886 2672 5950 egerunt
2701 5916 2720 5943 ,
2780 5876 2839 5932 in
2920 5876 3374 5941 resurrectionem
3438 5876 3698 5949 iudicii,
3772 5872 3819 5933 hi
