3968 6390
139 302 236 361 775

1270 277 1709 344 THESAURUS.
1748 277 1905 337 CAP.
1946 274 2238 336 CXXXIV.

3286 277 3397 338 776

138 422 251 475 sunt
273 414 359 486 qui
385 425 493 468 non
521 406 723 475 vivent.
753 407 876 481 quia
907 403 1142 463 secunda
1180 408 1356 458 morte
1380 398 1695 455 morientur.
1725 394 1782 459 Α
1809 392 1939 448 mini
1962 392 2303 465 praesentiam
2319 389 2688 448 crederentur.
2712 386 3019 445 Nametiam
3032 402 3133 447 nos
3154 390 3257 448 hoc
3279 393 3398 463 opi-

83 558 95 583 ,
141 512 261 570 Mala
287 511 482 581 quippe
510 518 756 578 egerunt.
786 505 1042 576 quoniam
1075 500 1215 556 male
1245 498 1526 562 vixerunt;
1557 494 1700 550 male

82 590 103 661 γ’
142 616 300 663 autem
329 607 599 669 vixerunt,
629 602 752 672 quia
782 600 837 654 in
870 599 1041 669 prima
1067 609 1186 666 quae
1213 606 1357 648 nunc
1385 600 1468 649 est
1495 591 1703 645 anima-

143 795 191 849 in
218 807 275 847 eo
301 791 438 862 quod
463 796 871 846 resurrexerunt
908 780 1256 859 [revixerant]
1290 797 1393 836 non
1440 781 1493 836 in
1543 780 1703 835 finem

144 900 299 957 usque
320 891 658 940 manserunt.
690 880 844 939 Sicut
864 894 992 949 ergo
1018 878 1137 933 dum
1176 883 1303 932 sunt
1344 872 1709 943 regeneratio-

142 995 251 1042 nes,
279 978 342 1033 de
370 978 562 1050 quibus
584 977 694 1047 jam
726 988 890 1045 supra
921 973 1131 1027 locutus
1170 984 1287 1024 sum
1316 985 1331 1023 :
1362 982 1465 1023 una
1511 981 1707 1022 secun-

142 1073 259 1128 dum
286 1072 464 1138 ﬁdem,
496 1086 613 1143 qua:
637 1086 780 1127 nunc
803 1071 861 1125 llt
892 1084 991 1139 per
1014 1065 1369 1136 baptismum;
1394 1063 1495 1117 alia
1520 1076 1727 1133 secun-y

140 1164 259 1219 dum
299 1179 533 1227 carnem,
567 1178 686 1234 qua
736 1160 827 1217 ﬁet
864 1162 917 1215 in
960 1159 1077 1229 ejus
1117 1155 1516 1226 incorruptione
1554 1162 1713 1222 atque

140 1258 532 1315 immortalitate
565 1254 937 1327 perjudicium
976 1268 1226 1323 magnum
1274 1262 1437 1320 atque
1476 1249 1711 1302 novissi-

141 1364 279 1405 mum
299 1367 313 1415 ;
331 1350 405 1403 ita
422 1361 541 1403 sunt
559 1360 615 1414 _et
633 1348 1054 1404 resurrectiones
1071 1346 1224 1401 duae:
1247 1358 1350 1399 una
1375 1342 1565 1413 prima,
1596 1354 1715 1413 quae

145 1452 200 1498 et
218 1457 349 1496 nunc
372 1452 475 1507 est,
490 1453 546 1498 et
574 1443 870 1497 animarum
885 1451 988 1507 est,
1004 1456 1122 1510 qua:
1136 1438 1318 1496 venire
1334 1453 1439 1492 non
1455 1433 1717 1507 permittit

147 1536 202 1590 in
229 1545 448 1589 mortem
480 1534 809 1601 secundam;
844 1534 949 1587 alia
975 1535 1230 1598 secunda,
1261 1547 1378 1601 qua:
1410 1546 1514 1585 non
1550 1545 1714 1599 nunc,

139 1625 231 1682 sed
259 1626 308 1680 in
330 1627 512 1683 saeculi
544 1626 648 1684 fine
676 1625 856 1682 futura
882 1637 984 1692 est,
1014 1640 1114 1681 nec
1133 1626 1455 1691 animarum,
1477 1620 1570 1678 sed
1592 1637 1717 1678 cor-

140 1734 320 1791 porum
342 1730 444 1787 est,
476 1736 597 1791 quae
620 1735 717 1790 per
742 1720 985 1775 ultimum
1011 1718 1271 1788 judicium
1298 1716 1433 1771 alios
1463 1715 1637 1770 tuittet
1662 1714 1717 1768 in

1805 487 1916 541 nati
1934 487 2128 543 fuimus
2143 486 2451 557 aliquando.
2465 485 2568 541 Sed
2581 482 2818 554 cumjeos
2837 482 2925 547 qui
2942 490 3069 537 tunc
3083 496 3397 540 resurrexe-

1816 578 2126 637 rintdicant
2149 579 2668 635 immoderatissimis
2685 576 2985 632 carnalibus
2997 576 3169 647 epulis
3181 583 3399 631 vacatu-
3446 580 3469 729 ξ

1816 686 1918 729 ros.
1941 671 1997 726 in
2026 674 2221 729 auibus
2247 672 2397 728 cibus
2425 671 2497 727 sit
2520 680 2702 725 tantus
2726 684 2790 724 ac
2812 678 2993 729 potus,
3011 678 3068 723 ut
3093 682 3198 723 non
3221 668 3396 724 solum

142 714 249 757 rum
268 668 661 755 resurrectione
690 709 795 749 non
824 668 1136 748 revixerunt
1160 706 1174 743 :
1200 688 1322 758 quia
1344 689 1394 742 in
1419 688 1587 758 prima
1611 692 1707 740 aut
1807 686 1918 737 ³⁸08,
1941 671 1997 726 in
2026 674 2221 743 (Ιυῖδυδ
2247 672 2397 728 Cibus
2425 671 2497 727 δίι
2520 680 2702 725 “mus
2726 684 2790 724 ³0
2812 678 2993 740 FW“,
3011 678 3068 723 ιιι
3093 682 3198 723 ηοη
3221 668 3396 724 δοιυηι

1812 765 2014 821 nullam
2039 766 2356 821 modestiam
2382 773 2618 829 teneant,
2636 762 2729 818 sed
2744 762 2957 817 modum
2988 775 3201 833 quoque
3231 762 3398 832 ipsius

1811 857 2202 913 incredulitatis
2230 856 2510 920 excedant,
2535 856 2684 911 nullo
2718 855 2881 910 modo
2904 853 3003 908 ista
3034 862 3258 925 possunt
3284 854 3390 908 nisi

1810 950 1922 1021 90
1950 965 1978 1004 a
2010 948 2317 1005 carnalibus
2343 948 2515 1005 credi.
2539 948 2604 1002 Hi
2631 958 2807 1002 autem
2837 946 2927 1017 qui
2954 945 3221 1015 spiritales
3246 951 3393 1013 sunt,

3452 748 3464 769 ,ι

3452 776 3468 841 ξ

3452 857 3475 1039 l

1819 1043 1952 1097 istos
1983 1042 2057 1097 ita
2099 1041 2383 1097 credentes
2414 1042 2692 1113 χιλιαστᾶς
2721 1039 2998 1110 appellant
3024 1051 3202 1109 graeco
3236 1051 3399 1092 voca-
3460 1044 3473 1083 ε

1817 1134 1947 1190 bule
1967 1176 1982 1201 ,
2014 1147 2153 1203 quos
2178 1131 2401 1187 verbum
2429 1147 2461 1187 e
2490 1133 2656 1188 verbo
2698 1132 3069 1201 exprimentes
3097 1143 3195 1184 nos
3226 1128 3401 1199 possi-

1815 1241 1937 1282 mus
1963 1225 2246 1279 milliarios
2270 1238 2602 1293 nuncupare.
2634 1223 2740 1279 Eos
2764 1232 2940 1279 autem
2967 1223 3183 1293 longum
3205 1230 3290 1277 est
3318 1236 3403 1277 re-

1817 1319 2006 1374 fellere
2034 1318 2102 1372 ad
2130 1317 2345 1388 singula
2372 1359 2387 1383 ,
2434 1315 2529 1371 sed
2572 1316 2751 1385 potius
2780 1315 3227 1386 quemadmodum
3270 1313 3405 1370 scri-

1818 1424 1973 1485 ptura
2025 1414 2138 1467 haec
2184 1409 2500 1480 accipienda
2552 1409 2623 1463 sit
2649 1410 2757 1477 jam
2787 1408 3047 1463 debemus
3096 1407 3403 1463 ostendere.

1820 1505 1909 1562 Ait
1935 1508 2050 1576 ipse
2077 1505 2332 1559 Dominus
2344 1502 2499 1559 Jesus
2514 1502 2783 1568 Christus,
2802 1500 2967 1555 Nemo
2983 1509 3155 1571 potest
3181 1499 3406 1556 introire

1821 1601 1875 1655 in
1906 1600 2126 1654 domum
2176 1598 2351 1663 fortis,
2402 1604 2459 1651 et
2502 1610 2629 1650 vasa
2678 1594 2802 1665 ejus
2843 1596 3057 1664 eripere
3103 1595 3205 1649 nisi
3233 1595 3407 1665 primo

1823 1694 2125 1764 alligaverit
2152 1692 2368 1757 fortem,
2395 1689 2669 1745 diabolum
2714 1687 2901 1742 volens
2928 1687 3158 1753 intelligi
3188 1688 3404 1752 fortem,

138 1814 423 1870 secundam
454 1823 706 1883 mortem,
738 1813 871 1869 alios
894 1815 948 1869 in
969 1828 1087 1869 eam
1111 1812 1274 1868 vitam
1303 1825 1427 1883 qua:
1468 1825 1572 1866 non
1616 1809 1709 1865 ha-

1836 1788 1945 1858 juia
1977 1788 2092 1856 ipse
2140 1798 2312 1856 genus
2342 1784 2632 1838 humanum
2677 1781 2850 1851 potuit
2897 1789 3082 1835 tenere
3113 1781 3408 1850 captivum,

136 1905 226 1963 bet
252 1917 497 1962 mortem.

645 2022 872 2082 CAPUT
910 1988 1221 2082 cxxxw.’

144 2134 225 2193 De
250 2137 447 2195 duabus
474 2139 929 2195 resurrectionibus
956 2150 1007 2192 et
1038 2139 1180 2195 mille
1199 2140 1382 2206 annis;
1413 2154 1477 2195 ea:
1500 2139 1629 2197 libro
1659 2143 1723 2197 de

698 2210 913 2265 Civitate
942 2208 1041 2264 Dei
1070 2226 1160 2265 xx.

210 2341 283 2397 De
344 2340 427 2397 his
476 2341 686 2398 duabus
752 2343 1240 2400 resurrectionibus
1288 2343 1431 2400 idem
1484 2343 1723 2402 Joannes

136 2432 479 2502 Evangelista
504 2435 557 2489 in
578 2434 718 2490 libro
742 2436 836 2505 qui
863 2436 1058 2493 dicitur
1086 2435 1439 2506 Apocalypsis
1465 2451 1533 2495 eo
1562 2434 1731 2499 modo,

136 2523 351 2581 locutus
379 2533 484 2592 est,
516 2535 574 2582 ut
605 2542 790 2583 earum
844 2529 1040 2598 prima,
1086 2542 1118 2583 a
1160 2527 1479 2597 quibusdam
1527 2527 1729 2585 nostris

133 2631 245 2671 non
272 2616 566 2686 intellecta,
589 2619 811 2690 insuper
857 2620 1020 2676 etiam
1066 2620 1120 2677 in
1162 2620 1423 2689 quasdam
1476 2621 1730 2678 ridiculae

131 2707 346 2765 fabulas
384 2719 706 2767 verteretur.
763 2712 851 2771 Ait
888 2713 1086 2783 quippe
1146 2712 1201 2769 in
1252 2712 1389 2767 libro
1433 2722 1730 2769 memorate

130 2800 372 2863 Joannes
399 2806 720 2875 apostolus:
759 2808 825 2863 Et
864 2806 975 2862 vidi
1019 2807 1269 2878 angelum
1312 2806 1730 2863 descendentem

131 2898 206 2955 de
243 2900 413 2967 cmlo,
460 2899 747 2957 habentem
785 2901 992 2957 clavem
1036 2901 1242 2973 abyssi,
1284 2911 1341 2957 et
1386 2911 1632 2957 catenam
1678 2901 1734 2956 in

132 3007 299 3049 manu
331 3008 450 3062 sua,
481 3003 534 3049 et
568 2994 739 3048 tenuit
758 2992 1049 3049 draconem
1079 2993 1233 3049 illum
1262 3001 1568 3063 serpentem
1589 2992 1733 3049 anti-

133 3102 304 3157 quum
352 3086 443 3157 qui
487 3086 898 3156 cognominatus
935 3096 1021 3142 est
1074 3086 1321 3142 diabolus
1362 3094 1417 3141 et
1462 3084 1729 3154 Satanas,

1822 1897 1952 1937 vasa
1976 1896 2111 1937 vero
2136 1882 2258 1950 ejus
2285 1893 2405 1949 qum
2436 1877 2617 1933 fuerat
2634 1885 2939 1947 erepturus,
2972 1874 3156 1931 tldeles
3183 1889 3311 1931 suos
3336 1876 3413 1930 fu-

1823 1985 1997 2039 turos,
2023 1988 2160 2044 quos
2184 1972 2274 2028 ille
2304 1972 2356 2027 in
2384 1970 2620 2027 diversis
2660 1968 2897 2039 peccatis
2926 1976 3089 2038 atque
3117 1966 3412 2036 impietati-

1823 2068 1925 2124 bus
1953 2064 2284 2136 possidebat.
2329 2062 2396 2119 Ut
2426 2078 2557 2133 ergo
2602 2060 2911 2131 alligaretur
2940 2059 3030 2115 hic
3070 2059 3248 2125 fortis,
3281 2072 3416 2129 pro-

1824 2170 2008 2230 pterea
2040 2160 2143 2213 iste
2189 2157 2481 2229 Apostolus
2521 2156 2575 2212 in
2624 2154 2947 2225 Apocalypsi
2985 2153 3122 2209 vidlt
3164 2152 3413 2221 angelum

1744 2277 1748 2280 ⁴
1827 2252 2245 2308 descendentem
2292 2251 2360 2307 de
2388 2252 2549 2318 coelo,
2600 2250 2888 2306 habentem
2919 2249 3123 2304 clavem
3154 2248 3330 2319 abyssi
3361 2253 3417 2303 et

1826 2353 2073 2400 catenam
2106 2345 2159 2398 in
2191 2358 2352 2397 manu
2384 2356 2481 2398 sua
2531 2360 2542 2395 :
2576 2341 2645 2397 Et
2671 2341 2863 2408 tenuit,
2899 2341 3094 2410 inquit,
3127 2339 3415 2395 draconem

1830 2436 1985 2491 illum
2015 2443 2325 2506 serpentem
2356 2435 2638 2504 antiquum
2671 2434 3185 2504 quicognominatus
3206 2432 3419 2489 estdia-

1830 2529 1987 2585 bolus
2015 2539 2070 2585 et
2108 2539 2347 2593 satanas,
2394 2536 2449 2583 et
2477 2525 2714 2597 alligavit
2741 2526 2893 2581 illum
2925 2528 3075 2582 mille
3114 2526 3291 2592 annis,
3316 2525 3420 2582 hoc

1831 2632 1944 2688 est,
1989 2621 2109 2693 ejus
2142 2630 2461 2693 potestatem
2491 2622 2558 2677 ab
2585 2621 2666 2676 eis
2694 2620 3015 2677 sedueendis
3042 2630 3205 2692 atque
3245 2620 3420 2691 possi-

1832 2722 2028 2778 dendis
2054 2722 2148 2793 qui
2180 2722 2392 2777 fuerant
2419 2720 2682 2778 liberandi
2708 2719 2948 2776 cohibuit
2988 2728 3147 2789 atque
3167 2716 3419 2774 frenavit.

1834 2813 1981 2869 Mille
2028 2820 2208 2868 autem
2253 2811 2379 2869 anni
2426 2812 2637 2868 duobus
2682 2811 2857 2867 modis
2890 2816 3137 2881 possunt,
3165 2819 3423 2881 quantum

1833 2905 1967 2961 mihi
1990 2907 2246 2972 occurrit,
2270 2906 2496 2977 intelligi
2515 2924 2528 2960 :
2546 2914 2638 2961 aut
2662 2906 2789 2976 quia
2810 2903 2865 2958 in
2886 2904 3086 2959 ultimis
3113 2903 3266 2958 annis
3282 2902 3441 2959 mille

1835 2996 1939 3051 ista
1962 3010 2049 3051 res
2071 2998 2268 3068 agitur,
2298 2999 2349 3052 id
2391 3005 2506 3064 est,
2530 3006 2682 3052 sexto
2710 3009 2972 3051 annorum
3004 2995 3280 3061 mllliario,
3310 3001 3427 3049 tan-

1837 3102 1996 3157 quam
2022 3098 2183 3143 sexto
2212 3089 2300 3144 die
2327 3088 2480 3159 cujus
2502 3103 2644 3143 nunc
2672 3088 2845 3158 spatia
2874 3086 3176 3157 posteriora
3205 3087 3429 3143 volvun‘

133 3178 380 3249 alligavit
401 3176 549 3233 illum
576 3178 723 3235 mille
746 3180 919 3245 annis,
945 3186 1000 3235 et
1023 3178 1170 3243 misit
1191 3177 1343 3234 illum
1368 3177 1422 3233 in
1451 3177 1733 3248 abyssum,
1757 3185 1809 3251 ο
1842 3187 1957 3249 tur,
1990 3191 2241 3237 secuturo
2270 3182 2463 3237 deinde
2504 3181 2733 3238 sabbato
2775 3183 2922 3251 quod
2964 3194 3069 3237 non
3119 3180 3280 3237 habet
3312 3194 3429 3236 ves-

134 3278 196 3326 et
224 3269 421 3326 clausit
442 3280 498 3327 et
526 3271 756 3342 signavit
791 3285 953 3341 super
991 3286 1139 3337 eum,
1182 3278 1241 3326 ut
1296 3284 1405 3326 non
1446 3268 1733 3326 seduceret

132 3361 250 3432 jam
300 3372 489 3434 gentes
538 3362 712 3419 donec
752 3362 1006 3418 ﬁniantur
1052 3361 1198 3419 mille
1242 3362 1389 3428 anni,
1446 3370 1565 3431 post
1614 3360 1733 3417 haec

135 3460 360 3523 oportet
388 3469 508 3509 eum
536 3454 671 3509 solvi
714 3453 865 3511 brevi
910 3461 1187 3522 tempore;
1229 3461 1285 3509 et
1319 3451 1430 3508 vidi
1476 3452 1632 3507 sedes
1677 3460 1735 3509 et

135 3544 397 3601 sedentes
425 3560 588 3613 super
613 3560 730 3612 eas,
769 3554 825 3607 et
860 3544 1119 3615 judicium
1148 3545 1335 3599 datum
1363 3552 1448 3607 est
1474 3541 1648 3615 [illis],
1680 3551 1737 3600 et

135 3637 340 3692 animae
362 3637 669 3693 occisorum
699 3646 920 3709 propter
948 3637 1319 3695 testimonium
1347 3634 1500 3706 Iesu,
1529 3644 1583 3691 et
1612 3650 1736 3706 pro-

135 3741 268 3801 pter
297 3728 520 3785 verbum
548 3729 663 3798 Dei,
689 3738 745 3786 et
772 3730 819 3787 si
842 3731 933 3801 qui
956 3745 1063 3786 non
1106 3729 1470 3789 adoraverunt
1506 3728 1735 3787 bestiam

134 3835 249 3877 nec
280 3822 567 3892 imaginem
590 3823 727 3895 ejus,
750 3837 926 3894 neque
961 3830 1285 3893 acceperunt
1326 3822 1734 3892 inscriptionem

136 3913 198 3969 in
224 3913 403 3968 fronte
428 3922 522 3969 aut
550 3918 605 3969 ln
634 3929 792 3970 manu
814 3929 930 3982 sua,
954 3924 1009 3971 et
1035 3922 1395 3986 regnaverunt
1435 3927 1563 3969 eum
1605 3911 1735 3969 Jesu

136 4006 305 4061 mille
363 4005 545 4071 annis,
608 4006 798 4075 reliqui
850 4023 1036 4071 eorum
1091 4022 1198 4063 non
1256 4007 1509 4062 vixerunt
1563 4005 1737 4073 donec

137 4097 410 4153 ﬁniantur
461 4096 609 4152 mille
656 4097 804 4153 anni.
853 4098 981 4165 ilice
1033 4097 1356 4157 resurrectio
1405 4095 1576 4166 prima
1630 4103 1735 4165 est.

136 4189 354 4244 Beatus
382 4196 437 4246 et
461 4197 678 4246 sanctus
708 4198 813 4255 est,
842 4191 931 4261 qui
961 4189 1121 4245 habet
1150 4190 1202 4244 in
1236 4190 1337 4244 hac
1359 4189 1529 4259 prima
1560 4202 1741 4243 resur-

135 4282 399 4341 rectione
423 4293 654 4353 partem.
684 4282 741 4339 In
785 4283 902 4338 istis
948 4281 1182 4338 secunda
1225 4296 1371 4337 mors
1412 4295 1523 4337 non
1580 4280 1738 4343 habet

134 4383 497 4450 patestatem,
526 4376 621 4431 sed
654 4384 814 4431 erunt
856 4374 1165 4431 sacerdotes
1197 4374 1291 4431 Dei
1320 4383 1375 4431 et
1412 4372 1631 4439 Christi,
1687 4381 1742 4430 et

133 4467 457 4539 regnabuttt
474 4482 598 4523 cum
625 4466 717 4531 illo
749 4467 894 4525 mille
916 4466 1091 4533 annis.
1116 4465 1217 4534 Qui
1247 4472 1467 4536 propter
1494 4465 1610 4523 haec
1641 4464 1739 4520 hu-

1834 3286 2045 3342 peram,
2078 3274 2295 3344 requies
2322 3274 2531 3330 scilicet
2557 3283 2865 3329 sanctorum
2893 3287 3014 3343 quae
3041 3284 3149 3327 non
3178 3271 3341 3327 habet
3366 3270 3427 3324 fi--

1834 3378 1983 3431 nem,
2031 3373 2091 3419 ut
2116 3362 2275 3435 hujus
2323 3365 2567 3420 milliarii
2617 3375 2871 3435 tanquam
2921 3363 3033 3419 diei
3082 3363 3431 3419 novissimam

1836 3464 2043 3524 partem
2086 3470 2209 3525 quae
2250 3456 2564 3512 remanebat
2592 3471 2765 3527 usque
2808 3457 2876 3511 ad
2906 3455 3196 3511 terminum
3243 3455 3429 3510 saeculi

1838 3548 1984 3603 mille
2009 3562 2183 3603 annos
2208 3549 2580 3619 appellaverit,
2612 3562 2679 3604 eo
2706 3546 2962 3618 loquendi
2994 3548 3157 3603 modo
3181 3560 3290 3617 quo
3311 3559 3436 3616 pars

1835 3640 2170 3711 signiﬁcatur
2194 3656 2226 3695 a
2256 3648 2372 3696 toto
2416 3650 2512 3696 aut
2549 3648 2698 3697 certe
2734 3640 2880 3695 mille
2907 3652 3113 3705 annos;
3150 3652 3250 3709 pro
3277 3639 3438 3693 annis

1849 3733 2103 3789 omnibus
2134 3732 2297 3805 hujus
2317 3731 2503 3789 saeculi
2534 3732 2731 3803 posuit,
2759 3740 2817 3787 ut
2837 3729 3079 3803 perfecto
3098 3745 3323 3789 numero
3346 3744 3439 3785 no-

1840 3834 2057 3884 taretur
2091 3826 2211 3897 ipsa
2242 3826 2504 3897 temporis
2538 3823 2840 3895 plenitudo.
2877 3822 3211 3879 Iillenarius
3239 3821 3440 3892 quippe

1837 3935 2095 3975 numerus
2124 3919 2329 3975 denarii
2355 3920 2569 3976 numeri
2597 3918 2922 3989 quadratum
2952 3915 3185 3972 solidum
3214 3916 3394 3971 reddit
3418 3931 3438 3970 :

1838 4012 2029 4067 decem
2054 4012 2252 4082 quippe
2280 4012 2465 4069 decies
2488 4010 2651 4066 ducta
2672 4012 2811 4065 tiunt
2837 4017 3084 4075 centum,
3120 4022 3241 4079 quae
3278 4009 3441 4064 etiam

1841 4105 2011 4176 ﬁgura
2036 4106 2324 4176 quadrata,
2356 4106 2450 4161 sed
2492 4107 2653 4186 plana
2684 4114 2787 4161 est.
2820 4104 2893 4162 Ut
2919 4114 3098 4161 autem
3125 4106 3178 4161 in
3206 4104 3442 4161 altitudi-

1845 4212 1969 4252 nem
2002 4206 2228 4267 surgat,
2262 4207 2317 4253 et
2356 4196 2527 4252 solida
2570 4196 2686 4265 fiat,
2727 4211 2946 4253 rursum
2990 4205 3206 4254 centum
3255 4196 3441 4252 decies

1842 4290 2271 4360 multiplicantur
2313 4299 2368 4345 et
2410 4290 2557 4346 mille
2584 4298 2731 4346 sunt.
2781 4291 2956 4347 Porro
3001 4289 3049 4345 si
3077 4298 3293 4346 centum
3327 4290 3441 4361 ipsa

1844 4398 1946 4454 pro
1974 4382 2325 4439 universitate
2355 4383 2644 4453 aliquando
2664 4393 2960 4452 ponuntur,
2993 4382 3153 4455 quale
3175 4382 3302 4439 illud
3328 4392 3432 4451 est,

1844 4475 1987 4545 quod
2014 4475 2270 4530 Dominus
2294 4475 2476 4530 omnia
2502 4489 2599 4529 sua
2627 4473 2915 4529 dimittenti
2942 4484 2997 4530 et
3019 4475 3168 4529 illum
3195 4476 3442 4545 sequenti

133 4563 234 4635 ius
303 4560 424 4617 libri
478 4560 640 4621 verba
707 4560 932 4629 primam
990 4560 1442 4615 resurremionem
1500 4558 1734 4614 futuram
1763 4570 1817 4635 ι)
1840 4568 2335 4640 promittitdicens,
2368 4566 2608 4638 Accipiet
2636 4568 2688 4621 in
2726 4568 2827 4621 hoc
2868 4566 3069 4622 saeculo
3094 4568 3439 4638 centuplumf;

132 4652 408 4723 suspicati
436 4662 563 4708 sunt
582 4653 938 4723 corporalem,
968 4652 1109 4709 inter
1127 4662 1323 4709 caetera
1355 4652 1591 4711 maxime
1639 4668 1737 4707 an-

135 4761 348 4803 norum
381 4760 607 4801 numero
636 4746 781 4811 mille
811 4746 1037 4814 permoti
1064 4753 1208 4809 sunt,
1234 4754 1486 4814 tanquam
1515 4756 1738 4814 oportee

134 4841 313 4898 retin
352 4840 553 4911 sanctis
597 4835 761 4910 [istis]
791 4852 857 4892 eo
899 4838 1083 4904 modo,
1113 4842 1257 4894 velut
1302 4839 1435 4894 tanti
1480 4842 1738 4910 temporis

136 4934 270 4990 ﬁeri
293 4934 680 4997 sabbatismum
708 4949 724 4986 :
754 4931 1032 4995 vacatione
1068 4932 1275 4988 scilicet
1294 4942 1477 5007 sancta
1508 4943 1628 5001 post
1656 4935 1737 4989 la-

134 5029 315 5086 bores
338 5044 597 5084 annorum
618 5043 717 5084 sex
743 5026 969 5095 millium
993 5040 1059 5081 ex
1080 5041 1187 5096 quo
1210 5036 1422 5093 creatus
1445 5035 1528 5081 est
1552 5027 1736 5097 homo,

132 5136 199 5180 et
229 5124 413 5192 magni
448 5124 588 5187 illius
613 5122 816 5191 peccati
863 5119 1055 5176 merito
1096 5120 1152 5187 in
1194 5117 1355 5189 hujus
1403 5119 1741 5175 mortalitatis

132 5230 427 5273 aerumnas
447 5214 519 5272 de
548 5214 777 5284 paradisi
806 5213 1065 5270 felicitate
1096 5213 1350 5269 dimissus
1381 5222 1487 5280 est,
1520 5221 1576 5267 ut
1609 5227 1743 5284 quo-

131 5312 299 5366 niam
345 5309 603 5378 scriptum
634 5314 735 5375 est,
772 5305 919 5362 Unus
943 5305 1063 5362 dies
1088 5304 1231 5377 apud
1278 5304 1561 5361 Dominum
1604 5305 1745 5361 sicut

140 5400 311 5457 mille
336 5402 485 5464 anni,
514 5409 570 5457 et
598 5400 747 5455 mille
774 5399 900 5455 anni
929 5398 1070 5456 sicut
1093 5399 1213 5456 dies
1236 5415 1395 5465 unus,
1432 5414 1527 5455 sex
1570 5415 1744 5456 anno-

150 5510 273 5553 rum
305 5494 562 5559 millibus,
595 5500 847 5561 tanquam
878 5508 974 5559 sex
996 5494 1185 5550 diebus
1204 5494 1458 5564 impletis,
1489 5503 1749 5565 sequatur

150 5589 303 5647 :elut
329 5587 591 5657 septimus
606 5584 815 5642 sabbati
835 5585 887 5643 in
905 5583 1058 5639 annis
1071 5584 1218 5655 mille
1230 5584 1541 5656 postremis,
1564 5584 1631 5639 ad
1650 5585 1752 5641 hoc

155 5682 371 5749 scilicet
393 5680 673 5735 sabbatum
703 5676 1081 5733 celebrandum
1103 5677 1510 5750 resurgentibus
1531 5676 1753 5733 sanctis.

151 5772 290 5844 luat
321 5775 505 5845 opinio
521 5780 665 5837 esset
693 5780 964 5843 utcunque
984 5770 1301 5839 tolerabilis,
1332 5773 1378 5827 si
1404 5772 1596 5843 aliquae
1626 5771 1761 5828 deli-

144 5869 261 5928 ciae
287 5867 561 5945 spiritales
579 5866 633 5924 in
655 5866 747 5925 illo
760 5864 989 5922 sabbato
1001 5852 1267 5921 adfutura:
1305 5865 1507 5929 sanctis
1530 5880 1625 5937 per
1652 5865 1761 5923 Do-

1848 4664 1993 4735 qnod
2018 4677 2304 4733 exponens
2333 4661 2732 4734 quodammodo
2777 4661 3067 4728 Apostolus
3097 4662 3171 4718 ait
3209 4678 3225 4719 :
3270 4662 3434 4730 Quasi

1848 4757 1986 4812 nihil
2018 4754 2299 4823 habentes,
2344 4764 2399 4809 et
2445 4755 2624 4810 omnia
2658 4753 3032 4821 possidentes,
3064 4753 3185 4824 quia
3217 4762 3272 4808 et
3314 4761 3440 4807 ante

1840 4849 1951 4921 jam
1982 4848 2182 4909 dictum
2213 4856 2353 4911 erat,
2382 4844 2589 4900 Fidelis
2616 4844 2852 4899 hominis
2880 4853 3026 4900 totus
3049 4844 3281 4899 mundus
3310 4844 3447 4898 divi-

1848 4943 2041 4997 tiarum
2070 4950 2173 5008 est,
2204 4946 2407 5009 quanto
2456 4937 2628 5006 magis
2659 4937 2809 4991 mille
2837 4950 2936 5004 pro
2965 4936 3318 4992 universitate
3347 4946 3446 5002 po-

1847 5042 2071 5099 nuntur,
2100 5032 2192 5088 ubi
2213 5039 2299 5087 est
2322 5029 2567 5085 soliditas
2594 5028 2765 5099 ipsius
2792 5030 3029 5085 denaria:
3071 5027 3443 5099 quadratum,

1849 5127 1992 5183 unde
2029 5142 2131 5182 nec
2180 5125 2314 5183 illud
2364 5125 2557 5182 melius
2598 5124 2936 5195 intelligitur,
2979 5122 3121 5191 quod
3151 5121 3205 5176 in
3237 5119 3449 5190 psalmo

1848 5222 2063 5291 legitur,
2093 5222 2295 5277 Memor
2323 5221 2423 5277 fuit
2448 5222 2501 5276 in
2524 5222 2778 5277 saeculum
2808 5216 3140 5275 Testamenti
3169 5215 3273 5280 sui,
3297 5213 3448 5270 verbi

1846 5315 1987 5385 quod
2014 5314 2289 5370 mandavit
2313 5316 2368 5370 in
2394 5316 2550 5375 mille
2580 5315 2981 5387 generationes,
3013 5310 3064 5364 id
3093 5317 3196 5375 est,
3228 5309 3283 5363 in
3318 5323 3439 5362 om-

1851 5422 1971 5463 nes.
2007 5406 2077 5461 Et
2103 5406 2249 5461 misit
2278 5407 2454 5473 illum,
2484 5408 2695 5477 inquit,
2728 5406 2782 5459 in
2816 5403 3096 5475 abyssum,
3126 5401 3312 5470 utique
3334 5400 3452 5455 dia-

1855 5497 2041 5555 bolum
2070 5498 2219 5551 misit
2246 5498 2299 5552 in
2332 5499 2586 5567 abyssum
2612 5513 2627 5550 :
2655 5509 2765 5566 quo
2794 5496 3015 5550 nomine
3045 5492 3342 5563 signiﬁcata
3366 5499 3452 5548 est

1858 5589 2150 5643 multitudo
2180 5588 2593 5643 innumerabilis
2640 5586 2948 5655 impiorum.
2982 5600 3213 5655 quorum
3252 5585 3303 5640 in
3333 5597 3451 5639 mae

1862 5680 2111 5752 lignitate
2154 5678 2415 5736 adversus
2466 5677 2759 5735 Ecclesium
2794 5678 2887 5734 Dei
2931 5679 3158 5735 multum
3189 5676 3449 5750 profunda

1868 5784 1995 5831 sunt
2022 5774 2185 5832 corda
2206 5816 2222 5841 ,
2253 5789 2363 5830 non
2384 5774 2510 5844 quia
2541 5774 2612 5828 ibi
2638 5772 2886 5827 diabolus
2910 5783 3036 5828 ante
3063 5788 3167 5828 non
3196 5780 3333 5839 erat,
3352 5769 3451 5829 sed

1874 5868 1999 5929 ideo
2026 5869 2155 5929 illuc
2179 5867 2378 5925 dicitur
2404 5867 2604 5925 missus
2625 5904 2643 5933 ,
2669 5864 2795 5937 quia
2821 5865 3081 5924 exclusus
3122 5881 3155 5923 a
3178 5863 3452 5924 credeutl.
