3968 6390
515 370 622 427 775
661 355 664 357 ‘

1590 363 1654 419 D.
1693 359 2016 420 EUGIPPII
2054 356 2342 416 ABBATIS
2381 357 2703 417 AFRICANl
3126 403 3130 406 .
3702 358 3781 417 776

505 493 612 548 bus
641 489 761 561 plus
783 487 950 561 capit
969 485 1165 558 impios
1195 481 1496 555 possidere.
1522 481 1647 538 Plus
1679 497 1912 553 namque
1935 481 2107 552 possi-
2137 484 2189 543 Α
2217 481 2371 548 anni,
2406 489 2464 535 ut
2494 496 2604 536 non
2632 480 2911 536 seduceret
2937 477 3050 549 jam
3099 484 3306 547 gentes.
3337 473 3472 532 Post
3506 473 3656 547 [hoc]
3682 475 3779 535 haec

507 585 669 641 detur
691 595 722 640 a
750 584 998 651 diabolo,
1031 581 1124 651 qui
1153 593 1260 634 non
1293 577 1466 633 solum
1498 586 1580 631 est
1609 576 1877 630 alienatus
1905 589 1937 629 a
1969 574 2102 640 Deo,

507 698 700 740 verum
732 682 893 738 etiam
927 678 1090 747 gratis
1125 674 1239 730 odit
1277 671 1580 730 servientes
1611 671 1759 727 Deo:
1800 669 1867 724 Et
1891 668 2103 733 clausit,

509 773 725 841 inquit,
757 781 812 826 et
839 766 1071 839 signavit
1093 778 1258 834 super
1295 777 1419 819 eum
1450 771 1510 817 ut
1551 777 1658 816 non
1691 760 1976 816 seduceret
1994 759 2104 829 jam

509 876 740 939 gentes,
795 864 969 918 donec
1015 861 1269 915 liniantur
1327 858 1472 913 mille
1514 856 1661 912 anni.
1701 855 1903 912 Clausit
1945 868 2108 923 super

508 976 667 1024 eum,
699 958 898 1012 dictum
949 964 1055 1020 est,
1088 952 1368 1007 interdixit
1406 951 1456 1007 ei
1507 965 1576 1005 ne
1618 958 1801 1019 posset
1831 947 2014 1012 exire,
2049 946 2104 1000 id

508 1062 593 1110 est
621 1051 842 1106 vetitum
876 1046 1175 1117 transgredi
1208 1063 1222 1098 :
1269 1043 1501 1115 signavit
1541 1051 1720 1096 autem
1753 1040 1893 1112 quod
1923 1038 2103 1104 addit,

506 1143 843 1214 significasse
889 1139 1020 1194 mihi
1050 1137 1283 1203 videtur,
1314 1137 1443 1206 quia
1472 1135 1744 1189 occultum
1790 1147 1913 1188 esse
1940 1130 2109 1184 voluit

507 1237 598 1306 qui
629 1235 931 1305 pertineant
957 1231 1026 1286 ad
1068 1239 1276 1300 partem
1306 1227 1509 1283 diaboli
1538 1270 1554 1295 ,
1600 1236 1656 1282 et
1680 1226 1771 1295 qui
1801 1241 1908 1280 non
1936 1224 2105 1295 perti-

508 1335 692 1385 neant.
729 1325 842 1381 Hoc
871 1325 1069 1394 quippe
1098 1322 1152 1376 in
1182 1321 1290 1375 hoc
1317 1319 1522 1375 sacculo
1552 1333 1781 1388 prorsus
1809 1318 1960 1383 latet,
1984 1315 2107 1385 quia

509 1432 566 1478 et
593 1420 684 1491 qui
725 1419 940 1474 videtur
969 1424 1114 1471 stare
1146 1423 1327 1468 utrum
1364 1412 1434 1466 sit
1460 1425 1714 1476 casurus,
1750 1420 1804 1465 et
1828 1410 1919 1480 qui
1959 1409 2109 1463 vide-

509 1523 596 1570 tur
636 1513 820 1583 jacere
847 1519 1027 1564 utrum
1067 1508 1139 1561 sit
1184 1512 1554 1569 surrecturus,
1587 1504 1853 1559 incertum
1883 1511 1987 1558 est.
2025 1501 2108 1556 Ab

509 1608 589 1665 eis
615 1614 796 1660 autem
844 1601 1094 1673 gentibus
1122 1596 1446 1653 seducendis
1485 1595 1641 1665 hujus
1672 1594 1947 1650 interdicti
1992 1594 2111 1648 vin-

511 1701 632 1757 culo
661 1708 715 1754 et
745 1698 984 1752 claustro
1011 1691 1260 1748 diabolus
1278 1688 1592 1758 prohibetur
1615 1699 1776 1758 atque
1797 1687 2106 1755 cohibetur,

511 1809 648 1866 quas
678 1790 1010 1863 pertinentes
1033 1785 1100 1840 ad
1127 1783 1402 1840 Christum
1431 1781 1725 1838 sedueebat
1750 1789 1911 1837 antea
1929 1780 2015 1836 vel
2033 1788 2110 1835 te-

2212 574 2407 643 inquit,
2436 583 2648 644 oportet
2677 588 2796 628 eum
2827 571 2959 626 solvi
2997 571 3146 626 brevi
3178 579 3421 640 tempore
3444 609 3462 635 ,
3507 569 3556 624 si
3597 567 3696 624 hoc
3719 583 3784 627 est

2213 666 2425 722 diabolo
2455 665 2610 736 ligari
2632 675 2685 720 et
2711 665 2931 732 includi,
2965 664 3260 720 Ecclesiam
3301 677 3409 718 non
3437 675 3606 733 posse
3646 662 3781 718 sedu-

2216 774 2360 824 cere,
2390 759 2507 813 haec
2525 773 2653 828 ergo
2684 757 2999 814 eritsolutio
3020 757 3135 826 ejus
3165 764 3223 810 ut
3247 756 3457 826 possit?
3485 755 3648 810 absit.
3678 754 3783 810 Nun-

2211 868 2372 924 quam
2418 852 2560 906 enim
2607 851 2674 905 ab
2712 851 2803 906 illo
2842 850 3087 906 Ecclesia
3117 848 3402 904 seducetur
3427 847 3781 918 praedestinata

2211 955 2268 1004 et
2294 946 2468 1002 electa
2505 953 2630 1000 ante
2658 943 2842 999 mundi
2881 943 3344 1006 constitutionem,
3374 940 3444 996 de
3475 955 3585 1008 qua
3614 940 3780 995 dictqu

2212 1048 2323 1106 est,
2345 1037 2502 1094 Novit
2530 1037 2788 1092 Dominus
2819 1037 2906 1108 qui
2937 1045 3059 1091 sunt
3103 1036 3261 1102 ejus:
3290 1042 3345 1089 et
3366 1042 3560 1087 tamen
3592 1031 3674 1086 hic
3705 1034 3780 1086 erit

2213 1130 2378 1188 etiam
2435 1130 2533 1185 illo
2590 1138 2835 1199 tempore
2898 1144 3005 1197 quo
3061 1125 3352 1183 solvendus
3404 1133 3501 1180 est
3554 1123 3777 1185 diabolus,

2216 1224 2359 1281 sicut
2415 1239 2482 1278 ex
2510 1238 2616 1294 quo
2669 1232 2752 1279 est
2807 1222 3044 1277 instituta
3095 1220 3180 1274 hic
3237 1218 3370 1283 fuit,
3434 1225 3498 1272 et
3544 1214 3642 1271 erit
3666 1218 3776 1272 omni

2219 1329 2466 1389 tempore
2493 1319 2546 1373 in
2579 1317 2691 1374 suis
2721 1317 2903 1386 utique
2938 1316 3029 1386 qui
3075 1313 3368 1369 succedunt
3399 1311 3670 1368 nascendo
3695 1327 3777 1366 mo-

2213 1411 2497 1468 rientihus.

2729 1479 2955 1536 CAPUT
2995 1477 3288 1534 CXXXVI.

2218 1579 2357 1646 Quid
2413 1577 2828 1648 respondendum
2852 1577 2916 1628 sit
2948 1575 3017 1628 eis
3063 1575 3359 1648 quiputant
3389 1570 3774 1648 resurrectionem

2285 1657 2355 1704 ad
2379 1644 2890 1718 sola'corpara,'non
2915 1652 3071 1718 etiam
3103 1645 3170 1697 ad
3212 1645 3417 1697 animas
3448 1644 3706 1710 pertinere,
3730 1654 3774 1718 er

2286 1724 2461 1847 eodem
2490 1707 2621 1776 libro
2665 1721 2726 1775 de
2746 1707 2976 1773 'Civitate
3017 1716 3116 1770 Dei
3147 1732 3210 1770 xx
3236 1755 3252 1781 ,
3286 1718 3422 1767 inter
3449 1707 3632 1768 caetera
3661 1720 3698 1764 et
3723 1707 3772 1762 ad

2313 1811 2479 1847 acum.

2313 1811 2479 1848 acum.

512 1887 696 1942 nebat.
733 1883 842 1937 Has
870 1879 1014 1936 enim
1045 1878 1186 1932 Deus
1217 1875 1381 1944 elegit
1405 1883 1530 1930 ante
1559 1873 1746 1929 mundi
1774 1873 2114 1929 constitutio-

2290 1885 2418 1942 Htec
2468 1884 2794 1941 resurrectio
2824 1882 2997 1953 prima
3022 1880 3134 1952 ﬁest.
3167 1881 3364 1936 Beatus
3402 1889 3455 1935 et
3482 1887 3681 1934 sanctus
3706 1872 3772 1945 qui

516 1992 644 2034 nem
673 1988 867 2030 eruere
897 1971 965 2026 de
999 1976 1266 2038 potestate
1296 1966 1645 2022 tenebrarum
1666 2007 1680 2032 ,
1726 1974 1783 2022 et
1819 1966 2116 2021 transferre

511 2070 570 2126 in
597 2077 823 2138 regnum
853 2063 948 2118 lilii
975 2060 1255 2117 charitatis
1298 2073 1432 2126 suae,
1465 2059 1607 2114 sicut
1633 2059 1925 2128 Apostolus
1959 2057 2110 2114 dicit.

521 2161 658 2218 Nam
691 2159 953 2215 seducere
995 2155 1147 2210 illum
1199 2163 1387 2224 gentes
1433 2152 1597 2208 etiam
1640 2168 1782 2207 nunc
1826 2161 1881 2206 et
1930 2166 2112 2207 secum

513 2256 732 2314 trahere
762 2255 816 2308 in
845 2260 1104 2308 aeternam
1130 2262 1346 2319 poenam
1373 2288 1387 2310 .
1428 2245 1528 2302 sed
1557 2261 1662 2302 non
1697 2247 2115 2317 praedestinatas

513 2351 569 2407 in
599 2357 859 2405 aeternam
897 2344 1064 2399 vitam
1094 2341 1215 2411 quis
1244 2338 1421 2394 ﬁdelis
1467 2339 1714 2409 ignorat?
1744 2338 1854 2394 Nec
1903 2347 2119 2394 moveat

513 2447 659 2519 quod
685 2459 830 2515 stepe
857 2441 1103 2500 diabolus
1123 2440 1336 2496 seducit
1353 2439 1514 2495 etiam
1549 2439 1673 2494 illos
1692 2440 1781 2509 qui
1811 2436 2118 2507 regenerati

513 2541 625 2611 jam
675 2541 729 2595 in
781 2537 1000 2594 Christo
1030 2536 1145 2590 vias
1193 2531 1566 2603 ingrediuntur
1603 2531 1745 2586 Dei:
1794 2531 1945 2586 novit
1973 2530 2116 2585 enim

515 2629 782 2688 Dominus
811 2629 904 2698 qui
949 2634 1076 2682 sunt
1104 2625 1222 2694 ejus
1248 2664 1264 2689 ,
1294 2639 1361 2678 ex
1392 2623 1474 2678 his
1508 2623 1562 2677 in
1593 2632 1848 2678 :eternam
1899 2622 2120 2678 damna-

516 2727 722 2782 tionem
748 2720 1017 2778 neminem
1048 2719 1142 2773 ille
1163 2717 1393 2774 seducit.
1425 2717 1516 2771 Sic
1542 2717 1685 2771 enim
1710 2730 1805 2771 eos
1828 2716 1981 2770 novit
2011 2715 2120 2769 Do-

514 2821 698 2876 minus
745 2826 807 2872 ut
853 2817 1031 2881 Deus,
1076 2827 1235 2884 quem
1268 2812 1402 2867 nihil
1434 2813 1569 2868 latet
1597 2813 1758 2866 etiam
1790 2810 2118 2876 futurorum,

516 2928 627 2970 non
654 2921 715 2968 ut
741 2911 904 2966 homo
931 2908 1025 2979 qui
1069 2907 1343 2962 hominem
1392 2905 1458 2960 ad
1506 2919 1746 2974 prtesens
1775 2902 1941 2972 videt,
1968 2901 2014 2958 si
2045 2912 2124 2956 ta-

518 3022 646 3062 men
674 3003 824 3060 videt
854 3001 1013 3070 cujus
1054 3015 1149 3054 cor
1180 3014 1286 3054 non
1310 2998 1489 3066 videt,
1523 2996 1697 3067 qualis
1727 3005 1906 3053 autem
1935 3003 2120 3065 postea

519 3100 596 3158 sit
621 3099 836 3153 iuturus
855 3134 871 3161 ,
904 3108 1004 3148 nec
1034 3107 1096 3147 se
1118 3093 1292 3160 ipsum
1316 3091 1484 3146 videt.

1056 3181 1288 3237 CAPUT
1329 3180 1596 3237 CXXXV.

822 3282 902 3334 De
928 3275 1231 3347 altigatione
1257 3284 1304 3329 et
1335 3275 1592 3329 solutione
1619 3275 1833 3329 diaboli.

589 3376 674 3433 Ad
705 3374 809 3429 hoc
851 3386 982 3442 ergo
1032 3369 1228 3440 ligatus
1263 3377 1348 3424 cst
1397 3367 1646 3424 diabolus
1687 3378 1742 3425 et
1787 3367 2029 3425 inclusus
2061 3368 2116 3423 in

518 3474 717 3546 abysso
741 3511 756 3536 ,
788 3476 848 3523 ut
874 3466 987 3537 jam
1038 3478 1143 3517 non
1175 3462 1398 3519 seducat
1435 3472 1624 3533 gentes
1668 3477 1733 3518 ex
1765 3461 1959 3532 quibus
1989 3475 2119 3517 con-

516 3578 626 3628 stat
653 3561 913 3625 Ecclesia,
950 3571 1082 3628 quas
1110 3565 1236 3612 ante
1287 3557 1542 3614 seductas
1576 3557 1799 3612 tenebat
1824 3563 2117 3626 antequam

518 3670 665 3720 esset
693 3659 952 3716 Ecclesia.
987 3658 1119 3731 [Nec
1147 3653 1290 3709 cnim
1332 3652 1537 3707 dictum
1582 3661 1686 3716 est,
1719 3661 1778 3705 ut
1806 3665 1913 3705 non
1961 3649 2122 3705 sedu-

520 3763 670 3811 ceret
697 3752 1060 3822 aliquem,sed
1077 3760 1254 3805 utnon
1272 3747 1579 3809 seduceret,
1614 3746 1814 3814 inquit,
1845 3745 1961 3813 jam
1990 3759 2122 3816 gen-

520 3841 651 3914 tes.]
677 3843 862 3912 Neque
891 3844 1036 3897 enim
1063 3840 1268 3895 dictum
1297 3845 1420 3893 est:
1449 3837 1522 3892 Ut
1568 3851 1677 3892 non
1707 3837 2019 3903 seduceret,
2041 3837 2121 3892 in-

527 3939 668 4009 quit,
694 3937 803 4007 jam
839 3944 1030 4007 gentes
1060 3933 1115 3988 in
1146 3932 1340 4002 quibus
1372 3930 1613 3985 Ecclesia
1646 3929 2001 3999 proculdubio
2025 3946 2124 3984 vo-

520 4030 621 4088 luit
658 4027 906 4097 intelligi.
939 4026 1124 4081 Donec
1165 4022 1450 4090 liniantur,
1483 4021 1682 4091 inquit,
1711 4021 1859 4076 mille
1888 4025 2036 4090 anni,
2072 4021 2124 4076 id

522 4130 626 4188 est,
658 4129 750 4176 aut
779 4118 922 4190 quod
954 4123 1199 4173 remanet
1227 4115 1295 4170 de
1332 4123 1486 4170 sexto
1515 4112 1630 4184 die,
1681 4115 1770 4185 qui
1811 4125 2024 4171 constat
2057 4129 2126 4172 ex

520 4215 672 4271 mille
694 4213 872 4281 annis,
897 4219 986 4264 aut
1010 4223 1202 4266 omnes
1228 4207 1354 4262 anni
1383 4199 1576 4275 quibus
1598 4206 1852 4277 deinceps
1879 4207 1982 4263 hoc
2021 4223 2127 4263 sa:-

520 4307 703 4362 culum
753 4302 1114 4374 peragendum
1170 4309 1276 4355 est.
1334 4299 1444 4354 Nec
1492 4301 1571 4355 sic
1618 4299 1992 4368 accipiendum
2043 4311 2128 4355 est

521 4397 668 4468 quod
702 4398 806 4463 ait,
855 4393 926 4449 Ut
973 4408 1078 4446 non
1118 4393 1403 4447 seduceret
1443 4400 1629 4461 gentes
1657 4392 1831 4449 donec
1875 4393 2131 4450 ﬁniantur

522 4489 677 4546 mille
707 4487 857 4552 anni,
901 4485 1055 4556 quasi
1084 4491 1272 4553 postea
1309 4483 1380 4536 sit
1406 4483 1726 4539 seducturus
1754 4501 1845 4540 eas
1872 4485 2132 4542 duntaxat

521 4588 742 4652 gentes,
772 4593 840 4632 ex
869 4577 1062 4646 quibus
1098 4574 1476 4644 prtedestinata
1522 4583 1732 4630 constat
1779 4576 2019 4633 Ecclesia
2042 4620 2057 4644 ,
2101 4593 2132 4633 a

2220 1978 2383 2035 habet
2408 1979 2461 2032 in
2489 1979 2590 2033 hac
2617 1977 2790 2048 prima
2813 1974 3212 2032 resurrectione
3238 1981 3471 2044 partem,
3501 1971 3551 2026 id
3573 1978 3664 2034 est,
3687 1983 3771 2038 par-

2220 2074 2391 2144 ticeps
2419 2073 2539 2144 ejus
2567 2081 2686 2138 est;
2720 2072 2837 2141 ipse
2884 2078 2968 2126 est
3016 2078 3197 2123 autem
3243 2067 3508 2137 particeps
3551 2064 3675 2132 ejus,
3701 2061 3773 2131 qui

2219 2183 2330 2223 non
2379 2167 2553 2221 solum
2584 2180 2613 2220 a
2647 2172 2824 2219 morte
2860 2177 2979 2232 qua:
3027 2162 3078 2217 in
3129 2159 3372 2229 peccatis
3411 2165 3486 2212 est
3512 2153 3769 2217 reviviscit,

2220 2276 2407 2317 verum
2446 2261 2609 2314 etiam
2658 2258 2734 2313 in-
2773 2272 2839 2311 eo
2883 2255 3025 2327 quod
3074 2253 3324 2310 revixerit
3348 2247 3664 2320 permanebit.
3710 2245 3764 2298 In

2220 2355 2339 2411 istis
2369 2395 2383 2419 .
2416 2355 2628 2424 inquit,
2662 2351 2896 2406 secunda
2941 2364 3087 2404 mors
3141 2363 3249 2402 non
3277 2346 3424 2401 habet
3449 2348 3763 2414 potestatem.

2222 2448 2398 2504 Habet
2427 2461 2558 2517 ergo
2590 2447 2645 2500 in
2664 2445 2887 2514 reliquis
2926 2442 2992 2498 de
3018 2442 3216 2512 quibus
3245 2439 3480 2509 superius
3505 2437 3574 2489 ait
3599 2432 3764 2488 :Reli-

2222 2539 2317 2612 qui
2340 2555 2526 2595 eorum
2558 2554 2666 2596 non
2705 2538 2956 2592 vixerunt
3001 2537 3176 2590 donec
3207 2535 3460 2589 liniantur
3484 2530 3621 2585 mille
3647 2525 3765 2591 anni,

2228 2633 2484 2703 quoniam
2528 2641 2643 2687 toto
2681 2631 2786 2685 isto
2834 2629 3096 2698 temporis
3128 2625 3461 2690 intervallo,
3507 2621 3633 2693 quod
3657 2618 3764 2674 mille

2227 2739 2400 2781 annos
2439 2733 2633 2793 vocat,
2676 2732 3150 2793 quantuncumque
3180 2721 3232 2774 in
3275 2734 3342 2773 eo
3372 2719 3590 2789 quisque
3623 2727 3756 2770 eam

2226 2815 2362 2871 vixit
2401 2816 2454 2870 in
2502 2828 2762 2884 corpore,
2807 2829 2914 2870 non
2948 2794 3141 2868 revixit
3169 2827 3200 2866 a
3229 2819 3434 2876 morte,
3465 2809 3522 2864 in
3554 2822 3630 2877 qua
3663 2816 3745 2859 eum

2229 2909 2448 2966 tenebat
2488 2908 2766 2978 impietas,
2809 2915 2868 2962 ut
2909 2907 2989 2962 sic
3016 2904 3398 2962 reviviscendo
3426 2903 3741 2974 primaresur-

2231 3003 2494 3058 rectionis
2514 3000 2784 3072 particeps
2812 3000 2966 3056 ﬁeret
2984 3040 2998 3064 ,
3026 3009 3184 3068 atque
3210 2998 3266 3051 in
3309 3012 3378 3052 eo
3407 3003 3752 3067 potestateme-

2231 3094 2409 3150 cunda
2452 3107 2599 3148 mors
2646 3107 2751 3147 non
2785 3091 3027 3146 haberet.
3058 3091 3195 3146 Sunt
3219 3091 3311 3161 qui
3342 3098 3533 3160 putant
3556 3097 3761 3144 resurrec-

2230 3189 2441 3245 tionem
2471 3186 2578 3243 dici
2609 3201 2716 3242 non
2746 3200 2906 3256 posse
2943 3185 3052 3257 91
3087 3187 3189 3240 nisi
3225 3199 3550 3254 corporum,
3595 3180 3765 3246 ideoque

2144 3264 2193 3338 (ἶ
2224 3281 2387 3337 istam
2435 3294 2650 3350 quoque
2695 3279 2927 3348 primam
2971 3277 3027 3332 in
3067 3276 3387 3348 corporibus
3434 3275 3646 3331 futuram
3681 3282 3768 3324 esse

2222 3374 2580 3431 contendunt.
2617 3374 2852 3440 Quorum
2886 3372 3029 3427 enim
3047 3381 3153 3438 est,
3186 3370 3455 3440 inquiunt,
3484 3367 3673 3430 cadere,
3699 3377 3768 3416 eoo

2222 3485 2341 3526 rum
2376 3479 2460 3526 est
2485 3483 2775 3539 resurgere
2795 3508 2811 3535 ,
2848 3470 3048 3523 cadunt
3073 3477 3255 3523 autem
3280 3481 3504 3536 corpora
3524 3458 3772 3520 moriendo,

2226 3579 2352 3620 nam
2388 3573 2444 3620 et
2482 3579 2513 3618 a
2544 3564 2786 3620 cadendo
2816 3563 3079 3618 cadavera
3111 3570 3486 3630 nuncupantur
3512 3574 3526 3612 :
3555 3569 3650 3611 non
3677 3564 3776 3618 ergo

2225 3657 2556 3722 animarum,
2578 3654 3196 3726 inquiunt,resurrectio
3223 3663 3396 3724 potest
3414 3666 3544 3716 esse,
3575 3646 3661 3702 sed
3681 3657 3778 3699 cor-

2227 3763 2444 3822 porum.
2469 3748 2579 3804 Sed
2617 3748 2745 3818 quid
2771 3757 2958 3803 contra
2983 3747 3298 3816 Apostolum
3324 3746 3522 3804 dicunt,
3555 3739 3641 3807 qui
3668 3748 3773 3788 eam

2227 3841 2688 3899 resurrectionem
2718 3839 2992 3910 appellat?
3017 3839 3149 3894 Nam
3165 3837 3433 3894 secundum
3464 3831 3773 3890 interiorem,

2229 3949 2336 3992 non
2367 3935 2666 3991 secundum
2703 3932 3036 3990 exteriorem
3079 3934 3348 3987 hominem
3389 3928 3561 3997 utique
3607 3936 3780 3978 resur-

2230 4037 2486 4086 rexerant
2506 4028 2701 4098 quibus
2729 4028 2806 4082 ait
2830 4042 2843 4079 :
2865 4023 2927 4081 Si
2951 4022 3422 4081 conresurrexistis
3441 4033 3555 4076 cum
3574 4014 3787 4079 Christo,

2234 4139 2358 4196 quae
2387 4137 2602 4179 sursum
2634 4131 2757 4177 sunt
2807 4123 3011 4191 sapite;
3043 4135 3202 4191 quem
3249 4132 3467 4174 sensum
3495 4112 3668 4169 verbis
3693 4106 3788 4163 aliis

2230 4216 2359 4272 alibi
2388 4216 2566 4286 posuit
2611 4215 2794 4269 dicens
2825 4229 2838 4267 :
2867 4212 2940 4268 Ut
2969 4210 3423 4281 quemadmodum
3470 4204 3701 4261 Christus
3721 4214 3787 4253 re-

2231 4309 2473 4365 surrexit
2503 4322 2531 4361 a
2557 4307 2783 4361 mortuis
2812 4320 2910 4376 per
2936 4304 3162 4375 gloriam
3191 4303 3399 4368 Patris,
3437 4302 3518 4355 sic
3557 4306 3610 4353 et
3649 4309 3728 4349 nos
3749 4293 3785 4345 in

2233 4403 2472 4458 novitate
2503 4400 2627 4454 vitae
2657 4399 3013 4454 ambulemus.
3051 4397 3184 4451 Hinc
3230 4402 3315 4452 est
3355 4405 3413 4450 et
3442 4393 3574 4448 illud
3606 4409 3618 4443 :
3660 4389 3786 4453 Surge

2234 4495 2322 4565 qui
2355 4493 2589 4557 dormis,
2617 4500 2673 4546 et
2693 4506 2925 4562 exsurge
2957 4505 2988 4544 a
3018 4489 3262 4557 mortuis,
3304 4497 3360 4543 et
3411 4481 3709 4541 illuminabit
3744 4487 3781 4527 te

2235 4585 2504 4642 Christus.
2537 4584 2691 4651 Quod
2723 4592 2904 4640 autem
2947 4582 3136 4638 dicunt
3164 4595 3271 4637 non
3324 4594 3498 4650 posse
3531 4582 3776 4643 resurgere.

524 4669 724 4741 quibus
747 4667 1066 4723 seducendis
1095 4666 1189 4722 illo
1216 4674 1300 4723 est
1328 4664 1544 4721 vinculo
1573 4667 1911 4739 claustroque
1942 4668 2126 4740 prohi-
2155 4653 2208 4716 Ῑ)
2236 4677 2336 4735 nisi
2375 4677 2466 4748 qui
2499 4676 2718 4745 cadum,
2750 4687 2804 4732 ei,
2849 4675 2969 4732 ideo
3021 4684 3205 4742 putant
3261 4673 3702 4731 resurrectionem
3739 4661 3786 4715 ad

520 4762 684 4820 bitus.
718 4759 824 4818 Sed
852 4769 942 4816 aut
986 4759 1074 4816 illa
1105 4758 1372 4816 locutione
1415 4758 1618 4816 dictum
1660 4769 1742 4816 est
1767 4777 1888 4832 qua:
1917 4761 1973 4816 in
2002 4762 2132 4819 scri-

520 4855 700 4928 pturis
734 4853 1014 4924 aliquoties
1044 4852 1313 4908 invenitur
1341 4851 1513 4923 qualis
1541 4862 1626 4909 est
1669 4853 1724 4909 in
1771 4854 2002 4923 psalmo,
2035 4855 2126 4912 Sic

521 4948 662 5006 oculi
691 4946 863 5002 nostri
904 4945 972 5000 ad
1002 4944 1284 5000 Dominum
1313 4945 1479 5000 Deum
1509 4954 1784 5015 nostrum,
1817 4946 1990 5005 donec
2024 4952 2125 5004 mi-

520 5049 766 5099 sereatur
815 5038 1005 5095 nostri.
1050 5035 1231 5107 Neque
1289 5039 1430 5093 enim
1471 5054 1592 5094 cum
1645 5041 1897 5096 misertus
1942 5042 2120 5110 fuerit,

521 5151 633 5193 non
669 5144 828 5192 erunt
868 5133 1008 5190 oculi
1035 5147 1315 5189 servorum
1358 5135 1475 5204 ejus
1523 5135 1592 5191 ad
1634 5137 1915 5194 Dominum
1958 5140 2124 5197 Deum

455 5279 459 5296 ,
519 5244 700 5286 suum.
731 5231 840 5285 Aut
863 5237 1011 5286 certe
1039 5229 1142 5284 iste
1169 5237 1252 5283 est
1271 5228 1407 5283 ordo
1435 5231 1717 5287 verborum
1736 5275 1754 5302 ,
1783 5243 1838 5289 et
1863 5236 2054 5292 clausit
2075 5246 2131 5292 et

517 5322 751 5394 signavit
778 5336 940 5391 super
979 5336 1104 5378 eum
1132 5320 1306 5377 donec
1334 5319 1589 5376 ﬁniantur
1612 5324 1757 5378 mille
1794 5326 1939 5379 anni.
1970 5326 2124 5393 Quod

518 5433 650 5474 vero
679 5415 997 5486 interposuit
1027 5415 1091 5471 Ut
1121 5431 1227 5470 non
1267 5414 1546 5471 seduceret
1570 5415 1682 5485 jam
1711 5425 1933 5486 gentes,
1965 5419 2036 5474 ita
2065 5435 2126 5476 se

518 5513 702 5580 habet,
738 5521 797 5568 ut
821 5510 890 5565 ab
909 5508 1066 5579 hujus
1095 5510 1302 5565 ordinis
1329 5511 1671 5564 connexione
1711 5510 1783 5566 sit
1810 5512 2034 5568 liberum
2063 5524 2118 5570 et

518 5621 762 5665 seorsum
797 5604 1222 5673 intelligendum,
1243 5603 1389 5659 velut
1419 5605 1463 5656 si
1488 5611 1608 5670 post
1631 5602 1938 5675 adderetur,
1957 5617 2014 5662 ut
2039 5607 2119 5663 sic

518 5714 579 5755 se
609 5700 829 5754 haberet
854 5707 961 5753 tota
993 5699 1295 5752 sententia:
1334 5694 1400 5748 Et
1429 5694 1638 5762 clausit,
1686 5705 1741 5751 et
1769 5700 1996 5768 signavit
2022 5716 2117 5756 su-

519 5805 617 5862 per
646 5807 768 5847 cum
798 5791 968 5847 donec
992 5791 1243 5844 liniantur
1269 5791 1412 5847 mille
1435 5791 1583 5854 anni,
1618 5801 1675 5844 ut
1697 5806 1800 5846 non
1832 5796 2118 5852 seduceret

513 5882 628 5960 jam
667 5895 853 5956 gentes
872 5926 888 5954 ,
911 5885 965 5941 id
993 5885 1230 5953 est,ideo
1257 5889 1449 5946 clausit
1475 5889 1646 5950 donec
1685 5890 1938 5948 liniantur
1967 5891 2114 5950 mille

2234 4786 2459 4841 corpora
2492 4784 2599 4827 non
2631 4772 2696 4824 ad
2724 4769 2932 4824 animas
2960 4768 3259 4839 pertinere,
3283 4766 3412 4837 quia
3447 4776 3720 4835 corporum
3737 4760 3794 4810 esi

2233 4864 2468 4933 cadere,
2503 4880 2598 4918 cur
2629 4877 2733 4920 non
2782 4861 3024 4928 audiunt,
3076 4860 3191 4916 Non
3223 4860 3505 4915 recedatis
3537 4859 3604 4912 ab
3645 4855 3718 4910 illo
3752 4862 3798 4902 ne

2231 4960 2456 5025 cadatis,
2481 4969 2556 5030 et,
2583 4958 2693 5016 Suo
2720 4958 2941 5014 domino
2967 4965 3073 5012 stat
3101 4963 3194 5010 aut
3223 4953 3387 5022 cadit,
3420 4963 3508 5024 et,
3535 4953 3637 5022 Qui
3665 4964 3715 5006 se
3735 4958 3804 5014 pu-

2230 5065 2314 5114 tat
2359 5067 2505 5112 stare
2557 5065 2744 5111 caveat
2803 5069 2873 5110 ne
2920 5051 3109 5112 cadat:
3152 5059 3280 5121 puto
3325 5048 3481 5105 enim
3513 5093 3529 5117 ,
3586 5043 3715 5116 quod
3767 5041 3803 5092 in

2241 5150 2422 5206 anima
2473 5163 2580 5204 non
2613 5150 2664 5202 in
2705 5159 2936 5216 corpore
2980 5157 3138 5200 casus
3185 5141 3288 5197 iste
3317 5140 3615 5196 cavendus
3641 5145 3732 5193 est.
3767 5129 3810 5185 Si

2239 5243 2404 5314 igitur
2433 5239 2738 5297 cadentium
2791 5246 2874 5294 est
2923 5235 3248 5291 resurreCtio
3273 5275 3288 5299 ,
3322 5230 3543 5287 cadunt
3588 5238 3752 5285 autem
3775 5230 3814 5275 et

2234 5339 2449 5405 animte,
2497 5335 2745 5407 profecto
2784 5341 2840 5389 et
2884 5333 3092 5386 animas
3132 5342 3417 5398 resurgere
3473 5319 3816 5383 conﬁtendum

2233 5441 2339 5489 est.
2372 5429 2523 5498 Quod
2553 5439 2730 5484 autem
2756 5441 2879 5481 cum
2909 5425 3163 5489 dixisset,
3195 5420 3248 5475 in
3279 5420 3396 5475 istis
3425 5419 3684 5475 secunda
3701 5423 3818 5469 mors

2229 5538 2338 5579 non
2375 5522 2536 5576 habet
2563 5527 2908 5591 potestatem,
2939 5515 3182 5586 adjunxit
3211 5522 3373 5583 atque
3393 5512 3478 5566 ait
3504 5531 3520 5567 :
3554 5511 3667 5568 Sed
3692 5510 3821 5565 erant

2233 5616 2538 5673 sacerdotes
2568 5615 2662 5670 Dei
2693 5624 2750 5670 et
2778 5612 2998 5680 Christi,
3034 5620 3089 5667 et
3119 5607 3416 5679 regnabunt
3441 5621 3586 5662 cum
3617 5621 3684 5661 eo
3703 5600 3824 5657 mille

2230 5711 2386 5766 annis
2413 5727 2425 5764 :
2458 5724 2562 5763 non
2595 5709 2779 5778 utique
2807 5707 2874 5762 de
2922 5707 3054 5762 solis
3094 5705 3365 5774 episcopis
3395 5711 3456 5756 et
3507 5695 3826 5772 presbyteris

2228 5803 2427 5859 dictum
2455 5810 2558 5868 est,
2591 5802 2678 5871 qui
2707 5801 2922 5870 proprie
2947 5799 3058 5870 jam
3090 5804 3352 5852 vocantur
3382 5792 3440 5848 in
3481 5794 3741 5851 Ecclesia
3761 5804 3829 5845 sae

2228 5893 2495 5965 oerdotes,
2522 5893 2617 5951 sed
2647 5891 2828 5968 [sicut]
2856 5893 2936 5950 sic
2963 5906 3151 5950 omnes
3171 5890 3400 5947 christos
3431 5886 3694 5947 dicimus
3719 5896 3828 5960 pro-
