3968 6390
191 401 308 480 'T'ﬁ

1348 437 1775 504 THESAURUS.
1814 445 1970 508 CAP.
2009 447 2300 516 CXXXIX.

3343 487 3446 546 778
3481 477 3484 484 '

188 547 313 609 pter
344 536 627 610 mysticum
653 539 910 610 chrisma,
939 544 1022 602 sic
1041 559 1231 606 omnes
1268 557 1595 629 sacerdotes,
1628 576 1760 632 quo-
1784 569 1840 630 Α
1862 566 1966 623 bus
1992 572 2240 637 gentibus
2259 573 2382 643 erit,
2406 577 2550 648 quod
2575 580 2935 653 signiﬁcatum
2965 595 3084 656 est,
3118 599 3336 655 nomine
3367 607 3438 658 ιε.

187 631 331 685 niam
354 634 592 689 membra
613 644 741 690 sunt
766 638 923 693 unius
947 642 1264 700 sacerdotis.
1303 647 1378 703 De
1417 651 1608 719 quibus
1635 631 1763 724 apo-

187 721 364 776 stolus
387 721 576 779 Petrus
609 743 624 781 :
656 725 831 794 Plebs,
869 730 1058 798 inquit,
1101 745 1283 790 sancta
1306 741 1482 808 regale
1512 721 1763 800 sacerdo-

181 810 338 866 tium.
365 813 506 869 Sane
537 816 661 870 licet
684 817 923 874 breviter
965 831 1123 892 atque
1153 837 1496 886 transeunter
1527 835 1760 892 insinua-

179 902 264 957 vit
302 919 423 960 esse
472 905 752 962 Dominum
797 910 1087 980 Christum,
1142 916 1409 974 dicendo:
1442 921 1760 985 Sacerdotes

174 993 276 1049 Dei
303 1006 356 1052 et
393 998 608 1066 Christi,
636 1002 735 1057 hoc
755 1012 841 1057 est
881 1005 1051 1061 Patris
1081 1019 1135 1064 et
1165 1009 1311 1079 Filii,
1356 1019 1596 1084 quamvis
1641 1037 1760 1090 pro-

171 1093 297 1153 pter
326 1087 548 1144 formam
577 1095 717 1146 servi
749 1094 884 1149 sicut
907 1096 1136 1154 hominis
1165 1100 1357 1169 Filius,
1385 1106 1456 1160 ita
1485 1110 1643 1165 etiam
1669 1128 1756 1167 sa-

169 1177 366 1232 cerdos
419 1180 663 1236 Christus
695 1185 915 1241 eﬂectus
945 1188 1016 1243 sit
1044 1190 1101 1245 in
1151 1202 1414 1251 aeternum
1458 1204 1751 1262 secundum

166 1269 414 1327 ordinem
444 1273 852 1334 Melchisedech.
885 1279 962 1337 De
992 1298 1094 1352 qua
1138 1300 1199 1341 re
1227 1287 1282 1342 in
1325 1289 1428 1346 hoc
1451 1306 1614 1362 opere
1642 1310 1751 1352 non

163 1361 336 1416 semel
365 1363 613 1423 diximus.

664 1482 893 1543 CAPUT
949 1488 1259 1551 CXXXVII.

157 1584 238 1639 De
267 1585 377 1674 (ξος
392 1598 440 1643 et
467 1589 806 1674 Magog‘quos
828 1599 895 1652 ad
915 1607 1315 1674 persequendam
1347 1609 1627 1668 Ecclesium
1649 1615 1746 1674 Dei

225 1659 612 1755 tolutustrope
627 1659 799 1733 'ﬁnem
825 1659 1004 1726 swéuli
1025 1659 1260 1734 diabolus
1649 1659 1742 1743 et;

229 1729 349 1782 dem
379 1732 508 1784 libro
538 1729 628 1789 xx.

228 1840 293 1895 Et
328 1857 449 1899 cum
492 1845 627 1902 ﬁniti
677 1849 874 1910 fuerint
903 1857 1047 1914 mille
1068 1861 1195 1916 anni
1238 1865 1486 1924 solvetur
1509 1870 1738 1932 Satanas

1868 661 2106 717 titudinis
2129 673 2320 735 terrae,
2364 669 2437 724 ibi
2465 683 2624 730 erunt
2662 687 2839 734 castra
2884 692 3189 743 sanctorum
3220 691 3307 746 ubi
3339 699 3439 752 erit

1863 750 2054 809 dilecta
2086 756 2194 812 Deo
2239 761 2431 816 civitas
2460 765 2576 835 ejus
2606 809 2621 835 ,
2681 769 2749 825 ibi
2797 772 2864 826 ab
2909 778 3155 836 omnibus
3210 750 3440 844 inimicis

1861 844 1994 911 suis,
2018 849 2138 915 quia
2168 858 2223 904 et
2247 853 2344 921 ipsi
2368 854 2420 909 in
2449 857 2697 917 omnibus
2725 879 2845 919 cum
2875 867 2963 922 illa
2992 874 3235 940 gentibus
3257 890 3436 943 erunt,

1861 941 2248 1004 persecutionis
2278 945 2418 1001 illius
2460 951 2788 1011 immanitate
2815 959 3077 1030 cingetur,
3125 965 3225 1023 hoc
3254 979 3336 1024 est
3382 972 3434 1027 in

1860 1029 2134 1097 angustias
2167 1035 2525 1095 tribulationis
2554 1047 2864 1118 arctabitur,
2898 1029 3190 1123 urgebitur,
3217 1063 3434 1117 conclu-

1857 1117 2033 1186 detur,
2064 1138 2164 1178 nec
2193 1126 2440 1184 militiam
2466 1146 2616 1189 suam
2648 1136 2881 1207 deseret,
2913 1160 3031 1214 qua:
3060 1152 3322 1207 vocabulo
3349 1166 3433 1212 est

1855 1211 2118 1277 appellata
2161 1225 2482 1276 castrorum.
2515 1223 2668 1291 Quod
2714 1246 2842 1287 vero
2887 1211 2998 1306 ait,
3045 1249 3100 1294 et
3155 1243 3432 1303 descendit

1853 1294 1991 1366 ignis
2013 1301 2080 1355 de
2109 1307 2247 1358 caelo
2275 1315 2328 1361 et
2371 1315 2608 1369 comedit
2631 1332 2746 1386 eos,
2779 1337 2883 1378 non
2916 1335 3213 1388 extremum
3243 1345 3428 1404 putan-

1851 1388 1977 1443 dum
2011 1394 2169 1449 estid
2191 1410 2310 1453 esse
2337 1401 2659 1471 supplicium
2682 1450 2696 1474 ,
2731 1413 2872 1481 quod
2902 1418 3006 1472 erit
3046 1435 3167 1477 cum
3198 1388 3426 1496 dicetur,

1850 1478 2122 1540 Discedite
2151 1503 2176 1538 a
2203 1502 2310 1553 me,
2343 1491 2644 1560 maledicti,
2670 1498 2723 1552 in
2749 1478 2940 1569 ignem
2970 1516 3252 1568 aeternum.
3278 1478 3427 1574 Tune

1847 1570 2044 1644 quippe
2071 1577 2124 1630 itt
2178 1577 2357 1647 ignem
2399 1583 2676 1642 mittentur
2706 1591 2848 1659 ipsi,
2892 1611 3000 1652 non
3027 1599 3164 1671 ignis
3193 1607 3261 1662 de
3286 1570 3425 1666 caelo

1846 1669 2024 1725 veniet
2057 1672 2245 1745 [super
2265 1677 2431 1752 ipsos]
2461 1681 2512 1736 in
2544 1683 2712 1753 ipsos.
2733 1685 2832 1743 Hic
2859 1699 3038 1749 autem
3054 1669 3195 1755 bene
3225 1702 3424 1762 intelli-

1763 1766 1770 1778 '
1841 1761 1987 1830 gitur
2009 1765 2146 1835 ignis
2168 1769 2235 1824 de
2263 1775 2425 1841 cmlo,
2457 1774 2524 1831 de
2544 1777 2657 1845 ipsa
2691 1778 2942 1839 ﬁrmitate
2970 1801 3295 1862 sanctorum,
3318 1815 3422 1870 qua

1841 1868 1948 1909 non
1979 1865 2286 1917 concessuri
2332 1875 2458 1920 sunt
2485 1870 2832 1930 saevientibus
2853 1917 2868 1942 ,
2905 1886 2965 1933 ut
2992 1874 3178 1941 eorum
3226 1888 3421 1952 iaciant

143 1933 220 1989 de
247 1939 488 1994 custodia
531 1955 626 1997 sua
646 1984 662 2009 ,
698 1945 774 2018 [et
815 1949 1001 2023 exibit]
1030 1953 1096 2007 ad
1125 1956 1459 2017 seducendas
1488 1966 1731 2025 nationes
1763 1949 1813 2012 Β
1840 1948 2188 2050 νίξ¹¹¹⁰¹³ξξξηο
2223 1956 2640 2018 Firmamentum
2661 1975 2744 2021 ⁸⁸⁸
2765 1969 2908 2024 enim
2937 1974 3132 2031 cmlum
3156 1982 3308 2050 cui“
3328 1984 3420 2040 ﬁ"

141 2041 270 2096 quae
321 2040 450 2086 sunt
507 2033 558 2086 in
587 2045 816 2105 quatuor
844 2042 1054 2112 angulis
1088 2054 1261 2115 teme,
1293 2052 1408 2125 Gog
1435 2063 1492 2110 et
1516 2057 1726 2132 Magog,

139 2127 201 2172 et
229 2121 404 2176 trahet
424 2137 518 2178 eas
547 2125 600 2180 in
632 2127 831 2185 bellum
857 2148 1082 2202 quorum
1115 2155 1366 2199 numerus
1391 2157 1494 2214 est,
1527 2158 1584 2205 ut
1611 2166 1730 2208 are-

140 2225 212 2265 na
243 2215 429 2271 maris.
477 2218 558 2272 Ad
605 2218 704 2276 hoc
732 2238 864 2294 ergo
905 2237 1030 2283 tunc
1054 2232 1295 2302 seducet,
1327 2239 1452 2293 utin
1482 2240 1583 2296 hoc
1612 2243 1727 2300 bel-

136 2491 254 2536 tum
281 2494 386 2549 est,
420 2488 470 2541 in
494 2500 731 2558 apertam
753 2503 1178 2564 persecutionem
1202 2505 1270 2561 de
1297 2509 1512 2566 latebris
1534 2527 1726 2572 erum-

130 2585 226 2644 pet
265 2577 533 2639 odiorum.
567 2583 696 2640 llaec
723 2589 866 2643 enim
907 2593 1011 2647 erit
1039 2596 1331 2656 novissima
1380 2611 1681 2673 persecutio
1704 2653 1720 2678 ,

128 2668 432 2728 novissimo
460 2676 773 2732 imminente
796 2681 998 2748 judicio
1021 2724 1038 2752 ,
1071 2703 1230 2758 quam
1259 2704 1442 2750 sancta
1477 2698 1720 2759 Ecclesia

125 2767 248 2814 toto
272 2771 535 2822 terrarum
563 2771 695 2825 orbe
739 2775 971 2841 patietur
994 2819 1010 2844 ,
1044 2783 1296 2840 universa
1325 2791 1537 2848 scilicet
1583 2797 1719 2852 civi-

121 2859 212 2906 tas
232 2852 467 2925 Christi,
493 2858 562 2914 ab
595 2863 843 2921 universa
874 2865 1073 2927 diaboli
1112 2875 1333 2935 civitate
1361 2893 1716 2950 quantacum-

117 3050 261 3103 quas
285 3040 520 3109 appellat
550 3044 665 3116 Gog
688 3058 743 3103 et
769 3050 975 3120 Magog,
997 3069 1102 3109 non
1132 3058 1212 3112 sic
1237 3040 1714 3136 suntvac'cipiendte

114 3128 378 3197 tanquam
411 3132 519 3187 sint
547 3135 734 3207 aliqui,
765 3140 819 3196 in
866 3143 1038 3214 aliqua
1091 3159 1243 3216 parte
1269 3128 1530 3212 terrarum
1583 3161 1712 3216 Bar-

111 3217 238 3274 bari
277 3227 588 3297 constituti,
639 3234 754 3288 sive
782 3251 918 3305 quos
965 3240 1180 3309 quidam
1219 3248 1566 3315 suspicantur
1608 3253 1712 3310 Ge-

1837 2039 2022 2098 mitate
2052 2044 2128 2100 illi
2157 2050 2544 2109 cruciabuntur
2563 2058 2945 2120 ardentissimo
2983 2068 3130 2133 zelo.
3163 2039 3414 2141 quoniam

1832 2147 1938 2187 non
1970 2145 2219 2200 poterunt
2263 2143 2535 2202 attrahere
2588 2147 2644 2204 in
2688 2161 2864 2220 partes
2914 2155 3227 2220 Antichristi
3270 2180 3418 2224 sanc~

1833 2229 1917 2278 tos
1944 2225 2172 2295 Christi,
2200 2241 2253 2285 et
2282 2233 2396 2301 ipse
2421 2239 2525 2291 erit
2569 2239 2704 2306 ignis
2734 2245 2823 2312 qui
2854 2251 3101 2307 comedet
3128 2270 3223 2309 eos
3247 2260 3416 2318 ethoc

1830 2323 1861 2362 a
1892 2312 2021 2380 Deo,
2064 2318 2184 2384 quia
2217 2318 2310 2374 Dei
2344 2337 2567 2379 munere
2597 2327 2986 2397 inseparabiles
3019 2339 3156 2394 ﬁunt
3183 2348 3356 2401 sancti
3390 2366 3405 2403 :

1829 2402 1970 2458 unde
2038 2405 2464 2486 [cruciabuntur]
2525 2420 2909 2478 excruciantur
2963 2427 3186 2485 inimici.
3259 2435 3410 2493 Sicut

1827 2493 1969 2549 enim
2001 2497 2055 2550 in
2109 2498 2250 2554 bono
2281 2505 2511 2572 positum
2551 2517 2635 2562 est
2665 2508 2774 2581 [ubi
2829 2514 3044 2590 legitur]
3076 2537 3090 2572 :
3123 2521 3277 2578 Zelus
3307 2527 3407 2582 do-

1825 2600 1948 2641 mus
1979 2596 2083 2643 tuae
2112 2595 2346 2648 comedit
2386 2612 2493 2663 me,
2546 2599 2616 2654 ita
2647 2616 2679 2657 e
2726 2609 2995 2663 contrario
3041 2610 3113 2683 [in
3140 2617 3280 2672 malo
3311 2621 3405 2676 ubi

1824 2677 2044 2753 dicitur]
2095 2683 2301 2740 :Zelus
2346 2691 2626 2759 occupavit
2674 2696 2882 2763 plebem
2931 2677 3278 2774 iner—uditam,
3349 2721 3404 2766 et

1823 2778 1952 2826 tunc
1985 2774 2122 2842 ignis
2150 2780 2451 2836 contrarios
2477 2785 2811 2852 comedet,et
2830 2800 2953 2847 tunc
2982 2797 3162 2866 utique
3182 2811 3406 2872 excepto

1820 2863 2028 2920 scilicet
2052 2867 2221 2924 ultimi
2253 2871 2394 2928 illius
2425 2874 2547 2946 igne
2588 2876 2797 2947 judicii,
2847 2892 2939 2938 aut
2966 2886 3010 2938 si
3041 2863 3157 2942 eam
3195 2863 3405 2961 plagam

1818 2967 1922 3022 qua
1952 2960 2288 3026 percutiendi
2316 2975 2440 3019 sunt
2464 2967 2718 3023 Ecclesia:
2749 2983 3119 3040 persecutores
3149 2960 3400 3039 veniente

1809 3045 1920 3114 jam
1952 3050 2166 3106 Christo
2194 3095 2209 3120 ,
2244 3071 2378 3126 quos
2408 3059 2646 3116 viventes
2685 3064 2924 3120 inveniet
2951 3083 3112 3137 super
3157 3081 3354 3130 terram
3378 3118 3396 3144 ,

1813 3143 2026 3207 quando
2078 3144 2364 3203 interficiat
2412 3149 2804 3210 Antichristum
2857 3158 3047 3227 spiritu
3105 3163 3216 3216 oris
3272 3143 3396 3235 sui,

1815 3229 1990 3298 ignem
2021 3238 2307 3304 appellavit
2349 3241 2764 3303 descendentem
2792 3249 2859 3305 de
2895 3253 3051 3317 cmlo,
3084 3268 3282 3326 eosque
3307 3274 3398 3314 co-

110 3321 204 3366 tas
228 3323 283 3368 et
309 3315 664 3391 Massagetas,
694 3337 910 3396 propter
938 3329 1142 3389 litteras
1189 3337 1378 3394 horum
1425 3346 1698 3401 nominum
1732 3345 1776 3408 C
1811 3323 2114 3380 medemem
2143 3367 2158 3391 ’
2192 3344 2364 3399 neque
2390 3332 2492 3388 hoc
2524 3336 2767 3392 nmmum
2816 3343 3134 3411 supplicum
3171 3347 3269 3402 em
3296 3348 3397 3404 im-

109 3404 354 3476 primas,
389 3410 501 3465 sive
527 3413 660 3470 alios
704 3418 916 3489 aquuos
943 3424 1269 3496 alienigenas
1299 3431 1375 3503 [et
1403 3449 1432 3486 a
1463 3435 1704 3495 Romano

105 3495 237 3566 jure
275 3501 568 3576 sejunctas]
599 3516 652 3560 et
694 3521 725 3562 a
762 3509 931 3568 Roma
954 3530 1060 3571 non
1089 3495 1209 3586 jure
1248 3523 1540 3589 sejunctos.
1566 3513 1704 3586 Toto

104 3605 349 3662 namque
379 3596 511 3652 orbe
548 3607 814 3658 terrarum
844 3606 1134 3676 signiﬁcati
1162 3623 1288 3669 sunt
1316 3616 1404 3671 isti
1431 3634 1550 3675 esse
1578 3637 1699 3679 cum

101 3784 307 3843 terrae,
350 3795 550 3852 easque
579 3786 808 3856 subjecit
846 3806 968 3848 esse
1001 3793 1114 3867 Gog
1145 3808 1198 3854 et
1227 3801 1432 3874 Magog,
1472 3784 1698 3876 quorum

99 3868 616 3939 interpretationem
659 3881 933 3940 nominum
987 3903 1109 3944 esse
1167 3897 1527 3963 comperimus
1585 3901 1700 3974 Gog

93 3968 354 4032 tectum,
388 3967 576 4038 Magog
624 3973 692 4028 de
739 3984 918 4044 tecto,
965 3988 1218 4053 tanquam
1264 3988 1456 4046 domus
1499 4003 1552 4048 et
1581 3967 1698 4064 ipse

89 4053 202 4122 qui
245 4056 488 4120 procedit
511 4059 579 4113 de
608 4061 804 4132 domo;
839 4068 1038 4126 Gentes
1086 4072 1287 4147 [igitur]
1334 4093 1460 4149 ergo
1489 4053 1695 4139 suntin

91 4141 308 4211 quibus
335 4142 606 4202 diabolum
640 4152 784 4206 velut
830 4155 884 4210 in
927 4141 1696 4242 abysso—superius.intellige-

89 4234 302 4289 bamus
350 4235 632 4304 inclusum,
664 4249 718 4297 et
761 4245 875 4313 ipse
912 4248 980 4302 de
1009 4250 1116 4306 illis
1144 4255 1540 4322 quodammodo
1578 4276 1699 4320 sese

88 4323 341 4380 eﬂ'erens
365 4335 421 4380 et
444 4331 771 4398 procedens,
801 4335 884 4408 [ut
909 4338 1000 4394 ille
1027 4340 1163 4396 sicut
1190 4353 1415 4425 tectum,
1445 4349 1561 4420 ipse
1588 4363 1697 4409 tec-

90 4413 245 4486 tum]
294 4428 350 4471 ut
392 4417 498 4474 illae
543 4423 651 4477 sint
699 4435 896 4483 tectum
946 4429 1065 4501 ipso
1114 4434 1182 4491 de
1217 4424 1384 4493 tecto.
1412 4413 1480 4496 Si
1515 4454 1692 4501 autem

89 4516 395 4577 utrumque
421 4512 717 4569 referamus
745 4517 811 4571 ad
833 4531 1056 4592 gentes,
1089 4541 1195 4582 non
1225 4544 1389 4585 unum
1417 4533 1603 4590 horum
1625 4537 1691 4592 ad

87 4600 246 4668 illas,
275 4602 504 4660 alterum
531 4607 598 4661 ad
626 4609 930 4682 diabolum;
959 4627 1012 4673 et
1042 4629 1240 4677 tectum
1271 4623 1400 4696 ipsae
1423 4639 1546 4686 sunt
1565 4632 1691 4702 quia

1808 3414 2048 3484 piorum,
2075 3420 2168 3474 sed
2191 3420 2322 3477 illud
2344 3425 2488 3494 quod
2513 3425 2657 3484 facta
2684 3444 2969 3500 corporum
2997 3439 3394 3498 resurrectione

1807 3509 2016 3574 passuri
2044 3517 2192 3565 sunt.

2318 3624 2546 3683 CAPUT
2581 3628 2873 3690 CXXXIX.

1807 3734 1957 3800 Quod
1985 3739 2249 3827 apostolus
2301 3739 2840 3827 T‘Itessalo'nicensibus
2883 3753 3169 3827 scripserit,
3217 3766 3268 3814 et
3319 3762 3386 3816 de

1873 3812 2286 3935 granifesugione
2325 3813 2647 3889 Antichristi,
2696 3837 2760 3874 ea:
2803 3812 3000 3879 eodem.
3027 3812 3169 3884 libro,
3207 3812 3277 3889 sx
3321 3812 3388 3888 de

1917 3882 2091 3933 tvitate
2173 3886 2237 3935 ei.

1917 3882 2091 3933 ivitate
2123 3882 2237 3937 Dei.

1871 3993 2185 4064 Rogamus;
2244 4001 2447 4073 inquit,
2501 4020 2623 4075 vos,
2675 4010 2898 4078 fratres,
2953 4031 3049 4084 per
3099 4019 3385 4081 adventum

1803 4084 2017 4140 Domini
2052 4091 2222 4144 nostri
2251 4090 2376 4148 Jesu
2419 4096 2620 4152 Christi
2646 4108 2702 4154 et
2730 4111 2927 4157 nostrae
2957 4114 3385 4179 congregationis

1801 4175 1856 4229 in
1888 4177 2060 4246 ipsum
2083 4218 2099 4246 ,
2134 4191 2318 4238 utnon
2343 4186 2450 4242 cito
2480 4193 2798 4247 moveamini
2823 4206 3032 4266 mente,
3060 4216 3235 4272 neque
3275 4214 3384 4262 ter-

1800 4271 2049 4340 reamini,
2069 4288 2243 4344 neque
2259 4292 2350 4343 per
2362 4279 2632 4348 spiritum,
2648 4298 2822 4354 neque
2836 4302 2931 4356 per
2948 4292 3192 4360 verbum,
3208 4311 3383 4368 neque

1799 4373 1896 4429 per
1915 4362 2197 4429 epistolam
2229 4375 2479 4438 tanquam
2509 4385 2605 4441 per
2629 4388 2727 4430 nos
2757 4379 3005 4448 missam,
3034 4385 3184 4453 quasi
3217 4387 3382 4449 instet

1797 4452 1914 4508 dies
1937 4455 2171 4528 Domini,
2206 4476 2273 4517 ne
2301 4464 2419 4532 quis
2440 4480 2538 4522 vos
2567 4467 2790 4525 seducat
2819 4473 2924 4528 ullo
2949 4452 3107 4531 modo
3128 4483 3379 4548 quoniam

1796 4545 1902 4600 nisi
1930 4551 2135 4604 venerit
2183 4553 2364 4625 refuga
2395 4557 2623 4625 primum
2655 4569 2712 4616 et
2737 4565 3002 4621 revelatus
3031 4568 3189 4626 fuerit
3216 4575 3377 4633 homo

1792 4641 2019 4706 peccati,
2055 4642 2192 4698 [ilius
2231 4646 2497 4717 interitus,
2539 4653 2631 4721 qui
2672 4652 2987 4712 adversatur
3021 4669 3076 4714 et
3121 4677 3375 4732 superes-

1290 4691 1307 4696 —
1583 4691 1595 4702 -
1793 4691 1813 4706 -
1880 4691 1917 4692 η
2055 4691 2190 4698 ν-----
2231 4691 2497 4717 unm-nu.
2539 4691 2631 4721 ινι-
2672 4691 2977 4712 "manu.
3021 4691 3076 4714 τι
3121 4691 3374 4732 super“.

86 4691 146 4747 i"
180 4692 267 4746 eis
305 4695 646 4753 ⁰⁰η⁰¹¹¹άίιυτ
675 4709 732 4757 ει
757 4706 1153 4772 quodammodo
1196 4717 1398 4787 tegitur
1441 4722 1688 4781 inimicus
1715 4710 1772 4773 Ῐ)
1797 4731 2002 4787 tollitur
2026 4748 2186 4805 supra
2213 4752 2373 4796 omne
2399 4743 2540 4810 quod
2568 4744 2763 4800 dicitur
2788 4746 2928 4803 Deus
2956 4760 3048 4805 aut
3076 4755 3215 4822 quod
3245 4758 3374 4812 coli-

87 4784 353 4822 antimmc
404 4796 455 4822 ΔΙ
487 4789 553 4822 An
580 4799 720 4822 mn...
768 4796 895 4822 :..-..
934 4813 1081 4822 -_-__.
1124 4821 1127 4822 ,
1275 4809 1288 4822 .
1369 4812 1381 4822 .

86 4784 376 4853 antiquus,
404 4796 458 4842 et
487 4789 554 4844 de
580 4799 721 4848 tecto
765 4796 898 4866 ipsa;
928 4813 1086 4859 erunt
1112 4784 1329 4877 quando
1367 4812 1420 4869 in
1441 4828 1683 4886 apertum

85 4879 282 4934 odium
306 4881 374 4936 de
393 4892 582 4953 operto
604 4899 874 4958 erupturas
903 4905 1049 4952 sunt.

589 4996 819 5057 CAPUT
857 5003 1192 5067 CXXXVIII.

82 5083 282 5182 Ληλαά
331 5085 570 5182 ultimum
601 5092 879 5182 judicium.
902 5102 1167 5182 pertineat.
1199 5106 1495 5182 impiorum,
1547 5117 1682 5182 quod

158 5154 492 5212 descendisse
533 5154 666 5239 ignis
690 5166 767 5239 de
786 5154 934 5238 calo,
959 5181 1007 5225 et
1043 5154 1683 5239 abideiii'ib;iiiiiise’&2'-

155 5236 421 5295 moratur,
452 5246 514 5284 ea:
540 5234 719 5288 eodem
749 5235 904 5294 libro.

155 5338 323 5405 Quod
351 5357 480 5399 vero
506 5347 581 5402 ait
606 5364 622 5402 :
652 5349 719 5404 Et
739 5355 1103 5414 ascenderunt
1122 5373 1286 5432 super
1309 5369 1470 5420 terra:
1498 5365 1680 5424 latitu-

77 5427 300 5498 dinem,
340 5442 394 5488 et
436 5436 721 5496 cinxerunt
761 5455 942 5501 castra
991 5460 1301 5508 sanctorum
1321 5461 1386 5524 et
1429 5456 1679 5516 dilectam

77 5522 399 5591 civitatem;
434 5544 540 5584 non
572 5533 756 5603 utique
799 5539 866 5592 ad
902 5555 1065 5598 unum
1119 5545 1298 5602 locum
1350 5552 1566 5608 venisse
1596 5554 1679 5609 vel

26 5615 28 5622 '
78 5617 304 5668 venturi
347 5632 470 5675 esse
500 5622 785 5692 signiticati
834 5640 979 5698 sunt,
1014 5638 1165 5703 quasi
1197 5654 1305 5694 uno
1345 5642 1529 5711 aliquo
1559 5645 1678 5702 loco

78 5702 275 5759 futura
305 5703 412 5764 sint
457 5721 632 5769 castra
665 5727 970 5774 sanctorum
1002 5702 1056 5778 et
1083 5725 1278 5784 dilecta
1310 5733 1521 5804 civitas,
1554 5751 1676 5794 cum

78 5795 210 5852 hac
238 5813 343 5856 non
370 5803 440 5858 sit
463 5806 567 5861 nisi
597 5807 794 5864 Christi
835 5811 1075 5872 Ecclesia
1109 5829 1220 5876 toto
1249 5831 1514 5883 terrarum
1546 5832 1678 5889 orbe

11 5941 16 5944 .
73 5887 304 5962 diﬂusa,
328 5907 392 5952 ac
412 5911 508 5966 per
527 5899 629 5954 hoc
656 5901 978 5977 ubicumque
998 5915 1126 5970 tunc
1148 5913 1253 5992 erit
1273 5929 1394 5992 qua:
1420 5919 1476 5974 in
1495 5887 1675 5981 omni;

413 6011 693 6077 Pauor“
723 6014 939 6118 LXII:

1794 4830 1897 4891 tur,
1925 4823 1994 4878 ita
2024 4835 2080 4881 ut
2103 4829 2151 4881 in
2178 4831 2376 4899 templo
2400 4831 2490 4888 Dei
2516 4834 2723 4902 sedeat,
2743 4846 3018 4894 ostentans
3038 4855 3095 4899 se
3118 4852 3370 4916 tanquam

1791 4916 1864 4971 sit
1888 4917 2049 4974 Deus.
2081 4919 2196 4975 Non
2223 4923 2469 4979 retinetis
2490 4926 2544 4980 in
2574 4931 2852 4998 memoria,
2881 4934 3024 5002 quod
3053 4936 3228 4992 adhuc
3247 4952 3370 4992 cum

1790 5023 1970 5066 essem
2011 5013 2151 5082 apud
2181 5031 2298 5083 vos,
2334 5015 2451 5072 haec
2489 5017 2730 5075 dicebam
2773 5023 2964 5078 vobis?
2989 5033 3044 5081 et
3075 5041 3214 5082 nunc
3243 5028 3371 5098 quid

1789 5100 2028 5159 detineat
2078 5105 2227 5162 scitis
2268 5118 2328 5163 ut
2378 5112 2645 5168 reveletur
2685 5114 2737 5168 in
2782 5129 2883 5171 suo
2933 5125 3190 5186 tempore.
3250 5120 3370 5176 iam

1785 5192 1930 5247 enim
1980 5197 2296 5264 mysterium
2349 5199 2643 5271 iniquitatis
2687 5215 2978 5275 operatur,
3024 5215 3229 5262 tantum
3276 5211 3368 5278 qui

1784 5284 1944 5338 modo
1970 5292 2113 5341 tenet
2139 5295 2340 5356 teneat,
2369 5291 2541 5350 donec
2569 5295 2636 5351 de
2681 5297 2861 5353 medio
2887 5299 2980 5353 tlat
3003 5339 3020 5366 ,
3051 5307 3108 5355 et
3135 5309 3262 5357 tunc
3282 5317 3366 5358 re-

1783 5374 2044 5432 velabitur
2069 5378 2286 5448 iniquus
2331 5381 2466 5456 [ille]
2504 5402 2661 5457 quem
2693 5389 2946 5446 Dominus
2975 5390 3131 5448 Jesus
3161 5394 3364 5449 interﬁ-

1782 5465 1890 5520 ciet
1915 5469 2103 5537 spiritu
2132 5474 2242 5529 oris
2270 5476 2352 5530 sui
2382 5517 2398 5542 ,
2433 5488 2487 5532 et
2513 5481 2794 5537 evacuabit
2834 5482 3222 5541 illuminatione
3249 5488 3362 5561 92

1784 5563 2079 5629 praesentiae
2113 5580 2226 5620 suae
2264 5582 2386 5623 eum
2433 5570 2588 5639 cujus
2626 5581 2708 5627 est
2745 5577 3028 5642 prasentia
3069 5580 3362 5634 secundum

1781 5653 2144 5721 operationem
2166 5656 2380 5712 Satanae
2397 5701 2414 5727 ,
2440 5661 2491 5715 in
2516 5664 2659 5717 omni
2688 5665 2883 5720 virtute
2903 5678 2958 5724 et
2980 5669 3146 5739 signis
3163 5679 3218 5724 et
3241 5684 3361 5740 pro-

1781 5740 1938 5812 digiis
1967 5746 2264 5813 mendacii,
2291 5756 2344 5802 et
2374 5751 2426 5804 in
2454 5751 2598 5805 omni
2623 5751 2935 5811 seductione
2958 5757 3247 5828 iniquitatis
3273 5758 3358 5814 his

1780 5837 1870 5906 qui
1903 5848 2148 5907 pereunt,
2200 5855 2299 5912 pro
2329 5857 2395 5898 eo
2429 5845 2575 5914 quod
2598 5846 2942 5906 dilectionem
2983 5852 3221 5909 veritatis
3253 5869 3356 5911 non

1780 5941 2129 6005 receperunt,
2160 5943 2220 5992 ut
2245 5936 2379 5996 salvi
2407 5938 2624 6010 ﬂerent,
2657 5950 2713 5998 et
2734 5942 2854 5999 ideo
2884 5944 3060 6002 mittet
3083 5945 3190 6002 illis
3215 5944 3352 6005 Deus

2765 6052 2844 6112 25
