  <div class='ocr_page' id='page_1' title='image "/cluster/home/n/w/nwhite01/storage/ocr_20150623/62/hvd.32044015706393/397.png"; bbox 0 0 3968 6390; ppageno 0'>
   <div class='ocr_carea' id='block_1_1' title="bbox 509 436 650 500">
    <p class='ocr_par' dir='ltr' id='par_1_1' title="bbox 509 436 650 500">
     <span class='ocr_line' id='line_1_1' title="bbox 509 436 650 500; baseline -0.021 -43"><span class='ocrx_word' id='word_1_1' title='bbox 509 436 614 500; x_wconf 70' lang='lat' dir='ltr'><strong>m</strong></span> <span class='ocrx_word' id='word_1_2' title='bbox 647 451 650 454; x_wconf 89' lang='lat'><strong>_</strong></span> 
     </span>
    </p>
   </div>
   <div class='ocr_carea' id='block_1_2' title="bbox 1574 394 2702 470">
    <p class='ocr_par' dir='ltr' id='par_1_2' title="bbox 1574 394 2702 470">
     <span class='ocr_line' id='line_1_2' title="bbox 1574 394 2702 470; baseline -0.02 0"><span class='ocrx_word' id='word_1_3' title='bbox 1574 410 1639 470; x_wconf 90' lang='lat' dir='ltr'><strong>D.</strong></span> <span class='ocrx_word' id='word_1_4' title='bbox 1680 402 2003 468; x_wconf 75' lang='lat' dir='ltr'><strong>EUGYPPII</strong></span> <span class='ocrx_word' id='word_1_5' title='bbox 2043 394 2338 462; x_wconf 76' lang='lat' dir='ltr'><strong>ABBATIS</strong></span> <span class='ocrx_word' id='word_1_6' title='bbox 2375 394 2702 454; x_wconf 74' lang='lat' dir='ltr'><strong>AFRICANI</strong></span> 
     </span>
    </p>
   </div>
   <div class='ocr_carea' id='block_1_3' title="bbox 3690 374 3781 431">
    <p class='ocr_par' dir='ltr' id='par_1_3' title="bbox 3690 374 3781 431">
     <span class='ocr_line' id='line_1_3' title="bbox 3690 374 3781 431; baseline -0.011 0"><span class='ocrx_word' id='word_1_7' title='bbox 3690 374 3781 431; x_wconf 76' lang='lat'><strong>780</strong></span> 
     </span>
    </p>
   </div>
   <div class='ocr_carea' id='block_1_4' title="bbox 511 500 3780 625">
    <p class='ocr_par' dir='ltr' id='par_1_4' title="bbox 511 500 3780 625">
     <span class='ocr_line' id='line_1_4' title="bbox 511 500 3780 625; baseline -0.018 -18"><span class='ocrx_word' id='word_1_8' title='bbox 511 547 877 625; x_wconf 78' lang='lat' dir='ltr'><strong>operationem</strong></span> <span class='ocrx_word' id='word_1_9' title='bbox 906 541 1134 607; x_wconf 88' lang='lat' dir='ltr'><strong>erroris,</strong></span> <span class='ocrx_word' id='word_1_10' title='bbox 1169 542 1230 592; x_wconf 93' lang='lat' dir='ltr'><strong>ut</strong></span> <span class='ocrx_word' id='word_1_11' title='bbox 1259 530 1486 590; x_wconf 75' lang='lat' dir='ltr'><strong>credant</strong></span> <span class='ocrx_word' id='word_1_12' title='bbox 1528 525 1812 585; x_wconf 88' lang='lat' dir='ltr'><strong>mendacio</strong></span> <span class='ocrx_word' id='word_1_13' title='bbox 1858 531 1913 580; x_wconf 91' lang='lat' dir='ltr'><strong>et</strong></span> <span class='ocrx_word' id='word_1_14' title='bbox 1960 519 2106 593; x_wconf 85' lang='lat' dir='ltr'><strong>judi-</strong></span> <span class='ocrx_word' id='word_1_15' title='bbox 2130 519 2190 584; x_wconf 72' lang='grc' dir='ltr'><strong>Α</strong></span> <span class='ocrx_word' id='word_1_16' title='bbox 2211 528 2390 572; x_wconf 90' lang='lat' dir='ltr'><strong>autem</strong></span> <span class='ocrx_word' id='word_1_17' title='bbox 2424 511 2744 583; x_wconf 85' lang='lat' dir='ltr'><strong>Apostolum</strong></span> <span class='ocrx_word' id='word_1_18' title='bbox 2771 507 2980 572; x_wconf 79' lang='lat' dir='ltr'><strong>ﬁdeles,</strong></span> <span class='ocrx_word' id='word_1_19' title='bbox 3009 513 3067 560; x_wconf 91' lang='lat' dir='ltr'><strong>ut</strong></span> <span class='ocrx_word' id='word_1_20' title='bbox 3093 503 3147 561; x_wconf 92' lang='lat' dir='ltr'><strong>in</strong></span> <span class='ocrx_word' id='word_1_21' title='bbox 3177 500 3284 557; x_wconf 84' lang='lat' dir='ltr'><strong>iide</strong></span> <span class='ocrx_word' id='word_1_22' title='bbox 3311 512 3473 571; x_wconf 82' lang='lat' dir='ltr'><strong>quam</strong></span> <span class='ocrx_word' id='word_1_23' title='bbox 3501 501 3690 552; x_wconf 82' lang='lat' dir='ltr'><strong>tenent</strong></span> <span class='ocrx_word' id='word_1_24' title='bbox 3710 503 3780 549; x_wconf 84' lang='lat' dir='ltr'><strong>te-</strong></span> 
     </span>
     <span class='ocr_line' id='line_1_5' title="bbox 1681 590 3780 625; baseline 0 0"><span class='ocrx_word' id='word_1_25' title='bbox 1681 619 1692 625; x_wconf 92' lang='lat'><strong>-</strong></span> <span class='ocrx_word' id='word_1_26' title='bbox 1780 619 1791 625; x_wconf 90' lang='lat'><strong>-</strong></span> <span class='ocrx_word' id='word_1_27' title='bbox 1927 615 1942 625; x_wconf 83' lang='lat'><strong>.</strong></span> <span class='ocrx_word' id='word_1_28' title='bbox 2316 611 2349 625; x_wconf 77' lang='grc'><strong>..</strong></span> <span class='ocrx_word' id='word_1_29' title='bbox 2465 612 2805 625; x_wconf 72' lang='lat'><strong>_-_--_____.</strong></span> <span class='ocrx_word' id='word_1_30' title='bbox 2841 599 3063 625; x_wconf 70' lang='lat' dir='ltr'><strong>.i:......,t..</strong></span> <span class='ocrx_word' id='word_1_31' title='bbox 3120 596 3346 625; x_wconf 60' lang='grc' dir='ltr'><strong>νιτρηιηη-</strong></span> <span class='ocrx_word' id='word_1_32' title='bbox 3380 590 3469 625; x_wconf 75' lang='grc' dir='ltr'><strong>η.ιί</strong></span> <span class='ocrx_word' id='word_1_33' title='bbox 3523 592 3686 625; x_wconf 74' lang='lat' dir='ltr'><strong>mndn</strong></span> <span class='ocrx_word' id='word_1_34' title='bbox 3724 600 3780 625; x_wconf 74' lang='grc' dir='ltr'><strong>ω.</strong></span> 
     </span>
    </p>
   </div>
   <div class='ocr_carea' id='block_1_5' title="bbox 515 615 2104 704">
    <p class='ocr_par' dir='ltr' id='par_1_5' title="bbox 515 615 2104 704">
     <span class='ocr_line' id='line_1_6' title="bbox 515 615 2104 704; baseline -0.021 -2"><span class='ocrx_word' id='word_1_35' title='bbox 515 653 706 703; x_wconf 91' lang='lat' dir='ltr'><strong>centur</strong></span> <span class='ocrx_word' id='word_1_36' title='bbox 735 651 924 696; x_wconf 88' lang='lat' dir='ltr'><strong>omnes</strong></span> <span class='ocrx_word' id='word_1_37' title='bbox 950 634 1040 704; x_wconf 89' lang='lat' dir='ltr'><strong>qui</strong></span> <span class='ocrx_word' id='word_1_38' title='bbox 1069 646 1176 687; x_wconf 91' lang='lat' dir='ltr'><strong>non</strong></span> <span class='ocrx_word' id='word_1_39' title='bbox 1217 625 1557 684; x_wconf 88' lang='lat' dir='ltr'><strong>crediderunt</strong></span> <span class='ocrx_word' id='word_1_40' title='bbox 1585 619 1820 684; x_wconf 84' lang='lat' dir='ltr'><strong>veritati,</strong></span> <span class='ocrx_word' id='word_1_41' title='bbox 1850 615 1945 674; x_wconf 90' lang='lat' dir='ltr'><strong>sed</strong></span> <span class='ocrx_word' id='word_1_42' title='bbox 1972 629 2104 670; x_wconf 90' lang='lat' dir='ltr'><strong>con-</strong></span> 
     </span>
    </p>
   </div>
   <div class='ocr_carea' id='block_1_6' title="bbox 514 709 2102 799">
    <p class='ocr_par' dir='ltr' id='par_1_6' title="bbox 514 709 2102 799">
     <span class='ocr_line' id='line_1_7' title="bbox 514 709 2102 799; baseline -0.022 -3"><span class='ocrx_word' id='word_1_43' title='bbox 514 743 801 796; x_wconf 88' lang='lat' dir='ltr'><strong>senserunt</strong></span> <span class='ocrx_word' id='word_1_44' title='bbox 828 726 1092 799; x_wconf 84' lang='lat' dir='ltr'><strong>iniquitati</strong></span> <span class='ocrx_word' id='word_1_45' title='bbox 1129 743 1141 778; x_wconf 89' lang='lat'>:</span> <span class='ocrx_word' id='word_1_46' title='bbox 1168 722 1297 779; x_wconf 91' lang='lat' dir='ltr'><strong>nulli</strong></span> <span class='ocrx_word' id='word_1_47' title='bbox 1340 717 1559 774; x_wconf 90' lang='lat' dir='ltr'><strong>dubium</strong></span> <span class='ocrx_word' id='word_1_48' title='bbox 1589 722 1674 770; x_wconf 90' lang='lat' dir='ltr'><strong>est</strong></span> <span class='ocrx_word' id='word_1_49' title='bbox 1699 728 1821 768; x_wconf 89' lang='lat' dir='ltr'><strong>eum</strong></span> <span class='ocrx_word' id='word_1_50' title='bbox 1851 711 1920 766; x_wconf 87' lang='lat' dir='ltr'><strong>de</strong></span> <span class='ocrx_word' id='word_1_51' title='bbox 1947 709 2102 765; x_wconf 89' lang='lat' dir='ltr'><strong>Auti-</strong></span> 
     </span>
    </p>
   </div>
   <div class='ocr_carea' id='block_1_7' title="bbox 518 807 2108 891">
    <p class='ocr_par' dir='ltr' id='par_1_7' title="bbox 518 807 2108 891">
     <span class='ocr_line' id='line_1_8' title="bbox 518 807 2108 891; baseline -0.022 0"><span class='ocrx_word' id='word_1_52' title='bbox 518 834 726 891; x_wconf 90' lang='lat' dir='ltr'><strong>cbristo</strong></span> <span class='ocrx_word' id='word_1_53' title='bbox 753 831 852 884; x_wconf 91' lang='lat' dir='ltr'><strong>ista</strong></span> <span class='ocrx_word' id='word_1_54' title='bbox 882 823 1088 880; x_wconf 84' lang='lat' dir='ltr'><strong>dixisse</strong></span> <span class='ocrx_word' id='word_1_55' title='bbox 1109 859 1122 886; x_wconf 91' lang='lat'><strong>,</strong></span> <span class='ocrx_word' id='word_1_56' title='bbox 1147 820 1398 888; x_wconf 85' lang='lat' dir='ltr'><strong>diemque</strong></span> <span class='ocrx_word' id='word_1_57' title='bbox 1416 812 1602 884; x_wconf 90' lang='lat' dir='ltr'><strong>judicii</strong></span> <span class='ocrx_word' id='word_1_58' title='bbox 1632 810 1807 882; x_wconf 89' lang='lat' dir='ltr'><strong>(hunc</strong></span> <span class='ocrx_word' id='word_1_59' title='bbox 1835 807 1978 862; x_wconf 89' lang='lat' dir='ltr'><strong>enim</strong></span> <span class='ocrx_word' id='word_1_60' title='bbox 2013 818 2108 873; x_wconf 87' lang='lat' dir='ltr'><strong>ap-</strong></span> 
     </span>
    </p>
   </div>
   <div class='ocr_carea' id='block_1_8' title="bbox 518 898 2112 1001">
    <p class='ocr_par' dir='ltr' id='par_1_8' title="bbox 518 898 2112 1001">
     <span class='ocr_line' id='line_1_9' title="bbox 518 898 2112 1001; baseline -0.021 -16"><span class='ocrx_word' id='word_1_61' title='bbox 518 928 684 1001; x_wconf 68' lang='lat' dir='ltr'><strong>pellnt</strong></span> <span class='ocrx_word' id='word_1_62' title='bbox 703 925 842 978; x_wconf 90' lang='lat' dir='ltr'><strong>diem</strong></span> <span class='ocrx_word' id='word_1_63' title='bbox 866 916 1104 986; x_wconf 84' lang='lat' dir='ltr'><strong>Domini)</strong></span> <span class='ocrx_word' id='word_1_64' title='bbox 1127 930 1233 970; x_wconf 88' lang='lat' dir='ltr'><strong>non</strong></span> <span class='ocrx_word' id='word_1_65' title='bbox 1249 925 1371 969; x_wconf 86' lang='lat' dir='ltr'><strong>esse</strong></span> <span class='ocrx_word' id='word_1_66' title='bbox 1391 917 1702 972; x_wconf 89' lang='lat' dir='ltr'><strong>venturum,</strong></span> <span class='ocrx_word' id='word_1_67' title='bbox 1728 903 1828 958; x_wconf 82' lang='lat' dir='ltr'><strong>nisi</strong></span> <span class='ocrx_word' id='word_1_68' title='bbox 1857 901 1945 956; x_wconf 90' lang='lat' dir='ltr'><strong>ille</strong></span> <span class='ocrx_word' id='word_1_69' title='bbox 1963 898 2112 969; x_wconf 91' lang='lat' dir='ltr'><strong>prior</strong></span> 
     </span>
    </p>
   </div>
   <div class='ocr_carea' id='block_1_9' title="bbox 519 992 2106 1081">
    <p class='ocr_par' dir='ltr' id='par_1_9' title="bbox 519 992 2106 1081">
     <span class='ocr_line' id='line_1_10' title="bbox 519 992 2106 1081; baseline -0.022 -3"><span class='ocrx_word' id='word_1_70' title='bbox 519 1018 728 1078; x_wconf 87' lang='lat' dir='ltr'><strong>venerit</strong></span> <span class='ocrx_word' id='word_1_71' title='bbox 748 1031 906 1080; x_wconf 87' lang='lat' dir='ltr'><strong>quem</strong></span> <span class='ocrx_word' id='word_1_72' title='bbox 938 1012 1176 1081; x_wconf 80' lang='lat' dir='ltr'><strong>refugam</strong></span> <span class='ocrx_word' id='word_1_73' title='bbox 1208 1013 1381 1068; x_wconf 89' lang='lat' dir='ltr'><strong>vocat,</strong></span> <span class='ocrx_word' id='word_1_74' title='bbox 1418 1004 1603 1071; x_wconf 85' lang='lat' dir='ltr'><strong>utique</strong></span> <span class='ocrx_word' id='word_1_75' title='bbox 1632 1015 1665 1053; x_wconf 89' lang='lat' dir='ltr'><strong>a</strong></span> <span class='ocrx_word' id='word_1_76' title='bbox 1702 997 1932 1051; x_wconf 91' lang='lat' dir='ltr'><strong>Domino</strong></span> <span class='ocrx_word' id='word_1_77' title='bbox 1975 992 2106 1046; x_wconf 89' lang='lat' dir='ltr'><strong>Deo.</strong></span> 
     </span>
    </p>
   </div>
   <div class='ocr_carea' id='block_1_10' title="bbox 523 1091 2116 1183">
    <p class='ocr_par' dir='ltr' id='par_1_10' title="bbox 523 1091 2116 1183">
     <span class='ocr_line' id='line_1_11' title="bbox 523 1091 2116 1183; baseline -0.023 -12"><span class='ocrx_word' id='word_1_78' title='bbox 523 1112 677 1183; x_wconf 83' lang='lat' dir='ltr'><strong>Quod</strong></span> <span class='ocrx_word' id='word_1_79' title='bbox 705 1111 751 1167; x_wconf 90' lang='lat' dir='ltr'><strong>si</strong></span> <span class='ocrx_word' id='word_1_80' title='bbox 781 1110 848 1166; x_wconf 90' lang='lat' dir='ltr'><strong>de</strong></span> <span class='ocrx_word' id='word_1_81' title='bbox 870 1105 1121 1164; x_wconf 91' lang='lat' dir='ltr'><strong>omnibus</strong></span> <span class='ocrx_word' id='word_1_82' title='bbox 1150 1099 1329 1169; x_wconf 83' lang='lat' dir='ltr'><strong>impiis</strong></span> <span class='ocrx_word' id='word_1_83' title='bbox 1350 1095 1544 1152; x_wconf 89' lang='lat' dir='ltr'><strong>merito</strong></span> <span class='ocrx_word' id='word_1_84' title='bbox 1557 1092 1657 1148; x_wconf 91' lang='lat' dir='ltr'><strong>dici</strong></span> <span class='ocrx_word' id='word_1_85' title='bbox 1675 1095 1851 1161; x_wconf 85' lang='lat' dir='ltr'><strong>potest</strong></span> <span class='ocrx_word' id='word_1_86' title='bbox 1873 1127 1889 1153; x_wconf 95' lang='lat'><strong>,</strong></span> <span class='ocrx_word' id='word_1_87' title='bbox 1915 1091 2116 1154; x_wconf 88' lang='lat' dir='ltr'><strong>quanto</strong></span> 
     </span>
    </p>
   </div>
   <div class='ocr_carea' id='block_1_11' title="bbox 521 1174 2119 1276">
    <p class='ocr_par' dir='ltr' id='par_1_11' title="bbox 521 1174 2119 1276">
     <span class='ocr_line' id='line_1_12' title="bbox 521 1174 2119 1276; baseline -0.021 -14"><span class='ocrx_word' id='word_1_88' title='bbox 521 1174 694 1276; x_wconf 70' lang='lat' dir='ltr'><strong>magis</strong></span> <span class='ocrx_word' id='word_1_89' title='bbox 724 1202 790 1258; x_wconf 89' lang='lat' dir='ltr'><strong>de</strong></span> <span class='ocrx_word' id='word_1_90' title='bbox 815 1202 920 1258; x_wconf 91' lang='lat' dir='ltr'><strong>isto</strong></span> <span class='ocrx_word' id='word_1_91' title='bbox 943 1241 959 1266; x_wconf 92' lang='lat'><strong>,</strong></span> <span class='ocrx_word' id='word_1_92' title='bbox 991 1195 1087 1254; x_wconf 90' lang='lat' dir='ltr'><strong>sed</strong></span> <span class='ocrx_word' id='word_1_93' title='bbox 1138 1194 1191 1248; x_wconf 92' lang='lat' dir='ltr'><strong>in</strong></span> <span class='ocrx_word' id='word_1_94' title='bbox 1221 1206 1328 1263; x_wconf 91' lang='lat' dir='ltr'><strong>quo</strong></span> <span class='ocrx_word' id='word_1_95' title='bbox 1359 1186 1558 1257; x_wconf 89' lang='lat' dir='ltr'><strong>templo</strong></span> <span class='ocrx_word' id='word_1_96' title='bbox 1604 1183 1695 1238; x_wconf 89' lang='lat' dir='ltr'><strong>Dei</strong></span> <span class='ocrx_word' id='word_1_97' title='bbox 1726 1181 1808 1253; x_wconf 90' lang='lat' dir='ltr'><strong>[ut</strong></span> <span class='ocrx_word' id='word_1_98' title='bbox 1837 1174 2001 1246; x_wconf 83' lang='lat' dir='ltr'><strong>Deus]</strong></span> <span class='ocrx_word' id='word_1_99' title='bbox 2048 1174 2119 1229; x_wconf 90' lang='lat' dir='ltr'><strong>sit</strong></span> 
     </span>
    </p>
   </div>
   <div class='ocr_carea' id='block_1_12' title="bbox 527 1265 2118 1357">
    <p class='ocr_par' dir='ltr' id='par_1_12' title="bbox 527 1265 2118 1357">
     <span class='ocr_line' id='line_1_13' title="bbox 527 1265 2118 1357; baseline -0.023 -1"><span class='ocrx_word' id='word_1_100' title='bbox 527 1311 777 1357; x_wconf 84' lang='lat' dir='ltr'><strong>cessurus</strong></span> <span class='ocrx_word' id='word_1_101' title='bbox 823 1295 1085 1349; x_wconf 90' lang='lat' dir='ltr'><strong>incertum</strong></span> <span class='ocrx_word' id='word_1_102' title='bbox 1138 1293 1264 1349; x_wconf 88' lang='lat' dir='ltr'><strong>est,</strong></span> <span class='ocrx_word' id='word_1_103' title='bbox 1297 1291 1474 1338; x_wconf 90' lang='lat' dir='ltr'><strong>utrum</strong></span> <span class='ocrx_word' id='word_1_104' title='bbox 1505 1278 1559 1332; x_wconf 94' lang='lat' dir='ltr'><strong>in</strong></span> <span class='ocrx_word' id='word_1_105' title='bbox 1608 1276 1696 1331; x_wconf 90' lang='lat' dir='ltr'><strong>illa</strong></span> <span class='ocrx_word' id='word_1_106' title='bbox 1727 1272 1883 1329; x_wconf 89' lang='lat' dir='ltr'><strong>ruina</strong></span> <span class='ocrx_word' id='word_1_107' title='bbox 1930 1265 2118 1334; x_wconf 89' lang='lat' dir='ltr'><strong>templi</strong></span> 
     </span>
    </p>
   </div>
   <div class='ocr_carea' id='block_1_13' title="bbox 525 1359 2116 1466">
    <p class='ocr_par' dir='ltr' id='par_1_13' title="bbox 525 1359 2116 1466">
     <span class='ocr_line' id='line_1_14' title="bbox 525 1359 2116 1466; baseline -0.024 -16"><span class='ocrx_word' id='word_1_108' title='bbox 525 1394 667 1466; x_wconf 90' lang='lat' dir='ltr'><strong>quod</strong></span> <span class='ocrx_word' id='word_1_109' title='bbox 698 1407 729 1446; x_wconf 86' lang='lat' dir='ltr'><strong>a</strong></span> <span class='ocrx_word' id='word_1_110' title='bbox 751 1388 1042 1446; x_wconf 88' lang='lat' dir='ltr'><strong>Salomone</strong></span> <span class='ocrx_word' id='word_1_111' title='bbox 1073 1395 1205 1451; x_wconf 90' lang='lat' dir='ltr'><strong>rege</strong></span> <span class='ocrx_word' id='word_1_112' title='bbox 1257 1379 1624 1434; x_wconf 89' lang='lat' dir='ltr'><strong>constructum</strong></span> <span class='ocrx_word' id='word_1_113' title='bbox 1654 1376 1738 1424; x_wconf 87' lang='lat' dir='ltr'><strong>est</strong></span> <span class='ocrx_word' id='word_1_114' title='bbox 1763 1407 1778 1434; x_wconf 96' lang='lat'><strong>,</strong></span> <span class='ocrx_word' id='word_1_115' title='bbox 1810 1379 1877 1418; x_wconf 92' lang='lat' dir='ltr'><strong>an</strong></span> <span class='ocrx_word' id='word_1_116' title='bbox 1905 1376 2036 1417; x_wconf 83' lang='lat' dir='ltr'><strong>vero</strong></span> <span class='ocrx_word' id='word_1_117' title='bbox 2063 1359 2116 1414; x_wconf 89' lang='lat' dir='ltr'><strong>in</strong></span> 
     </span>
    </p>
   </div>
   <div class='ocr_carea' id='block_1_14' title="bbox 526 1451 2122 1544">
    <p class='ocr_par' dir='ltr' id='par_1_14' title="bbox 526 1451 2122 1544">
     <span class='ocr_line' id='line_1_15' title="bbox 526 1451 2122 1544; baseline -0.024 -1"><span class='ocrx_word' id='word_1_118' title='bbox 526 1451 792 1544; x_wconf 47' lang='lat' dir='ltr'><strong>Ecclesia.</strong></span> <span class='ocrx_word' id='word_1_119' title='bbox 829 1480 946 1537; x_wconf 82' lang='lat' dir='ltr'><strong>Non</strong></span> <span class='ocrx_word' id='word_1_120' title='bbox 986 1477 1130 1534; x_wconf 84' lang='lat' dir='ltr'><strong>enim</strong></span> <span class='ocrx_word' id='word_1_121' title='bbox 1161 1471 1420 1540; x_wconf 88' lang='lat' dir='ltr'><strong>templum</strong></span> <span class='ocrx_word' id='word_1_122' title='bbox 1463 1463 1689 1533; x_wconf 82' lang='lat' dir='ltr'><strong>alicujus</strong></span> <span class='ocrx_word' id='word_1_123' title='bbox 1734 1455 1864 1513; x_wconf 92' lang='lat' dir='ltr'><strong>idoli</strong></span> <span class='ocrx_word' id='word_1_124' title='bbox 1894 1461 1985 1509; x_wconf 87' lang='lat' dir='ltr'><strong>aut</strong></span> <span class='ocrx_word' id='word_1_125' title='bbox 2010 1451 2122 1508; x_wconf 67' lang='lat' dir='ltr'><strong>da:-</strong></span> 
     </span>
    </p>
   </div>
   <div class='ocr_carea' id='block_1_15' title="bbox 527 1547 2124 1643">
    <p class='ocr_par' dir='ltr' id='par_1_15' title="bbox 527 1547 2124 1643">
     <span class='ocr_line' id='line_1_16' title="bbox 527 1547 2124 1643; baseline -0.024 -7"><span class='ocrx_word' id='word_1_126' title='bbox 527 1577 704 1637; x_wconf 86' lang='lat' dir='ltr'><strong>monis</strong></span> <span class='ocrx_word' id='word_1_127' title='bbox 743 1573 1003 1643; x_wconf 89' lang='lat' dir='ltr'><strong>templum</strong></span> <span class='ocrx_word' id='word_1_128' title='bbox 1062 1567 1160 1623; x_wconf 89' lang='lat' dir='ltr'><strong>Dei</strong></span> <span class='ocrx_word' id='word_1_129' title='bbox 1189 1561 1482 1634; x_wconf 79' lang='lat' dir='ltr'><strong>Apostolus</strong></span> <span class='ocrx_word' id='word_1_130' title='bbox 1529 1557 1778 1611; x_wconf 90' lang='lat' dir='ltr'><strong>diceret:</strong></span> <span class='ocrx_word' id='word_1_131' title='bbox 1808 1547 1949 1604; x_wconf 91' lang='lat' dir='ltr'><strong>unde</strong></span> <span class='ocrx_word' id='word_1_132' title='bbox 1989 1559 2124 1601; x_wconf 80' lang='lat' dir='ltr'><strong>non-</strong></span> 
     </span>
    </p>
   </div>
   <div class='ocr_carea' id='block_1_16' title="bbox 529 1638 2120 1736">
    <p class='ocr_par' dir='ltr' id='par_1_16' title="bbox 529 1638 2120 1736">
     <span class='ocr_line' id='line_1_17' title="bbox 529 1638 2120 1736; baseline -0.025 -8"><span class='ocrx_word' id='word_1_133' title='bbox 529 1671 660 1728; x_wconf 91' lang='lat' dir='ltr'><strong>nulli</strong></span> <span class='ocrx_word' id='word_1_134' title='bbox 686 1684 793 1724; x_wconf 92' lang='lat' dir='ltr'><strong>non</strong></span> <span class='ocrx_word' id='word_1_135' title='bbox 823 1638 998 1736; x_wconf 86' lang='lat' dir='ltr'><strong>ipsum</strong></span> <span class='ocrx_word' id='word_1_136' title='bbox 1026 1658 1353 1733; x_wconf 89' lang='lat' dir='ltr'><strong>principem,</strong></span> <span class='ocrx_word' id='word_1_137' title='bbox 1386 1651 1482 1709; x_wconf 91' lang='lat' dir='ltr'><strong>sed</strong></span> <span class='ocrx_word' id='word_1_138' title='bbox 1527 1649 1838 1704; x_wconf 90' lang='lat' dir='ltr'><strong>universum</strong></span> <span class='ocrx_word' id='word_1_139' title='bbox 1886 1638 2120 1710; x_wconf 86' lang='lat' dir='ltr'><strong>quodam</strong></span> 
     </span>
    </p>
   </div>
   <div class='ocr_carea' id='block_1_17' title="bbox 530 1728 2123 1829">
    <p class='ocr_par' dir='ltr' id='par_1_17' title="bbox 530 1728 2123 1829">
     <span class='ocr_line' id='line_1_18' title="bbox 530 1728 2123 1829; baseline -0.024 -9"><span class='ocrx_word' id='word_1_140' title='bbox 530 1761 691 1820; x_wconf 90' lang='lat' dir='ltr'><strong>modo</strong></span> <span class='ocrx_word' id='word_1_141' title='bbox 718 1728 913 1829; x_wconf 76' lang='lat' dir='ltr'><strong>corpus</strong></span> <span class='ocrx_word' id='word_1_142' title='bbox 942 1728 1084 1827; x_wconf 76' lang='lat' dir='ltr'><strong>ejus,</strong></span> <span class='ocrx_word' id='word_1_143' title='bbox 1109 1751 1163 1806; x_wconf 93' lang='lat' dir='ltr'><strong>id</strong></span> <span class='ocrx_word' id='word_1_144' title='bbox 1189 1758 1272 1806; x_wconf 92' lang='lat' dir='ltr'><strong>est</strong></span> <span class='ocrx_word' id='word_1_145' title='bbox 1295 1747 1360 1801; x_wconf 90' lang='lat' dir='ltr'><strong>ad</strong></span> <span class='ocrx_word' id='word_1_146' title='bbox 1402 1757 1528 1800; x_wconf 91' lang='lat' dir='ltr'><strong>eum</strong></span> <span class='ocrx_word' id='word_1_147' title='bbox 1558 1738 1914 1812; x_wconf 87' lang='lat' dir='ltr'><strong>pertinentem</strong></span> <span class='ocrx_word' id='word_1_148' title='bbox 1948 1728 2123 1786; x_wconf 83' lang='lat' dir='ltr'><strong>homi-</strong></span> 
     </span>
    </p>
   </div>
   <div class='ocr_carea' id='block_1_18' title="bbox 532 1821 2125 1916">
    <p class='ocr_par' dir='ltr' id='par_1_18' title="bbox 532 1821 2125 1916">
     <span class='ocr_line' id='line_1_19' title="bbox 532 1821 2125 1916; baseline -0.026 -2"><span class='ocrx_word' id='word_1_149' title='bbox 532 1873 664 1916; x_wconf 92' lang='lat' dir='ltr'><strong>num</strong></span> <span class='ocrx_word' id='word_1_150' title='bbox 733 1847 1130 1908; x_wconf 86' lang='lat' dir='ltr'><strong>multitudinem</strong></span> <span class='ocrx_word' id='word_1_151' title='bbox 1168 1839 1328 1896; x_wconf 85' lang='lat' dir='ltr'><strong>simul</strong></span> <span class='ocrx_word' id='word_1_152' title='bbox 1383 1849 1506 1892; x_wconf 89' lang='lat' dir='ltr'><strong>cum</strong></span> <span class='ocrx_word' id='word_1_153' title='bbox 1550 1833 1669 1903; x_wconf 89' lang='lat' dir='ltr'><strong>ipso</strong></span> <span class='ocrx_word' id='word_1_154' title='bbox 1715 1842 1816 1884; x_wconf 92' lang='lat' dir='ltr'><strong>suo</strong></span> <span class='ocrx_word' id='word_1_155' title='bbox 1861 1821 2125 1896; x_wconf 88' lang='lat' dir='ltr'><strong>principe,</strong></span> 
     </span>
    </p>
   </div>
   <div class='ocr_carea' id='block_1_19' title="bbox 2210 590 3780 677">
    <p class='ocr_par' dir='ltr' id='par_1_19' title="bbox 2210 590 3780 677">
     <span class='ocr_line' id='line_1_20' title="bbox 2210 590 3780 677; baseline -0.013 -9"><span class='ocrx_word' id='word_1_156' title='bbox 2210 611 2417 670; x_wconf 90' lang='lat' dir='ltr'><strong>naciter</strong></span> <span class='ocrx_word' id='word_1_157' title='bbox 2461 612 2810 677; x_wconf 79' lang='lat' dir='ltr'><strong>perseverent</strong></span> <span class='ocrx_word' id='word_1_158' title='bbox 2838 599 3089 664; x_wconf 92' lang='lat' dir='ltr'><strong>dicendo,</strong></span> <span class='ocrx_word' id='word_1_159' title='bbox 3120 596 3348 651; x_wconf 86' lang='lat' dir='ltr'><strong>Tantum</strong></span> <span class='ocrx_word' id='word_1_160' title='bbox 3380 590 3472 663; x_wconf 88' lang='lat' dir='ltr'><strong>qui</strong></span> <span class='ocrx_word' id='word_1_161' title='bbox 3523 592 3686 645; x_wconf 89' lang='lat' dir='ltr'><strong>modo</strong></span> <span class='ocrx_word' id='word_1_162' title='bbox 3724 600 3780 647; x_wconf 82' lang='lat' dir='ltr'><strong>tc-</strong></span> 
     </span>
    </p>
   </div>
   <div class='ocr_carea' id='block_1_20' title="bbox 2211 687 3779 773">
    <p class='ocr_par' dir='ltr' id='par_1_20' title="bbox 2211 687 3779 773">
     <span class='ocr_line' id='line_1_21' title="bbox 2211 687 3779 773; baseline -0.017 -10"><span class='ocrx_word' id='word_1_163' title='bbox 2211 717 2326 773; x_wconf 91' lang='lat' dir='ltr'><strong>net,</strong></span> <span class='ocrx_word' id='word_1_164' title='bbox 2359 712 2540 760; x_wconf 87' lang='lat' dir='ltr'><strong>teneat</strong></span> <span class='ocrx_word' id='word_1_165' title='bbox 2561 702 2733 756; x_wconf 90' lang='lat' dir='ltr'><strong>donec</strong></span> <span class='ocrx_word' id='word_1_166' title='bbox 2757 698 2823 752; x_wconf 92' lang='lat' dir='ltr'><strong>de</strong></span> <span class='ocrx_word' id='word_1_167' title='bbox 2847 695 3023 750; x_wconf 88' lang='lat' dir='ltr'><strong>medio</strong></span> <span class='ocrx_word' id='word_1_168' title='bbox 3053 694 3162 758; x_wconf 86' lang='lat' dir='ltr'><strong>liat,</strong></span> <span class='ocrx_word' id='word_1_169' title='bbox 3195 690 3297 743; x_wconf 89' lang='lat' dir='ltr'><strong>hoc</strong></span> <span class='ocrx_word' id='word_1_170' title='bbox 3319 698 3424 754; x_wconf 89' lang='lat' dir='ltr'><strong>est,</strong></span> <span class='ocrx_word' id='word_1_171' title='bbox 3448 687 3630 740; x_wconf 83' lang='lat' dir='ltr'><strong>donec</strong></span> <span class='ocrx_word' id='word_1_172' title='bbox 3649 694 3779 739; x_wconf 80' lang='lat' dir='ltr'><strong>exeat</strong></span> 
     </span>
    </p>
   </div>
   <div class='ocr_carea' id='block_1_21' title="bbox 2212 776 3780 861">
    <p class='ocr_par' dir='ltr' id='par_1_21' title="bbox 2212 776 3780 861">
     <span class='ocr_line' id='line_1_22' title="bbox 2212 776 3780 861; baseline -0.017 -4"><span class='ocrx_word' id='word_1_173' title='bbox 2212 803 2282 858; x_wconf 88' lang='lat' dir='ltr'><strong>de</strong></span> <span class='ocrx_word' id='word_1_174' title='bbox 2307 799 2486 854; x_wconf 88' lang='lat' dir='ltr'><strong>medio</strong></span> <span class='ocrx_word' id='word_1_175' title='bbox 2516 793 2775 851; x_wconf 64' lang='lat' dir='ltr'><strong>Ecclesia:</strong></span> <span class='ocrx_word' id='word_1_176' title='bbox 2791 789 3106 861; x_wconf 88' lang='lat' dir='ltr'><strong>mysterium</strong></span> <span class='ocrx_word' id='word_1_177' title='bbox 3131 781 3456 854; x_wconf 85' lang='lat' dir='ltr'><strong>iniquitatis,</strong></span> <span class='ocrx_word' id='word_1_178' title='bbox 3491 776 3634 848; x_wconf 87' lang='lat' dir='ltr'><strong>quod</strong></span> <span class='ocrx_word' id='word_1_179' title='bbox 3667 789 3780 831; x_wconf 83' lang='lat' dir='ltr'><strong>nunc</strong></span> 
     </span>
    </p>
   </div>
   <div class='ocr_carea' id='block_1_22' title="bbox 2216 873 3780 956">
    <p class='ocr_par' dir='ltr' id='par_1_22' title="bbox 2216 873 3780 956">
     <span class='ocr_line' id='line_1_23' title="bbox 2216 873 3780 956; baseline -0.015 -7"><span class='ocrx_word' id='word_1_180' title='bbox 2216 893 2484 949; x_wconf 89' lang='lat' dir='ltr'><strong>occultum</strong></span> <span class='ocrx_word' id='word_1_181' title='bbox 2516 899 2617 946; x_wconf 90' lang='lat' dir='ltr'><strong>est.</strong></span> <span class='ocrx_word' id='word_1_182' title='bbox 2651 888 2729 943; x_wconf 89' lang='lat' dir='ltr'><strong>Ad</strong></span> <span class='ocrx_word' id='word_1_183' title='bbox 2781 887 2954 956; x_wconf 89' lang='lat' dir='ltr'><strong>ipsum</strong></span> <span class='ocrx_word' id='word_1_184' title='bbox 2984 881 3128 937; x_wconf 89' lang='lat' dir='ltr'><strong>enim</strong></span> <span class='ocrx_word' id='word_1_185' title='bbox 3179 875 3502 949; x_wconf 85' lang='lat' dir='ltr'><strong>mysterium</strong></span> <span class='ocrx_word' id='word_1_186' title='bbox 3539 873 3780 940; x_wconf 82' lang='lat' dir='ltr'><strong>pertinere</strong></span> 
     </span>
    </p>
   </div>
   <div class='ocr_carea' id='block_1_23' title="bbox 2218 961 3759 1050">
    <p class='ocr_par' dir='ltr' id='par_1_23' title="bbox 2218 961 3759 1050">
     <span class='ocr_line' id='line_1_24' title="bbox 2218 961 3759 1050; baseline -0.018 -9"><span class='ocrx_word' id='word_1_187' title='bbox 2218 986 2574 1049; x_wconf 83' lang='lat' dir='ltr'><strong>arbitrantur,</strong></span> <span class='ocrx_word' id='word_1_188' title='bbox 2607 979 2750 1050; x_wconf 92' lang='lat' dir='ltr'><strong>quod</strong></span> <span class='ocrx_word' id='word_1_189' title='bbox 2789 977 2863 1031; x_wconf 89' lang='lat' dir='ltr'><strong>ait</strong></span> <span class='ocrx_word' id='word_1_190' title='bbox 2890 977 2942 1030; x_wconf 89' lang='lat' dir='ltr'><strong>in</strong></span> <span class='ocrx_word' id='word_1_191' title='bbox 2973 970 3209 1042; x_wconf 81' lang='lat' dir='ltr'><strong>Epistula</strong></span> <span class='ocrx_word' id='word_1_192' title='bbox 3233 983 3327 1023; x_wconf 82' lang='lat' dir='ltr'><strong>sua</strong></span> <span class='ocrx_word' id='word_1_193' title='bbox 3358 965 3605 1021; x_wconf 81' lang='lat' dir='ltr'><strong>Joannes</strong></span> <span class='ocrx_word' id='word_1_194' title='bbox 3634 961 3759 1015; x_wconf 81' lang='lat' dir='ltr'><strong>Evan</strong></span> 
     </span>
    </p>
   </div>
   <div class='ocr_carea' id='block_1_24' title="bbox 2220 1053 3778 1147">
    <p class='ocr_par' dir='ltr' id='par_1_24' title="bbox 2220 1053 3778 1147">
     <span class='ocr_line' id='line_1_25' title="bbox 2220 1053 3778 1147; baseline -0.015 -16"><span class='ocrx_word' id='word_1_195' title='bbox 2220 1077 2409 1147; x_wconf 86' lang='lat' dir='ltr'><strong>gelista</strong></span> <span class='ocrx_word' id='word_1_196' title='bbox 2436 1091 2450 1128; x_wconf 88' lang='lat'><strong>:</strong></span> <span class='ocrx_word' id='word_1_197' title='bbox 2486 1073 2661 1138; x_wconf 81' lang='lat' dir='ltr'><strong>Pueri,</strong></span> <span class='ocrx_word' id='word_1_198' title='bbox 2696 1067 2985 1125; x_wconf 64' lang='lat' dir='ltr'><strong>noxissima</strong></span> <span class='ocrx_word' id='word_1_199' title='bbox 3018 1065 3147 1118; x_wconf 91' lang='lat' dir='ltr'><strong>hora</strong></span> <span class='ocrx_word' id='word_1_200' title='bbox 3181 1069 3294 1128; x_wconf 88' lang='lat' dir='ltr'><strong>est,</strong></span> <span class='ocrx_word' id='word_1_201' title='bbox 3326 1068 3381 1115; x_wconf 89' lang='lat' dir='ltr'><strong>et</strong></span> <span class='ocrx_word' id='word_1_202' title='bbox 3409 1059 3558 1113; x_wconf 87' lang='lat' dir='ltr'><strong>sicut</strong></span> <span class='ocrx_word' id='word_1_203' title='bbox 3591 1053 3778 1109; x_wconf 82' lang='lat' dir='ltr'><strong>audistis</strong></span> 
     </span>
    </p>
   </div>
   <div class='ocr_carea' id='block_1_25' title="bbox 2223 1150 3777 1241">
    <p class='ocr_par' dir='ltr' id='par_1_25' title="bbox 2223 1150 3777 1241">
     <span class='ocr_line' id='line_1_26' title="bbox 2223 1150 3777 1241; baseline -0.016 -14"><span class='ocrx_word' id='word_1_204' title='bbox 2223 1169 2366 1241; x_wconf 89' lang='lat' dir='ltr'><strong>quod</strong></span> <span class='ocrx_word' id='word_1_205' title='bbox 2396 1167 2757 1225; x_wconf 85' lang='lat' dir='ltr'><strong>Antichristus</strong></span> <span class='ocrx_word' id='word_1_206' title='bbox 2791 1163 2861 1220; x_wconf 90' lang='lat' dir='ltr'><strong>sit</strong></span> <span class='ocrx_word' id='word_1_207' title='bbox 2888 1170 3174 1226; x_wconf 85' lang='lat' dir='ltr'><strong>venturus,</strong></span> <span class='ocrx_word' id='word_1_208' title='bbox 3225 1170 3370 1212; x_wconf 92' lang='lat' dir='ltr'><strong>nunc</strong></span> <span class='ocrx_word' id='word_1_209' title='bbox 3418 1161 3609 1208; x_wconf 86' lang='lat' dir='ltr'><strong>autem</strong></span> <span class='ocrx_word' id='word_1_210' title='bbox 3661 1150 3777 1204; x_wconf 79' lang='lat' dir='ltr'><strong>Anti-</strong></span> 
     </span>
    </p>
   </div>
   <div class='ocr_carea' id='block_1_26' title="bbox 2224 1243 3776 1322">
    <p class='ocr_par' dir='ltr' id='par_1_26' title="bbox 2224 1243 3776 1322">
     <span class='ocr_line' id='line_1_27' title="bbox 2224 1243 3776 1322; baseline -0.014 -3"><span class='ocrx_word' id='word_1_211' title='bbox 2224 1263 2413 1319; x_wconf 85' lang='lat' dir='ltr'><strong>cbristi</strong></span> <span class='ocrx_word' id='word_1_212' title='bbox 2467 1261 2616 1317; x_wconf 91' lang='lat' dir='ltr'><strong>multi</strong></span> <span class='ocrx_word' id='word_1_213' title='bbox 2671 1258 2801 1313; x_wconf 79' lang='lat' dir='ltr'><strong>iacti</strong></span> <span class='ocrx_word' id='word_1_214' title='bbox 2852 1264 3013 1322; x_wconf 88' lang='lat' dir='ltr'><strong>sunt,</strong></span> <span class='ocrx_word' id='word_1_215' title='bbox 3047 1253 3189 1308; x_wconf 88' lang='lat' dir='ltr'><strong>unde</strong></span> <span class='ocrx_word' id='word_1_216' title='bbox 3242 1248 3621 1319; x_wconf 79' lang='lat' dir='ltr'><strong>cognoscimus</strong></span> <span class='ocrx_word' id='word_1_217' title='bbox 3667 1243 3776 1314; x_wconf 85' lang='lat' dir='ltr'><strong>quod</strong></span> 
     </span>
    </p>
   </div>
   <div class='ocr_carea' id='block_1_27' title="bbox 2225 1341 3777 1418">
    <p class='ocr_par' dir='ltr' id='par_1_27' title="bbox 2225 1341 3777 1418">
     <span class='ocr_line' id='line_1_28' title="bbox 2225 1341 3777 1418; baseline -0.014 -5"><span class='ocrx_word' id='word_1_218' title='bbox 2225 1356 2518 1414; x_wconf 90' lang='lat' dir='ltr'><strong>novissima</strong></span> <span class='ocrx_word' id='word_1_219' title='bbox 2543 1356 2611 1410; x_wconf 90' lang='lat' dir='ltr'><strong>sit</strong></span> <span class='ocrx_word' id='word_1_220' title='bbox 2637 1354 2789 1418; x_wconf 90' lang='lat' dir='ltr'><strong>hora,</strong></span> <span class='ocrx_word' id='word_1_221' title='bbox 2820 1367 2887 1407; x_wconf 86' lang='lat' dir='ltr'><strong>ex</strong></span> <span class='ocrx_word' id='word_1_222' title='bbox 2929 1349 3083 1404; x_wconf 90' lang='lat' dir='ltr'><strong>nobis</strong></span> <span class='ocrx_word' id='word_1_223' title='bbox 3107 1347 3373 1409; x_wconf 87' lang='lat' dir='ltr'><strong>exierunt,</strong></span> <span class='ocrx_word' id='word_1_224' title='bbox 3407 1341 3510 1397; x_wconf 90' lang='lat' dir='ltr'><strong>sed</strong></span> <span class='ocrx_word' id='word_1_225' title='bbox 3542 1355 3642 1396; x_wconf 90' lang='lat' dir='ltr'><strong>non</strong></span> <span class='ocrx_word' id='word_1_226' title='bbox 3665 1347 3777 1394; x_wconf 85' lang='lat' dir='ltr'><strong>erant</strong></span> 
     </span>
    </p>
   </div>
   <div class='ocr_carea' id='block_1_28' title="bbox 2227 1433 3776 1517">
    <p class='ocr_par' dir='ltr' id='par_1_28' title="bbox 2227 1433 3776 1517">
     <span class='ocr_line' id='line_1_29' title="bbox 2227 1433 3776 1517; baseline -0.016 -10"><span class='ocrx_word' id='word_1_227' title='bbox 2227 1466 2293 1507; x_wconf 83' lang='lat' dir='ltr'><strong>ex</strong></span> <span class='ocrx_word' id='word_1_228' title='bbox 2325 1449 2517 1514; x_wconf 91' lang='lat' dir='ltr'><strong>nobis;</strong></span> <span class='ocrx_word' id='word_1_229' title='bbox 2548 1447 2691 1517; x_wconf 92' lang='lat' dir='ltr'><strong>quod</strong></span> <span class='ocrx_word' id='word_1_230' title='bbox 2738 1445 2785 1501; x_wconf 87' lang='lat' dir='ltr'><strong>si</strong></span> <span class='ocrx_word' id='word_1_231' title='bbox 2817 1444 3047 1498; x_wconf 79' lang='lat' dir='ltr'><strong>fuissent</strong></span> <span class='ocrx_word' id='word_1_232' title='bbox 3075 1454 3140 1494; x_wconf 93' lang='lat' dir='ltr'><strong>ex</strong></span> <span class='ocrx_word' id='word_1_233' title='bbox 3172 1439 3327 1493; x_wconf 83' lang='lat' dir='ltr'><strong>nobis</strong></span> <span class='ocrx_word' id='word_1_234' title='bbox 3349 1477 3364 1503; x_wconf 94' lang='lat'><strong>,</strong></span> <span class='ocrx_word' id='word_1_235' title='bbox 3389 1433 3776 1505; x_wconf 83' lang='lat' dir='ltr'><strong>permansissent</strong></span> 
     </span>
    </p>
   </div>
   <div class='ocr_carea' id='block_1_29' title="bbox 2199 1522 3778 1613">
    <p class='ocr_par' dir='ltr' id='par_1_29' title="bbox 2199 1522 3778 1613">
     <span class='ocr_line' id='line_1_30' title="bbox 2199 1522 3778 1613; baseline -0.016 -15"><span class='ocrx_word' id='word_1_236' title='bbox 2199 1539 2205 1544; x_wconf 82' lang='grc'><em>’</em></span> <span class='ocrx_word' id='word_1_237' title='bbox 2230 1543 2416 1613; x_wconf 89' lang='lat' dir='ltr'><strong>utique</strong></span> <span class='ocrx_word' id='word_1_238' title='bbox 2450 1540 2749 1595; x_wconf 90' lang='lat' dir='ltr'><strong>nobiscum.</strong></span> <span class='ocrx_word' id='word_1_239' title='bbox 2779 1536 2928 1592; x_wconf 82' lang='lat' dir='ltr'><strong>Sicut</strong></span> <span class='ocrx_word' id='word_1_240' title='bbox 2953 1547 3082 1604; x_wconf 89' lang='lat' dir='ltr'><strong>ergo</strong></span> <span class='ocrx_word' id='word_1_241' title='bbox 3110 1541 3234 1586; x_wconf 88' lang='lat' dir='ltr'><strong>ante</strong></span> <span class='ocrx_word' id='word_1_242' title='bbox 3257 1528 3420 1583; x_wconf 83' lang='lat' dir='ltr'><strong>ﬁnem</strong></span> <span class='ocrx_word' id='word_1_243' title='bbox 3451 1526 3513 1580; x_wconf 90' lang='lat' dir='ltr'><strong>in</strong></span> <span class='ocrx_word' id='word_1_244' title='bbox 3541 1524 3634 1578; x_wconf 88' lang='lat' dir='ltr'><strong>hac</strong></span> <span class='ocrx_word' id='word_1_245' title='bbox 3659 1522 3778 1586; x_wconf 78' lang='lat' dir='ltr'><strong>liora,</strong></span> 
     </span>
    </p>
   </div>
   <div class='ocr_carea' id='block_1_30' title="bbox 2230 1615 3779 1703">
    <p class='ocr_par' dir='ltr' id='par_1_30' title="bbox 2230 1615 3779 1703">
     <span class='ocr_line' id='line_1_31' title="bbox 2230 1615 3779 1703; baseline -0.015 -14"><span class='ocrx_word' id='word_1_246' title='bbox 2230 1633 2499 1703; x_wconf 88' lang='lat' dir='ltr'><strong>inquiunt,</strong></span> <span class='ocrx_word' id='word_1_247' title='bbox 2533 1643 2693 1700; x_wconf 88' lang='lat' dir='ltr'><strong>quam</strong></span> <span class='ocrx_word' id='word_1_248' title='bbox 2729 1627 2963 1682; x_wconf 85' lang='lat' dir='ltr'><strong>Joannes</strong></span> <span class='ocrx_word' id='word_1_249' title='bbox 3004 1622 3354 1678; x_wconf 81' lang='lat' dir='ltr'><strong>novissimam</strong></span> <span class='ocrx_word' id='word_1_250' title='bbox 3395 1617 3553 1683; x_wconf 88' lang='lat' dir='ltr'><strong>dicit,</strong></span> <span class='ocrx_word' id='word_1_251' title='bbox 3581 1615 3779 1671; x_wconf 84' lang='lat' dir='ltr'><strong>exierunt</strong></span> 
     </span>
    </p>
   </div>
   <div class='ocr_carea' id='block_1_31' title="bbox 2233 1706 3780 1784">
    <p class='ocr_par' dir='ltr' id='par_1_31' title="bbox 2233 1706 3780 1784">
     <span class='ocr_line' id='line_1_32' title="bbox 2233 1706 3780 1784; baseline -0.014 -3"><span class='ocrx_word' id='word_1_252' title='bbox 2233 1726 2387 1781; x_wconf 92' lang='lat' dir='ltr'><strong>multi</strong></span> <span class='ocrx_word' id='word_1_253' title='bbox 2415 1723 2650 1778; x_wconf 60' lang='lat' dir='ltr'><strong>haeretici</strong></span> <span class='ocrx_word' id='word_1_254' title='bbox 2682 1722 2750 1777; x_wconf 91' lang='lat' dir='ltr'><strong>de</strong></span> <span class='ocrx_word' id='word_1_255' title='bbox 2779 1719 2956 1776; x_wconf 90' lang='lat' dir='ltr'><strong>medio</strong></span> <span class='ocrx_word' id='word_1_256' title='bbox 2983 1715 3264 1783; x_wconf 64' lang='lat' dir='ltr'><strong>Ecclesiae,</strong></span> <span class='ocrx_word' id='word_1_257' title='bbox 3299 1728 3436 1784; x_wconf 90' lang='lat' dir='ltr'><strong>quos</strong></span> <span class='ocrx_word' id='word_1_258' title='bbox 3468 1710 3655 1766; x_wconf 79' lang='lat' dir='ltr'><strong>multos</strong></span> <span class='ocrx_word' id='word_1_259' title='bbox 3683 1706 3780 1761; x_wconf 82' lang='lat' dir='ltr'><strong>dicit</strong></span> 
     </span>
    </p>
   </div>
   <div class='ocr_carea' id='block_1_32' title="bbox 2235 1803 3778 1882">
    <p class='ocr_par' dir='ltr' id='par_1_32' title="bbox 2235 1803 3778 1882">
     <span class='ocr_line' id='line_1_33' title="bbox 2235 1803 3778 1882; baseline -0.018 -4"><span class='ocrx_word' id='word_1_260' title='bbox 2235 1819 2603 1878; x_wconf 86' lang='lat' dir='ltr'><strong>Antichristos</strong></span> <span class='ocrx_word' id='word_1_261' title='bbox 2626 1857 2641 1882; x_wconf 95' lang='lat'><strong>,</strong></span> <span class='ocrx_word' id='word_1_262' title='bbox 2675 1818 2747 1870; x_wconf 92' lang='lat' dir='ltr'><strong>ita</strong></span> <span class='ocrx_word' id='word_1_263' title='bbox 2789 1828 2977 1868; x_wconf 87' lang='lat' dir='ltr'><strong>omnes</strong></span> <span class='ocrx_word' id='word_1_264' title='bbox 3009 1819 3136 1865; x_wconf 92' lang='lat' dir='ltr'><strong>tunc</strong></span> <span class='ocrx_word' id='word_1_265' title='bbox 3164 1811 3287 1863; x_wconf 88' lang='lat' dir='ltr'><strong>inde</strong></span> <span class='ocrx_word' id='word_1_266' title='bbox 3317 1807 3542 1861; x_wconf 89' lang='lat' dir='ltr'><strong>exibunt</strong></span> <span class='ocrx_word' id='word_1_267' title='bbox 3577 1803 3660 1870; x_wconf 92' lang='lat' dir='ltr'><strong>qui</strong></span> <span class='ocrx_word' id='word_1_268' title='bbox 3698 1813 3778 1852; x_wconf 83' lang='lat' dir='ltr'><strong>non</strong></span> 
     </span>
    </p>
   </div>
   <div class='ocr_carea' id='block_1_33' title="bbox 532 1893 3777 2011">
    <p class='ocr_par' dir='ltr' id='par_1_33' title="bbox 532 1893 3777 2011">
     <span class='ocr_line' id='line_1_34' title="bbox 533 1893 1878 1916; baseline -0.026 -2"><span class='ocrx_word' id='word_1_269' title='bbox 533 1893 664 1916; x_wconf 74' lang='grc' dir='ltr'><strong>..υιιι</strong></span> <span class='ocrx_word' id='word_1_270' title='bbox 733 1893 1130 1908; x_wconf 73' lang='grc' dir='ltr'><strong>...υ......--.--..-</strong></span> <span class='ocrx_word' id='word_1_271' title='bbox 1574 1893 1587 1903; x_wconf 90' lang='lat'>_</span> <span class='ocrx_word' id='word_1_272' title='bbox 1864 1893 1878 1896; x_wconf 84' lang='lat'>_</span> 
     </span>
     <span class='ocr_line' id='line_1_35' title="bbox 532 1893 3777 2011; baseline -0.021 1"><span class='ocrx_word' id='word_1_273' title='bbox 532 1953 641 2008; x_wconf 83' lang='lat' dir='ltr'><strong>hoc</strong></span> <span class='ocrx_word' id='word_1_274' title='bbox 670 1950 790 2004; x_wconf 85' lang='lat' dir='ltr'><strong>loco</strong></span> <span class='ocrx_word' id='word_1_275' title='bbox 818 1939 1043 2011; x_wconf 71' lang='lat' dir='ltr'><strong>intelligi</strong></span> <span class='ocrx_word' id='word_1_276' title='bbox 1101 1932 1494 1991; x_wconf 77' lang='lat' dir='ltr'><strong>Antichrismm</strong></span> <span class='ocrx_word' id='word_1_277' title='bbox 1566 1923 1751 1980; x_wconf 71' lang='lat' dir='ltr'><strong>Volunt</strong></span> <span class='ocrx_word' id='word_1_278' title='bbox 1774 1961 1790 1988; x_wconf 87' lang='lat'><strong>,</strong></span> <span class='ocrx_word' id='word_1_279' title='bbox 1822 1915 2130 1975; x_wconf 73' lang='lat' dir='ltr'><strong>rectiusque</strong></span> <span class='ocrx_word' id='word_1_280' title='bbox 2161 1909 2213 1970; x_wconf 84' lang='lat' dir='ltr'><strong>B</strong></span> <span class='ocrx_word' id='word_1_281' title='bbox 2236 1911 2306 1968; x_wconf 88' lang='lat' dir='ltr'><strong>ad</strong></span> <span class='ocrx_word' id='word_1_282' title='bbox 2332 1911 2604 1965; x_wconf 83' lang='lat' dir='ltr'><strong>Christum</strong></span> <span class='ocrx_word' id='word_1_283' title='bbox 2626 1949 2640 1974; x_wconf 97' lang='lat'><strong>,</strong></span> <span class='ocrx_word' id='word_1_284' title='bbox 2674 1905 2770 1962; x_wconf 90' lang='lat' dir='ltr'><strong>sed</strong></span> <span class='ocrx_word' id='word_1_285' title='bbox 2787 1905 2851 1959; x_wconf 88' lang='lat' dir='ltr'><strong>ad</strong></span> <span class='ocrx_word' id='word_1_286' title='bbox 2883 1903 3031 1958; x_wconf 91' lang='lat' dir='ltr'><strong>illum</strong></span> <span class='ocrx_word' id='word_1_287' title='bbox 3053 1900 3408 1956; x_wconf 87' lang='lat' dir='ltr'><strong>novissimum</strong></span> <span class='ocrx_word' id='word_1_288' title='bbox 3436 1893 3777 1950; x_wconf 85' lang='lat' dir='ltr'><strong>Antichristum</strong></span> 
     </span>
     <span class='ocr_line' id='line_1_36' title="bbox 2363 1985 3777 2011; baseline -0.023 32"><span class='ocrx_word' id='word_1_289' title='bbox 2363 2005 2373 2011; x_wconf 69' lang='grc'><strong><em>⁸</em></strong></span> <span class='ocrx_word' id='word_1_290' title='bbox 2453 2003 2464 2011; x_wconf 87' lang='grc'><strong><em>“</em></strong></span> <span class='ocrx_word' id='word_1_291' title='bbox 2664 2009 2670 2011; x_wconf 65' lang='lat'><em>‘</em></span> <span class='ocrx_word' id='word_1_292' title='bbox 2711 2010 2716 2011; x_wconf 53' lang='lat'>’</span> <span class='ocrx_word' id='word_1_293' title='bbox 2996 1997 3008 2011; x_wconf 86' lang='lat'>&#39;</span> <span class='ocrx_word' id='word_1_294' title='bbox 3050 1996 3061 2011; x_wconf 87' lang='lat'>&#39;</span> <span class='ocrx_word' id='word_1_295' title='bbox 3086 1997 3119 2011; x_wconf 53' lang='grc' dir='ltr'><strong>’λ</strong></span> <span class='ocrx_word' id='word_1_296' title='bbox 3181 2010 3184 2011; x_wconf 53' lang='grc' dir='ltr'><em>ν</em></span> <span class='ocrx_word' id='word_1_297' title='bbox 3254 1993 3271 2011; x_wconf 80' lang='grc' dir='ltr'>ι</span> <span class='ocrx_word' id='word_1_298' title='bbox 3293 1992 3326 2011; x_wconf 69' lang='grc' dir='ltr'>ιε</span> <span class='ocrx_word' id='word_1_299' title='bbox 3353 2007 3392 2011; x_wconf 49' lang='grc' dir='ltr'><strong>ς-</strong></span> <span class='ocrx_word' id='word_1_300' title='bbox 3422 2005 3534 2011; x_wconf 83' lang='grc'><strong>----</strong></span> <span class='ocrx_word' id='word_1_301' title='bbox 3565 1988 3634 2011; x_wconf 83' lang='lat'><strong>-:..</strong></span> <span class='ocrx_word' id='word_1_302' title='bbox 3673 1985 3777 2011; x_wconf 66' lang='grc' dir='ltr'><strong>ηιξ...</strong></span> 
     </span>
    </p>
   </div>
   <div class='ocr_carea' id='block_1_34' title="bbox 533 2007 2134 2118">
    <p class='ocr_par' dir='ltr' id='par_1_34' title="bbox 533 2007 2134 2118">
     <span class='ocr_line' id='line_1_37' title="bbox 533 2007 2134 2118; baseline -0.026 -17"><span class='ocrx_word' id='word_1_303' title='bbox 533 2053 729 2118; x_wconf 86' lang='lat' dir='ltr'><strong>putant</strong></span> <span class='ocrx_word' id='word_1_304' title='bbox 749 2039 911 2096; x_wconf 90' lang='lat' dir='ltr'><strong>etiam</strong></span> <span class='ocrx_word' id='word_1_305' title='bbox 957 2007 1146 2090; x_wconf 72' lang='lat' dir='ltr'><strong>Latine</strong></span> <span class='ocrx_word' id='word_1_306' title='bbox 1175 2027 1281 2083; x_wconf 90' lang='lat' dir='ltr'><strong>dici</strong></span> <span class='ocrx_word' id='word_1_307' title='bbox 1323 2025 1460 2080; x_wconf 90' lang='lat' dir='ltr'><strong>sicut</strong></span> <span class='ocrx_word' id='word_1_308' title='bbox 1505 2021 1560 2076; x_wconf 87' lang='lat' dir='ltr'><strong>in</strong></span> <span class='ocrx_word' id='word_1_309' title='bbox 1589 2016 1780 2074; x_wconf 64' lang='lat' dir='ltr'><strong>Graeco</strong></span> <span class='ocrx_word' id='word_1_310' title='bbox 1807 2019 1911 2077; x_wconf 88' lang='lat' dir='ltr'><strong>est,</strong></span> <span class='ocrx_word' id='word_1_311' title='bbox 1943 2023 2050 2064; x_wconf 90' lang='lat' dir='ltr'><strong>non</strong></span> <span class='ocrx_word' id='word_1_312' title='bbox 2080 2007 2134 2060; x_wconf 91' lang='lat' dir='ltr'><strong>in</strong></span> 
     </span>
    </p>
   </div>
   <div class='ocr_carea' id='block_1_35' title="bbox 539 2109 2131 2209">
    <p class='ocr_par' dir='ltr' id='par_1_35' title="bbox 539 2109 2131 2209">
     <span class='ocr_line' id='line_1_38' title="bbox 539 2109 2131 2209; baseline -0.028 -12"><span class='ocrx_word' id='word_1_313' title='bbox 539 2109 743 2209; x_wconf 65' lang='lat' dir='ltr'><strong>iemplo</strong></span> <span class='ocrx_word' id='word_1_314' title='bbox 775 2132 902 2199; x_wconf 89' lang='lat' dir='ltr'><strong>Dei,</strong></span> <span class='ocrx_word' id='word_1_315' title='bbox 951 2128 1047 2185; x_wconf 86' lang='lat' dir='ltr'><strong>sed</strong></span> <span class='ocrx_word' id='word_1_316' title='bbox 1093 2127 1150 2181; x_wconf 90' lang='lat' dir='ltr'><strong>in</strong></span> <span class='ocrx_word' id='word_1_317' title='bbox 1182 2120 1443 2191; x_wconf 89' lang='lat' dir='ltr'><strong>templum</strong></span> <span class='ocrx_word' id='word_1_318' title='bbox 1490 2114 1585 2169; x_wconf 94' lang='lat' dir='ltr'><strong>Dei</strong></span> <span class='ocrx_word' id='word_1_319' title='bbox 1615 2109 1827 2174; x_wconf 85' lang='lat' dir='ltr'><strong>sedeat,</strong></span> <span class='ocrx_word' id='word_1_320' title='bbox 1879 2112 2131 2172; x_wconf 89' lang='lat' dir='ltr'><strong>tanquam</strong></span> 
     </span>
    </p>
   </div>
   <div class='ocr_carea' id='block_1_36' title="bbox 538 2194 2135 2302">
    <p class='ocr_par' dir='ltr' id='par_1_36' title="bbox 538 2194 2135 2302">
     <span class='ocr_line' id='line_1_39' title="bbox 538 2194 2135 2302; baseline -0.027 -13"><span class='ocrx_word' id='word_1_321' title='bbox 538 2194 744 2302; x_wconf 48' lang='lat' dir='ltr'><strong>ipse-sit</strong></span> <span class='ocrx_word' id='word_1_322' title='bbox 775 2194 1032 2294; x_wconf 83' lang='lat' dir='ltr'><strong>templum</strong></span> <span class='ocrx_word' id='word_1_323' title='bbox 1063 2218 1159 2273; x_wconf 91' lang='lat' dir='ltr'><strong>Dei</strong></span> <span class='ocrx_word' id='word_1_324' title='bbox 1186 2255 1203 2282; x_wconf 94' lang='lat'><strong>,</strong></span> <span class='ocrx_word' id='word_1_325' title='bbox 1245 2211 1390 2284; x_wconf 90' lang='lat' dir='ltr'><strong>quod</strong></span> <span class='ocrx_word' id='word_1_326' title='bbox 1420 2215 1505 2265; x_wconf 89' lang='lat' dir='ltr'><strong>est</strong></span> <span class='ocrx_word' id='word_1_327' title='bbox 1534 2201 1797 2266; x_wconf 86' lang='lat' dir='ltr'><strong>Ecclesia,</strong></span> <span class='ocrx_word' id='word_1_328' title='bbox 1833 2198 1972 2254; x_wconf 89' lang='lat' dir='ltr'><strong>sicut</strong></span> <span class='ocrx_word' id='word_1_329' title='bbox 2001 2194 2135 2248; x_wconf 89' lang='lat' dir='ltr'><strong>dici-</strong></span> 
     </span>
    </p>
   </div>
   <div class='ocr_carea' id='block_1_37' title="bbox 543 2287 2138 2383">
    <p class='ocr_par' dir='ltr' id='par_1_37' title="bbox 543 2287 2138 2383">
     <span class='ocr_line' id='line_1_40' title="bbox 543 2287 2138 2383; baseline -0.026 -2"><span class='ocrx_word' id='word_1_330' title='bbox 543 2338 696 2383; x_wconf 86' lang='lat' dir='ltr'><strong>mus:</strong></span> <span class='ocrx_word' id='word_1_331' title='bbox 731 2320 882 2377; x_wconf 89' lang='lat' dir='ltr'><strong>sedet</strong></span> <span class='ocrx_word' id='word_1_332' title='bbox 911 2325 967 2372; x_wconf 90' lang='lat' dir='ltr'><strong>et</strong></span> <span class='ocrx_word' id='word_1_333' title='bbox 997 2315 1051 2368; x_wconf 90' lang='lat' dir='ltr'><strong>in</strong></span> <span class='ocrx_word' id='word_1_334' title='bbox 1075 2311 1306 2365; x_wconf 81' lang='lat' dir='ltr'><strong>amicum</strong></span> <span class='ocrx_word' id='word_1_335' title='bbox 1328 2345 1343 2373; x_wconf 93' lang='lat'><strong>,</strong></span> <span class='ocrx_word' id='word_1_336' title='bbox 1372 2304 1423 2359; x_wconf 93' lang='lat' dir='ltr'><strong>id</strong></span> <span class='ocrx_word' id='word_1_337' title='bbox 1453 2310 1538 2358; x_wconf 90' lang='lat' dir='ltr'><strong>est</strong></span> <span class='ocrx_word' id='word_1_338' title='bbox 1559 2299 1708 2355; x_wconf 89' lang='lat' dir='ltr'><strong>velut</strong></span> <span class='ocrx_word' id='word_1_339' title='bbox 1736 2287 2062 2357; x_wconf 88' lang='lat' dir='ltr'><strong>amicus,ch</strong></span> <span class='ocrx_word' id='word_1_340' title='bbox 2094 2287 2138 2340; x_wconf 90' lang='lat' dir='ltr'><strong>si</strong></span> 
     </span>
    </p>
   </div>
   <div class='ocr_carea' id='block_1_38' title="bbox 541 2377 2141 2492">
    <p class='ocr_par' dir='ltr' id='par_1_38' title="bbox 541 2377 2141 2492">
     <span class='ocr_line' id='line_1_41' title="bbox 541 2377 2141 2492; baseline -0.028 -16"><span class='ocrx_word' id='word_1_341' title='bbox 541 2377 673 2492; x_wconf 67' lang='lat' dir='ltr'><strong>quid</strong></span> <span class='ocrx_word' id='word_1_342' title='bbox 723 2411 869 2471; x_wconf 90' lang='lat' dir='ltr'><strong>aliud</strong></span> <span class='ocrx_word' id='word_1_343' title='bbox 906 2413 1014 2465; x_wconf 86' lang='lat' dir='ltr'><strong>isto</strong></span> <span class='ocrx_word' id='word_1_344' title='bbox 1055 2400 1343 2460; x_wconf 88' lang='lat' dir='ltr'><strong>locutionis</strong></span> <span class='ocrx_word' id='word_1_345' title='bbox 1390 2407 1586 2467; x_wconf 77' lang='lat' dir='ltr'><strong>genere</strong></span> <span class='ocrx_word' id='word_1_346' title='bbox 1633 2390 1743 2445; x_wconf 89' lang='lat' dir='ltr'><strong>dici</strong></span> <span class='ocrx_word' id='word_1_347' title='bbox 1777 2386 1935 2442; x_wconf 89' lang='lat' dir='ltr'><strong>solet.</strong></span> <span class='ocrx_word' id='word_1_348' title='bbox 1985 2377 2141 2446; x_wconf 81' lang='lat' dir='ltr'><strong>Quod</strong></span> 
     </span>
    </p>
   </div>
   <div class='ocr_carea' id='block_1_39' title="bbox 545 2470 2141 2576">
    <p class='ocr_par' dir='ltr' id='par_1_39' title="bbox 545 2470 2141 2576">
     <span class='ocr_line' id='line_1_42' title="bbox 545 2470 2141 2576; baseline -0.028 -7"><span class='ocrx_word' id='word_1_349' title='bbox 545 2470 725 2570; x_wconf 58' lang='lat' dir='ltr'><strong>autem</strong></span> <span class='ocrx_word' id='word_1_350' title='bbox 756 2509 850 2576; x_wconf 89' lang='lat' dir='ltr'><strong>ait,</strong></span> <span class='ocrx_word' id='word_1_351' title='bbox 883 2505 950 2560; x_wconf 89' lang='lat' dir='ltr'><strong>Et</strong></span> <span class='ocrx_word' id='word_1_352' title='bbox 979 2513 1122 2556; x_wconf 89' lang='lat' dir='ltr'><strong>nunc</strong></span> <span class='ocrx_word' id='word_1_353' title='bbox 1172 2495 1299 2568; x_wconf 89' lang='lat' dir='ltr'><strong>quid</strong></span> <span class='ocrx_word' id='word_1_354' title='bbox 1327 2491 1566 2546; x_wconf 89' lang='lat' dir='ltr'><strong>detineat</strong></span> <span class='ocrx_word' id='word_1_355' title='bbox 1595 2483 1778 2551; x_wconf 86' lang='lat' dir='ltr'><strong>scitis,</strong></span> <span class='ocrx_word' id='word_1_356' title='bbox 1827 2479 1880 2533; x_wconf 87' lang='lat' dir='ltr'><strong>id</strong></span> <span class='ocrx_word' id='word_1_357' title='bbox 1908 2483 1992 2532; x_wconf 88' lang='lat' dir='ltr'><strong>est</strong></span> <span class='ocrx_word' id='word_1_358' title='bbox 2017 2470 2141 2542; x_wconf 89' lang='lat' dir='ltr'><strong>quid</strong></span> 
     </span>
    </p>
   </div>
   <div class='ocr_carea' id='block_1_40' title="bbox 543 2569 2144 2668">
    <p class='ocr_par' dir='ltr' id='par_1_40' title="bbox 543 2569 2144 2668">
     <span class='ocr_line' id='line_1_43' title="bbox 543 2569 2144 2668; baseline -0.029 -4"><span class='ocrx_word' id='word_1_359' title='bbox 543 2611 618 2665; x_wconf 89' lang='lat' dir='ltr'><strong>sit</strong></span> <span class='ocrx_word' id='word_1_360' title='bbox 648 2607 702 2660; x_wconf 92' lang='lat' dir='ltr'><strong>in</strong></span> <span class='ocrx_word' id='word_1_361' title='bbox 725 2615 898 2666; x_wconf 88' lang='lat' dir='ltr'><strong>mora,</strong></span> <span class='ocrx_word' id='word_1_362' title='bbox 929 2611 1048 2668; x_wconf 73' lang='lat' dir='ltr'><strong>qua:</strong></span> <span class='ocrx_word' id='word_1_363' title='bbox 1069 2607 1230 2649; x_wconf 90' lang='lat' dir='ltr'><strong>causa</strong></span> <span class='ocrx_word' id='word_1_364' title='bbox 1261 2588 1331 2644; x_wconf 87' lang='lat' dir='ltr'><strong>sit</strong></span> <span class='ocrx_word' id='word_1_365' title='bbox 1353 2582 1624 2640; x_wconf 83' lang='lat' dir='ltr'><strong>dilationis</strong></span> <span class='ocrx_word' id='word_1_366' title='bbox 1648 2577 1766 2647; x_wconf 85' lang='lat' dir='ltr'><strong>ejus</strong></span> <span class='ocrx_word' id='word_1_367' title='bbox 1791 2581 1851 2627; x_wconf 95' lang='lat' dir='ltr'><strong>ut</strong></span> <span class='ocrx_word' id='word_1_368' title='bbox 1877 2569 2144 2626; x_wconf 83' lang='lat' dir='ltr'><strong>reveletur</strong></span> 
     </span>
    </p>
   </div>
   <div class='ocr_carea' id='block_1_41' title="bbox 545 2663 2145 2760">
    <p class='ocr_par' dir='ltr' id='par_1_41' title="bbox 545 2663 2145 2760">
     <span class='ocr_line' id='line_1_44' title="bbox 545 2663 2145 2760; baseline -0.026 -6"><span class='ocrx_word' id='word_1_369' title='bbox 545 2701 601 2755; x_wconf 92' lang='lat' dir='ltr'><strong>in</strong></span> <span class='ocrx_word' id='word_1_370' title='bbox 623 2713 719 2751; x_wconf 87' lang='lat' dir='ltr'><strong>suo</strong></span> <span class='ocrx_word' id='word_1_371' title='bbox 740 2663 1001 2760; x_wconf 79' lang='lat' dir='ltr'><strong>tempore,</strong></span> <span class='ocrx_word' id='word_1_372' title='bbox 1024 2685 1202 2740; x_wconf 86' lang='lat' dir='ltr'><strong>scitis:</strong></span> <span class='ocrx_word' id='word_1_373' title='bbox 1220 2678 1472 2751; x_wconf 89' lang='lat' dir='ltr'><strong>quoniam</strong></span> <span class='ocrx_word' id='word_1_374' title='bbox 1491 2673 1632 2729; x_wconf 88' lang='lat' dir='ltr'><strong>scire</strong></span> <span class='ocrx_word' id='word_1_375' title='bbox 1655 2669 1776 2724; x_wconf 90' lang='lat' dir='ltr'><strong>illos</strong></span> <span class='ocrx_word' id='word_1_376' title='bbox 1790 2663 1945 2726; x_wconf 81' lang='lat' dir='ltr'><strong>dixit,</strong></span> <span class='ocrx_word' id='word_1_377' title='bbox 1963 2665 2145 2730; x_wconf 87' lang='lat' dir='ltr'><strong>aperte</strong></span> 
     </span>
    </p>
   </div>
   <div class='ocr_carea' id='block_1_42' title="bbox 546 2749 2147 2847">
    <p class='ocr_par' dir='ltr' id='par_1_42' title="bbox 546 2749 2147 2847">
     <span class='ocr_line' id='line_1_45' title="bbox 546 2749 2147 2847; baseline -0.027 -1"><span class='ocrx_word' id='word_1_378' title='bbox 546 2793 654 2846; x_wconf 89' lang='lat' dir='ltr'><strong>hoc</strong></span> <span class='ocrx_word' id='word_1_379' title='bbox 682 2749 868 2842; x_wconf 71' lang='lat' dir='ltr'><strong>dicere</strong></span> <span class='ocrx_word' id='word_1_380' title='bbox 895 2781 1087 2847; x_wconf 89' lang='lat' dir='ltr'><strong>noluit,</strong></span> <span class='ocrx_word' id='word_1_381' title='bbox 1118 2785 1172 2833; x_wconf 89' lang='lat' dir='ltr'><strong>et</strong></span> <span class='ocrx_word' id='word_1_382' title='bbox 1199 2749 1321 2830; x_wconf 82' lang='lat' dir='ltr'><strong>ideo</strong></span> <span class='ocrx_word' id='word_1_383' title='bbox 1351 2785 1453 2827; x_wconf 88' lang='lat' dir='ltr'><strong>nos</strong></span> <span class='ocrx_word' id='word_1_384' title='bbox 1483 2767 1575 2839; x_wconf 90' lang='lat' dir='ltr'><strong>qui</strong></span> <span class='ocrx_word' id='word_1_385' title='bbox 1595 2762 1869 2820; x_wconf 90' lang='lat' dir='ltr'><strong>nescimus</strong></span> <span class='ocrx_word' id='word_1_386' title='bbox 1901 2753 2040 2824; x_wconf 91' lang='lat' dir='ltr'><strong>quod</strong></span> <span class='ocrx_word' id='word_1_387' title='bbox 2066 2749 2147 2805; x_wconf 85' lang='lat' dir='ltr'><strong>illi</strong></span> 
     </span>
    </p>
   </div>
   <div class='ocr_carea' id='block_1_43' title="bbox 552 2843 2149 2948">
    <p class='ocr_par' dir='ltr' id='par_1_43' title="bbox 552 2843 2149 2948">
     <span class='ocr_line' id='line_1_46' title="bbox 552 2843 2149 2948; baseline -0.027 -9"><span class='ocrx_word' id='word_1_388' title='bbox 552 2882 830 2945; x_wconf 82' lang='lat' dir='ltr'><strong>sciebant,</strong></span> <span class='ocrx_word' id='word_1_389' title='bbox 857 2843 1142 2948; x_wconf 88' lang='lat' dir='ltr'><strong>pervenire</strong></span> <span class='ocrx_word' id='word_1_390' title='bbox 1189 2881 1311 2924; x_wconf 89' lang='lat' dir='ltr'><strong>cum</strong></span> <span class='ocrx_word' id='word_1_391' title='bbox 1342 2864 1528 2918; x_wconf 89' lang='lat' dir='ltr'><strong>labore</strong></span> <span class='ocrx_word' id='word_1_392' title='bbox 1575 2857 1643 2912; x_wconf 91' lang='lat' dir='ltr'><strong>ad</strong></span> <span class='ocrx_word' id='word_1_393' title='bbox 1694 2854 1747 2910; x_wconf 90' lang='lat' dir='ltr'><strong>id</strong></span> <span class='ocrx_word' id='word_1_394' title='bbox 1791 2849 1932 2922; x_wconf 87' lang='lat' dir='ltr'><strong>quod</strong></span> <span class='ocrx_word' id='word_1_395' title='bbox 1979 2843 2149 2901; x_wconf 88' lang='lat' dir='ltr'><strong>sensit</strong></span> 
     </span>
    </p>
   </div>
   <div class='ocr_carea' id='block_1_44' title="bbox 548 2945 2152 3046">
    <p class='ocr_par' dir='ltr' id='par_1_44' title="bbox 548 2945 2152 3046">
     <span class='ocr_line' id='line_1_47' title="bbox 548 2945 2152 3046; baseline -0.025 -13"><span class='ocrx_word' id='word_1_396' title='bbox 548 2975 860 3046; x_wconf 83' lang='lat' dir='ltr'><strong>Apostolus,</strong></span> <span class='ocrx_word' id='word_1_397' title='bbox 896 2969 1142 3038; x_wconf 89' lang='lat' dir='ltr'><strong>cupimus</strong></span> <span class='ocrx_word' id='word_1_398' title='bbox 1184 2979 1284 3020; x_wconf 91' lang='lat' dir='ltr'><strong>nec</strong></span> <span class='ocrx_word' id='word_1_399' title='bbox 1312 2959 1575 3015; x_wconf 89' lang='lat' dir='ltr'><strong>valemus.</strong></span> <span class='ocrx_word' id='word_1_400' title='bbox 1607 2948 1915 3010; x_wconf 63' lang='lat' dir='ltr'><strong>Praesertim</strong></span> <span class='ocrx_word' id='word_1_401' title='bbox 1948 2945 2068 3014; x_wconf 89' lang='lat' dir='ltr'><strong>quia</strong></span> <span class='ocrx_word' id='word_1_402' title='bbox 2097 2947 2152 2995; x_wconf 89' lang='lat' dir='ltr'><strong>et</strong></span> 
     </span>
    </p>
   </div>
   <div class='ocr_carea' id='block_1_45' title="bbox 550 3036 2147 3138">
    <p class='ocr_par' dir='ltr' id='par_1_45' title="bbox 550 3036 2147 3138">
     <span class='ocr_line' id='line_1_48' title="bbox 550 3036 2147 3138; baseline -0.024 -14"><span class='ocrx_word' id='word_1_403' title='bbox 550 3068 637 3124; x_wconf 88' lang='lat' dir='ltr'><strong>illa</strong></span> <span class='ocrx_word' id='word_1_404' title='bbox 670 3082 790 3138; x_wconf 78' lang='lat' dir='ltr'><strong>quae</strong></span> <span class='ocrx_word' id='word_1_405' title='bbox 834 3036 1042 3118; x_wconf 81' lang='lat' dir='ltr'><strong>addidit</strong></span> <span class='ocrx_word' id='word_1_406' title='bbox 1071 3062 1211 3112; x_wconf 84' lang='lat' dir='ltr'><strong>hunc</strong></span> <span class='ocrx_word' id='word_1_407' title='bbox 1259 3065 1476 3108; x_wconf 88' lang='lat' dir='ltr'><strong>sensum</strong></span> <span class='ocrx_word' id='word_1_408' title='bbox 1510 3047 1711 3102; x_wconf 79' lang='lat' dir='ltr'><strong>faciunt</strong></span> <span class='ocrx_word' id='word_1_409' title='bbox 1765 3036 2147 3097; x_wconf 77' lang='lat' dir='ltr'><strong>obscuriorcm.</strong></span> 
     </span>
    </p>
   </div>
   <div class='ocr_carea' id='block_1_46' title="bbox 551 3126 2154 3225">
    <p class='ocr_par' dir='ltr' id='par_1_46' title="bbox 551 3126 2154 3225">
     <span class='ocr_line' id='line_1_49' title="bbox 551 3126 2154 3225; baseline -0.024 -8"><span class='ocrx_word' id='word_1_410' title='bbox 551 3126 703 3217; x_wconf 46' lang='lat' dir='ltr'><strong>Nam.</strong></span> <span class='ocrx_word' id='word_1_411' title='bbox 742 3153 870 3225; x_wconf 90' lang='lat' dir='ltr'><strong>quid</strong></span> <span class='ocrx_word' id='word_1_412' title='bbox 929 3160 1012 3208; x_wconf 92' lang='lat' dir='ltr'><strong>est</strong></span> <span class='ocrx_word' id='word_1_413' title='bbox 1061 3167 1074 3204; x_wconf 89' lang='lat'>:</span> <span class='ocrx_word' id='word_1_414' title='bbox 1118 3148 1236 3202; x_wconf 85' lang='lat' dir='ltr'><strong>Jam</strong></span> <span class='ocrx_word' id='word_1_415' title='bbox 1289 3143 1432 3199; x_wconf 91' lang='lat' dir='ltr'><strong>enim</strong></span> <span class='ocrx_word' id='word_1_416' title='bbox 1486 3137 1802 3209; x_wconf 82' lang='lat' dir='ltr'><strong>mysterium</strong></span> <span class='ocrx_word' id='word_1_417' title='bbox 1863 3126 2154 3197; x_wconf 90' lang='lat' dir='ltr'><strong>iniquitatis</strong></span> 
     </span>
    </p>
   </div>
   <div class='ocr_carea' id='block_1_47' title="bbox 559 3219 2157 3322">
    <p class='ocr_par' dir='ltr' id='par_1_47' title="bbox 559 3219 2157 3322">
     <span class='ocr_line' id='line_1_50' title="bbox 559 3219 2157 3322; baseline -0.021 -14"><span class='ocrx_word' id='word_1_418' title='bbox 559 3219 835 3322; x_wconf 79' lang='lat' dir='ltr'><strong>Operatur,</strong></span> <span class='ocrx_word' id='word_1_419' title='bbox 867 3253 1073 3300; x_wconf 87' lang='lat' dir='ltr'><strong>tantum</strong></span> <span class='ocrx_word' id='word_1_420' title='bbox 1104 3240 1196 3311; x_wconf 90' lang='lat' dir='ltr'><strong>qui</strong></span> <span class='ocrx_word' id='word_1_421' title='bbox 1242 3235 1401 3292; x_wconf 90' lang='lat' dir='ltr'><strong>modo</strong></span> <span class='ocrx_word' id='word_1_422' title='bbox 1433 3239 1583 3288; x_wconf 86' lang='lat' dir='ltr'><strong>tenet</strong></span> <span class='ocrx_word' id='word_1_423' title='bbox 1612 3271 1625 3296; x_wconf 93' lang='lat'><strong>,</strong></span> <span class='ocrx_word' id='word_1_424' title='bbox 1659 3235 1837 3283; x_wconf 83' lang='lat' dir='ltr'><strong>teneat</strong></span> <span class='ocrx_word' id='word_1_425' title='bbox 1866 3225 2039 3278; x_wconf 90' lang='lat' dir='ltr'><strong>donec</strong></span> <span class='ocrx_word' id='word_1_426' title='bbox 2090 3219 2157 3274; x_wconf 88' lang='lat' dir='ltr'><strong>de</strong></span> 
     </span>
    </p>
   </div>
   <div class='ocr_carea' id='block_1_48' title="bbox 2239 1985 3781 2077">
    <p class='ocr_par' dir='ltr' id='par_1_48' title="bbox 2239 1985 3781 2077">
     <span class='ocr_line' id='line_1_51' title="bbox 2239 1985 3781 2077; baseline -0.018 -15"><span class='ocrx_word' id='word_1_427' title='bbox 2239 2003 2603 2077; x_wconf 90' lang='lat' dir='ltr'><strong>pertinebunt,</strong></span> <span class='ocrx_word' id='word_1_428' title='bbox 2623 2009 2679 2057; x_wconf 89' lang='lat' dir='ltr'><strong>et</strong></span> <span class='ocrx_word' id='word_1_429' title='bbox 2706 2010 2831 2054; x_wconf 92' lang='lat' dir='ltr'><strong>tunc</strong></span> <span class='ocrx_word' id='word_1_430' title='bbox 2860 1996 3212 2054; x_wconf 89' lang='lat' dir='ltr'><strong>revelabitur.</strong></span> <span class='ocrx_word' id='word_1_431' title='bbox 3241 1992 3395 2048; x_wconf 84' lang='lat' dir='ltr'><strong>Alius</strong></span> <span class='ocrx_word' id='word_1_432' title='bbox 3415 2005 3538 2060; x_wconf 83' lang='lat' dir='ltr'><strong>ergo</strong></span> <span class='ocrx_word' id='word_1_433' title='bbox 3562 1988 3651 2052; x_wconf 90' lang='lat' dir='ltr'><strong>sic,</strong></span> <span class='ocrx_word' id='word_1_434' title='bbox 3672 1985 3781 2038; x_wconf 81' lang='lat' dir='ltr'><strong>alius</strong></span> 
     </span>
    </p>
   </div>
   <div class='ocr_carea' id='block_1_49' title="bbox 2241 2082 3780 2174">
    <p class='ocr_par' dir='ltr' id='par_1_49' title="bbox 2241 2082 3780 2174">
     <span class='ocr_line' id='line_1_52' title="bbox 2241 2082 3780 2174; baseline -0.016 -19"><span class='ocrx_word' id='word_1_435' title='bbox 2241 2099 2442 2174; x_wconf 91' lang='lat' dir='ltr'><strong>[autem</strong></span> <span class='ocrx_word' id='word_1_436' title='bbox 2489 2095 2590 2168; x_wconf 84' lang='lat' dir='ltr'><strong>sic]</strong></span> <span class='ocrx_word' id='word_1_437' title='bbox 2637 2096 2797 2150; x_wconf 86' lang='lat' dir='ltr'><strong>aliter</strong></span> <span class='ocrx_word' id='word_1_438' title='bbox 2825 2094 2902 2148; x_wconf 88' lang='lat' dir='ltr'><strong>sic</strong></span> <span class='ocrx_word' id='word_1_439' title='bbox 2935 2088 3185 2160; x_wconf 88' lang='lat' dir='ltr'><strong>Apostoli</strong></span> <span class='ocrx_word' id='word_1_440' title='bbox 3234 2086 3460 2140; x_wconf 88' lang='lat' dir='ltr'><strong>obscura</strong></span> <span class='ocrx_word' id='word_1_441' title='bbox 3504 2082 3647 2136; x_wconf 85' lang='lat' dir='ltr'><strong>verba</strong></span> <span class='ocrx_word' id='word_1_442' title='bbox 3675 2093 3780 2134; x_wconf 81' lang='lat' dir='ltr'><strong>con-</strong></span> 
     </span>
    </p>
   </div>
   <div class='ocr_carea' id='block_1_50' title="bbox 2241 2175 3775 2269">
    <p class='ocr_par' dir='ltr' id='par_1_50' title="bbox 2241 2175 3775 2269">
     <span class='ocr_line' id='line_1_53' title="bbox 2241 2175 3775 2269; baseline -0.02 -16"><span class='ocrx_word' id='word_1_443' title='bbox 2241 2199 2424 2269; x_wconf 87' lang='lat' dir='ltr'><strong>jectat,</strong></span> <span class='ocrx_word' id='word_1_444' title='bbox 2485 2193 2626 2262; x_wconf 90' lang='lat' dir='ltr'><strong>quod</strong></span> <span class='ocrx_word' id='word_1_445' title='bbox 2681 2199 2860 2244; x_wconf 88' lang='lat' dir='ltr'><strong>tamen</strong></span> <span class='ocrx_word' id='word_1_446' title='bbox 2893 2202 3015 2242; x_wconf 89' lang='lat' dir='ltr'><strong>eum</strong></span> <span class='ocrx_word' id='word_1_447' title='bbox 3061 2183 3266 2238; x_wconf 87' lang='lat' dir='ltr'><strong>dixisse</strong></span> <span class='ocrx_word' id='word_1_448' title='bbox 3314 2195 3409 2233; x_wconf 85' lang='lat' dir='ltr'><strong>non</strong></span> <span class='ocrx_word' id='word_1_449' title='bbox 3452 2175 3649 2228; x_wconf 87' lang='lat' dir='ltr'><strong>dubium</strong></span> <span class='ocrx_word' id='word_1_450' title='bbox 3689 2179 3775 2224; x_wconf 86' lang='lat' dir='ltr'><strong>est.</strong></span> 
     </span>
    </p>
   </div>
   <div class='ocr_carea' id='block_1_51' title="bbox 2244 2261 3768 2344">
    <p class='ocr_par' dir='ltr' id='par_1_51' title="bbox 2244 2261 3768 2344">
     <span class='ocr_line' id='line_1_54' title="bbox 2244 2261 3768 2344; baseline -0.02 0"><span class='ocrx_word' id='word_1_451' title='bbox 2244 2288 2363 2344; x_wconf 82' lang='lat' dir='ltr'><strong>Non</strong></span> <span class='ocrx_word' id='word_1_452' title='bbox 2396 2261 2576 2340; x_wconf 85' lang='lat' dir='ltr'><strong>veniet</strong></span> <span class='ocrx_word' id='word_1_453' title='bbox 2603 2282 2668 2336; x_wconf 91' lang='lat' dir='ltr'><strong>ad</strong></span> <span class='ocrx_word' id='word_1_454' title='bbox 2691 2282 2844 2335; x_wconf 90' lang='lat' dir='ltr'><strong>vivos</strong></span> <span class='ocrx_word' id='word_1_455' title='bbox 2871 2285 2922 2332; x_wconf 88' lang='lat' dir='ltr'><strong>et</strong></span> <span class='ocrx_word' id='word_1_456' title='bbox 2952 2283 3196 2330; x_wconf 89' lang='lat' dir='ltr'><strong>mortuos</strong></span> <span class='ocrx_word' id='word_1_457' title='bbox 3223 2266 3516 2341; x_wconf 83' lang='lat' dir='ltr'><strong>judicandos</strong></span> <span class='ocrx_word' id='word_1_458' title='bbox 3535 2261 3768 2325; x_wconf 87' lang='lat' dir='ltr'><strong>Christus,</strong></span> 
     </span>
    </p>
   </div>
   <div class='ocr_carea' id='block_1_52' title="bbox 2246 2360 3777 2449">
    <p class='ocr_par' dir='ltr' id='par_1_52' title="bbox 2246 2360 3777 2449">
     <span class='ocr_line' id='line_1_55' title="bbox 2246 2360 3777 2449; baseline -0.022 -12"><span class='ocrx_word' id='word_1_459' title='bbox 2246 2382 2350 2438; x_wconf 89' lang='lat' dir='ltr'><strong>nisi</strong></span> <span class='ocrx_word' id='word_1_460' title='bbox 2382 2379 2530 2449; x_wconf 90' lang='lat' dir='ltr'><strong>prius</strong></span> <span class='ocrx_word' id='word_1_461' title='bbox 2561 2377 2772 2444; x_wconf 87' lang='lat' dir='ltr'><strong>venerit</strong></span> <span class='ocrx_word' id='word_1_462' title='bbox 2817 2372 2883 2427; x_wconf 89' lang='lat' dir='ltr'><strong>ad</strong></span> <span class='ocrx_word' id='word_1_463' title='bbox 2912 2367 3253 2425; x_wconf 82' lang='lat' dir='ltr'><strong>seducendos</strong></span> <span class='ocrx_word' id='word_1_464' title='bbox 3279 2364 3328 2417; x_wconf 88' lang='lat' dir='ltr'><strong>in</strong></span> <span class='ocrx_word' id='word_1_465' title='bbox 3368 2360 3532 2413; x_wconf 81' lang='lat' dir='ltr'><strong>anima</strong></span> <span class='ocrx_word' id='word_1_466' title='bbox 3559 2364 3777 2409; x_wconf 76' lang='lat' dir='ltr'><strong>nn-rtuos</strong></span> 
     </span>
    </p>
   </div>
   <div class='ocr_carea' id='block_1_53' title="bbox 2249 2447 3778 2539">
    <p class='ocr_par' dir='ltr' id='par_1_53' title="bbox 2249 2447 3778 2539">
     <span class='ocr_line' id='line_1_56' title="bbox 2249 2447 3778 2539; baseline -0.023 -7"><span class='ocrx_word' id='word_1_467' title='bbox 2249 2473 2589 2532; x_wconf 89' lang='lat' dir='ltr'><strong>adversarius</strong></span> <span class='ocrx_word' id='word_1_468' title='bbox 2635 2471 2752 2539; x_wconf 84' lang='lat' dir='ltr'><strong>ejus</strong></span> <span class='ocrx_word' id='word_1_469' title='bbox 2782 2465 3142 2522; x_wconf 80' lang='lat' dir='ltr'><strong>Antichrislus</strong></span> <span class='ocrx_word' id='word_1_470' title='bbox 3171 2501 3186 2526; x_wconf 93' lang='lat'><strong>,</strong></span> <span class='ocrx_word' id='word_1_471' title='bbox 3225 2455 3461 2528; x_wconf 81' lang='lat' dir='ltr'><strong>quamvis</strong></span> <span class='ocrx_word' id='word_1_472' title='bbox 3486 2452 3584 2521; x_wconf 87' lang='lat' dir='ltr'><strong>jam</strong></span> <span class='ocrx_word' id='word_1_473' title='bbox 3610 2447 3670 2501; x_wconf 86' lang='lat' dir='ltr'><strong>ad</strong></span> <span class='ocrx_word' id='word_1_474' title='bbox 3704 2459 3778 2500; x_wconf 84' lang='lat' dir='ltr'><strong>oc-</strong></span> 
     </span>
    </p>
   </div>
   <div class='ocr_carea' id='block_1_54' title="bbox 2250 2540 3776 2633">
    <p class='ocr_par' dir='ltr' id='par_1_54' title="bbox 2250 2540 3776 2633">
     <span class='ocr_line' id='line_1_57' title="bbox 2250 2540 3776 2633; baseline -0.022 -11"><span class='ocrx_word' id='word_1_475' title='bbox 2250 2568 2452 2622; x_wconf 91' lang='lat' dir='ltr'><strong>cultum</strong></span> <span class='ocrx_word' id='word_1_476' title='bbox 2481 2562 2741 2633; x_wconf 88' lang='lat' dir='ltr'><strong>judicium</strong></span> <span class='ocrx_word' id='word_1_477' title='bbox 2763 2558 2854 2613; x_wconf 93' lang='lat' dir='ltr'><strong>Dei</strong></span> <span class='ocrx_word' id='word_1_478' title='bbox 2882 2554 3168 2627; x_wconf 88' lang='lat' dir='ltr'><strong>pertineat,</strong></span> <span class='ocrx_word' id='word_1_479' title='bbox 3193 2549 3333 2620; x_wconf 90' lang='lat' dir='ltr'><strong>quod</strong></span> <span class='ocrx_word' id='word_1_480' title='bbox 3358 2546 3426 2600; x_wconf 93' lang='lat' dir='ltr'><strong>ab</strong></span> <span class='ocrx_word' id='word_1_481' title='bbox 3454 2544 3539 2596; x_wconf 90' lang='lat' dir='ltr'><strong>illo</strong></span> <span class='ocrx_word' id='word_1_482' title='bbox 3564 2540 3776 2594; x_wconf 84' lang='lat' dir='ltr'><strong>seducen-</strong></span> 
     </span>
    </p>
   </div>
   <div class='ocr_carea' id='block_1_55' title="bbox 2250 2637 3771 2721">
    <p class='ocr_par' dir='ltr' id='par_1_55' title="bbox 2250 2637 3771 2721">
     <span class='ocr_line' id='line_1_58' title="bbox 2250 2637 3771 2721; baseline -0.021 -7"><span class='ocrx_word' id='word_1_483' title='bbox 2250 2666 2358 2714; x_wconf 90' lang='lat' dir='ltr'><strong>tur.</strong></span> <span class='ocrx_word' id='word_1_484' title='bbox 2397 2655 2689 2712; x_wconf 66' lang='lat' dir='ltr'><strong>Praesentia</strong></span> <span class='ocrx_word' id='word_1_485' title='bbox 2711 2652 2910 2721; x_wconf 88' lang='lat' dir='ltr'><strong>quippe</strong></span> <span class='ocrx_word' id='word_1_486' title='bbox 2941 2650 3058 2716; x_wconf 84' lang='lat' dir='ltr'><strong>ejus</strong></span> <span class='ocrx_word' id='word_1_487' title='bbox 3098 2646 3203 2700; x_wconf 86' lang='lat' dir='ltr'><strong>erit</strong></span> <span class='ocrx_word' id='word_1_488' title='bbox 3227 2643 3366 2695; x_wconf 90' lang='lat' dir='ltr'><strong>sicut</strong></span> <span class='ocrx_word' id='word_1_489' title='bbox 3390 2637 3584 2692; x_wconf 90' lang='lat' dir='ltr'><strong>dictum</strong></span> <span class='ocrx_word' id='word_1_490' title='bbox 3611 2643 3692 2699; x_wconf 84' lang='lat' dir='ltr'><strong>e5t,</strong></span> <span class='ocrx_word' id='word_1_491' title='bbox 3713 2643 3771 2683; x_wconf 82' lang='lat' dir='ltr'><strong>se-</strong></span> 
     </span>
    </p>
   </div>
   <div class='ocr_carea' id='block_1_56' title="bbox 2257 2725 3764 2819">
    <p class='ocr_par' dir='ltr' id='par_1_56' title="bbox 2257 2725 3764 2819">
     <span class='ocr_line' id='line_1_59' title="bbox 2257 2725 3764 2819; baseline -0.02 -12"><span class='ocrx_word' id='word_1_492' title='bbox 2257 2751 2494 2808; x_wconf 91' lang='lat' dir='ltr'><strong>cundum</strong></span> <span class='ocrx_word' id='word_1_493' title='bbox 2525 2748 2896 2819; x_wconf 87' lang='lat' dir='ltr'><strong>operationem</strong></span> <span class='ocrx_word' id='word_1_494' title='bbox 2922 2743 3136 2797; x_wconf 85' lang='lat' dir='ltr'><strong>Satanae</strong></span> <span class='ocrx_word' id='word_1_495' title='bbox 3161 2777 3176 2804; x_wconf 92' lang='lat'><strong>,</strong></span> <span class='ocrx_word' id='word_1_496' title='bbox 3208 2738 3259 2791; x_wconf 93' lang='lat' dir='ltr'><strong>in</strong></span> <span class='ocrx_word' id='word_1_497' title='bbox 3291 2734 3442 2789; x_wconf 90' lang='lat' dir='ltr'><strong>omni</strong></span> <span class='ocrx_word' id='word_1_498' title='bbox 3470 2733 3640 2785; x_wconf 87' lang='lat' dir='ltr'><strong>virtute</strong></span> <span class='ocrx_word' id='word_1_499' title='bbox 3663 2725 3764 2780; x_wconf 81' lang='lat' dir='ltr'><strong>etsi-</strong></span> 
     </span>
    </p>
   </div>
   <div class='ocr_carea' id='block_1_57' title="bbox 2255 2818 3756 2915">
    <p class='ocr_par' dir='ltr' id='par_1_57' title="bbox 2255 2818 3756 2915">
     <span class='ocr_line' id='line_1_60' title="bbox 2255 2818 3756 2915; baseline -0.021 -16"><span class='ocrx_word' id='word_1_500' title='bbox 2255 2844 2374 2915; x_wconf 84' lang='lat' dir='ltr'><strong>gnis</strong></span> <span class='ocrx_word' id='word_1_501' title='bbox 2415 2852 2470 2898; x_wconf 91' lang='lat' dir='ltr'><strong>et</strong></span> <span class='ocrx_word' id='word_1_502' title='bbox 2511 2839 2766 2910; x_wconf 83' lang='lat' dir='ltr'><strong>prodigiis</strong></span> <span class='ocrx_word' id='word_1_503' title='bbox 2796 2832 3098 2897; x_wconf 85' lang='lat' dir='ltr'><strong>mendacii,</strong></span> <span class='ocrx_word' id='word_1_504' title='bbox 3146 2839 3199 2884; x_wconf 91' lang='lat' dir='ltr'><strong>et</strong></span> <span class='ocrx_word' id='word_1_505' title='bbox 3247 2830 3301 2882; x_wconf 90' lang='lat' dir='ltr'><strong>in</strong></span> <span class='ocrx_word' id='word_1_506' title='bbox 3350 2826 3508 2882; x_wconf 90' lang='lat' dir='ltr'><strong>omni</strong></span> <span class='ocrx_word' id='word_1_507' title='bbox 3535 2818 3756 2877; x_wconf 73' lang='lat' dir='ltr'><strong>seductions</strong></span> 
     </span>
    </p>
   </div>
   <div class='ocr_carea' id='block_1_58' title="bbox 2256 2908 3756 3004">
    <p class='ocr_par' dir='ltr' id='par_1_58' title="bbox 2256 2908 3756 3004">
     <span class='ocr_line' id='line_1_61' title="bbox 2256 2908 3756 3004; baseline -0.022 -13"><span class='ocrx_word' id='word_1_508' title='bbox 2256 2933 2553 3004; x_wconf 80' lang='lat' dir='ltr'><strong>iniquitatis</strong></span> <span class='ocrx_word' id='word_1_509' title='bbox 2595 2908 2686 2986; x_wconf 87' lang='lat' dir='ltr'><strong>bis</strong></span> <span class='ocrx_word' id='word_1_510' title='bbox 2727 2930 2816 3000; x_wconf 91' lang='lat' dir='ltr'><strong>qui</strong></span> <span class='ocrx_word' id='word_1_511' title='bbox 2848 2931 3093 2997; x_wconf 88' lang='lat' dir='ltr'><strong>pereunt.</strong></span> <span class='ocrx_word' id='word_1_512' title='bbox 3124 2922 3271 2976; x_wconf 88' lang='lat' dir='ltr'><strong>Tunc</strong></span> <span class='ocrx_word' id='word_1_513' title='bbox 3297 2920 3450 2972; x_wconf 81' lang='lat' dir='ltr'><strong>cnim</strong></span> <span class='ocrx_word' id='word_1_514' title='bbox 3485 2916 3666 2971; x_wconf 68' lang='lat' dir='ltr'><strong>solvetur</strong></span> <span class='ocrx_word' id='word_1_515' title='bbox 3688 2908 3756 2962; x_wconf 77' lang='lat' dir='ltr'><strong>Sa-</strong></span> 
     </span>
    </p>
   </div>
   <div class='ocr_carea' id='block_1_59' title="bbox 2261 3002 3766 3092">
    <p class='ocr_par' dir='ltr' id='par_1_59' title="bbox 2261 3002 3766 3092">
     <span class='ocr_line' id='line_1_62' title="bbox 2261 3002 3766 3092; baseline -0.022 -8"><span class='ocrx_word' id='word_1_516' title='bbox 2261 3039 2447 3092; x_wconf 91' lang='lat' dir='ltr'><strong>tanas,</strong></span> <span class='ocrx_word' id='word_1_517' title='bbox 2481 3035 2537 3082; x_wconf 91' lang='lat' dir='ltr'><strong>et</strong></span> <span class='ocrx_word' id='word_1_518' title='bbox 2585 3041 2676 3092; x_wconf 86' lang='lat' dir='ltr'><strong>per</strong></span> <span class='ocrx_word' id='word_1_519' title='bbox 2706 3024 2857 3078; x_wconf 92' lang='lat' dir='ltr'><strong>illum</strong></span> <span class='ocrx_word' id='word_1_520' title='bbox 2910 3018 3294 3074; x_wconf 83' lang='lat' dir='ltr'><strong>Antichristum</strong></span> <span class='ocrx_word' id='word_1_521' title='bbox 3326 3014 3380 3068; x_wconf 90' lang='lat' dir='ltr'><strong>in</strong></span> <span class='ocrx_word' id='word_1_522' title='bbox 3434 3010 3574 3067; x_wconf 83' lang='lat' dir='ltr'><strong>omni</strong></span> <span class='ocrx_word' id='word_1_523' title='bbox 3607 3021 3674 3061; x_wconf 81' lang='lat' dir='ltr'><strong>sua</strong></span> <span class='ocrx_word' id='word_1_524' title='bbox 3694 3002 3766 3054; x_wconf 76' lang='lat' dir='ltr'><strong>vir-</strong></span> 
     </span>
    </p>
   </div>
   <div class='ocr_carea' id='block_1_60' title="bbox 2262 3096 3771 3185">
    <p class='ocr_par' dir='ltr' id='par_1_60' title="bbox 2262 3096 3771 3185">
     <span class='ocr_line' id='line_1_63' title="bbox 2262 3096 3771 3185; baseline -0.018 -8"><span class='ocrx_word' id='word_1_525' title='bbox 2262 3132 2375 3178; x_wconf 85' lang='lat' dir='ltr'><strong>tute</strong></span> <span class='ocrx_word' id='word_1_526' title='bbox 2405 3119 2724 3176; x_wconf 90' lang='lat' dir='ltr'><strong>mirabiliter</strong></span> <span class='ocrx_word' id='word_1_527' title='bbox 2755 3115 2995 3185; x_wconf 89' lang='lat' dir='ltr'><strong>quidem,</strong></span> <span class='ocrx_word' id='word_1_528' title='bbox 3021 3109 3112 3166; x_wconf 89' lang='lat' dir='ltr'><strong>sed</strong></span> <span class='ocrx_word' id='word_1_529' title='bbox 3153 3105 3492 3162; x_wconf 88' lang='lat' dir='ltr'><strong>mendaciter</strong></span> <span class='ocrx_word' id='word_1_530' title='bbox 3521 3096 3771 3171; x_wconf 80' lang='lat' dir='ltr'><strong>operai-itur-</strong></span> 
     </span>
    </p>
   </div>
   <div class='ocr_carea' id='block_1_61' title="bbox 2262 3192 3775 3284">
    <p class='ocr_par' dir='ltr' id='par_1_61' title="bbox 2262 3192 3775 3284">
     <span class='ocr_line' id='line_1_64' title="bbox 2262 3192 3775 3284; baseline -0.018 -13"><span class='ocrx_word' id='word_1_531' title='bbox 2262 3217 2417 3284; x_wconf 89' lang='lat' dir='ltr'><strong>Qnod</strong></span> <span class='ocrx_word' id='word_1_532' title='bbox 2455 3218 2591 3271; x_wconf 91' lang='lat' dir='ltr'><strong>solet</strong></span> <span class='ocrx_word' id='word_1_533' title='bbox 2620 3213 2816 3282; x_wconf 80' lang='lat' dir='ltr'><strong>ambigi</strong></span> <span class='ocrx_word' id='word_1_534' title='bbox 2850 3219 3026 3264; x_wconf 92' lang='lat' dir='ltr'><strong>utrum</strong></span> <span class='ocrx_word' id='word_1_535' title='bbox 3057 3211 3339 3275; x_wconf 87' lang='lat' dir='ltr'><strong>propterea</strong></span> <span class='ocrx_word' id='word_1_536' title='bbox 3371 3201 3510 3255; x_wconf 87' lang='lat' dir='ltr'><strong>dicta</strong></span> <span class='ocrx_word' id='word_1_537' title='bbox 3539 3197 3645 3258; x_wconf 87' lang='lat' dir='ltr'><strong>sint,</strong></span> <span class='ocrx_word' id='word_1_538' title='bbox 3669 3192 3775 3258; x_wconf 67' lang='lat' dir='ltr'><strong>signa</strong></span> 
     </span>
    </p>
   </div>
   <div class='ocr_carea' id='block_1_62' title="bbox 540 3291 3778 3407">
    <p class='ocr_par' dir='ltr' id='par_1_62' title="bbox 540 3291 3778 3407">
     <span class='ocr_line' id='line_1_65' title="bbox 559 3291 1622 3322; baseline -0.03 -11"><span class='ocrx_word' id='word_1_539' title='bbox 559 3291 835 3322; x_wconf 68' lang='grc' dir='ltr'><strong>νγνιιι-υι,</strong></span> <span class='ocrx_word' id='word_1_540' title='bbox 870 3291 1073 3300; x_wconf 73' lang='lat'><strong>-—..-.--_-</strong></span> <span class='ocrx_word' id='word_1_541' title='bbox 1109 3291 1195 3311; x_wconf 62' lang='lat'><strong>1__</strong></span> <span class='ocrx_word' id='word_1_542' title='bbox 1614 3291 1622 3296; x_wconf 36' lang='grc' dir='ltr'><em>ν</em></span> 
     </span>
     <span class='ocr_line' id='line_1_66' title="bbox 540 3291 3778 3407; baseline -0.022 -6"><span class='ocrx_word' id='word_1_543' title='bbox 540 3324 734 3402; x_wconf 34' lang='lat' dir='ltr'><strong>‘medio</strong></span> <span class='ocrx_word' id='word_1_544' title='bbox 764 3340 874 3407; x_wconf 83' lang='lat' dir='ltr'><strong>ﬁat,</strong></span> <span class='ocrx_word' id='word_1_545' title='bbox 906 3345 961 3394; x_wconf 94' lang='lat' dir='ltr'><strong>et</strong></span> <span class='ocrx_word' id='word_1_546' title='bbox 991 3345 1118 3392; x_wconf 91' lang='lat' dir='ltr'><strong>tunc</strong></span> <span class='ocrx_word' id='word_1_547' title='bbox 1146 3328 1476 3388; x_wconf 86' lang='lat' dir='ltr'><strong>revelabitur</strong></span> <span class='ocrx_word' id='word_1_548' title='bbox 1507 3322 1761 3394; x_wconf 72' lang='lat' dir='ltr'><strong>iniquus?</strong></span> <span class='ocrx_word' id='word_1_549' title='bbox 1797 3321 1907 3390; x_wconf 85' lang='lat' dir='ltr'><strong>Ego</strong></span> <span class='ocrx_word' id='word_1_550' title='bbox 1933 3329 2150 3388; x_wconf 87' lang='lat' dir='ltr'><strong>prorsus</strong></span> <span class='ocrx_word' id='word_1_551' title='bbox 2179 3311 2231 3378; x_wconf 76' lang='grc' dir='ltr'>α</span> <span class='ocrx_word' id='word_1_552' title='bbox 2260 3319 2318 3366; x_wconf 87' lang='lat' dir='ltr'><strong>et</strong></span> <span class='ocrx_word' id='word_1_553' title='bbox 2347 3310 2584 3378; x_wconf 84' lang='lat' dir='ltr'><strong>prodigia</strong></span> <span class='ocrx_word' id='word_1_554' title='bbox 2632 3304 2919 3369; x_wconf 86' lang='lat' dir='ltr'><strong>mendacii,</strong></span> <span class='ocrx_word' id='word_1_555' title='bbox 2950 3299 3204 3370; x_wconf 86' lang='lat' dir='ltr'><strong>quoniam</strong></span> <span class='ocrx_word' id='word_1_556' title='bbox 3237 3293 3498 3350; x_wconf 85' lang='lat' dir='ltr'><strong>mortales</strong></span> <span class='ocrx_word' id='word_1_557' title='bbox 3527 3299 3686 3343; x_wconf 80' lang='lat' dir='ltr'><strong>sensus</strong></span> <span class='ocrx_word' id='word_1_558' title='bbox 3715 3291 3778 3348; x_wconf 69' lang='lat' dir='ltr'><strong>per</strong></span> 
     </span>
     <span class='ocr_line' id='line_1_67' title="bbox 2305 3375 3778 3407; baseline -0.022 33"><span class='ocrx_word' id='word_1_559' title='bbox 2305 3402 2314 3407; x_wconf 70' lang='lat'>‘</span> <span class='ocrx_word' id='word_1_560' title='bbox 2688 3396 2700 3407; x_wconf 87' lang='lat'>&#39;</span> <span class='ocrx_word' id='word_1_561' title='bbox 2845 3403 2855 3407; x_wconf 56' lang='grc' dir='ltr'><strong><em>ι</em></strong></span> <span class='ocrx_word' id='word_1_562' title='bbox 3035 3405 3043 3407; x_wconf 65' lang='lat'><strong><em>~</em></strong></span> <span class='ocrx_word' id='word_1_563' title='bbox 3086 3399 3099 3407; x_wconf 57' lang='grc' dir='ltr'>η</span> <span class='ocrx_word' id='word_1_564' title='bbox 3216 3385 3351 3407; x_wconf 73' lang='lat' dir='ltr'><strong>—---J</strong></span> <span class='ocrx_word' id='word_1_565' title='bbox 3384 3398 3486 3407; x_wconf 86' lang='grc'><strong>-.....</strong></span> <span class='ocrx_word' id='word_1_566' title='bbox 3519 3379 3624 3407; x_wconf 65' lang='grc' dir='ltr'><strong>ρης.</strong></span> <span class='ocrx_word' id='word_1_567' title='bbox 3654 3375 3778 3407; x_wconf 54' lang='lat' dir='ltr'><strong>nam</strong></span> 
     </span>
    </p>
   </div>
   <div class='ocr_carea' id='block_1_63' title="bbox 555 3416 2156 3512">
    <p class='ocr_par' dir='ltr' id='par_1_63' title="bbox 555 3416 2156 3512">
     <span class='ocr_line' id='line_1_68' title="bbox 555 3416 2156 3512; baseline -0.02 -17"><span class='ocrx_word' id='word_1_568' title='bbox 555 3435 682 3512; x_wconf 87' lang='lat' dir='ltr'><strong>quid</strong></span> <span class='ocrx_word' id='word_1_569' title='bbox 713 3433 907 3492; x_wconf 84' lang='lat' dir='ltr'><strong>dixerit</strong></span> <span class='ocrx_word' id='word_1_570' title='bbox 954 3446 1041 3488; x_wconf 90' lang='lat' dir='ltr'><strong>me</strong></span> <span class='ocrx_word' id='word_1_571' title='bbox 1070 3429 1241 3484; x_wconf 79' lang='lat' dir='ltr'><strong>fateor</strong></span> <span class='ocrx_word' id='word_1_572' title='bbox 1287 3425 1537 3494; x_wconf 89' lang='lat' dir='ltr'><strong>ignorare</strong></span> <span class='ocrx_word' id='word_1_573' title='bbox 1567 3463 1579 3486; x_wconf 94' lang='lat'><strong>,</strong></span> <span class='ocrx_word' id='word_1_574' title='bbox 1611 3416 1947 3486; x_wconf 81' lang='lat' dir='ltr'><strong>suspiciones</strong></span> <span class='ocrx_word' id='word_1_575' title='bbox 1977 3422 2156 3465; x_wconf 90' lang='lat' dir='ltr'><strong>tamen</strong></span> 
     </span>
    </p>
   </div>
   <div class='ocr_carea' id='block_1_64' title="bbox 557 3509 2158 3598">
    <p class='ocr_par' dir='ltr' id='par_1_64' title="bbox 557 3509 2158 3598">
     <span class='ocr_line' id='line_1_69' title="bbox 557 3509 2158 3598; baseline -0.021 -7"><span class='ocrx_word' id='word_1_576' title='bbox 557 3533 842 3590; x_wconf 84' lang='lat' dir='ltr'><strong>hominum</strong></span> <span class='ocrx_word' id='word_1_577' title='bbox 884 3541 1019 3598; x_wconf 88' lang='lat' dir='ltr'><strong>quas</strong></span> <span class='ocrx_word' id='word_1_578' title='bbox 1045 3524 1132 3579; x_wconf 91' lang='lat' dir='ltr'><strong>vel</strong></span> <span class='ocrx_word' id='word_1_579' title='bbox 1159 3519 1348 3577; x_wconf 90' lang='lat' dir='ltr'><strong>audire</strong></span> <span class='ocrx_word' id='word_1_580' title='bbox 1377 3516 1460 3572; x_wconf 85' lang='lat' dir='ltr'><strong>vel</strong></span> <span class='ocrx_word' id='word_1_581' title='bbox 1503 3516 1682 3585; x_wconf 81' lang='lat' dir='ltr'><strong>legere</strong></span> <span class='ocrx_word' id='word_1_582' title='bbox 1732 3509 1879 3581; x_wconf 90' lang='lat' dir='ltr'><strong>potui</strong></span> <span class='ocrx_word' id='word_1_583' title='bbox 1930 3523 2035 3562; x_wconf 89' lang='lat' dir='ltr'><strong>non</strong></span> <span class='ocrx_word' id='word_1_584' title='bbox 2080 3514 2158 3558; x_wconf 90' lang='lat' dir='ltr'><strong>ta-</strong></span> 
     </span>
    </p>
   </div>
   <div class='ocr_carea' id='block_1_65' title="bbox 558 3600 2159 3690">
    <p class='ocr_par' dir='ltr' id='par_1_65' title="bbox 558 3600 2159 3690">
     <span class='ocr_line' id='line_1_70' title="bbox 558 3600 2159 3690; baseline -0.017 -8"><span class='ocrx_word' id='word_1_585' title='bbox 558 3627 714 3683; x_wconf 87' lang='lat' dir='ltr'><strong>cebo.</strong></span> <span class='ocrx_word' id='word_1_586' title='bbox 747 3621 974 3690; x_wconf 87' lang='lat' dir='ltr'><strong>Quidam</strong></span> <span class='ocrx_word' id='word_1_587' title='bbox 1026 3621 1217 3687; x_wconf 91' lang='lat' dir='ltr'><strong>putant</strong></span> <span class='ocrx_word' id='word_1_588' title='bbox 1247 3605 1352 3666; x_wconf 82' lang='lat' dir='ltr'><strong>hoc</strong></span> <span class='ocrx_word' id='word_1_589' title='bbox 1385 3608 1455 3664; x_wconf 91' lang='lat' dir='ltr'><strong>de</strong></span> <span class='ocrx_word' id='word_1_590' title='bbox 1483 3604 1710 3677; x_wconf 87' lang='lat' dir='ltr'><strong>imperio</strong></span> <span class='ocrx_word' id='word_1_591' title='bbox 1758 3603 1956 3656; x_wconf 86' lang='lat' dir='ltr'><strong>dictum</strong></span> <span class='ocrx_word' id='word_1_592' title='bbox 1993 3600 2159 3654; x_wconf 85' lang='lat' dir='ltr'><strong>fuisse</strong></span> 
     </span>
    </p>
   </div>
   <div class='ocr_carea' id='block_1_66' title="bbox 561 3692 2160 3777">
    <p class='ocr_par' dir='ltr' id='par_1_66' title="bbox 561 3692 2160 3777">
     <span class='ocr_line' id='line_1_71' title="bbox 561 3692 2160 3777; baseline -0.018 -5"><span class='ocrx_word' id='word_1_593' title='bbox 561 3715 836 3777; x_wconf 76' lang='lat' dir='ltr'><strong>Romano,</strong></span> <span class='ocrx_word' id='word_1_594' title='bbox 887 3717 944 3766; x_wconf 86' lang='lat' dir='ltr'><strong>et</strong></span> <span class='ocrx_word' id='word_1_595' title='bbox 971 3715 1261 3777; x_wconf 89' lang='lat' dir='ltr'><strong>propterea</strong></span> <span class='ocrx_word' id='word_1_596' title='bbox 1290 3701 1515 3756; x_wconf 72' lang='lat' dir='ltr'><strong>Paulum</strong></span> <span class='ocrx_word' id='word_1_597' title='bbox 1547 3696 1850 3766; x_wconf 86' lang='lat' dir='ltr'><strong>apostolum</strong></span> <span class='ocrx_word' id='word_1_598' title='bbox 1897 3692 1948 3746; x_wconf 90' lang='lat' dir='ltr'><strong>id</strong></span> <span class='ocrx_word' id='word_1_599' title='bbox 1975 3699 2160 3760; x_wconf 89' lang='lat' dir='ltr'><strong>aperte</strong></span> 
     </span>
    </p>
   </div>
   <div class='ocr_carea' id='block_1_67' title="bbox 563 3783 2161 3871">
    <p class='ocr_par' dir='ltr' id='par_1_67' title="bbox 563 3783 2161 3871">
     <span class='ocr_line' id='line_1_72' title="bbox 563 3783 2161 3871; baseline -0.014 -11"><span class='ocrx_word' id='word_1_600' title='bbox 563 3803 800 3862; x_wconf 82' lang='lat' dir='ltr'><strong>scribere</strong></span> <span class='ocrx_word' id='word_1_601' title='bbox 830 3793 1117 3871; x_wconf 80' lang='lat' dir='ltr'><strong>[uoluisse]</strong></span> <span class='ocrx_word' id='word_1_602' title='bbox 1150 3791 1390 3847; x_wconf 85' lang='lat' dir='ltr'><strong>voluisse</strong></span> <span class='ocrx_word' id='word_1_603' title='bbox 1411 3829 1426 3856; x_wconf 94' lang='lat'><strong>,</strong></span> <span class='ocrx_word' id='word_1_604' title='bbox 1458 3803 1528 3844; x_wconf 88' lang='lat' dir='ltr'><strong>ne</strong></span> <span class='ocrx_word' id='word_1_605' title='bbox 1556 3787 1881 3842; x_wconf 88' lang='lat' dir='ltr'><strong>calumniam</strong></span> <span class='ocrx_word' id='word_1_606' title='bbox 1913 3783 2161 3837; x_wconf 79' lang='lat' dir='ltr'><strong>videlicet</strong></span> 
     </span>
    </p>
   </div>
   <div class='ocr_carea' id='block_1_68' title="bbox 565 3873 2159 3958">
    <p class='ocr_par' dir='ltr' id='par_1_68' title="bbox 565 3873 2159 3958">
     <span class='ocr_line' id='line_1_73' title="bbox 565 3873 2159 3958; baseline -0.016 -6"><span class='ocrx_word' id='word_1_607' title='bbox 565 3892 889 3954; x_wconf 82' lang='lat' dir='ltr'><strong>incurreret,</strong></span> <span class='ocrx_word' id='word_1_608' title='bbox 922 3887 1066 3958; x_wconf 90' lang='lat' dir='ltr'><strong>quod</strong></span> <span class='ocrx_word' id='word_1_609' title='bbox 1121 3885 1364 3938; x_wconf 81' lang='lat' dir='ltr'><strong>Romano</strong></span> <span class='ocrx_word' id='word_1_610' title='bbox 1397 3881 1624 3950; x_wconf 89' lang='lat' dir='ltr'><strong>imperio</strong></span> <span class='ocrx_word' id='word_1_611' title='bbox 1656 3879 1794 3933; x_wconf 89' lang='lat' dir='ltr'><strong>male</strong></span> <span class='ocrx_word' id='word_1_612' title='bbox 1849 3873 2159 3945; x_wconf 89' lang='lat' dir='ltr'><strong>optaverit,</strong></span> 
     </span>
    </p>
   </div>
   <div class='ocr_carea' id='block_1_69' title="bbox 565 3965 2157 4055">
    <p class='ocr_par' dir='ltr' id='par_1_69' title="bbox 565 3965 2157 4055">
     <span class='ocr_line' id='line_1_74' title="bbox 565 3965 2157 4055; baseline -0.015 -10"><span class='ocrx_word' id='word_1_613' title='bbox 565 4003 687 4046; x_wconf 89' lang='lat' dir='ltr'><strong>cum</strong></span> <span class='ocrx_word' id='word_1_614' title='bbox 723 3988 1034 4055; x_wconf 83' lang='lat' dir='ltr'><strong>speraretur</strong></span> <span class='ocrx_word' id='word_1_615' title='bbox 1080 3987 1341 4033; x_wconf 69' lang='lat' dir='ltr'><strong>aeternum</strong></span> <span class='ocrx_word' id='word_1_616' title='bbox 1373 3991 1388 4028; x_wconf 89' lang='lat'><strong>:</strong></span> <span class='ocrx_word' id='word_1_617' title='bbox 1420 3981 1482 4028; x_wconf 91' lang='lat' dir='ltr'><strong>ut</strong></span> <span class='ocrx_word' id='word_1_618' title='bbox 1527 3972 1628 4027; x_wconf 86' lang='lat' dir='ltr'><strong>hoc</strong></span> <span class='ocrx_word' id='word_1_619' title='bbox 1657 3969 1798 4042; x_wconf 91' lang='lat' dir='ltr'><strong>quod</strong></span> <span class='ocrx_word' id='word_1_620' title='bbox 1831 3969 1987 4034; x_wconf 82' lang='lat' dir='ltr'><strong>dixit,</strong></span> <span class='ocrx_word' id='word_1_621' title='bbox 2037 3965 2157 4024; x_wconf 81' lang='lat' dir='ltr'><strong>Jam</strong></span> 
     </span>
    </p>
   </div>
   <div class='ocr_carea' id='block_1_70' title="bbox 565 4061 2164 4149">
    <p class='ocr_par' dir='ltr' id='par_1_70' title="bbox 565 4061 2164 4149">
     <span class='ocr_line' id='line_1_75' title="bbox 565 4061 2164 4149; baseline -0.016 -10"><span class='ocrx_word' id='word_1_622' title='bbox 565 4081 724 4140; x_wconf 90' lang='lat' dir='ltr'><strong>etiam</strong></span> <span class='ocrx_word' id='word_1_623' title='bbox 755 4073 1073 4149; x_wconf 81' lang='lat' dir='ltr'><strong>mysterium</strong></span> <span class='ocrx_word' id='word_1_624' title='bbox 1115 4067 1409 4138; x_wconf 91' lang='lat' dir='ltr'><strong>iniquitatis</strong></span> <span class='ocrx_word' id='word_1_625' title='bbox 1437 4074 1718 4136; x_wconf 90' lang='lat' dir='ltr'><strong>operatur,</strong></span> <span class='ocrx_word' id='word_1_626' title='bbox 1773 4061 2042 4117; x_wconf 80' lang='lat' dir='ltr'><strong>Neronem</strong></span> <span class='ocrx_word' id='word_1_627' title='bbox 2069 4073 2164 4115; x_wconf 91' lang='lat' dir='ltr'><strong>vo-</strong></span> 
     </span>
    </p>
   </div>
   <div class='ocr_carea' id='block_1_71' title="bbox 568 4152 2164 4239">
    <p class='ocr_par' dir='ltr' id='par_1_71' title="bbox 568 4152 2164 4239">
     <span class='ocr_line' id='line_1_76' title="bbox 568 4152 2164 4239; baseline -0.016 -5"><span class='ocrx_word' id='word_1_628' title='bbox 568 4176 731 4236; x_wconf 85' lang='lat' dir='ltr'><strong>luerit</strong></span> <span class='ocrx_word' id='word_1_629' title='bbox 757 4168 1018 4239; x_wconf 73' lang='lat' dir='ltr'><strong>intelligi,</strong></span> <span class='ocrx_word' id='word_1_630' title='bbox 1051 4166 1201 4236; x_wconf 91' lang='lat' dir='ltr'><strong>cujus</strong></span> <span class='ocrx_word' id='word_1_631' title='bbox 1227 4162 1341 4234; x_wconf 91' lang='lat' dir='ltr'><strong>jam</strong></span> <span class='ocrx_word' id='word_1_632' title='bbox 1371 4161 1510 4216; x_wconf 81' lang='lat' dir='ltr'><strong>iacta</strong></span> <span class='ocrx_word' id='word_1_633' title='bbox 1536 4161 1682 4216; x_wconf 93' lang='lat' dir='ltr'><strong>velut</strong></span> <span class='ocrx_word' id='word_1_634' title='bbox 1725 4154 2042 4213; x_wconf 78' lang='lat' dir='ltr'><strong>Antichristi</strong></span> <span class='ocrx_word' id='word_1_635' title='bbox 2085 4152 2164 4209; x_wconf 87' lang='lat' dir='ltr'><strong>vi-</strong></span> 
     </span>
    </p>
   </div>
   <div class='ocr_carea' id='block_1_72' title="bbox 566 4247 2162 4327">
    <p class='ocr_par' dir='ltr' id='par_1_72' title="bbox 566 4247 2162 4327">
     <span class='ocr_line' id='line_1_77' title="bbox 566 4247 2162 4327; baseline -0.017 0"><span class='ocrx_word' id='word_1_636' title='bbox 566 4270 856 4327; x_wconf 85' lang='lat' dir='ltr'><strong>dcbantur.</strong></span> <span class='ocrx_word' id='word_1_637' title='bbox 882 4261 1040 4319; x_wconf 87' lang='lat' dir='ltr'><strong>Unde</strong></span> <span class='ocrx_word' id='word_1_638' title='bbox 1061 4257 1308 4314; x_wconf 87' lang='lat' dir='ltr'><strong>nonnulli</strong></span> <span class='ocrx_word' id='word_1_639' title='bbox 1336 4256 1514 4326; x_wconf 89' lang='lat' dir='ltr'><strong>ipsum</strong></span> <span class='ocrx_word' id='word_1_640' title='bbox 1544 4261 1972 4310; x_wconf 87' lang='lat' dir='ltr'><strong>resurrecturum</strong></span> <span class='ocrx_word' id='word_1_641' title='bbox 2002 4257 2058 4303; x_wconf 90' lang='lat' dir='ltr'><strong>et</strong></span> <span class='ocrx_word' id='word_1_642' title='bbox 2080 4247 2162 4301; x_wconf 87' lang='lat' dir='ltr'><strong>iu-</strong></span> 
     </span>
    </p>
   </div>
   <div class='ocr_carea' id='block_1_73' title="bbox 569 4337 2165 4417">
    <p class='ocr_par' dir='ltr' id='par_1_73' title="bbox 569 4337 2165 4417">
     <span class='ocr_line' id='line_1_78' title="bbox 569 4337 2165 4417; baseline -0.014 -1"><span class='ocrx_word' id='word_1_643' title='bbox 569 4370 755 4417; x_wconf 87' lang='lat' dir='ltr'><strong>turum</strong></span> <span class='ocrx_word' id='word_1_644' title='bbox 785 4353 1183 4411; x_wconf 81' lang='lat' dir='ltr'><strong>Antichristum</strong></span> <span class='ocrx_word' id='word_1_645' title='bbox 1212 4349 1553 4417; x_wconf 85' lang='lat' dir='ltr'><strong>suspicantur</strong></span> <span class='ocrx_word' id='word_1_646' title='bbox 1573 4364 1588 4414; x_wconf 92' lang='lat'><strong>;</strong></span> <span class='ocrx_word' id='word_1_647' title='bbox 1611 4347 1699 4402; x_wconf 90' lang='lat' dir='ltr'><strong>alii</strong></span> <span class='ocrx_word' id='word_1_648' title='bbox 1731 4358 1860 4401; x_wconf 90' lang='lat' dir='ltr'><strong>vero</strong></span> <span class='ocrx_word' id='word_1_649' title='bbox 1881 4357 1980 4398; x_wconf 90' lang='lat' dir='ltr'><strong>nec</strong></span> <span class='ocrx_word' id='word_1_650' title='bbox 1998 4337 2165 4413; x_wconf 78' lang='lat' dir='ltr'><strong>[eum]</strong></span> 
     </span>
    </p>
   </div>
   <div class='ocr_carea' id='block_1_74' title="bbox 573 4439 2167 4516">
    <p class='ocr_par' dir='ltr' id='par_1_74' title="bbox 573 4439 2167 4516">
     <span class='ocr_line' id='line_1_79' title="bbox 573 4439 2167 4516; baseline -0.012 -10"><span class='ocrx_word' id='word_1_651' title='bbox 573 4450 812 4507; x_wconf 91' lang='lat' dir='ltr'><strong>occisum</strong></span> <span class='ocrx_word' id='word_1_652' title='bbox 846 4451 1068 4516; x_wconf 83' lang='lat' dir='ltr'><strong>putant,</strong></span> <span class='ocrx_word' id='word_1_653' title='bbox 1101 4441 1199 4497; x_wconf 90' lang='lat' dir='ltr'><strong>sed</strong></span> <span class='ocrx_word' id='word_1_654' title='bbox 1231 4440 1562 4494; x_wconf 84' lang='lat' dir='ltr'><strong>subtractum</strong></span> <span class='ocrx_word' id='word_1_655' title='bbox 1591 4439 1770 4507; x_wconf 91' lang='lat' dir='ltr'><strong>potius</strong></span> <span class='ocrx_word' id='word_1_656' title='bbox 1800 4447 1859 4490; x_wconf 90' lang='lat' dir='ltr'><strong>ut</strong></span> <span class='ocrx_word' id='word_1_657' title='bbox 1890 4442 2167 4506; x_wconf 87' lang='lat' dir='ltr'><strong>putaretur</strong></span> 
     </span>
    </p>
   </div>
   <div class='ocr_carea' id='block_1_75' title="bbox 572 4525 2165 4607">
    <p class='ocr_par' dir='ltr' id='par_1_75' title="bbox 572 4525 2165 4607">
     <span class='ocr_line' id='line_1_80' title="bbox 572 4525 2165 4607; baseline -0.014 -6"><span class='ocrx_word' id='word_1_658' title='bbox 572 4543 812 4607; x_wconf 82' lang='lat' dir='ltr'><strong>occisus,</strong></span> <span class='ocrx_word' id='word_1_659' title='bbox 843 4550 896 4595; x_wconf 92' lang='lat' dir='ltr'><strong>et</strong></span> <span class='ocrx_word' id='word_1_660' title='bbox 917 4538 1097 4594; x_wconf 83' lang='lat' dir='ltr'><strong>vivum</strong></span> <span class='ocrx_word' id='word_1_661' title='bbox 1127 4533 1386 4590; x_wconf 91' lang='lat' dir='ltr'><strong>occultari</strong></span> <span class='ocrx_word' id='word_1_662' title='bbox 1412 4531 1481 4594; x_wconf 75' lang='lat' dir='ltr'><strong>lin</strong></span> <span class='ocrx_word' id='word_1_663' title='bbox 1511 4529 1693 4601; x_wconf 88' lang='lat' dir='ltr'><strong>vigore</strong></span> <span class='ocrx_word' id='word_1_664' title='bbox 1719 4530 1887 4600; x_wconf 87' lang='lat' dir='ltr'><strong>ipsius</strong></span> <span class='ocrx_word' id='word_1_665' title='bbox 1917 4528 2090 4583; x_wconf 86' lang='lat' dir='ltr'><strong>aetatis</strong></span> <span class='ocrx_word' id='word_1_666' title='bbox 2113 4525 2165 4580; x_wconf 90' lang='lat' dir='ltr'><strong>in</strong></span> 
     </span>
    </p>
   </div>
   <div class='ocr_carea' id='block_1_76' title="bbox 574 4623 2166 4710">
    <p class='ocr_par' dir='ltr' id='par_1_76' title="bbox 574 4623 2166 4710">
     <span class='ocr_line' id='line_1_81' title="bbox 574 4623 2166 4710; baseline -0.013 -18"><span class='ocrx_word' id='word_1_667' title='bbox 574 4655 679 4710; x_wconf 87' lang='lat' dir='ltr'><strong>qua</strong></span> <span class='ocrx_word' id='word_1_668' title='bbox 711 4635 810 4690; x_wconf 82' lang='lat' dir='ltr'><strong>iuit</strong></span> <span class='ocrx_word' id='word_1_669' title='bbox 845 4646 964 4688; x_wconf 91' lang='lat' dir='ltr'><strong>cum</strong></span> <span class='ocrx_word' id='word_1_670' title='bbox 996 4630 1308 4686; x_wconf 89' lang='lat' dir='ltr'><strong>crederetur</strong></span> <span class='ocrx_word' id='word_1_671' title='bbox 1333 4623 1652 4690; x_wconf 83' lang='lat' dir='ltr'><strong>exstinctus,</strong></span> <span class='ocrx_word' id='word_1_672' title='bbox 1698 4624 1869 4678; x_wconf 91' lang='lat' dir='ltr'><strong>donec</strong></span> <span class='ocrx_word' id='word_1_673' title='bbox 1910 4637 2006 4676; x_wconf 90' lang='lat' dir='ltr'><strong>suo</strong></span> <span class='ocrx_word' id='word_1_674' title='bbox 2034 4628 2166 4674; x_wconf 89' lang='lat' dir='ltr'><strong>tem-</strong></span> 
     </span>
    </p>
   </div>
   <div class='ocr_carea' id='block_1_77' title="bbox 2263 3375 3782 3474">
    <p class='ocr_par' dir='ltr' id='par_1_77' title="bbox 2263 3375 3782 3474">
     <span class='ocr_line' id='line_1_82' title="bbox 2263 3375 3782 3474; baseline -0.022 -17"><span class='ocrx_word' id='word_1_675' title='bbox 2263 3375 2643 3474; x_wconf 80' lang='lat' dir='ltr'><strong>phantasmata</strong></span> <span class='ocrx_word' id='word_1_676' title='bbox 2671 3396 2992 3463; x_wconf 80' lang='lat' dir='ltr'><strong>decepturus</strong></span> <span class='ocrx_word' id='word_1_677' title='bbox 3022 3385 3353 3456; x_wconf 72' lang='lat' dir='ltr'><strong>est,utqnod</strong></span> <span class='ocrx_word' id='word_1_678' title='bbox 3384 3398 3487 3437; x_wconf 91' lang='lat' dir='ltr'><strong>non</strong></span> <span class='ocrx_word' id='word_1_679' title='bbox 3517 3379 3627 3434; x_wconf 82' lang='lat' dir='ltr'><strong>iacit</strong></span> <span class='ocrx_word' id='word_1_680' title='bbox 3653 3375 3782 3429; x_wconf 63' lang='lat' dir='ltr'><strong>facere</strong></span> 
     </span>
    </p>
   </div>
   <div class='ocr_carea' id='block_1_78' title="bbox 2264 3478 3785 3560">
    <p class='ocr_par' dir='ltr' id='par_1_78' title="bbox 2264 3478 3785 3560">
     <span class='ocr_line' id='line_1_83' title="bbox 2264 3478 3785 3560; baseline -0.022 -7"><span class='ocrx_word' id='word_1_681' title='bbox 2264 3498 2508 3554; x_wconf 86' lang='lat' dir='ltr'><strong>videatur</strong></span> <span class='ocrx_word' id='word_1_682' title='bbox 2535 3512 2547 3546; x_wconf 89' lang='lat'><strong>:</strong></span> <span class='ocrx_word' id='word_1_683' title='bbox 2581 3508 2648 3547; x_wconf 91' lang='lat' dir='ltr'><strong>an</strong></span> <span class='ocrx_word' id='word_1_684' title='bbox 2678 3490 2798 3560; x_wconf 87' lang='lat' dir='ltr'><strong>quia</strong></span> <span class='ocrx_word' id='word_1_685' title='bbox 2831 3489 2919 3541; x_wconf 90' lang='lat' dir='ltr'><strong>illa</strong></span> <span class='ocrx_word' id='word_1_686' title='bbox 2953 3487 3088 3554; x_wconf 89' lang='lat' dir='ltr'><strong>ipsa,</strong></span> <span class='ocrx_word' id='word_1_687' title='bbox 3121 3482 3282 3537; x_wconf 90' lang='lat' dir='ltr'><strong>etiam</strong></span> <span class='ocrx_word' id='word_1_688' title='bbox 3316 3480 3361 3533; x_wconf 92' lang='lat' dir='ltr'><strong>si</strong></span> <span class='ocrx_word' id='word_1_689' title='bbox 3394 3484 3540 3532; x_wconf 91' lang='lat' dir='ltr'><strong>erunt</strong></span> <span class='ocrx_word' id='word_1_690' title='bbox 3565 3484 3667 3526; x_wconf 86' lang='lat' dir='ltr'><strong>vera</strong></span> <span class='ocrx_word' id='word_1_691' title='bbox 3697 3478 3785 3536; x_wconf 86' lang='lat' dir='ltr'><strong>pro-</strong></span> 
     </span>
    </p>
   </div>
   <div class='ocr_carea' id='block_1_79' title="bbox 2265 3569 3786 3659">
    <p class='ocr_par' dir='ltr' id='par_1_79' title="bbox 2265 3569 3786 3659">
     <span class='ocr_line' id='line_1_84' title="bbox 2265 3569 3786 3659; baseline -0.024 -14"><span class='ocrx_word' id='word_1_692' title='bbox 2265 3589 2432 3659; x_wconf 86' lang='lat' dir='ltr'><strong>digia,</strong></span> <span class='ocrx_word' id='word_1_693' title='bbox 2463 3585 2530 3639; x_wconf 90' lang='lat' dir='ltr'><strong>ad</strong></span> <span class='ocrx_word' id='word_1_694' title='bbox 2575 3581 2914 3638; x_wconf 88' lang='lat' dir='ltr'><strong>mendacium</strong></span> <span class='ocrx_word' id='word_1_695' title='bbox 2958 3574 3272 3646; x_wconf 80' lang='lat' dir='ltr'><strong>pertralient</strong></span> <span class='ocrx_word' id='word_1_696' title='bbox 3300 3571 3589 3627; x_wconf 87' lang='lat' dir='ltr'><strong>credituros</strong></span> <span class='ocrx_word' id='word_1_697' title='bbox 3630 3575 3716 3615; x_wconf 93' lang='lat' dir='ltr'><strong>non</strong></span> <span class='ocrx_word' id='word_1_698' title='bbox 3741 3569 3786 3610; x_wconf 82' lang='lat' dir='ltr'><strong>ea</strong></span> 
     </span>
    </p>
   </div>
   <div class='ocr_carea' id='block_1_80' title="bbox 2265 3656 3790 3755">
    <p class='ocr_par' dir='ltr' id='par_1_80' title="bbox 2265 3656 3790 3755">
     <span class='ocr_line' id='line_1_85' title="bbox 2265 3656 3790 3755; baseline -0.024 -15"><span class='ocrx_word' id='word_1_699' title='bbox 2265 3656 2511 3755; x_wconf 67' lang='lat' dir='ltr'><strong>potuisse</strong></span> <span class='ocrx_word' id='word_1_700' title='bbox 2537 3678 2639 3733; x_wconf 91' lang='lat' dir='ltr'><strong>nisi</strong></span> <span class='ocrx_word' id='word_1_701' title='bbox 2670 3676 2928 3731; x_wconf 89' lang='lat' dir='ltr'><strong>divinitus</strong></span> <span class='ocrx_word' id='word_1_702' title='bbox 2949 3671 3064 3726; x_wconf 75' lang='lat' dir='ltr'><strong>fieri</strong></span> <span class='ocrx_word' id='word_1_703' title='bbox 3095 3671 3347 3722; x_wconf 87' lang='lat' dir='ltr'><strong>virtutem</strong></span> <span class='ocrx_word' id='word_1_704' title='bbox 3375 3660 3558 3718; x_wconf 87' lang='lat' dir='ltr'><strong>diaboli</strong></span> <span class='ocrx_word' id='word_1_705' title='bbox 3586 3656 3790 3712; x_wconf 84' lang='lat' dir='ltr'><strong>nescien-</strong></span> 
     </span>
    </p>
   </div>
   <div class='ocr_carea' id='block_1_81' title="bbox 2268 3746 3794 3841">
    <p class='ocr_par' dir='ltr' id='par_1_81' title="bbox 2268 3746 3794 3841">
     <span class='ocr_line' id='line_1_86' title="bbox 2268 3746 3794 3841; baseline -0.024 -9"><span class='ocrx_word' id='word_1_706' title='bbox 2268 3786 2384 3841; x_wconf 89' lang='lat' dir='ltr'><strong>tes,</strong></span> <span class='ocrx_word' id='word_1_707' title='bbox 2418 3773 2652 3829; x_wconf 79' lang='lat' dir='ltr'><strong>maxime</strong></span> <span class='ocrx_word' id='word_1_708' title='bbox 2694 3769 2910 3840; x_wconf 89' lang='lat' dir='ltr'><strong>quando</strong></span> <span class='ocrx_word' id='word_1_709' title='bbox 2943 3775 3144 3820; x_wconf 91' lang='lat' dir='ltr'><strong>tantam</strong></span> <span class='ocrx_word' id='word_1_710' title='bbox 3177 3771 3417 3832; x_wconf 84' lang='lat' dir='ltr'><strong>quantam</strong></span> <span class='ocrx_word' id='word_1_711' title='bbox 3443 3765 3688 3820; x_wconf 83' lang='lat' dir='ltr'><strong>nunquam</strong></span> <span class='ocrx_word' id='word_1_712' title='bbox 3714 3746 3794 3798; x_wconf 77' lang='lat' dir='ltr'><strong>lia-</strong></span> 
     </span>
    </p>
   </div>
   <div class='ocr_carea' id='block_1_82' title="bbox 2269 3837 3792 3936">
    <p class='ocr_par' dir='ltr' id='par_1_82' title="bbox 2269 3837 3792 3936">
     <span class='ocr_line' id='line_1_87' title="bbox 2269 3837 3792 3936; baseline -0.022 -13"><span class='ocrx_word' id='word_1_713' title='bbox 2269 3865 2388 3922; x_wconf 90' lang='lat' dir='ltr'><strong>buit</strong></span> <span class='ocrx_word' id='word_1_714' title='bbox 2409 3865 2679 3936; x_wconf 83' lang='lat' dir='ltr'><strong>acceperit</strong></span> <span class='ocrx_word' id='word_1_715' title='bbox 2708 3837 3058 3935; x_wconf 81' lang='lat' dir='ltr'><strong>potestatem.</strong></span> <span class='ocrx_word' id='word_1_716' title='bbox 3083 3856 3199 3912; x_wconf 82' lang='lat' dir='ltr'><strong>Non</strong></span> <span class='ocrx_word' id='word_1_717' title='bbox 3224 3855 3354 3910; x_wconf 86' lang='lat' dir='ltr'><strong>enim</strong></span> <span class='ocrx_word' id='word_1_718' title='bbox 3379 3845 3572 3920; x_wconf 88' lang='lat' dir='ltr'><strong>quando</strong></span> <span class='ocrx_word' id='word_1_719' title='bbox 3589 3841 3649 3896; x_wconf 87' lang='lat' dir='ltr'><strong>de</strong></span> <span class='ocrx_word' id='word_1_720' title='bbox 3665 3837 3792 3893; x_wconf 66' lang='lat' dir='ltr'><strong>caelo</strong></span> 
     </span>
    </p>
   </div>
   <div class='ocr_carea' id='block_1_83' title="bbox 2269 3933 3796 4039">
    <p class='ocr_par' dir='ltr' id='par_1_83' title="bbox 2269 3933 3796 4039">
     <span class='ocr_line' id='line_1_88' title="bbox 2269 3933 3796 4039; baseline -0.026 -15"><span class='ocrx_word' id='word_1_721' title='bbox 2269 3967 2410 4039; x_wconf 85' lang='lat' dir='ltr'><strong>ignis</strong></span> <span class='ocrx_word' id='word_1_722' title='bbox 2436 3933 2632 4018; x_wconf 82' lang='lat' dir='ltr'><strong>cecidit</strong></span> <span class='ocrx_word' id='word_1_723' title='bbox 2653 3933 2939 4015; x_wconf 32' lang='lat' dir='ltr'><strong>et&#39;tantam</strong></span> <span class='ocrx_word' id='word_1_724' title='bbox 2973 3953 3228 4008; x_wconf 83' lang='lat' dir='ltr'><strong>familiam</strong></span> <span class='ocrx_word' id='word_1_725' title='bbox 3261 3963 3378 4004; x_wconf 87' lang='lat' dir='ltr'><strong>cum</strong></span> <span class='ocrx_word' id='word_1_726' title='bbox 3406 3944 3551 3999; x_wconf 83' lang='lat' dir='ltr'><strong>tantis</strong></span> <span class='ocrx_word' id='word_1_727' title='bbox 3572 3933 3796 4008; x_wconf 76' lang='lat' dir='ltr'><strong>gregibus</strong></span> 
     </span>
    </p>
   </div>
   <div class='ocr_carea' id='block_1_84' title="bbox 2271 4025 3800 4130">
    <p class='ocr_par' dir='ltr' id='par_1_84' title="bbox 2271 4025 3800 4130">
     <span class='ocr_line' id='line_1_89' title="bbox 2271 4025 3800 4130; baseline -0.024 -17"><span class='ocrx_word' id='word_1_728' title='bbox 2271 4025 2528 4130; x_wconf 69' lang='lat' dir='ltr'><strong>pecorum</strong></span> <span class='ocrx_word' id='word_1_729' title='bbox 2555 4052 2727 4110; x_wconf 87' lang='lat' dir='ltr'><strong>sancti</strong></span> <span class='ocrx_word' id='word_1_730' title='bbox 2756 4050 2860 4107; x_wconf 77' lang='lat' dir='ltr'><strong>Job</strong></span> <span class='ocrx_word' id='word_1_731' title='bbox 2888 4062 2997 4104; x_wconf 91' lang='lat' dir='ltr'><strong>uno</strong></span> <span class='ocrx_word' id='word_1_732' title='bbox 3025 4048 3230 4115; x_wconf 91' lang='lat' dir='ltr'><strong>impetu</strong></span> <span class='ocrx_word' id='word_1_733' title='bbox 3257 4037 3559 4105; x_wconf 69' lang='lat' dir='ltr'><strong>absumpsit,</strong></span> <span class='ocrx_word' id='word_1_734' title='bbox 3588 4038 3638 4086; x_wconf 91' lang='lat' dir='ltr'><strong>et</strong></span> <span class='ocrx_word' id='word_1_735' title='bbox 3671 4025 3800 4082; x_wconf 88' lang='lat' dir='ltr'><strong>turbo</strong></span> 
     </span>
    </p>
   </div>
   <div class='ocr_carea' id='block_1_85' title="bbox 2268 4119 3797 4212">
    <p class='ocr_par' dir='ltr' id='par_1_85' title="bbox 2268 4119 3797 4212">
     <span class='ocr_line' id='line_1_90' title="bbox 2268 4119 3797 4212; baseline -0.023 -6"><span class='ocrx_word' id='word_1_736' title='bbox 2268 4119 2482 4206; x_wconf 74' lang='lat' dir='ltr'><strong>irruens</strong></span> <span class='ocrx_word' id='word_1_737' title='bbox 2515 4153 2572 4201; x_wconf 89' lang='lat' dir='ltr'><strong>et</strong></span> <span class='ocrx_word' id='word_1_738' title='bbox 2592 4145 2810 4199; x_wconf 91' lang='lat' dir='ltr'><strong>domum</strong></span> <span class='ocrx_word' id='word_1_739' title='bbox 2840 4141 3096 4212; x_wconf 85' lang='lat' dir='ltr'><strong>dejiciens</strong></span> <span class='ocrx_word' id='word_1_740' title='bbox 3128 4139 3266 4193; x_wconf 88' lang='lat' dir='ltr'><strong>lilios</strong></span> <span class='ocrx_word' id='word_1_741' title='bbox 3290 4136 3407 4206; x_wconf 89' lang='lat' dir='ltr'><strong>ejus</strong></span> <span class='ocrx_word' id='word_1_742' title='bbox 3432 4126 3631 4188; x_wconf 84' lang='lat' dir='ltr'><strong>occidit,</strong></span> <span class='ocrx_word' id='word_1_743' title='bbox 3667 4119 3797 4192; x_wconf 81' lang='lat' dir='ltr'><strong>phan-</strong></span> 
     </span>
    </p>
   </div>
   <div class='ocr_carea' id='block_1_86' title="bbox 2271 4210 3800 4307">
    <p class='ocr_par' dir='ltr' id='par_1_86' title="bbox 2271 4210 3800 4307">
     <span class='ocr_line' id='line_1_91' title="bbox 2271 4210 3800 4307; baseline -0.016 -11"><span class='ocrx_word' id='word_1_744' title='bbox 2271 4251 2499 4296; x_wconf 86' lang='lat' dir='ltr'><strong>tesmata</strong></span> <span class='ocrx_word' id='word_1_745' title='bbox 2530 4241 2768 4305; x_wconf 82' lang='lat' dir='ltr'><strong>fuerunt,</strong></span> <span class='ocrx_word' id='word_1_746' title='bbox 2801 4251 2923 4307; x_wconf 71' lang='lat' dir='ltr'><strong>qua:</strong></span> <span class='ocrx_word' id='word_1_747' title='bbox 2945 4246 3122 4291; x_wconf 90' lang='lat' dir='ltr'><strong>tamen</strong></span> <span class='ocrx_word' id='word_1_748' title='bbox 3147 4233 3298 4288; x_wconf 84' lang='lat' dir='ltr'><strong>fuere</strong></span> <span class='ocrx_word' id='word_1_749' title='bbox 3326 4243 3490 4300; x_wconf 86' lang='lat' dir='ltr'><strong>opera</strong></span> <span class='ocrx_word' id='word_1_750' title='bbox 3512 4227 3718 4282; x_wconf 59' lang='lat' dir='ltr'><strong>Satanae.</strong></span> <span class='ocrx_word' id='word_1_751' title='bbox 3742 4210 3800 4268; x_wconf 79' lang='lat' dir='ltr'><strong>cui</strong></span> 
     </span>
    </p>
   </div>
   <div class='ocr_carea' id='block_1_87' title="bbox 2267 4309 3797 4401">
    <p class='ocr_par' dir='ltr' id='par_1_87' title="bbox 2267 4309 3797 4401">
     <span class='ocr_line' id='line_1_92' title="bbox 2267 4309 3797 4401; baseline -0.023 -6"><span class='ocrx_word' id='word_1_752' title='bbox 2267 4338 2412 4394; x_wconf 91' lang='lat' dir='ltr'><strong>Deus</strong></span> <span class='ocrx_word' id='word_1_753' title='bbox 2442 4335 2667 4393; x_wconf 83' lang='lat' dir='ltr'><strong>dederat</strong></span> <span class='ocrx_word' id='word_1_754' title='bbox 2697 4333 2837 4387; x_wconf 90' lang='lat' dir='ltr'><strong>hanc</strong></span> <span class='ocrx_word' id='word_1_755' title='bbox 2865 4337 3212 4401; x_wconf 89' lang='lat' dir='ltr'><strong>potestatem.</strong></span> <span class='ocrx_word' id='word_1_756' title='bbox 3235 4323 3341 4382; x_wconf 90' lang='lat' dir='ltr'><strong>Sed</strong></span> <span class='ocrx_word' id='word_1_757' title='bbox 3370 4330 3582 4392; x_wconf 88' lang='lat' dir='ltr'><strong>propter</strong></span> <span class='ocrx_word' id='word_1_758' title='bbox 3604 4310 3707 4385; x_wconf 87' lang='lat' dir='ltr'><strong>quid</strong></span> <span class='ocrx_word' id='word_1_759' title='bbox 3731 4309 3797 4361; x_wconf 85' lang='lat' dir='ltr'><strong>ho-</strong></span> 
     </span>
    </p>
   </div>
   <div class='ocr_carea' id='block_1_88' title="bbox 2269 4409 3798 4499">
    <p class='ocr_par' dir='ltr' id='par_1_88' title="bbox 2269 4409 3798 4499">
     <span class='ocr_line' id='line_1_93' title="bbox 2269 4409 3798 4499; baseline -0.022 -13"><span class='ocrx_word' id='word_1_760' title='bbox 2269 4445 2390 4486; x_wconf 85' lang='lat' dir='ltr'><strong>rum</strong></span> <span class='ocrx_word' id='word_1_761' title='bbox 2417 4443 2548 4499; x_wconf 88' lang='lat' dir='ltr'><strong>ergo</strong></span> <span class='ocrx_word' id='word_1_762' title='bbox 2570 4425 2712 4482; x_wconf 89' lang='lat' dir='ltr'><strong>dicta</strong></span> <span class='ocrx_word' id='word_1_763' title='bbox 2741 4424 2849 4478; x_wconf 89' lang='lat' dir='ltr'><strong>sint</strong></span> <span class='ocrx_word' id='word_1_764' title='bbox 2880 4421 3118 4491; x_wconf 90' lang='lat' dir='ltr'><strong>prodigia</strong></span> <span class='ocrx_word' id='word_1_765' title='bbox 3144 4425 3198 4475; x_wconf 86' lang='lat' dir='ltr'><strong>et</strong></span> <span class='ocrx_word' id='word_1_766' title='bbox 3239 4417 3390 4486; x_wconf 84' lang='lat' dir='ltr'><strong>signa</strong></span> <span class='ocrx_word' id='word_1_767' title='bbox 3423 4409 3688 4470; x_wconf 81' lang='lat' dir='ltr'><strong>mendacii,</strong></span> <span class='ocrx_word' id='word_1_768' title='bbox 3713 4411 3798 4455; x_wconf 81' lang='lat' dir='ltr'><strong>Inc</strong></span> 
     </span>
    </p>
   </div>
   <div class='ocr_carea' id='block_1_89' title="bbox 2271 4491 3792 4595">
    <p class='ocr_par' dir='ltr' id='par_1_89' title="bbox 2271 4491 3792 4595">
     <span class='ocr_line' id='line_1_94' title="bbox 2271 4491 3792 4595; baseline -0.022 -15"><span class='ocrx_word' id='word_1_769' title='bbox 2271 4524 2452 4595; x_wconf 90' lang='lat' dir='ltr'><strong>potius</strong></span> <span class='ocrx_word' id='word_1_770' title='bbox 2480 4491 2787 4590; x_wconf 66' lang='lat' dir='ltr'><strong>apparebit;</strong></span> <span class='ocrx_word' id='word_1_771' title='bbox 2818 4514 2912 4571; x_wconf 85' lang='lat' dir='ltr'><strong>sed</strong></span> <span class='ocrx_word' id='word_1_772' title='bbox 2970 4519 3195 4585; x_wconf 88' lang='lat' dir='ltr'><strong>propter</strong></span> <span class='ocrx_word' id='word_1_773' title='bbox 3225 4507 3510 4580; x_wconf 86' lang='lat' dir='ltr'><strong>quodlibet</strong></span> <span class='ocrx_word' id='word_1_774' title='bbox 3543 4507 3697 4558; x_wconf 88' lang='lat' dir='ltr'><strong>horum</strong></span> <span class='ocrx_word' id='word_1_775' title='bbox 3732 4491 3792 4588; x_wconf 49' lang='lat' dir='ltr'><strong>di:</strong></span> 
     </span>
    </p>
   </div>
   <div class='ocr_carea' id='block_1_90' title="bbox 2226 4577 3794 4678">
    <p class='ocr_par' dir='ltr' id='par_1_90' title="bbox 2226 4577 3794 4678">
     <span class='ocr_line' id='line_1_95' title="bbox 2226 4577 3794 4678; baseline -0.015 -7"><span class='ocrx_word' id='word_1_776' title='bbox 2226 4653 2236 4663; x_wconf 84' lang='grc'><strong><em>.</em></strong></span> <span class='ocrx_word' id='word_1_777' title='bbox 2272 4625 2418 4670; x_wconf 92' lang='lat' dir='ltr'><strong>ctum</strong></span> <span class='ocrx_word' id='word_1_778' title='bbox 2449 4615 2537 4678; x_wconf 88' lang='lat' dir='ltr'><strong>sit,</strong></span> <span class='ocrx_word' id='word_1_779' title='bbox 2585 4610 2912 4667; x_wconf 88' lang='lat' dir='ltr'><strong>seducentur</strong></span> <span class='ocrx_word' id='word_1_780' title='bbox 2967 4605 3044 4660; x_wconf 89' lang='lat' dir='ltr'><strong>eis</strong></span> <span class='ocrx_word' id='word_1_781' title='bbox 3075 4603 3239 4673; x_wconf 82' lang='lat' dir='ltr'><strong>signis</strong></span> <span class='ocrx_word' id='word_1_782' title='bbox 3283 4609 3451 4669; x_wconf 90' lang='lat' dir='ltr'><strong>atque</strong></span> <span class='ocrx_word' id='word_1_783' title='bbox 3488 4589 3703 4666; x_wconf 69' lang='lat' dir='ltr'><strong>prodigiis</strong></span> <span class='ocrx_word' id='word_1_784' title='bbox 3733 4577 3794 4649; x_wconf 62' lang='grc' dir='ltr'><strong>φλὶ</strong></span> 
     </span>
    </p>
   </div>
   <div class='ocr_carea' id='block_1_91' title="bbox 583 4674 3800 4802">
    <p class='ocr_par' dir='ltr' id='par_1_91' title="bbox 583 4674 3800 4802">
     <span class='ocr_line' id='line_1_96' title="bbox 583 4674 1971 4710; baseline -0.012 -19"><span class='ocrx_word' id='word_1_785' title='bbox 583 4674 679 4710; x_wconf 57' lang='lat' dir='ltr'><strong>qua</strong></span> <span class='ocrx_word' id='word_1_786' title='bbox 711 4674 810 4690; x_wconf 66' lang='lat' dir='ltr'><strong>Iuli</strong></span> <span class='ocrx_word' id='word_1_787' title='bbox 847 4674 964 4688; x_wconf 64' lang='grc' dir='ltr'>νυιιι</span> <span class='ocrx_word' id='word_1_788' title='bbox 997 4674 1299 4686; x_wconf 70' lang='grc' dir='ltr'><strong>νινν-ν-ν---</strong></span> <span class='ocrx_word' id='word_1_789' title='bbox 1338 4674 1652 4690; x_wconf 57' lang='grc' dir='ltr'><strong>ν---ν---νννσ-η,</strong></span> <span class='ocrx_word' id='word_1_790' title='bbox 1705 4674 1863 4678; x_wconf 58' lang='grc' dir='ltr'><strong>ν.-----</strong></span> <span class='ocrx_word' id='word_1_791' title='bbox 1921 4674 1971 4676; x_wconf 39' lang='grc' dir='ltr'><em>νη</em></span> 
     </span>
     <span class='ocr_line' id='line_1_97' title="bbox 583 4674 3800 4802; baseline -0.012 -18"><span class='ocrx_word' id='word_1_792' title='bbox 583 4742 718 4802; x_wconf 89' lang='lat' dir='ltr'><strong>pore</strong></span> <span class='ocrx_word' id='word_1_793' title='bbox 770 4724 1038 4779; x_wconf 88' lang='lat' dir='ltr'><strong>reveletur</strong></span> <span class='ocrx_word' id='word_1_794' title='bbox 1071 4730 1124 4776; x_wconf 91' lang='lat' dir='ltr'><strong>et</strong></span> <span class='ocrx_word' id='word_1_795' title='bbox 1144 4719 1456 4776; x_wconf 89' lang='lat' dir='ltr'><strong>restituatur</strong></span> <span class='ocrx_word' id='word_1_796' title='bbox 1488 4717 1544 4772; x_wconf 91' lang='lat' dir='ltr'><strong>in</strong></span> <span class='ocrx_word' id='word_1_797' title='bbox 1597 4730 1840 4785; x_wconf 85' lang='lat' dir='ltr'><strong>regnum.</strong></span> <span class='ocrx_word' id='word_1_798' title='bbox 1885 4713 1992 4768; x_wconf 87' lang='lat' dir='ltr'><strong>Sed</strong></span> <span class='ocrx_word' id='word_1_799' title='bbox 2033 4701 2462 4767; x_wconf 80' lang='lat' dir='ltr'><strong>mul-Dseduci</strong></span> <span class='ocrx_word' id='word_1_800' title='bbox 2495 4704 2841 4760; x_wconf 85' lang='lat' dir='ltr'><strong>merebuntur</strong></span> <span class='ocrx_word' id='word_1_801' title='bbox 2874 4719 2886 4754; x_wconf 91' lang='lat'>:</span> <span class='ocrx_word' id='word_1_802' title='bbox 2934 4713 3030 4769; x_wconf 90' lang='lat' dir='ltr'><strong>pro</strong></span> <span class='ocrx_word' id='word_1_803' title='bbox 3076 4712 3141 4753; x_wconf 90' lang='lat' dir='ltr'><strong>eo</strong></span> <span class='ocrx_word' id='word_1_804' title='bbox 3183 4691 3324 4767; x_wconf 91' lang='lat' dir='ltr'><strong>quod</strong></span> <span class='ocrx_word' id='word_1_805' title='bbox 3371 4674 3800 4748; x_wconf 56' lang='lat' dir='ltr'><strong>dilectionemiii“</strong></span> 
     </span>
     <span class='ocr_line' id='line_1_98' title="bbox 2546 4773 3800 4802; baseline 0 0"><span class='ocrx_word' id='word_1_806' title='bbox 2546 4801 2551 4802; x_wconf 62' lang='lat'><strong><em>,</em></strong></span> <span class='ocrx_word' id='word_1_807' title='bbox 2643 4799 2653 4802; x_wconf 91' lang='lat'>_</span> <span class='ocrx_word' id='word_1_808' title='bbox 3123 4797 3173 4802; x_wconf 85' lang='lat'><strong>._</strong></span> <span class='ocrx_word' id='word_1_809' title='bbox 3267 4797 3276 4802; x_wconf 83' lang='lat'>_</span> <span class='ocrx_word' id='word_1_810' title='bbox 3371 4786 3406 4802; x_wconf 28' lang='lat' dir='ltr'><strong>As</strong></span> <span class='ocrx_word' id='word_1_811' title='bbox 3460 4789 3471 4799; x_wconf 83' lang='lat'><strong><em>-</em></strong></span> <span class='ocrx_word' id='word_1_812' title='bbox 3530 4787 3692 4802; x_wconf 21' lang='lat' dir='ltr'><strong>n,,__.</strong></span> <span class='ocrx_word' id='word_1_813' title='bbox 3735 4773 3800 4802; x_wconf 60' lang='grc' dir='ltr'>ΚΜ</span> 
     </span>
    </p>
   </div>
   <div class='ocr_carea' id='block_1_92' title="bbox 575 4808 2168 4880">
    <p class='ocr_par' dir='ltr' id='par_1_92' title="bbox 575 4808 2168 4880">
     <span class='ocr_line' id='line_1_99' title="bbox 575 4808 2168 4880; baseline -0.013 -2"><span class='ocrx_word' id='word_1_814' title='bbox 575 4833 695 4879; x_wconf 90' lang='lat' dir='ltr'><strong>tum</strong></span> <span class='ocrx_word' id='word_1_815' title='bbox 727 4818 858 4876; x_wconf 88' lang='lat' dir='ltr'><strong>mihi</strong></span> <span class='ocrx_word' id='word_1_816' title='bbox 908 4814 1041 4870; x_wconf 91' lang='lat' dir='ltr'><strong>mira</strong></span> <span class='ocrx_word' id='word_1_817' title='bbox 1071 4825 1153 4870; x_wconf 91' lang='lat' dir='ltr'><strong>est</strong></span> <span class='ocrx_word' id='word_1_818' title='bbox 1177 4813 1291 4866; x_wconf 58' lang='lat' dir='ltr'><strong>haec</strong></span> <span class='ocrx_word' id='word_1_819' title='bbox 1328 4808 1660 4880; x_wconf 89' lang='lat' dir='ltr'><strong>opinantium</strong></span> <span class='ocrx_word' id='word_1_820' title='bbox 1694 4813 1838 4862; x_wconf 88' lang='lat' dir='ltr'><strong>tanta</strong></span> <span class='ocrx_word' id='word_1_821' title='bbox 1871 4818 2168 4874; x_wconf 77' lang='lat' dir='ltr'><strong>praesump-</strong></span> 
     </span>
    </p>
   </div>
   <div class='ocr_carea' id='block_1_93' title="bbox 578 4894 2167 4972">
    <p class='ocr_par' dir='ltr' id='par_1_93' title="bbox 578 4894 2167 4972">
     <span class='ocr_line' id='line_1_100' title="bbox 578 4894 2167 4972; baseline -0.014 -1"><span class='ocrx_word' id='word_1_822' title='bbox 578 4917 679 4971; x_wconf 91' lang='lat' dir='ltr'><strong>tio.</strong></span> <span class='ocrx_word' id='word_1_823' title='bbox 731 4909 867 4968; x_wconf 90' lang='lat' dir='ltr'><strong>illud</strong></span> <span class='ocrx_word' id='word_1_824' title='bbox 915 4915 1094 4962; x_wconf 86' lang='lat' dir='ltr'><strong>tamen</strong></span> <span class='ocrx_word' id='word_1_825' title='bbox 1147 4902 1290 4972; x_wconf 91' lang='lat' dir='ltr'><strong>quod</strong></span> <span class='ocrx_word' id='word_1_826' title='bbox 1343 4901 1419 4956; x_wconf 89' lang='lat' dir='ltr'><strong>ait</strong></span> <span class='ocrx_word' id='word_1_827' title='bbox 1467 4899 1756 4970; x_wconf 82' lang='lat' dir='ltr'><strong>Apostolus</strong></span> <span class='ocrx_word' id='word_1_828' title='bbox 1784 4941 1799 4966; x_wconf 92' lang='lat'><strong>,</strong></span> <span class='ocrx_word' id='word_1_829' title='bbox 1835 4905 2038 4951; x_wconf 87' lang='lat' dir='ltr'><strong>tantum</strong></span> <span class='ocrx_word' id='word_1_830' title='bbox 2079 4894 2167 4963; x_wconf 89' lang='lat' dir='ltr'><strong>qui</strong></span> 
     </span>
    </p>
   </div>
   <div class='ocr_carea' id='block_1_94' title="bbox 576 4987 2172 5069">
    <p class='ocr_par' dir='ltr' id='par_1_94' title="bbox 576 4987 2172 5069">
     <span class='ocr_line' id='line_1_101' title="bbox 576 4987 2172 5069; baseline -0.016 -2"><span class='ocrx_word' id='word_1_831' title='bbox 576 5007 741 5068; x_wconf 86' lang='lat' dir='ltr'><strong>modo</strong></span> <span class='ocrx_word' id='word_1_832' title='bbox 765 5010 935 5069; x_wconf 87' lang='lat' dir='ltr'><strong>tenet,</strong></span> <span class='ocrx_word' id='word_1_833' title='bbox 962 5005 1143 5054; x_wconf 83' lang='lat' dir='ltr'><strong>teneat</strong></span> <span class='ocrx_word' id='word_1_834' title='bbox 1168 4995 1339 5050; x_wconf 91' lang='lat' dir='ltr'><strong>donec</strong></span> <span class='ocrx_word' id='word_1_835' title='bbox 1359 4994 1427 5049; x_wconf 84' lang='lat' dir='ltr'><strong>de</strong></span> <span class='ocrx_word' id='word_1_836' title='bbox 1451 4994 1628 5048; x_wconf 91' lang='lat' dir='ltr'><strong>medio</strong></span> <span class='ocrx_word' id='word_1_837' title='bbox 1657 4991 1768 5059; x_wconf 86' lang='lat' dir='ltr'><strong>iiat,</strong></span> <span class='ocrx_word' id='word_1_838' title='bbox 1803 5005 1908 5044; x_wconf 91' lang='lat' dir='ltr'><strong>non</strong></span> <span class='ocrx_word' id='word_1_839' title='bbox 1940 4987 2172 5044; x_wconf 90' lang='lat' dir='ltr'><strong>absurde</strong></span> 
     </span>
    </p>
   </div>
   <div class='ocr_carea' id='block_1_95' title="bbox 579 5088 2168 5175">
    <p class='ocr_par' dir='ltr' id='par_1_95' title="bbox 579 5088 2168 5175">
     <span class='ocr_line' id='line_1_102' title="bbox 579 5088 2168 5175; baseline -0.016 -14"><span class='ocrx_word' id='word_1_840' title='bbox 579 5107 648 5162; x_wconf 89' lang='lat' dir='ltr'><strong>de</strong></span> <span class='ocrx_word' id='word_1_841' title='bbox 668 5106 785 5175; x_wconf 89' lang='lat' dir='ltr'><strong>ipso</strong></span> <span class='ocrx_word' id='word_1_842' title='bbox 815 5100 1062 5155; x_wconf 80' lang='lat' dir='ltr'><strong>Romano</strong></span> <span class='ocrx_word' id='word_1_843' title='bbox 1106 5091 1333 5162; x_wconf 88' lang='lat' dir='ltr'><strong>imperio</strong></span> <span class='ocrx_word' id='word_1_844' title='bbox 1380 5088 1613 5144; x_wconf 87' lang='lat' dir='ltr'><strong>creditur</strong></span> <span class='ocrx_word' id='word_1_845' title='bbox 1641 5089 1839 5143; x_wconf 89' lang='lat' dir='ltr'><strong>dictum</strong></span> <span class='ocrx_word' id='word_1_846' title='bbox 1870 5127 1884 5153; x_wconf 89' lang='lat'><strong>,</strong></span> <span class='ocrx_word' id='word_1_847' title='bbox 1917 5093 2168 5155; x_wconf 89' lang='lat' dir='ltr'><strong>tanquam</strong></span> 
     </span>
    </p>
   </div>
   <div class='ocr_carea' id='block_1_96' title="bbox 580 5177 2171 5259">
    <p class='ocr_par' dir='ltr' id='par_1_96' title="bbox 580 5177 2171 5259">
     <span class='ocr_line' id='line_1_103' title="bbox 580 5177 2171 5259; baseline -0.014 -7"><span class='ocrx_word' id='word_1_848' title='bbox 580 5196 787 5252; x_wconf 89' lang='lat' dir='ltr'><strong>dictum</strong></span> <span class='ocrx_word' id='word_1_849' title='bbox 819 5191 911 5259; x_wconf 90' lang='lat' dir='ltr'><strong>sit,</strong></span> <span class='ocrx_word' id='word_1_850' title='bbox 934 5196 1142 5243; x_wconf 89' lang='lat' dir='ltr'><strong>tantum</strong></span> <span class='ocrx_word' id='word_1_851' title='bbox 1173 5181 1262 5253; x_wconf 88' lang='lat' dir='ltr'><strong>qui</strong></span> <span class='ocrx_word' id='word_1_852' title='bbox 1293 5179 1453 5236; x_wconf 87' lang='lat' dir='ltr'><strong>modo</strong></span> <span class='ocrx_word' id='word_1_853' title='bbox 1487 5181 1714 5249; x_wconf 89' lang='lat' dir='ltr'><strong>imperat</strong></span> <span class='ocrx_word' id='word_1_854' title='bbox 1747 5182 1974 5248; x_wconf 90' lang='lat' dir='ltr'><strong>imperet</strong></span> <span class='ocrx_word' id='word_1_855' title='bbox 1999 5177 2171 5231; x_wconf 88' lang='lat' dir='ltr'><strong>donec</strong></span> 
     </span>
    </p>
   </div>
   <div class='ocr_carea' id='block_1_97' title="bbox 581 5272 2172 5345">
    <p class='ocr_par' dir='ltr' id='par_1_97' title="bbox 581 5272 2172 5345">
     <span class='ocr_line' id='line_1_104' title="bbox 581 5272 2172 5345; baseline -0.011 -2"><span class='ocrx_word' id='word_1_856' title='bbox 581 5288 650 5344; x_wconf 87' lang='lat' dir='ltr'><strong>de</strong></span> <span class='ocrx_word' id='word_1_857' title='bbox 678 5284 855 5340; x_wconf 85' lang='lat' dir='ltr'><strong>medio</strong></span> <span class='ocrx_word' id='word_1_858' title='bbox 900 5280 1015 5345; x_wconf 80' lang='lat' dir='ltr'><strong>ﬂat,</strong></span> <span class='ocrx_word' id='word_1_859' title='bbox 1047 5277 1101 5333; x_wconf 88' lang='lat' dir='ltr'><strong>id</strong></span> <span class='ocrx_word' id='word_1_860' title='bbox 1128 5283 1232 5340; x_wconf 90' lang='lat' dir='ltr'><strong>est,</strong></span> <span class='ocrx_word' id='word_1_861' title='bbox 1271 5273 1340 5328; x_wconf 87' lang='lat' dir='ltr'><strong>de</strong></span> <span class='ocrx_word' id='word_1_862' title='bbox 1367 5273 1547 5328; x_wconf 89' lang='lat' dir='ltr'><strong>medio</strong></span> <span class='ocrx_word' id='word_1_863' title='bbox 1578 5272 1814 5336; x_wconf 88' lang='lat' dir='ltr'><strong>tollatur,</strong></span> <span class='ocrx_word' id='word_1_864' title='bbox 1847 5280 1901 5326; x_wconf 88' lang='lat' dir='ltr'><strong>et</strong></span> <span class='ocrx_word' id='word_1_865' title='bbox 1933 5280 2057 5325; x_wconf 90' lang='lat' dir='ltr'><strong>tunc</strong></span> <span class='ocrx_word' id='word_1_866' title='bbox 2087 5283 2172 5326; x_wconf 87' lang='lat' dir='ltr'><strong>re-</strong></span> 
     </span>
    </p>
   </div>
   <div class='ocr_carea' id='block_1_98' title="bbox 581 5367 2174 5446">
    <p class='ocr_par' dir='ltr' id='par_1_98' title="bbox 581 5367 2174 5446">
     <span class='ocr_line' id='line_1_105' title="bbox 581 5367 2174 5446; baseline -0.012 -6"><span class='ocrx_word' id='word_1_867' title='bbox 581 5381 849 5439; x_wconf 83' lang='lat' dir='ltr'><strong>velabitur</strong></span> <span class='ocrx_word' id='word_1_868' title='bbox 881 5377 1096 5446; x_wconf 82' lang='lat' dir='ltr'><strong>iniquus</strong></span> <span class='ocrx_word' id='word_1_869' title='bbox 1126 5387 1285 5442; x_wconf 88' lang='lat' dir='ltr'><strong>quem</strong></span> <span class='ocrx_word' id='word_1_870' title='bbox 1317 5369 1606 5441; x_wconf 77' lang='lat' dir='ltr'><strong>significari</strong></span> <span class='ocrx_word' id='word_1_871' title='bbox 1639 5369 2025 5424; x_wconf 89' lang='lat' dir='ltr'><strong>Antichristum</strong></span> <span class='ocrx_word' id='word_1_872' title='bbox 2058 5367 2174 5422; x_wconf 92' lang='lat' dir='ltr'><strong>nul-</strong></span> 
     </span>
    </p>
   </div>
   <div class='ocr_carea' id='block_1_99' title="bbox 580 5459 2174 5541">
    <p class='ocr_par' dir='ltr' id='par_1_99' title="bbox 580 5459 2174 5541">
     <span class='ocr_line' id='line_1_106' title="bbox 580 5459 2174 5541; baseline -0.014 -5"><span class='ocrx_word' id='word_1_873' title='bbox 580 5477 668 5536; x_wconf 85' lang='lat' dir='ltr'><strong>lus</strong></span> <span class='ocrx_word' id='word_1_874' title='bbox 698 5470 940 5541; x_wconf 87' lang='lat' dir='ltr'><strong>ambigit.</strong></span> <span class='ocrx_word' id='word_1_875' title='bbox 968 5468 1076 5523; x_wconf 86' lang='lat' dir='ltr'><strong>Alii</strong></span> <span class='ocrx_word' id='word_1_876' title='bbox 1098 5479 1228 5522; x_wconf 90' lang='lat' dir='ltr'><strong>vero</strong></span> <span class='ocrx_word' id='word_1_877' title='bbox 1255 5473 1310 5520; x_wconf 89' lang='lat' dir='ltr'><strong>et</strong></span> <span class='ocrx_word' id='word_1_878' title='bbox 1340 5462 1483 5533; x_wconf 89' lang='lat' dir='ltr'><strong>quod</strong></span> <span class='ocrx_word' id='word_1_879' title='bbox 1509 5464 1621 5528; x_wconf 89' lang='lat' dir='ltr'><strong>ait,</strong></span> <span class='ocrx_word' id='word_1_880' title='bbox 1643 5460 1770 5530; x_wconf 89' lang='lat' dir='ltr'><strong>quid</strong></span> <span class='ocrx_word' id='word_1_881' title='bbox 1801 5459 2038 5515; x_wconf 89' lang='lat' dir='ltr'><strong>detineat</strong></span> <span class='ocrx_word' id='word_1_882' title='bbox 2069 5461 2174 5516; x_wconf 87' lang='lat' dir='ltr'><strong>sci-</strong></span> 
     </span>
    </p>
   </div>
   <div class='ocr_carea' id='block_1_100' title="bbox 583 5552 2178 5634">
    <p class='ocr_par' dir='ltr' id='par_1_100' title="bbox 583 5552 2178 5634">
     <span class='ocr_line' id='line_1_107' title="bbox 583 5552 2178 5634; baseline -0.011 -11"><span class='ocrx_word' id='word_1_883' title='bbox 583 5568 652 5623; x_wconf 89' lang='lat' dir='ltr'><strong>tis</strong></span> <span class='ocrx_word' id='word_1_884' title='bbox 671 5573 725 5622; x_wconf 89' lang='lat' dir='ltr'><strong>et</strong></span> <span class='ocrx_word' id='word_1_885' title='bbox 747 5562 1060 5634; x_wconf 85' lang='lat' dir='ltr'><strong>mysterium</strong></span> <span class='ocrx_word' id='word_1_886' title='bbox 1079 5552 1378 5632; x_wconf 82' lang='lat' dir='ltr'><strong>[operatur]</strong></span> <span class='ocrx_word' id='word_1_887' title='bbox 1398 5553 1609 5622; x_wconf 88' lang='lat' dir='ltr'><strong>operari</strong></span> <span class='ocrx_word' id='word_1_888' title='bbox 1629 5552 1946 5622; x_wconf 87' lang='lat' dir='ltr'><strong>iniquitatis,</strong></span> <span class='ocrx_word' id='word_1_889' title='bbox 1961 5569 2065 5608; x_wconf 94' lang='lat' dir='ltr'><strong>non</strong></span> <span class='ocrx_word' id='word_1_890' title='bbox 2082 5568 2178 5620; x_wconf 82' lang='lat' dir='ltr'><strong>pu-</strong></span> 
     </span>
    </p>
   </div>
   <div class='ocr_carea' id='block_1_101' title="bbox 586 5645 2174 5714">
    <p class='ocr_par' dir='ltr' id='par_1_101' title="bbox 586 5645 2174 5714">
     <span class='ocr_line' id='line_1_108' title="bbox 586 5645 2174 5714; baseline -0.008 -1"><span class='ocrx_word' id='word_1_891' title='bbox 586 5664 702 5713; x_wconf 89' lang='lat' dir='ltr'><strong>tant</strong></span> <span class='ocrx_word' id='word_1_892' title='bbox 730 5654 929 5710; x_wconf 87' lang='lat' dir='ltr'><strong>dictum</strong></span> <span class='ocrx_word' id='word_1_893' title='bbox 956 5652 1058 5706; x_wconf 86' lang='lat' dir='ltr'><strong>nisi</strong></span> <span class='ocrx_word' id='word_1_894' title='bbox 1080 5650 1149 5705; x_wconf 84' lang='lat' dir='ltr'><strong>de</strong></span> <span class='ocrx_word' id='word_1_895' title='bbox 1165 5648 1321 5703; x_wconf 88' lang='lat' dir='ltr'><strong>malis</strong></span> <span class='ocrx_word' id='word_1_896' title='bbox 1348 5653 1401 5702; x_wconf 88' lang='lat' dir='ltr'><strong>et</strong></span> <span class='ocrx_word' id='word_1_897' title='bbox 1425 5645 1559 5700; x_wconf 88' lang='lat' dir='ltr'><strong>lictis</strong></span> <span class='ocrx_word' id='word_1_898' title='bbox 1580 5645 1669 5714; x_wconf 91' lang='lat' dir='ltr'><strong>qui</strong></span> <span class='ocrx_word' id='word_1_899' title='bbox 1701 5653 1826 5700; x_wconf 89' lang='lat' dir='ltr'><strong>sunt</strong></span> <span class='ocrx_word' id='word_1_900' title='bbox 1853 5646 1907 5700; x_wconf 92' lang='lat' dir='ltr'><strong>in</strong></span> <span class='ocrx_word' id='word_1_901' title='bbox 1934 5645 2174 5701; x_wconf 74' lang='lat' dir='ltr'><strong>Ecclesia</strong></span> 
     </span>
    </p>
   </div>
   <div class='ocr_carea' id='block_1_102' title="bbox 589 5742 2177 5818">
    <p class='ocr_par' dir='ltr' id='par_1_102' title="bbox 589 5742 2177 5818">
     <span class='ocr_line' id='line_1_109' title="bbox 589 5742 2177 5818; baseline -0.005 -14"><span class='ocrx_word' id='word_1_902' title='bbox 589 5750 760 5804; x_wconf 89' lang='lat' dir='ltr'><strong>donec</strong></span> <span class='ocrx_word' id='word_1_903' title='bbox 807 5745 1128 5818; x_wconf 83' lang='lat' dir='ltr'><strong>perveniant</strong></span> <span class='ocrx_word' id='word_1_904' title='bbox 1183 5743 1250 5797; x_wconf 89' lang='lat' dir='ltr'><strong>ad</strong></span> <span class='ocrx_word' id='word_1_905' title='bbox 1300 5749 1507 5795; x_wconf 91' lang='lat' dir='ltr'><strong>tantum</strong></span> <span class='ocrx_word' id='word_1_906' title='bbox 1557 5753 1840 5794; x_wconf 90' lang='lat' dir='ltr'><strong>numerum</strong></span> <span class='ocrx_word' id='word_1_907' title='bbox 1895 5743 1983 5809; x_wconf 86' lang='lat' dir='ltr'><strong>qui</strong></span> <span class='ocrx_word' id='word_1_908' title='bbox 2029 5742 2177 5797; x_wconf 83' lang='lat' dir='ltr'><strong>Anti-</strong></span> 
     </span>
    </p>
   </div>
   <div class='ocr_carea' id='block_1_103' title="bbox 593 5830 2176 5905">
    <p class='ocr_par' dir='ltr' id='par_1_103' title="bbox 593 5830 2176 5905">
     <span class='ocr_line' id='line_1_110' title="bbox 593 5830 2176 5905; baseline -0.004 -12"><span class='ocrx_word' id='word_1_909' title='bbox 593 5840 790 5893; x_wconf 83' lang='lat' dir='ltr'><strong>Christo</strong></span> <span class='ocrx_word' id='word_1_910' title='bbox 819 5851 1068 5905; x_wconf 81' lang='lat' dir='ltr'><strong>magnum</strong></span> <span class='ocrx_word' id='word_1_911' title='bbox 1098 5833 1353 5905; x_wconf 88' lang='lat' dir='ltr'><strong>populum</strong></span> <span class='ocrx_word' id='word_1_912' title='bbox 1395 5830 1578 5898; x_wconf 79' lang='lat' dir='ltr'><strong>faciat,</strong></span> <span class='ocrx_word' id='word_1_913' title='bbox 1610 5839 1663 5887; x_wconf 89' lang='lat' dir='ltr'><strong>et</strong></span> <span class='ocrx_word' id='word_1_914' title='bbox 1698 5831 1801 5885; x_wconf 91' lang='lat' dir='ltr'><strong>hoc</strong></span> <span class='ocrx_word' id='word_1_915' title='bbox 1825 5845 1946 5886; x_wconf 90' lang='lat' dir='ltr'><strong>esse</strong></span> <span class='ocrx_word' id='word_1_916' title='bbox 1979 5841 2176 5902; x_wconf 84' lang='lat' dir='ltr'><strong>myste-</strong></span> 
     </span>
    </p>
   </div>
   <div class='ocr_carea' id='block_1_104' title="bbox 593 5921 2172 5995">
    <p class='ocr_par' dir='ltr' id='par_1_104' title="bbox 593 5921 2172 5995">
     <span class='ocr_line' id='line_1_111' title="bbox 593 5921 2172 5995; baseline -0.006 -7"><span class='ocrx_word' id='word_1_917' title='bbox 593 5928 732 5989; x_wconf 79' lang='lat' dir='ltr'><strong>rium</strong></span> <span class='ocrx_word' id='word_1_918' title='bbox 777 5926 1110 5995; x_wconf 78' lang='lat' dir='ltr'><strong>iniquitatis,</strong></span> <span class='ocrx_word' id='word_1_919' title='bbox 1169 5924 1294 5994; x_wconf 85' lang='lat' dir='ltr'><strong>quia</strong></span> <span class='ocrx_word' id='word_1_920' title='bbox 1342 5922 1566 5981; x_wconf 82' lang='lat' dir='ltr'><strong>videtur</strong></span> <span class='ocrx_word' id='word_1_921' title='bbox 1612 5924 1902 5981; x_wconf 88' lang='lat' dir='ltr'><strong>occultum.</strong></span> <span class='ocrx_word' id='word_1_922' title='bbox 1955 5921 2172 5978; x_wconf 78' lang='lat' dir='ltr'><strong>Hortari</strong></span> 
     </span>
    </p>
   </div>
   <div class='ocr_carea' id='block_1_105' title="bbox 2277 4773 3808 4874">
    <p class='ocr_par' dir='ltr' id='par_1_105' title="bbox 2277 4773 3808 4874">
     <span class='ocr_line' id='line_1_112' title="bbox 2277 4773 3808 4874; baseline -0.016 -18"><span class='ocrx_word' id='word_1_923' title='bbox 2277 4802 2414 4874; x_wconf 88' lang='lat' dir='ltr'><strong>quit,</strong></span> <span class='ocrx_word' id='word_1_924' title='bbox 2445 4799 2687 4854; x_wconf 83' lang='lat' dir='ltr'><strong>veritatis</strong></span> <span class='ocrx_word' id='word_1_925' title='bbox 2720 4813 2824 4851; x_wconf 93' lang='lat' dir='ltr'><strong>non</strong></span> <span class='ocrx_word' id='word_1_926' title='bbox 2856 4797 3178 4861; x_wconf 85' lang='lat' dir='ltr'><strong>receperunt</strong></span> <span class='ocrx_word' id='word_1_927' title='bbox 3223 4797 3282 4843; x_wconf 92' lang='lat' dir='ltr'><strong>ut</strong></span> <span class='ocrx_word' id='word_1_928' title='bbox 3329 4786 3476 4842; x_wconf 76' lang='lat' dir='ltr'><strong>salvi</strong></span> <span class='ocrx_word' id='word_1_929' title='bbox 3529 4773 3808 4839; x_wconf 49' lang='lat' dir='ltr'><strong>iicreatiiti</strong></span> 
     </span>
    </p>
   </div>
   <div class='ocr_carea' id='block_1_106' title="bbox 2279 4866 3812 4960">
    <p class='ocr_par' dir='ltr' id='par_1_106' title="bbox 2279 4866 3812 4960">
     <span class='ocr_line' id='line_1_113' title="bbox 2279 4866 3812 4960; baseline -0.024 -10"><span class='ocrx_word' id='word_1_930' title='bbox 2279 4893 2541 4950; x_wconf 87' lang='lat' dir='ltr'><strong>dubitavit</strong></span> <span class='ocrx_word' id='word_1_931' title='bbox 2571 4889 2862 4960; x_wconf 85' lang='lat' dir='ltr'><strong>Apostolus</strong></span> <span class='ocrx_word' id='word_1_932' title='bbox 2909 4885 3107 4940; x_wconf 91' lang='lat' dir='ltr'><strong>addere</strong></span> <span class='ocrx_word' id='word_1_933' title='bbox 3151 4896 3212 4938; x_wconf 82' lang='lat' dir='ltr'><strong>ac</strong></span> <span class='ocrx_word' id='word_1_934' title='bbox 3243 4879 3425 4936; x_wconf 86' lang='lat' dir='ltr'><strong>dicere</strong></span> <span class='ocrx_word' id='word_1_935' title='bbox 3457 4921 3472 4946; x_wconf 84' lang='lat'><strong>,</strong></span> <span class='ocrx_word' id='word_1_936' title='bbox 3533 4876 3649 4933; x_wconf 83' lang='lat' dir='ltr'><strong>ideo</strong></span> <span class='ocrx_word' id='word_1_937' title='bbox 3693 4866 3812 4924; x_wconf 69' lang='lat' dir='ltr'><strong>milléi</strong></span> 
     </span>
    </p>
   </div>
   <div class='ocr_carea' id='block_1_107' title="bbox 2280 4960 3817 5051">
    <p class='ocr_par' dir='ltr' id='par_1_107' title="bbox 2280 4960 3817 5051">
     <span class='ocr_line' id='line_1_114' title="bbox 2280 4960 3817 5051; baseline -0.018 -10"><span class='ocrx_word' id='word_1_938' title='bbox 2280 4985 2388 5042; x_wconf 92' lang='lat' dir='ltr'><strong>illis</strong></span> <span class='ocrx_word' id='word_1_939' title='bbox 2422 4986 2560 5039; x_wconf 90' lang='lat' dir='ltr'><strong>Deus</strong></span> <span class='ocrx_word' id='word_1_940' title='bbox 2588 4981 2955 5051; x_wconf 86' lang='lat' dir='ltr'><strong>operationem</strong></span> <span class='ocrx_word' id='word_1_941' title='bbox 2984 4975 3187 5032; x_wconf 90' lang='lat' dir='ltr'><strong>erroris</strong></span> <span class='ocrx_word' id='word_1_942' title='bbox 3214 4983 3272 5029; x_wconf 89' lang='lat' dir='ltr'><strong>ut</strong></span> <span class='ocrx_word' id='word_1_943' title='bbox 3298 4971 3535 5028; x_wconf 84' lang='lat' dir='ltr'><strong>credant</strong></span> <span class='ocrx_word' id='word_1_944' title='bbox 3572 4960 3817 5023; x_wconf 63' lang='lat' dir='ltr'><strong>mendacio.</strong></span> 
     </span>
    </p>
   </div>
   <div class='ocr_carea' id='block_1_108' title="bbox 2281 5053 3823 5142">
    <p class='ocr_par' dir='ltr' id='par_1_108' title="bbox 2281 5053 3823 5142">
     <span class='ocr_line' id='line_1_115' title="bbox 2281 5053 3823 5142; baseline -0.016 -6"><span class='ocrx_word' id='word_1_945' title='bbox 2281 5081 2421 5136; x_wconf 89' lang='lat' dir='ltr'><strong>Deus</strong></span> <span class='ocrx_word' id='word_1_946' title='bbox 2451 5078 2592 5133; x_wconf 89' lang='lat' dir='ltr'><strong>enim</strong></span> <span class='ocrx_word' id='word_1_947' title='bbox 2638 5075 2847 5137; x_wconf 88' lang='lat' dir='ltr'><strong>mittet,</strong></span> <span class='ocrx_word' id='word_1_948' title='bbox 2880 5072 3005 5142; x_wconf 90' lang='lat' dir='ltr'><strong>quia</strong></span> <span class='ocrx_word' id='word_1_949' title='bbox 3047 5071 3187 5125; x_wconf 90' lang='lat' dir='ltr'><strong>Deus</strong></span> <span class='ocrx_word' id='word_1_950' title='bbox 3215 5065 3498 5123; x_wconf 89' lang='lat' dir='ltr'><strong>diabolum</strong></span> <span class='ocrx_word' id='word_1_951' title='bbox 3553 5063 3717 5117; x_wconf 77' lang='lat' dir='ltr'><strong>facere</strong></span> <span class='ocrx_word' id='word_1_952' title='bbox 3756 5053 3823 5106; x_wconf 66' lang='lat' dir='ltr'><strong>is“</strong></span> 
     </span>
    </p>
   </div>
   <div class='ocr_carea' id='block_1_109' title="bbox 2283 5149 3828 5246">
    <p class='ocr_par' dir='ltr' id='par_1_109' title="bbox 2283 5149 3828 5246">
     <span class='ocr_line' id='line_1_116' title="bbox 2283 5149 3828 5246; baseline -0.017 -17"><span class='ocrx_word' id='word_1_953' title='bbox 2283 5171 2565 5246; x_wconf 89' lang='lat' dir='ltr'><strong>[permittit</strong></span> <span class='ocrx_word' id='word_1_954' title='bbox 2589 5171 2733 5238; x_wconf 88' lang='lat' dir='ltr'><strong>justo</strong></span> <span class='ocrx_word' id='word_1_955' title='bbox 2765 5166 2931 5236; x_wconf 91' lang='lat' dir='ltr'><strong>ipsius</strong></span> <span class='ocrx_word' id='word_1_956' title='bbox 2973 5161 3202 5234; x_wconf 85' lang='lat' dir='ltr'><strong>judicio]</strong></span> <span class='ocrx_word' id='word_1_957' title='bbox 3243 5163 3532 5233; x_wconf 86' lang='lat' dir='ltr'><strong>permittet</strong></span> <span class='ocrx_word' id='word_1_958' title='bbox 3572 5157 3709 5229; x_wconf 84' lang='lat' dir='ltr'><strong>ju5to</strong></span> <span class='ocrx_word' id='word_1_959' title='bbox 3745 5149 3828 5219; x_wconf 78' lang='lat' dir='ltr'><strong>ipso</strong></span> 
     </span>
    </p>
   </div>
   <div class='ocr_carea' id='block_1_110' title="bbox 2273 5249 3832 5336">
    <p class='ocr_par' dir='ltr' id='par_1_110' title="bbox 2273 5249 3832 5336">
     <span class='ocr_line' id='line_1_117' title="bbox 2273 5249 3832 5336; baseline -0.019 -16"><span class='ocrx_word' id='word_1_960' title='bbox 2273 5264 2497 5336; x_wconf 72' lang='lat' dir='ltr'><strong>judicio;</strong></span> <span class='ocrx_word' id='word_1_961' title='bbox 2529 5258 2782 5329; x_wconf 77' lang='lat' dir='ltr'><strong>Quamvis</strong></span> <span class='ocrx_word' id='word_1_962' title='bbox 2831 5256 2990 5311; x_wconf 82' lang='lat' dir='ltr'><strong>faciat</strong></span> <span class='ocrx_word' id='word_1_963' title='bbox 3035 5254 3124 5308; x_wconf 92' lang='lat' dir='ltr'><strong>ille</strong></span> <span class='ocrx_word' id='word_1_964' title='bbox 3154 5253 3338 5323; x_wconf 88' lang='lat' dir='ltr'><strong>iniquo</strong></span> <span class='ocrx_word' id='word_1_965' title='bbox 3365 5249 3714 5318; x_wconf 81' lang='lat' dir='ltr'><strong>maliguoque</strong></span> <span class='ocrx_word' id='word_1_966' title='bbox 3739 5252 3832 5295; x_wconf 81' lang='lat' dir='ltr'><strong>con-</strong></span> 
     </span>
    </p>
   </div>
   <div class='ocr_carea' id='block_1_111' title="bbox 2279 5330 3837 5421">
    <p class='ocr_par' dir='ltr' id='par_1_111' title="bbox 2279 5330 3837 5421">
     <span class='ocr_line' id='line_1_118' title="bbox 2279 5330 3837 5421; baseline -0.019 -9"><span class='ocrx_word' id='word_1_967' title='bbox 2279 5330 2401 5412; x_wconf 77' lang='lat' dir='ltr'><strong>silio</strong></span> <span class='ocrx_word' id='word_1_968' title='bbox 2434 5373 2446 5406; x_wconf 87' lang='lat'><strong>:</strong></span> <span class='ocrx_word' id='word_1_969' title='bbox 2480 5351 2550 5408; x_wconf 90' lang='lat' dir='ltr'><strong>Ut</strong></span> <span class='ocrx_word' id='word_1_970' title='bbox 2570 5351 2896 5421; x_wconf 90' lang='lat' dir='ltr'><strong>jndlcentur,</strong></span> <span class='ocrx_word' id='word_1_971' title='bbox 2929 5345 3116 5417; x_wconf 90' lang='lat' dir='ltr'><strong>inquit,</strong></span> <span class='ocrx_word' id='word_1_972' title='bbox 3152 5357 3340 5400; x_wconf 87' lang='lat' dir='ltr'><strong>omnes</strong></span> <span class='ocrx_word' id='word_1_973' title='bbox 3368 5343 3463 5412; x_wconf 90' lang='lat' dir='ltr'><strong>qui</strong></span> <span class='ocrx_word' id='word_1_974' title='bbox 3501 5355 3614 5398; x_wconf 90' lang='lat' dir='ltr'><strong>non</strong></span> <span class='ocrx_word' id='word_1_975' title='bbox 3643 5330 3837 5395; x_wconf 60' lang='lat' dir='ltr'><strong>creditis</strong></span> 
     </span>
    </p>
   </div>
   <div class='ocr_carea' id='block_1_112' title="bbox 2279 5425 3840 5514">
    <p class='ocr_par' dir='ltr' id='par_1_112' title="bbox 2279 5425 3840 5514">
     <span class='ocr_line' id='line_1_119' title="bbox 2279 5425 3840 5514; baseline -0.015 -8"><span class='ocrx_word' id='word_1_976' title='bbox 2279 5459 2406 5508; x_wconf 90' lang='lat' dir='ltr'><strong>runt</strong></span> <span class='ocrx_word' id='word_1_977' title='bbox 2443 5446 2698 5514; x_wconf 87' lang='lat' dir='ltr'><strong>veritati,</strong></span> <span class='ocrx_word' id='word_1_978' title='bbox 2730 5444 2825 5499; x_wconf 88' lang='lat' dir='ltr'><strong>sed</strong></span> <span class='ocrx_word' id='word_1_979' title='bbox 2869 5447 3262 5498; x_wconf 88' lang='lat' dir='ltr'><strong>consenserunt</strong></span> <span class='ocrx_word' id='word_1_980' title='bbox 3309 5436 3620 5506; x_wconf 86' lang='lat' dir='ltr'><strong>iniquitati.</strong></span> <span class='ocrx_word' id='word_1_981' title='bbox 3655 5425 3840 5489; x_wconf 70' lang='lat' dir='ltr'><strong>Proinde</strong></span> 
     </span>
    </p>
   </div>
   <div class='ocr_carea' id='block_1_113' title="bbox 2277 5520 3844 5615">
    <p class='ocr_par' dir='ltr' id='par_1_113' title="bbox 2277 5520 3844 5615">
     <span class='ocr_line' id='line_1_120' title="bbox 2277 5520 3844 5615; baseline -0.011 -17"><span class='ocrx_word' id='word_1_982' title='bbox 2277 5542 2501 5615; x_wconf 87' lang='lat' dir='ltr'><strong>judicati</strong></span> <span class='ocrx_word' id='word_1_983' title='bbox 2529 5538 2852 5596; x_wconf 89' lang='lat' dir='ltr'><strong>seducentur</strong></span> <span class='ocrx_word' id='word_1_984' title='bbox 2879 5545 2932 5592; x_wconf 90' lang='lat' dir='ltr'><strong>et</strong></span> <span class='ocrx_word' id='word_1_985' title='bbox 2976 5532 3182 5591; x_wconf 87' lang='lat' dir='ltr'><strong>seducti</strong></span> <span class='ocrx_word' id='word_1_986' title='bbox 3209 5529 3629 5604; x_wconf 79' lang='lat' dir='ltr'><strong>iudicabuntur.</strong></span> <span class='ocrx_word' id='word_1_987' title='bbox 3663 5520 3761 5583; x_wconf 85' lang='lat' dir='ltr'><strong>Sed</strong></span> <span class='ocrx_word' id='word_1_988' title='bbox 3784 5521 3844 5590; x_wconf 69' lang='lat' dir='ltr'><strong>itt-</strong></span> 
     </span>
    </p>
   </div>
   <div class='ocr_carea' id='block_1_114' title="bbox 2281 5619 3847 5711">
    <p class='ocr_par' dir='ltr' id='par_1_114' title="bbox 2281 5619 3847 5711">
     <span class='ocr_line' id='line_1_121' title="bbox 2281 5619 3847 5711; baseline -0.019 -16"><span class='ocrx_word' id='word_1_989' title='bbox 2281 5638 2442 5696; x_wconf 89' lang='lat' dir='ltr'><strong>dicati</strong></span> <span class='ocrx_word' id='word_1_990' title='bbox 2493 5628 2859 5711; x_wconf 87' lang='lat' dir='ltr'><strong>[seducentur]</strong></span> <span class='ocrx_word' id='word_1_991' title='bbox 2890 5629 3217 5686; x_wconf 90' lang='lat' dir='ltr'><strong>seducuntur</strong></span> <span class='ocrx_word' id='word_1_992' title='bbox 3259 5625 3364 5680; x_wconf 89' lang='lat' dir='ltr'><strong>illis</strong></span> <span class='ocrx_word' id='word_1_993' title='bbox 3390 5625 3630 5694; x_wconf 88' lang='lat' dir='ltr'><strong>judiciis</strong></span> <span class='ocrx_word' id='word_1_994' title='bbox 3675 5619 3759 5676; x_wconf 82' lang='lat' dir='ltr'><strong>Dei</strong></span> <span class='ocrx_word' id='word_1_995' title='bbox 3785 5626 3847 5668; x_wconf 81' lang='lat' dir='ltr'><strong>ec-</strong></span> 
     </span>
    </p>
   </div>
   <div class='ocr_carea' id='block_1_115' title="bbox 2283 5703 3853 5796">
    <p class='ocr_par' dir='ltr' id='par_1_115' title="bbox 2283 5703 3853 5796">
     <span class='ocr_line' id='line_1_122' title="bbox 2283 5703 3853 5796; baseline -0.012 -12"><span class='ocrx_word' id='word_1_996' title='bbox 2283 5731 2424 5786; x_wconf 89' lang='lat' dir='ltr'><strong>culte</strong></span> <span class='ocrx_word' id='word_1_997' title='bbox 2464 5730 2622 5796; x_wconf 91' lang='lat' dir='ltr'><strong>justis</strong></span> <span class='ocrx_word' id='word_1_998' title='bbox 2646 5768 2660 5792; x_wconf 91' lang='lat'><strong>,</strong></span> <span class='ocrx_word' id='word_1_999' title='bbox 2690 5726 2832 5796; x_wconf 88' lang='lat' dir='ltr'><strong>juste</strong></span> <span class='ocrx_word' id='word_1_1000' title='bbox 2860 5721 3087 5778; x_wconf 91' lang='lat' dir='ltr'><strong>occultis</strong></span> <span class='ocrx_word' id='word_1_1001' title='bbox 3107 5761 3122 5786; x_wconf 95' lang='lat'><strong>,</strong></span> <span class='ocrx_word' id='word_1_1002' title='bbox 3159 5718 3349 5790; x_wconf 85' lang='lat' dir='ltr'><strong>quibus</strong></span> <span class='ocrx_word' id='word_1_1003' title='bbox 3381 5716 3448 5771; x_wconf 88' lang='lat' dir='ltr'><strong>ab</strong></span> <span class='ocrx_word' id='word_1_1004' title='bbox 3483 5715 3652 5770; x_wconf 89' lang='lat' dir='ltr'><strong>initio</strong></span> <span class='ocrx_word' id='word_1_1005' title='bbox 3684 5703 3853 5784; x_wconf 71' lang='lat' dir='ltr'><strong>peccati</strong></span> 
     </span>
    </p>
   </div>
   <div class='ocr_carea' id='block_1_116' title="bbox 2281 5805 3857 5885">
    <p class='ocr_par' dir='ltr' id='par_1_116' title="bbox 2281 5805 3857 5885">
     <span class='ocr_line' id='line_1_123' title="bbox 2281 5805 3857 5885; baseline -0.015 -9"><span class='ocrx_word' id='word_1_1006' title='bbox 2281 5821 2560 5880; x_wconf 88' lang='lat' dir='ltr'><strong>rationalis</strong></span> <span class='ocrx_word' id='word_1_1007' title='bbox 2589 5828 2849 5873; x_wconf 70' lang='lat' dir='ltr'><strong>creatura:</strong></span> <span class='ocrx_word' id='word_1_1008' title='bbox 2879 5826 3152 5885; x_wconf 87' lang='lat' dir='ltr'><strong>nunquam</strong></span> <span class='ocrx_word' id='word_1_1009' title='bbox 3197 5809 3449 5881; x_wconf 87' lang='lat' dir='ltr'><strong>judicare</strong></span> <span class='ocrx_word' id='word_1_1010' title='bbox 3485 5805 3736 5864; x_wconf 87' lang='lat' dir='ltr'><strong>cessavit</strong></span> <span class='ocrx_word' id='word_1_1011' title='bbox 3762 5818 3773 5855; x_wconf 72' lang='grc' dir='ltr'><strong>ε</strong></span> <span class='ocrx_word' id='word_1_1012' title='bbox 3801 5812 3857 5853; x_wconf 82' lang='lat' dir='ltr'><strong>se-</strong></span> 
     </span>
    </p>
   </div>
   <div class='ocr_carea' id='block_1_117' title="bbox 2282 5895 3856 5980">
    <p class='ocr_par' dir='ltr' id='par_1_117' title="bbox 2282 5895 3856 5980">
     <span class='ocr_line' id='line_1_124' title="bbox 2282 5895 3856 5980; baseline -0.017 -7"><span class='ocrx_word' id='word_1_1013' title='bbox 2282 5915 2427 5972; x_wconf 85' lang='lat' dir='ltr'><strong>ducti</strong></span> <span class='ocrx_word' id='word_1_1014' title='bbox 2482 5920 2662 5969; x_wconf 81' lang='lat' dir='ltr'><strong>autem</strong></span> <span class='ocrx_word' id='word_1_1015' title='bbox 2713 5905 3089 5980; x_wconf 82' lang='lat' dir='ltr'><strong>iudicabuntur</strong></span> <span class='ocrx_word' id='word_1_1016' title='bbox 3114 5901 3407 5963; x_wconf 82' lang='lat' dir='ltr'><strong>novissimo</strong></span> <span class='ocrx_word' id='word_1_1017' title='bbox 3460 5895 3856 5965; x_wconf 74' lang='lat' dir='ltr'><strong>manifestoque</strong></span> 
     </span>
    </p>
   </div>
  </div>
