3968 6390
275 413 368 477 181
1482 410 1916 472 THESAURUS.
1955 413 2113 473 CAP.
2152 417 2308 473 CXL.

3425 413 3537 480 τοι

260 531 464 608 judicio
492 548 589 603 per
616 529 888 590 Christum
917 534 1102 591 .lesum
1128 531 1430 605 iustissime
1453 530 1838 604 iudicaturum,
1870 531 1925 591 Α
1950 540 2176 600 nantur,
2209 530 2332 603 quia
2360 543 2462 586 nec
2509 537 2639 588 eunt
2665 528 2721 586 in
2749 536 2972 598 terram,
3005 544 3106 588 nec
3130 531 3380 602 redeunt,
3408 538 3528 592 sive

264 628 618 702 injuStissime
641 631 968 702 judicatum.

849 749 1073 805 CAPUT
1112 748 1267 805 CXL.

264 838 407 912 Quid
451 841 584 894 idem
614 843 889 912 Apostolus
920 846 971 896 in
1003 846 1169 912 prima
1207 845 1274 898 ad
1302 845 1503 898 eosdem
1532 844 1750 910 epistola
1787 843 1851 897 de

333 911 723 970 liesurrectione
753 911 1072 971 mortuorum
1112 918 1366 983 docuerit,
1407 932 1470 970 ea:
1498 918 1672 970 eodem
1717 916 1849 969 libro

332 999 424 1038 XX.

332 1098 440 1156 Sed
489 1101 576 1156 hic
619 1102 908 1172 Apostolus
938 1104 1105 1159 tacuit
1145 1104 1214 1159 de
1263 1105 1656 1160 resurrectione
1708 1118 1849 1158 mor-

258 1205 491 1261 tuorum,
512 1197 578 1253 ad
607 1199 824 1254 eosdem
842 1209 1019 1255 autem
1044 1201 1286 1256 scribens
1314 1201 1365 1254 in
1389 1201 1614 1269 epistola
1637 1200 1804 1268 prima
1829 1212 1844 1252 :

256 1287 554 1355 Nolumus,
606 1291 815 1362 inquit,
868 1308 965 1348 vos
1013 1294 1284 1361 ignorare,
1333 1293 1551 1360 fratres,
1606 1293 1674 1348 de
1722 1293 1848 1348 dor-

255 1380 581 1451 mientibus,
622 1393 679 1438 ut
726 1400 830 1440 non
861 1386 1270 1456 contristemini,
1303 1387 1442 1443 sicut
1470 1397 1525 1442 et
1552 1387 1730 1443 caeteri
1759 1388 1848 1456 qui

255 1483 408 1540 spem
441 1487 545 1528 non
579 1473 798 1530 habent.
838 1475 970 1530 Nam
999 1479 1040 1530 si
1073 1477 1338 1533 ‘credimus
1360 1479 1498 1549 quod
1525 1479 1680 1534 Jesus
1707 1495 1850 1533 mor-

256 1569 382 1617 tuus
409 1575 490 1619 est
519 1572 573 1619 et
597 1568 910 1635 resurrexit,
949 1570 1018 1622 ita
1041 1577 1094 1624 et
1117 1569 1258 1624 Deus
1286 1585 1379 1625 eos
1407 1571 1496 1639 qui
1519 1570 1850 1625 dormierunt

255 1668 354 1724 per
371 1652 648 1711 Christum
675 1658 903 1714 adducet
928 1675 1049 1715 cum
1085 1661 1197 1717 illo.
1231 1661 1343 1718 Hoc
1369 1662 1509 1717 enim
1532 1661 1683 1716 vobis
1713 1661 1846 1716 dici-

253 1762 374 1802 mus
408 1750 460 1804 in
509 1751 679 1806 verbo
714 1752 949 1822 Domini,
975 1756 1096 1824 quia
1144 1770 1242 1810 nos
1271 1757 1514 1812 viventes
1541 1756 1630 1826 qui
1661 1756 1830 1824 reliqu

253 1855 440 1896 sumus
474 1843 528 1897 in
574 1845 806 1900 adventu
839 1847 1052 1901 Domini
1083 1863 1188 1902 non
1216 1850 1605 1918 praeveniemus
1645 1863 1737 1903 eos
1756 1846 1847 1917 qui

1952 628 2150 681 nullam
2194 640 2414 696 prorsus
2443 623 2785 694 experiantur
2815 634 3040 682 mortem
3065 659 3083 695 ,
3107 626 3224 682 sive
3254 629 3526 696 paululum

1952 718 2004 774 in
2033 734 2159 773 aere
2205 720 2522 773 moriantur.
2554 718 2658 774 Sed
2689 716 2833 773 aliud
2880 733 3067 774 rursus
3105 722 3337 776 occurrit
3387 724 3529 792 quod

1951 812 2090 866 idem
2121 811 2252 865 dixit
2281 809 2568 881 Apostolus
2590 825 2708 867 cum
2737 812 2804 867 de
2832 813 3223 868 resurrectione
3243 819 3528 883 Corporum

1951 907 2015 960 ad
2045 906 2350 960 Corinthios
2376 908 2686 976 loqueretur
2739 925 2753 963 :
2801 909 3000 963 Omnes
3049 919 3411 980 resurgemus,
3441 911 3531 966 vel

1950 997 2112 1067 (sicut
2139 998 2230 1051 alii
2260 997 2476 1053 codices
2506 997 2725 1068 habent)
2766 1013 2956 1054 omnes
3001 1000 3352 1058 dormiemttsi
3395 1001 3531 1058 Cum

1953 1105 2080 1160 ergo
2109 1103 2206 1144 uec
2227 1091 2547 1144 resurrectio
2569 1091 2706 1156 ﬁeri,
2725 1092 2825 1148 nisi
2850 1107 2992 1173 mors
3018 1096 3379 1163 prmcesserit,
3410 1109 3533 1164 pos-

1951 1179 2046 1245 sit,
2080 1195 2176 1234 nec
2225 1180 2602 1235 dormitionem
2635 1183 2900 1251 possimus
2928 1183 3024 1238 illo
3064 1183 3182 1241 loco
3230 1187 3529 1257 intelligere

1951 1279 2053 1334 nisi
2094 1290 2318 1334 mortem
2341 1321 2356 1344 ,
2388 1281 2656 1349 quomodo
2685 1297 2873 1339 omnes
2915 1285 2999 1340 vel
3028 1286 3298 1343 dormient
3329 1291 3416 1346 vel
3445 1307 3529 1346 re-

1951 1379 2203 1442 surgent,
2241 1371 2286 1426 si
2318 1383 2424 1426 tam
2447 1373 2598 1428 multi
2625 1389 2758 1444 quos
2780 1376 2834 1430 in
2859 1391 3086 1446 corpore
3107 1380 3418 1438 inventurus
3447 1389 3532 1437 est

1951 1462 2217 1532 Christus,
2249 1477 2348 1519 nec
2377 1463 2666 1531 dormieut,
2701 1481 2800 1522 nec
2824 1471 3144 1538 resurgent?
3172 1472 3229 1528 Si
3258 1487 3386 1544 ergo
3408 1481 3530 1529 san-

1951 1565 2068 1611 ctos
2099 1557 2189 1623 qui
2217 1557 2553 1626 reperientur
2582 1558 2796 1614 Christo
2825 1562 3076 1619 veniente
3103 1565 3345 1622 viventes
3371 1569 3528 1638 eique

1952 1655 2008 1711 iu
2035 1654 2246 1710 obviam
2269 1656 2562 1726 rapientur,
2589 1657 3038 1715 crediderimusin
3065 1662 3253 1717 eodem
3285 1642 3530 1734 raptu‘de

1952 1747 2268 1802 mortalibus
2290 1748 2601 1816 corporibus
2616 1750 2873 1817 exituros,
2905 1759 2959 1806 et
2979 1753 3045 1805 ad
3073 1753 3258 1810 eadem
3284 1767 3408 1810 mox
3435 1755 3532 1811 tm-

1952 1839 2198 1894 mortalia
2227 1839 2515 1908 redituros,
2545 1843 2717 1897 nullas
2738 1843 2790 1897 in
2814 1844 2990 1899 verbis
3014 1845 3253 1914 Apostoli
3272 1849 3533 1918 patiemur

253 1943 381 1988 ante
413 1935 772 2003 dormierunt,
806 1939 1060 2009 quoniam
1093 1941 1208 2011 ipse
1232 1941 1493 1996 Dominus
1522 1940 1764 2009 iniussu,
1789 1941 1840 1995 in

1947 1934 2239 2005 angustias,
2272 1935 2385 1990 sive
2413 1935 2500 1988 ubi
2545 1935 2675 1990 dicit
2716 1952 2730 1989 :
2759 1935 2837 1990 Tu
2877 1937 3019 2006 quod
3059 1939 3292 1994 seminas
3317 1955 3421 1994 non
3450 1940 3531 1994 vi.

253 2039 385 2080 voce
413 2027 758 2100 Archangeli,
791 2041 844 2085 et
876 2035 927 2085 iu
972 2033 1096 2087 tuba
1131 2033 1249 2101 Dei,
1279 2033 1568 2089 descendet
1595 2032 1662 2088 de
1684 2033 1843 2099 caelo,

253 2128 308 2177 et
340 2124 534 2177 mortui
570 2122 678 2196 [qui
713 2128 766 2180 in
796 2123 1013 2182 Christo
1045 2127 1190 2200 sunt]
1222 2128 1276 2183 in
1307 2129 1524 2184 Christo
1567 2138 1850 2198 resurgeut

258 2213 447 2283 primi;
476 2215 668 2272 deinde
713 2233 810 2274 nos
840 2219 1080 2275 viventes
1123 2221 1209 2290 qui
1238 2223 1428 2290 reliqui
1459 2238 1648 2277 sumus
1689 2222 1849 2277 simul

261 2320 382 2360 cum
407 2306 511 2363 illis
535 2309 808 2378 rapiemur
834 2313 888 2366 in
919 2313 1150 2367 nubibus
1179 2314 1389 2368 obviam
1418 2313 1633 2368 Christo
1661 2313 1770 2382 93
1795 2315 1846 2368 in

256 2411 408 2462 aera,
440 2409 493 2452 et
525 2400 596 2454 ita
625 2417 840 2472 semper
868 2419 988 2459 cum
1017 2405 1246 2460 Domino
1273 2406 1496 2462 erimus.
1530 2406 1657 2461 Haec
1685 2406 1847 2460 verba

264 2488 558 2555 apostolica
630 2495 1083 2549 resurrectionem
1158 2506 1492 2551 mortuorum
1583 2495 1845 2562 futuram,

253 2581 472 2649 quando
503 2585 682 2640 veniet
725 2587 910 2657 utique
939 2587 1185 2644 Christus
1229 2590 1295 2644 ad
1325 2591 1474 2645 vivos
1514 2598 1568 2646 et
1607 2600 1850 2648 mortuos

250 2672 571 2742 iudicandos
597 2721 609 2745 ,
643 2677 1056 2748 praeclarissime
1082 2684 1389 2738 ostendunt.
1422 2685 1526 2740 Sed
1555 2685 1723 2754 quaeri
1753 2701 1849 2740 so-

249 2765 328 2821 let
372 2776 552 2824 utrum
584 2770 662 2826 illi
710 2787 846 2842 quos
873 2773 956 2828 hic
978 2776 1216 2831 viventes
1244 2777 1558 2834 inventurus
1590 2787 1672 2834 est
1697 2777 1848 2833 Chri-

249 2869 400 2927 stus,
446 2878 672 2933 quorum
704 2881 990 2935 personam
1031 2870 1083 2922 in
1123 2885 1184 2925 se
1226 2880 1385 2938 atque
1437 2872 1558 2927 illos
1589 2872 1680 2941 qui
1717 2880 1846 2928 tunc

247 2967 437 3010 secum
469 2956 722 3013 vivebant
757 2959 1172 3030 transﬁgurabat
1219 2963 1534 3032 Apostolus,
1567 2978 1844 3034 nunquam

245 3051 469 3106 omnino
494 3052 745 3107 morituri
776 3054 882 3108 sint
903 3094 922 3116 ,
963 3071 1029 3110 an
1062 3057 1179 3125 ipso
1210 3058 1465 3126 temporis
1514 3070 1710 3128 puncto
1736 3075 1843 3130 quo

243 3156 370 3198 cum
404 3145 807 3213 resurgentibus
853 3147 1130 3216 rapientur
1159 3149 1210 3202 in
1243 3151 1471 3205 nubibus
1495 3190 1510 3216 ,
1544 3151 1597 3205 in
1627 3151 1839 3206 obviam

246 3233 467 3290 Christo
498 3236 550 3290 in
576 3250 698 3291 aera
727 3236 793 3291 ad
825 3239 1279 3296 immortalitatem
1314 3257 1406 3309 per
1447 3252 1675 3298 mortem
1705 3244 1838 3298 mira

1949 2029 2212 2095 vincatur,
2245 2029 2347 2082 nisi
2380 2026 2570 2101 [prius]
2611 2029 2903 2096 moriatur;
2936 2031 3048 2086 sive
3077 2031 3165 2087 ubi
3196 2032 3326 2086 dicit
3358 2049 3370 2085 :
3403 2032 3532 2088 Om-

1952 2139 2050 2180 nes
2077 2139 2437 2192 rcsurgemus,
2456 2133 2572 2189 aut,
2595 2123 2793 2179 Omnes
2815 2125 3142 2181 dormiemus
3161 2143 3173 2180 ε
3189 2126 3312 2197 quia
3337 2141 3434 2181 nec
3458 2126 3534 2183 illi

1951 2232 2046 2286 per
2097 2217 2556 2272 immortalitatem
2609 2219 3040 2286 vivificabuntUr,
3087 2221 3190 2275 nisi
3239 2222 3537 2291 quamlibet

1952 2307 2228 2378 paululum
2253 2317 2431 2363 tamen
2462 2315 2586 2363 ante
2616 2311 2935 2377 moriantur,
2968 2321 3031 2365 ac
3057 2323 3152 2380 per
3179 2313 3280 2367 hoc
3310 2322 3363 2369 et
3392 2327 3421 2368 ε
3452 2330 3537 2370 re-

1951 2406 2286 2459 surrectione
2317 2418 2423 2458 non
2444 2413 2602 2459 erunt
2630 2404 2811 2471 alieni,
2845 2419 3004 2474 quam
3038 2404 3365 2463 dormitione
3402 2423 3538 2477 pra:-

1953 2497 2176 2561 ceduut,
2209 2498 2454 2565 quamvis
2484 2495 2828 2563 brevissima,
2882 2511 2988 2552 non
3020 2505 3197 2553 tamen
3236 2500 3402 2556 nulla.
3434 2501 3538 2556 Cur

1952 2598 2132 2645 autem
2172 2590 2328 2644 nobis
2352 2589 2668 2644 incredibile
2689 2590 2934 2645 videatur
2963 2590 3107 2645 illam
3137 2591 3536 2649 multitudinem

1952 2697 2240 2749 corporum
2289 2682 2342 2736 in
2371 2695 2496 2737 aere
2525 2683 2921 2750 quodammodo
2951 2684 3238 2748 seminari,
3277 2694 3439 2756 atque
3468 2685 3537 2742 ibi

1951 2775 2204 2846 protinus
2250 2776 2633 2832 immortaliter
2681 2786 2842 2846 atque
2892 2779 3368 2850 incorruptlbiliter
3399 2781 3539 2835 revi-

1953 2869 2164 2925 viscere
2188 2910 2203 2934 ,
2236 2883 2357 2924 cum
2413 2871 2699 2926 credamus
2728 2870 2868 2948 quod
2915 2870 3056 2926 idem
3105 2873 3218 2943 ipse
3251 2867 3537 2942 Apostolus

1951 2961 2292 3030 apertissime
2316 2961 2485 3017 dicit:
2519 2962 2575 3018 ln
2605 2961 2709 3018 ictu
2737 2963 2900 3031 oculi,
2933 2960 3166 3019 {lituram
3193 2966 3538 3018 resurrectio-

1951 3068 2070 3108 nem
2090 3094 2106 3120 ,
2131 3064 2186 3110 et
2215 3056 2268 3110 in
2297 3057 2538 3111 membra
2569 3058 2686 3113 sine
2716 3055 2821 3113 ilne
2843 3057 3070 3126 victura,
3106 3066 3252 3113 tanta
3284 3055 3536 3113 facilitate

1943 3145 2163 3216 jamque
2195 3147 2559 3204 inaestimabili
2586 3149 2873 3205 velocitate
2904 3149 3199 3206 rediturum
3229 3152 3538 3222 antiquissi-

1946 3253 2156 3294 morum
2199 3240 2519 3296 cadaverum
2561 3239 2876 3311 pulverem?
2905 3253 3005 3298 nec
3043 3239 3110 3298 ab
3141 3241 3229 3297 illa
3273 3243 3538 3300 sententia

250 3325 536 3382 celeritate
567 3328 908 3382 transibunt?
936 3329 1117 3400 Neque
1131 3331 1271 3385 enim
1299 3303 1580 3387 dicendum
1612 3341 1695 3388 est
1723 3332 1842 3387 ﬁeri
1867 3303 1916 3368 ο
1949 3347 2052 3401 qua
2085 3334 2284 3388 homini
2314 3334 2518 3389 dictum
2549 3303 2631 3389 est
2663 3352 2676 3388 :
2704 3335 2870 3390 Terra
2904 3347 2981 3401 es,
3011 3341 3065 3390 et
3088 3333 3139 3389 lu
3170 3341 3364 3391 terram
3397 3337 3534 3404 ibis;

247 3434 359 3472 non
395 3433 550 3487 posse
580 3429 635 3473 ut
666 3419 792 3473 dum
839 3433 935 3489 per
965 3435 1090 3475 aera
1119 3420 1172 3475 in
1204 3422 1432 3478 sublime
1461 3432 1742 3492 portantur
1786 3425 1840 3479 in

245 3509 346 3564 illo
379 3509 551 3578 spatio
580 3517 637 3564 et
685 3509 991 3567 moriantur
1036 3520 1091 3566 et
1136 3513 1475 3570 reviviscent.
1521 3515 1673 3581 Quod
1698 3516 1844 3571 enim

240 3604 339 3668 ait,
366 3603 432 3658 Et
460 3604 533 3659 ita
563 3619 776 3676 semper
805 3621 924 3661 cum
957 3605 1184 3663 Domino
1210 3609 1432 3674 erimus,
1463 3622 1570 3662 non
1599 3609 1677 3663 sic
1698 3608 1844 3663 acci-

241 3698 503 3770 piendum
545 3709 669 3771 est,
704 3709 953 3772 tauquam
998 3703 1054 3758 in
1083 3718 1208 3759 aere
1260 3717 1358 3759 nos
1386 3702 1586 3758 dixerit
1632 3715 1846 3772 semper

240 3805 370 3846 cum
401 3792 632 3850 Domino
661 3810 783 3852 esse
813 3811 1117 3864 mansuros,
1143 3797 1263 3869 quia
1293 3811 1393 3853 nec
1422 3798 1537 3866 ipse
1563 3797 1749 3866 utique
1769 3796 1842 3851 ibi

241 3884 485 3940 manebit
512 3887 637 3956 quia
668 3888 890 3944 veniens
913 3891 1238 3947 transiturus
1253 3899 1356 3946 est.
1373 3890 1623 3946 Venientl
1645 3890 1844 3959 quippe

244 3975 410 4031 lbitur
435 3977 644 4032 obviam
674 3995 780 4034 non
807 3984 1066 4052 manenti,
1095 3984 1191 4039 sed
1223 3985 1297 4039 ita
1325 3999 1445 4038 cum
1481 3984 1709 4038 Domino
1733 3983 1842 4038 eri-

249 4083 394 4133 mus,
422 4069 471 4123 id
501 4081 605 4136 est,
637 4073 716 4128 sic
731 4075 930 4128 erimus
956 4077 1214 4132 habentes
1241 4091 1464 4143 corpora
1495 4077 1838 4144 sempiterna,

251 4158 576 4233 ubicumque
604 4178 723 4218 cum
757 4165 849 4220 illo
879 4165 1150 4222 fuerimus.
1199 4167 1282 4223 Ad
1329 4167 1470 4222 hunc
1496 4177 1675 4222 autem
1720 4181 1844 4222 sen-

262 4265 381 4306 sum
408 4269 512 4324 quo
541 4257 909 4314 existimemus
936 4260 1097 4314 etiam
1144 4259 1266 4314 illos
1293 4273 1426 4328 quos
1466 4259 1552 4313 hic
1583 4257 1728 4312 vivos
1757 4258 1841 4312 in-

246 4356 506 4406 venturus
535 4361 618 4408 est
650 4353 912 4409 Dominus
938 4352 991 4408 in
1025 4354 1143 4423 ipso
1172 4368 1335 4423 parvo
1363 4352 1536 4422 spatio
1567 4361 1623 4408 et
1649 4365 1841 4421 passu—

244 4456 338 4498 ros
366 4454 590 4500 mortem
612 4455 675 4508 ‘et
695 4456 1010 4516 accepturos
1041 4447 1524 4514 immortalitatem,
1556 4446 1676 4515 ipse
1700 4448 1841 4515 Apo-

242 4535 416 4590 stolus
467 4551 564 4590 nos
593 4551 699 4592 non
732 4538 944 4593 videtur
971 4553 1160 4608 urgere
1191 4538 1281 4592 ubi
1325 4537 1495 4603 dicit,
1537 4537 1592 4591 In
1621 4535 1838 4590 Christo

244 4642 436 4682 omnes
469 4629 906 4696 vivificabuntur,
938 4645 1059 4684 cum
1084 4629 1188 4684 alio
1218 4629 1338 4684 loco
1365 4629 1434 4684 de
1460 4629 1573 4699 ipsa
1605 4628 1832 4698 loquens

241 4722 640 4777 resurrectione
664 4738 948 4790 corporum
979 4724 1140 4789 dicat,
1169 4722 1248 4778 Tu
1274 4723 1417 4794 quod
1446 4724 1676 4779 seminas
1721 4737 1828 4778 non

241 4813 549 4870 viviﬁcatur
602 4815 701 4870 nisi
751 4815 942 4886 [prius]
990 4818 1289 4873 moriatur?
1338 4819 1622 4887 Quomodo
1668 4818 1832 4890 igitur

241 4920 386 4977 quos
415 4907 660 4962 viventes
690 4907 776 4962 hic
796 4907 1042 4964 Christus
1070 4910 1304 4964 inveniet
1334 4924 1430 4979 per
1459 4912 1832 4964 immortalita-

243 5005 360 5052 tem
383 4997 436 5050 in
479 4997 571 5050 illo
595 4997 1025 5063 viviﬁcabuntur,
1056 5007 1113 5053 et
1139 4998 1184 5052 si
1232 5011 1340 5053 non
1367 4998 1662 5053 moriantur
1708 5013 1830 5054 cum

240 5090 525 5146 videamus
554 5100 768 5160 propter
791 5091 893 5147 hoc
920 5102 1042 5148 esse
1064 5092 1282 5158 dictum,
1340 5092 1416 5147 Tu
1438 5092 1576 5162 quod
1598 5093 1832 5147 seminas

244 5199 362 5238 non
394 5182 689 5238 vivificatur
711 5181 811 5237 nisi
844 5181 1034 5254 [prius]
1065 5181 1346 5249 moriatur,
1376 5190 1469 5236 aut
1495 5184 1540 5236 si
1562 5191 1708 5237 recte
1723 5197 1830 5238 non

243 5276 486 5333 dicimus
517 5276 776 5330 seminari
805 5275 907 5330 nisi
937 5290 1000 5331 ea
1027 5290 1253 5345 corpora
1277 5275 1552 5330 hominum
1574 5289 1692 5344 qua
1718 5288 1835 5330 mo-

240 5371 440 5427 riendo
488 5384 703 5439 quoquo
755 5368 917 5423 modo
947 5376 1290 5425 revertuntur
1337 5369 1392 5423 in
1423 5376 1651 5434 terram;
1693 5367 1834 5422 sicut

239 5481 372 5522 sese
400 5463 559 5518 habet
585 5462 745 5518 etiam
778 5461 864 5516 illa
911 5462 965 5518 in
1005 5472 1453 5533 transgressorem
1483 5469 1688 5532 patrem
1739 5476 1832 5532 ge-

241 5557 400 5612 neris
429 5556 643 5610 humani
673 5555 927 5609 diviuitus
955 5557 1158 5624 prolata
1179 5556 1461 5621 sententia,
1484 5554 1649 5610 Terra
1683 5569 1746 5609 es
1776 5562 1832 5609 et

241 5648 304 5707 in
343 5658 536 5703 terram
568 5646 689 5712 ibis;
731 5645 1006 5701 fatendum
1033 5656 1115 5702 est
1156 5649 1286 5703 istos
1314 5663 1451 5718 quos
1490 5648 1725 5704 nondum
1765 5647 1833 5702 de

244 5742 567 5809 corporibus
604 5753 854 5810 egressos
873 5753 995 5794 cum
1026 5739 1464 5795 venietChristus
1494 5740 1754 5806 inveniet,
1775 5748 1833 5796 et

243 5836 372 5894 ietis
400 5834 577 5890 verbis
626 5831 870 5901 Apostoli
918 5839 973 5887 et
1002 5830 1109 5887 illis
1151 5831 1222 5886 de
1262 5831 1456 5887 Genesi
1502 5847 1607 5887 non
1633 5832 1828 5888 teneri.

247 5928 519 5996 Quoniam
549 5939 761 5985 sursum
784 5925 838 5984 in
868 5922 1098 5984 nubibus
1127 5925 1290 5994 rapti,
1321 5939 1424 5982 non
1447 5924 1631 5994 utique
1666 5926 1831 5982 semi-

1861 4681 1917 4744 D

1951 3427 2156 3482 futuros
2197 3429 2317 3482 illos
2347 3437 2565 3482 Sanctus
2596 3428 2922 3484 arbitremur
2954 3429 3237 3496 immunes,
3271 3429 3318 3483 si
3346 3446 3531 3484 eorum

1951 3521 2293 3574 morientium
2324 3520 2376 3574 in
2404 3524 2600 3574 terram
2631 3529 2739 3574 non
2779 3521 3022 3577 recident
3044 3537 3304 3590 corpora;
3340 3519 3432 3577 sed
3460 3525 3532 3578 si-

1948 3619 2038 3666 cut
2065 3612 2117 3665 in
2149 3611 2263 3680 ipso
2292 3617 2449 3678 raptu
2473 3612 2792 3669 morientur.
2824 3613 2894 3667 ita
2918 3620 2972 3667 et
3003 3614 3431 3683 tesurguntdum
3467 3613 3534 3671 fe-

1949 3713 2141 3760 runtur
2163 3704 2217 3759 in
2247 3718 2390 3759 aera.
2418 3703 2475 3759 In
2498 3710 2695 3759 terram
2729 3704 2922 3775 quippe
2954 3703 3076 3775 ibis,
3110 3703 3184 3777 [id
3215 3704 3316 3778 est]
3349 3711 3452 3773 est,
3482 3706 3533 3762 in

1946 3797 2050 3854 hoc
2098 3798 2200 3853 ibis
2249 3797 2445 3852 amissa
2485 3796 2592 3852 vita
2649 3797 2794 3868 quod
2843 3811 2962 3854 eras
3015 3809 3300 3870 antequam
3355 3815 3508 3856 sume

1945 3905 2034 3949 res
2056 3894 2239 3961 vitam,
2272 3891 2325 3948 id
2356 3899 2460 3956 est,
2485 3891 2588 3946 hoc
2610 3892 2722 3948 eris
2751 3891 3092 3948 exanimatus
3119 3890 3261 3963 quod
3285 3907 3405 3947 eras
3433 3909 3530 3947 an-

1947 3991 2160 4052 tequam
2207 3997 2358 4038 esses
2400 3984 2690 4038 animatus.
2757 3977 2939 4038 Terrae
2992 3983 3189 4052 quippe
3242 3981 3532 4037 insuftlavit

1947 4075 2091 4130 Deus
2124 4076 2176 4129 in
2209 4076 2397 4130 faciem
2429 4075 2616 4129 flatum
2647 4075 2772 4129 vitae
2796 4118 2810 4141 ,
2859 4087 2981 4128 cum
3025 4071 3198 4126 factus
3227 4069 3417 4144 [esset]
3448 4084 3528 4128 est

1946 4167 2109 4221 homo
2138 4167 2190 4220 in
2219 4167 2451 4219 animam
2478 4165 2653 4218 vivam
2680 4181 2693 4229 ;
2728 4171 2977 4234 tanquam
3004 4163 3274 4218 diceretur
3306 4178 3322 4217 :
3355 4162 3522 4218 Terra

1945 4273 2005 4316 es
2031 4259 2263 4312 animata
2291 4257 2432 4327 quod
2484 4271 2592 4312 non
2624 4271 2765 4323 eras,
2800 4264 2943 4311 terra
2971 4255 3078 4310 eris
3099 4254 3364 4311 exanimis
3393 4253 3530 4310 sicut

1945 4363 2086 4416 eras,
2121 4349 2266 4423 [hoc]
2293 4348 2434 4420 quod
2464 4357 2588 4405 sunt
2632 4357 2686 4405 et
2705 4355 2986 4418 antequam
3017 4357 3326 4418 putrescant
3355 4349 3529 4406 omnia

1943 4456 2169 4513 corpora
2197 4453 2553 4509 mortuorum,
2584 4443 2727 4512 quod
2753 4449 2913 4497 erunt
2941 4443 2996 4497 et
3024 4439 3110 4495 illa
3136 4442 3182 4496 si
3214 4445 3530 4508 morientur,

1945 4536 2248 4607 ubicunque
2278 4537 2593 4602 moriantur,
2640 4551 2760 4592 cum
2789 4534 2898 4590 vita
2925 4533 3184 4590 carebunt
3209 4550 3366 4606 quam
3396 4550 3526 4591 con-

1944 4631 2094 4687 tinuo
2148 4640 2427 4700 receptura
2476 4637 2621 4684 sunt.
2677 4628 2766 4684 Sic
2811 4641 2939 4698 ergo
2988 4627 3141 4682 ibunt
3187 4624 3241 4682 in
3292 4636 3523 4695 terram,

1942 4723 2199 4800 [quando]
2228 4726 2350 4795 quia
2379 4738 2445 4780 ex
2473 4722 2608 4780 vivis
2638 4721 2943 4777 hominibus
2971 4727 3110 4777 terra
3133 4729 3304 4789 erunt,
3338 4738 3528 4794 quem-

1944 4821 2233 4877 admodum
2285 4820 2323 4874 it
2350 4819 2405 4873 in
2430 4820 2665 4873 cinerem
2698 4815 2838 4887 quod
2870 4815 2926 4870 tit
2947 4816 3102 4883 cinis,
3131 4817 3169 4870 it
3214 4815 3266 4870 in
3292 4825 3526 4870 vetusta-

1943 4924 2051 4970 tem
2080 4911 2222 4984 quod
2265 4912 2325 4965 fit
2373 4917 2554 4978 vetus,
2591 4908 2633 4964 it
2675 4908 2729 4963 in
2772 4917 2964 4964 testam
3014 4907 3155 4979 quod
3200 4922 3268 4962 ex
3305 4907 3416 4960 luto
3468 4906 3526 4959 iit

1942 5016 2100 5071 testa,
2132 5011 2185 5060 et
2206 5003 2309 5059 alia
2332 5001 2673 5075 [arescentia]
2698 5009 2951 5058 sexcenta
2976 4999 3055 5054 sic
3077 4997 3362 5069 loquimur.
3386 4996 3522 5064 Quo.

1941 5101 2103 5158 modo
2124 5108 2302 5156 autem
2331 5097 2402 5153 sit
2442 5096 2675 5152 futurum
2704 5096 2843 5167 quod
2884 5111 3025 5151 nunc
3055 5107 3152 5163 pro
3193 5099 3391 5144 nostrae
3441 5105 3524 5143 ra-

1943 5195 2197 5252 tiunculae
2223 5193 2427 5250 viribus
2457 5199 2744 5260 utcumque
2772 5189 3109 5259 conjicimus,
3140 5193 3263 5239 tunc
3303 5181 3404 5237 erit
3427 5195 3525 5252 po-

1944 5290 2050 5346 tius
2120 5297 2178 5344 ut
2232 5303 2390 5344 nosse
2439 5302 2738 5358 possemus.
2794 5279 3257 5339 Resurrectionem
3327 5279 3524 5364 quippe

1940 5393 2270 5440 mortuorum
2297 5379 2554 5447 futuram,
2586 5393 2705 5436 esse
2744 5377 2882 5434 etin
2916 5388 3077 5429 carne
3115 5371 3332 5443 quando
3372 5369 3525 5425 Chri-

1941 5491 2055 5536 stus
2103 5488 2357 5533 venturus
2410 5487 2492 5531 est
2543 5475 2696 5529 vivus
2745 5470 3084 5541 iudicaturus
3134 5476 3187 5524 et
3242 5477 3482 5521 mortuos

1941 5583 2171 5647 oportet,
2198 5573 2241 5629 si
2261 5568 2550 5626 Christiani
2574 5581 2694 5623 esse
2714 5564 2979 5632 volumus,
3004 5570 3062 5617 ut
3086 5560 3387 5618 credamus.
3414 5558 3518 5614 Sed

1941 5684 2050 5727 non
2080 5665 2198 5722 ideo
2225 5665 2292 5719 de
2317 5663 2414 5717 hac
2435 5677 2493 5716 re
2513 5659 2686 5715 inanis
2705 5666 2786 5712 est
2809 5655 2940 5712 ﬁdes
2964 5665 3168 5721 nostra,
3195 5657 3237 5710 si
3265 5651 3522 5725 quemad-

1943 5761 2160 5819 modum
2183 5759 2356 5842 futura
2387 5754 2458 5835 sit
2478 5751 2714 5828 perfecte
2752 5745 3206 5822 comprehendere
3232 5754 3337 5806 non
3365 5739 3511 5804 vale-

1942 5871 2082 5913 mus.
