3968 6390
454 394 560 455 785

1031 513 1256 572 CAPUT
1294 512 1474 572 CXLI.

456 624 785 705 Denaduentu
810 624 981 680 Heliae
1008 637 1124 681 ante
1159 629 1421 701 judicium
1445 671 1462 698 ,
1505 635 1657 705 cujus
1684 635 2050 703 praedicatione

530 696 921 764 Scripturarum
945 708 1138 752 secreta
1159 696 1458 766 'reserante,
1491 696 1663 759 .Ιυὶίωὶ
1684 696 2050 761 convertentur

529 771 599 822 ad
620 768 908 834 Christum,
939 785 1001 824 ea:
1028 773 1206 825 eodem
1233 773 1360 827 libro
1381 775 1444 829 de
1475 777 1687 830 Civitate
1719 778 1838 832 Dei.

532 884 668 940 Cum
719 885 1085 943 admonuisset
1133 896 1194 942 ut
1255 891 1630 948 meminissent
1675 893 1806 962 legis
1859 892 2046 964 Moysi,

453 979 705 1049 quoniam
734 981 1061 1049 praevidebat
1088 982 1225 1056 [eos]
1257 986 1427 1042 multo
1458 988 1636 1043 adhuc
1656 997 1905 1058 tempore
1938 1005 2047 1046 non

455 1085 574 1126 eam
605 1070 921 1140 spiritaliter
951 1073 1097 1128 sicut
1140 1085 1454 1146 oportuerat
1504 1090 1842 1150 accepturos,
1876 1083 2050 1137 conti-

454 1176 563 1217 nuo
584 1162 817 1233 subjecit
846 1181 859 1218 :
893 1165 963 1220 Et
1009 1165 1172 1238 [Ecce
1203 1166 1326 1239 ego]
1369 1185 1496 1228 ecce
1524 1173 1730 1227 mittam
1763 1176 1915 1230 vobis
1941 1175 2046 1229 He-

453 1254 579 1310 liam
613 1255 905 1314 Thesbiten
930 1298 947 1326 ,
996 1270 1280 1332 antequam
1310 1266 1489 1320 veniat
1528 1266 1647 1322 dies
1682 1267 1897 1322 Domini
1930 1283 2046 1323 ma-

453 1357 657 1419 gnuset
685 1349 910 1406 illustris
934 1353 1025 1422 qui
1055 1364 1332 1411 convertet
1361 1371 1458 1412 cor
1485 1360 1655 1428 patris
1677 1360 1744 1414 ad
1774 1360 1965 1426 ﬁlium,
1997 1367 2051 1415 et

453 1453 552 1495 cor
582 1441 815 1496 hominis
865 1442 932 1498 ad
983 1447 1284 1514 proximum
1315 1463 1494 1517 suum,
1551 1464 1619 1505 ne
1655 1449 1794 1506 forte
1823 1452 2050 1507 veniens

452 1534 746 1604 percutiam
800 1544 997 1591 terram
1047 1537 1432 1611 [anathemate]
1478 1542 1712 1610 penitus.
1763 1543 1870 1598 Per
1909 1543 2049 1598 hunc

454 1625 664 1682 Heliam
692 1641 944 1697 magnum
973 1629 1384 1702 mirabilemque
1421 1632 1770 1703 Prophetam,
1805 1635 2048 1704 exposita

457 1723 561 1780 sibi
593 1723 713 1796 lege
741 1723 935 1779 ultimo
973 1734 1220 1796 tempore
1263 1737 1388 1783 ante
1433 1728 1691 1798 judicium
1745 1730 1963 1787 Judzeos
1992 1733 2045 1786 in

452 1815 725 1872 Christum
749 1833 961 1884 verum,
979 1818 1032 1873 id
1046 1828 1146 1886 est,
1172 1821 1226 1875 in
1247 1821 1518 1878 Christum
1537 1834 1776 1880 nostrum
1795 1841 1914 1881 esse
1931 1840 2048 1880 cre-

1539 403 1604 460 D.
1645 396 1968 463 EUGYPPII
2009 401 2303 466 ABBATIS
2341 404 2667 463 AFRICANI
3638 407 3734 477 784

2073 525 2128 586 Α
2152 519 2262 575 duli
2296 534 2456 588 posse
2501 519 2733 575 humana
2761 531 2991 590 corpora
3040 516 3272 576 animata
3301 527 3467 595 atque
3505 523 3729 588 viventia

2153 630 2259 669 non
2288 615 2466 668 solum
2509 628 2779 685 nunquam
2812 622 2986 670 morte
3015 614 3266 683 dissolvi,
3291 617 3386 672 sed
3414 617 3474 672 in
3506 628 3730 674 aeterno-

2153 724 2272 764 rum
2303 723 2516 778 quoque
2543 709 2743 779 ignium
2774 708 2967 763 durare
2998 708 3319 764 tormentis?
3352 711 3564 768 Nolunt
3602 714 3730 774 enim

2152 805 2255 858 hoc
2281 804 2346 857 ad
2377 804 2774 873 Omnipotentis
2795 818 2895 858 nos
2922 802 3130 859 referre
3153 805 3482 873 potentiam,
3516 806 3611 862 sed
3636 809 3732 863 ali-

2153 912 2258 967 quo
2287 898 2535 966 exemplo
2568 896 2880 967 persuaderi
2907 896 3008 950 sibi
3037 889 3299 967 ﬂagitant.
3329 897 3548 964 Quibus
3580 899 3624 952 si
3654 915 3730 955 re-

2152 991 2537 1061 spondebimus
2592 1006 2714 1046 esse
2768 990 3020 1044 animalia
3070 989 3310 1059 profecto
3368 990 3729 1060 corruptibilia

2152 1084 2274 1154 quia
2305 1084 2576 1148 mortalia,
2605 1098 2724 1153 qua:
2757 1091 2933 1137 tamen
2967 1084 3020 1137 in
3063 1082 3255 1138 mediis
3283 1083 3510 1153 ignibus
3539 1083 3726 1154 vivant,

2154 1178 2468 1232 nonnullum
2488 1177 2650 1231 etiam
2680 1192 2847 1246 genus
2870 1176 3130 1231 vermium
3161 1177 3216 1231 in
3242 1191 3517 1246 aquarum
3549 1176 3725 1231 calida-

2153 1286 2272 1325 rum
2325 1270 2652 1338 scaturigine
2709 1270 2957 1339 reperiri,
3007 1285 3233 1340 quarum
3262 1267 3542 1324 fervorem
3588 1282 3726 1324 nemo

2153 1363 2372 1430 impune
2397 1368 2717 1426 contrectat,
2770 1360 2894 1415 illos
2923 1368 3101 1414 autem
3132 1374 3242 1414 non
3268 1360 3457 1414 solum
3495 1360 3608 1416 sine
3631 1361 3721 1416 ulla

2152 1457 2232 1510 sui
2261 1454 2482 1508 laesione
2527 1454 2598 1508 ibi
2631 1469 2775 1518 esse,
2808 1440 2926 1508 sed.
2952 1461 3102 1508 extra
3135 1467 3254 1507 esse
3282 1467 3390 1506 non
3423 1467 3588 1522 posse
3612 1471 3625 1520 ;
3649 1460 3722 1508 aut

2151 1546 2342 1600 nolunt
2370 1547 2594 1601 credere
2621 1545 2668 1600 si
2693 1545 2981 1600 ostendere
3018 1561 3125 1600 non
3158 1545 3422 1613 valemus,
3461 1557 3549 1601 aut
3574 1547 3616 1602 si
3641 1562 3719 1600 va-

2151 1639 2415 1693 Iuerimus
2447 1638 2561 1692 sive
2587 1636 2759 1691 oculis
2789 1637 3163 1691 demonstrare
3194 1651 3282 1691 res
3310 1638 3483 1705 ipsas,
3511 1638 3616 1712 sive
3639 1650 3719 1707 per

2153 1741 2316 1785 testes
2343 1730 2568 1784 idoneos
2599 1728 2851 1792 edocere,
2883 1744 2990 1783 non
3018 1730 3148 1783 satis
3176 1743 3299 1785 esse
3325 1728 3434 1783 hoc
3461 1729 3524 1782 ad
3553 1743 3714 1784 exem-

2151 1827 2296 1896 plum
2324 1825 2402 1880 rei
2429 1825 2497 1880 de
2525 1840 2628 1893 qua
2660 1824 2885 1894 quaestio
2908 1833 3010 1890 est,
3044 1823 3230 1878 eadem
3262 1823 3577 1878 inﬁdelitate
3605 1839 3715 1878 con-

454 1909 685 1977 dituros,
713 1910 1125 1966 celeberrimum
1149 1921 1230 1968 est
1251 1912 1304 1967 in
1324 1916 1668 1972 sermonibus
1685 1917 2046 1989 cordibusque
2074 1915 2124 1978 B
2153 1917 2410 1982 tendent;
2443 1917 2568 1986 quia
2602 1918 2716 1971 hate
2764 1917 3016 1969 animalia
3051 1930 3149 1970 nec
3197 1930 3418 1984 semper
3445 1917 3632 1982 vivunt,
3667 1926 3712 1972 et

455 2001 713 2056 ﬁdelium.
745 2001 863 2071 Ipse
890 2003 1088 2072 quippe
1130 2013 1257 2060 ante
1303 2005 1592 2062 adventum
1637 2008 1834 2077 judicis
1859 2010 2045 2065 Salva-

455 2098 591 2148 toris
639 2108 747 2148 non
797 2095 1071 2150 immerito
1125 2107 1379 2164 speratur
1426 2113 1549 2154 esse
1604 2110 1892 2169 venturus,
1953 2104 2044 2173 qui

453 2187 617 2243 etiam
659 2201 802 2242 nunc
851 2187 1032 2243 vivere
1081 2202 1189 2244 non
1237 2189 1508 2246 immerito
1558 2192 1816 2249 creditur.
1873 2195 2046 2253 Curru

453 2292 686 2348 namque
734 2279 890 2348 igneo
936 2289 1122 2349 raptus
1169 2291 1252 2336 est
1295 2282 1361 2337 de
1389 2283 1550 2339 rebus
1601 2285 1871 2354 humanis,
1903 2290 2044 2359 quod

451 2369 853 2425 evidentissime
881 2381 1062 2426 sancta
1095 2371 1368 2440 Scriptura
1397 2383 1652 2432 testatur:
1687 2394 1807 2434 cum
1837 2383 2048 2437 venerit

451 2473 581 2529 ergo
603 2461 923 2529 exponendo
952 2462 1124 2533 legem
1151 2464 1488 2537 spiritaliter,
1518 2484 1678 2538 quam
1711 2488 1852 2528 nunc
1874 2474 2046 2531 Judaei

451 2553 741 2608 carnaliter
767 2554 1013 2622 sapiunt,
1046 2566 1330 2612 convertet
1359 2574 1454 2614 cor
1479 2562 1644 2631 patris
1672 2564 1737 2619 ad
1772 2565 1962 2633 ﬁlium,
1993 2570 2046 2625 id

452 2653 538 2698 est
563 2656 657 2698 cor
682 2653 890 2712 patrum
938 2644 1004 2699 ad
1043 2645 1205 2702 ﬁlios.
1241 2647 1578 2718 Singularem
1603 2654 1801 2723 quippe
1827 2671 1925 2724 pro
1949 2675 2047 2714 nu-

456 2748 608 2791 mero
673 2737 864 2804 plurali
933 2738 1256 2808 interpretes
1321 2745 1652 2813 septuaginta
1719 2760 2044 2819 posuerunt;

461 2831 626 2881 etest
653 2839 846 2882 sensus
891 2838 947 2882 ut
976 2830 1140 2884 etiam
1185 2830 1278 2886 ﬁlii
1327 2832 1406 2887 sic
1436 2834 1734 2906 intelligant
1763 2837 1960 2909 legem,
1991 2840 2046 2895 id

457 2927 561 2986 est,
593 2918 761 2976 Judaei
808 2922 1262 2991 quemadmodum
1293 2935 1474 2994 patres
1517 2928 1862 2996 intellexere,
1886 2931 1936 2985 id
1965 2940 2049 2987 est

452 3005 759 3078 PrOpheue,
791 3013 844 3066 in
885 3013 1081 3078 quibus
1107 3023 1224 3068 erat
1269 3027 1323 3071 et
1366 3018 1481 3085 ipse
1507 3018 1716 3088 Moyses
1750 3039 1762 3075 :
1795 3023 1872 3076 sic
1901 3023 2046 3078 enim

454 3111 551 3152 eor
579 3108 789 3168 patrum
819 3113 1166 3158 convertetur
1207 3105 1274 3159 ad
1328 3105 1488 3175 ﬁlios,
1533 3124 1657 3164 cum
1697 3112 2045 3183 intelligentia

452 3197 665 3260 patrum
695 3192 1016 3260 perducetur
1043 3194 1110 3250 ad
1146 3195 1551 3268 intelligentiam
1579 3202 1840 3272 ﬁliorum,
1873 3215 1927 3261 et
1952 3222 2047 3263 cor

2150 2011 2205 2066 in
2238 2010 2346 2064 illis
2376 2009 2680 2064 fervoribus
2709 2008 2828 2063 sine
2855 2007 3130 2063 doloribus
3161 2008 3369 2062 vivunt.
3401 2009 3516 2064 Suae
3539 2010 3709 2078 quippe

2149 2111 2357 2157 natura
2387 2100 2834 2155 convenientibus
2861 2109 3200 2170 vegetantur,
3226 2100 3335 2156 illis
3361 2116 3462 2156 non
3491 2103 3705 2156 crucian-

2152 2203 2236 2248 tur
2280 2194 2586 2260 eleuicntis,
2629 2194 2784 2264 quasi
2828 2208 2934 2248 non
2986 2193 3350 2250 incredibilius
3393 2196 3460 2249 sit
3487 2194 3696 2265 vegetari

2150 2305 2308 2360 quam
2370 2290 2602 2345 cruciari
2661 2291 2856 2344 talibus
2916 2291 3097 2344 rebus.
3157 2289 3383 2345 Mirabile
3425 2301 3499 2345 est
3559 2291 3684 2346 enim

2150 2383 2335 2438 dolere
2365 2384 2418 2438 in
2450 2383 2662 2453 ignibus
2691 2392 2745 2438 et
2777 2393 2954 2438 tamen
2981 2385 3189 2447 vivere,
3220 2383 3315 2439 sed
3338 2384 3602 2438 mirabilius
3623 2383 3697 2439 vi-

2151 2490 2282 2531 vere
2324 2476 2378 2530 in
2429 2475 2640 2546 ignibus
2684 2491 2784 2532 nec
2810 2476 3017 2543 dolere,
3043 2477 3088 2531 si
3116 2485 3299 2532 autem
3336 2476 3434 2533 hoc
3474 2477 3699 2546 creditur,

2151 2580 2248 2622 cur
2277 2583 2383 2623 non
2412 2577 2466 2624 et
2495 2568 2664 2624 illud?

2690 2663 2917 2739 CAPUT
2956 2662 3182 2720 CXLIII.

2152 2757 2232 2809 An
2259 2771 2570 2827 consequens
2597 2757 2662 2810 sit
2697 2766 2753 2810 ut
2780 2772 3056 2839 corporum
3095 2756 3329 2810 dolorem
3356 2764 3590 2826 sequatur
3610 2770 3691 2810 w-

2765 2844 2843 2881 ms
2881 2837 3136 2882 Intentus.

2221 2944 2328 2999 Sed
2376 2944 2579 3000 nullum
2632 2953 2751 3012 est,
2803 2944 3070 3014 inquiunt,
3123 2958 3319 3016 corpus
3368 2945 3518 3016 quod
3556 2944 3685 3000 dolere

2153 3038 2346 3106 possit,
2398 3052 2499 3092 nec
2529 3039 2699 3108 possit
2729 3038 2887 3102 mori,
2920 3038 3107 3093 ethoc
3151 3038 3298 3094 unde
3346 3040 3575 3095 scimus?
3599 3036 3696 3092 Nam

2156 3130 2224 3184 de
2251 3129 2572 3198 corporibus
2602 3131 2723 3199 quis
2769 3139 2951 3186 certus
2998 3139 3083 3185 est
3107 3130 3443 3196 dazmonum,
3484 3142 3635 3185 utrum
3657 3129 3698 3182 in

2151 3222 2232 3276 eis
2259 3222 2479 3276 doleant
2505 3223 2719 3292 quando
2748 3237 2807 3277 se
2832 3223 2996 3294 alﬁigi
3026 3224 3234 3293 magnis
3263 3224 3584 3280 cruciatibus
3602 3237 3702 3275 con-

451 3279 773 3386 θῖίοτυφῇιά
800 3297 976 3386 Γεὶίΐθξ
997 3288 1334 3386 (ξοτιιῐξτῇἀυᾙι
1361 3290 1412 3344 in
1445 3291 1496 3346 id
1528 3295 1672 3364 ειυοά
1701 3311 1922 3354 sensere
1948 3298 2041 3367 illi.
2075 3300 2123 3365 (ἶ
2154 3311 2406 3367 ﬁtentur?
2435 3313 2587 3378 Quod
2614 3313 2657 3366 si
2689 3313 3067 3383 respondetur,
3099 3324 3380 3370 terrenum
3410 3329 3606 3386 corpus,
3634 3326 3703 3367 so-

451 3376 799 3432 cousentiunt
845 3386 900 3432 et
946 3379 1082 3434 isti:
1117 3380 1206 3435 ubi
1262 3383 1605 3456 Septuaginta
1655 3389 1945 3461 dixerunt,
1981 3393 2050 3448 Et

451 3480 548 3522 cor
579 3466 814 3522 hominis
844 3469 908 3524 ad
941 3471 1243 3539 proximum
1271 3489 1451 3531 suum.
1485 3477 1623 3532 Sunt
1650 3482 1794 3534 enim
1827 3483 1967 3537 inter
1987 3498 2047 3540 se

453 3558 606 3614 valde
638 3561 864 3626 proximi
900 3571 1081 3633 patres
1134 3572 1189 3619 et
1236 3566 1378 3633 filii,
1431 3583 1735 3639 quanquam
1781 3573 1838 3627 in
1869 3575 2049 3632 verbis

452 3655 794 3723 septuaginta
826 3655 1181 3725 interpretum
1229 3662 1320 3729 qui
1352 3664 1662 3732 prophetice
1706 3667 2046 3738 interpretati

453 3754 599 3809 sunt,
636 3756 812 3810 potest
842 3749 981 3802 alius
1010 3766 1201 3805 sensus
1250 3754 1500 3824 idemque
1544 3759 1766 3814 electior
1797 3763 2044 3832 inveniri,

455 3844 513 3888 ut
535 3834 866 3904 intelligatur
901 3837 1078 3892 Ilelias
1120 3855 1216 3894 cor
1245 3843 1339 3898 Dei
1389 3845 1562 3901 Patris
1593 3864 1950 3910 conversurus
1977 3857 2046 3911 ad

455 3922 693 3979 Filium:
729 3941 835 3980 non
868 3928 1052 3997 utique
1079 3931 1290 4000 agendo
1336 3944 1393 3989 ut
1440 3947 1592 4006 pater
1619 3940 1801 4011 diligat
1844 3944 2044 4015 filium,

451 4016 549 4072 sed
596 4017 843 4074 docendo
889 4021 1030 4088 quod
1075 4033 1226 4090 pater
1283 4025 1468 4098 diligat
1509 4031 1706 4098 ﬁlium,
1761 4046 1819 4090 ut
1868 4047 1922 4092 et
1961 4040 2049 4095 Ju-

450 4111 550 4166 daei
574 4126 732 4168 ouem
756 4114 903 4182 prius
933 4115 1178 4185 oderant,
1199 4117 1442 4188 diligant,
1461 4127 1711 4181 eumdem
1743 4129 1834 4198 qui
1863 4133 2048 4188 n‘oster

449 4211 555 4270 est,
589 4203 891 4262 Christum.
923 4205 1126 4260 Judmis
1149 4210 1290 4264 enim
1319 4227 1462 4267 nunc
1487 4229 1734 4272 aversum
1767 4235 1859 4275 cor
1883 4222 2045 4279 habet

450 4292 616 4360 Deus,
647 4309 677 4348 a
707 4294 926 4350 Christo
972 4307 1164 4354 nostro
1195 4301 1340 4371 [quia
1373 4321 1477 4358 non
1509 4318 1695 4375 putant
1721 4327 1842 4367 eum
1875 4314 2044 4371 Deum

450 4402 574 4445 esse
604 4392 908 4486 nequeADei
959 4393 1150 4465 ﬁlium]
1190 4399 1315 4466 quia
1365 4401 1466 4456 hoc
1515 4415 1722 4471 putant.
1778 4411 1869 4467 Eis
1917 4429 2044 4486 ergo

452 4488 583 4536 tunc
625 4495 720 4536 cor
760 4483 877 4552 ejus
906 4494 1251 4542 convertetur
1281 4490 1348 4544 ad
1395 4492 1595 4562 ﬁlium,
1628 4514 1748 4555 cum
1781 4502 1881 4572 ipsi
1923 4483 2045 4562 con-

452 4585 614 4628 verso
644 4573 805 4628 corde
837 4575 1119 4633 didicerint
1149 4579 1489 4638 dilectionem
1533 4588 1701 4645 Patris
1733 4593 1785 4646 in
1823 4595 2040 4653 Filium.

2151 3403 2318 3459 lidum
2345 3406 2554 3460 scilicet
2583 3415 2742 3476 atque
2785 3408 3136 3476 conspicuum
3170 3407 3382 3462 nullum
3415 3422 3547 3473 esse,
3573 3415 3703 3473 atque

2150 3506 2211 3553 ut
2239 3513 2344 3552 uno
2375 3499 2555 3568 potius
2587 3501 2805 3554 nomine
2834 3501 2888 3554 id
2918 3501 3204 3571 explicem,
3246 3503 3449 3556 nullam
3472 3516 3578 3557 esse
3601 3514 3702 3554 car-

2150 3603 2275 3644 nem
2331 3605 2451 3658 quae
2499 3590 2684 3646 dolere
2726 3592 2895 3661 possit
2938 3593 3184 3663 morique
3227 3606 3335 3648 non
3367 3594 3559 3663 possit:
3589 3588 3700 3661 quid

2151 3682 2296 3737 aliud
2321 3682 2539 3748 dicitur,
2585 3683 2689 3738 nisi
2731 3685 2874 3754 quod
2927 3699 3087 3739 sensu
3122 3687 3363 3755 corporis
3405 3684 3626 3738 homines
3651 3688 3701 3735 et

2152 3776 2490 3843 experientia
2546 3776 2926 3846 collegerunt?
2977 3777 3192 3832 Nullam
3241 3791 3447 3845 namque
3497 3786 3686 3828 carnem

2151 3866 2252 3920 nisi
2285 3866 2568 3920 mortalem
2601 3869 2796 3932 sciunt,
2841 3877 2896 3923 et
2940 3869 3056 3924 haec
3099 3879 3183 3924 est
3234 3884 3401 3925 eorum
3423 3876 3522 3921 tota
3545 3865 3687 3929 ratio,

2152 3967 2213 4012 ut
2241 3958 2383 4027 quod
2411 3960 2615 4028 experti
2638 3975 2744 4014 non
2767 3968 2892 4014 sunt
2916 3975 3252 4031 nequaquam
3280 3975 3395 4016 esse
3413 3955 3600 4031 {posse}
3621 3969 3698 4009 ar-

2151 4052 2439 4108 bitrentur.
2499 4053 2630 4107 Nam
2678 4053 2833 4124 cujus
2884 4055 3107 4110 rationis
3153 4064 3239 4110 est
3276 4055 3509 4111 dolorem
3552 4054 3709 4107 facere

2150 4145 2343 4199 mortis
2373 4157 2773 4216 argumentum,
2807 4162 2927 4202 cum
2957 4149 3081 4203 vitae
3127 4149 3303 4218 potius
3333 4149 3401 4202 sit
3450 4141 3710 4202 indicium?

2152 4236 2266 4291 Etsi
2299 4238 2442 4292 enim
2490 4240 2802 4308 qumrimus,
2852 4248 3026 4293 utrum
3077 4255 3292 4308 semper
3324 4241 3493 4308 possit
3521 4240 3708 4292 vivere:

2150 4338 2355 4383 certum
2386 4338 2560 4384 tamen
2589 4339 2672 4384 est
2696 4329 2878 4385 vivere
2909 4345 3068 4386 omne
3091 4331 3234 4400 quod
3272 4330 3446 4395 dolet,
3475 4331 3708 4385 dolorem-

2151 4435 2256 4490 que
2282 4434 2519 4486 omnem,
2553 4420 2653 4474 uisi
2687 4421 2740 4473 in
2769 4435 2828 4475 re
2857 4422 3069 4476 vivente
3110 4436 3230 4477 esse
3272 4438 3381 4477 non
3417 4438 3594 4493 posse.
3627 4419 3708 4474 Ne-

2152 4523 2305 4564 cesse
2335 4519 2418 4565 est
2443 4526 2593 4580 ergo,
2627 4520 2684 4565 ut
2729 4513 2872 4566 vivat
2900 4513 3113 4578 dolens,
3147 4529 3252 4570 non
3301 4524 3384 4569 est
3433 4528 3638 4572 necesse
3658 4517 3699 4564 ut

2150 4602 2363 4656 occidat
2386 4602 2560 4668 dolor,
2595 4603 2720 4672 quia
2751 4620 2850 4660 nec
2889 4619 3116 4676 corpora
3146 4608 3243 4660 ista
3274 4608 3531 4663 mortalia
3557 4616 3605 4664 et
3627 4601 3701 4659 uti-

451 4661 608 4728 Quod
640 4668 1062 4763 vero-sequitur,
1115 4669 1302 4763 Et‘cor
1350 4675 1583 4732 hominis
1626 4681 1689 4734 ad
1741 4689 2038 4752 proximum
2070 4691 2125 4752 D
2154 4708 2259 4763 que
2303 4694 2562 4749 moritura
2603 4661 2780 4750 omnis
2825 4661 3224 4763 dolor.occidit,
3258 4707 3313 4753 et
3359 4707 3422 4753 ut
3468 4700 3618 4755 dolor
3639 4692 3710 4750 ali-

451 4767 607 4808 suum
628 4794 643 4821 ,
670 4753 799 4825 quid
832 4758 1024 4811 melius
1051 4760 1366 4832 intelligitur
1392 4781 1549 4834 quam
1579 4783 1674 4824 cor
1715 4772 1947 4832 hominis
1976 4781 2042 4835 ad

451 4843 724 4901 hominem
750 4846 1020 4902 Christum
1037 4849 1058 4900 ?
1075 4850 1206 4906 Cum
1230 4856 1374 4910 enim
1401 4857 1470 4912 sit
1492 4859 1544 4913 in
1567 4844 1740 4919 forma
1769 4865 1864 4921 Dei
1899 4868 2040 4927 Deus

449 4946 655 5006 noster,
702 4937 933 4994 formam
984 4943 1125 4997 servi
1177 4948 1468 5016 accipiens,
1517 4968 1637 5011 esse
1667 4956 1914 5028 dignatus
1943 4973 2043 5033 est,

448 5031 614 5123 etiam
648 5034 927 5102 proximus
954 5037 1175 5090 noster?
1216 5039 1341 5095 Hzec
1374 5057 1503 5113 ergo
1536 5046 1694 5106 faciet
1724 5054 1901 5110 llelias
1930 5100 1943 5123 ,
1977 5031 2046 5116 ne

449 5121 563 5193 94
582 5123 752 5218 forte,
785 5125 979 5198 inquit,
1012 5129 1224 5185 veniam
1256 5143 1310 5187 et
1337 5139 1630 5202 percutiam
1664 5150 1860 5202 terram
1896 5121 2045 5218 peni-

449 5220 558 5268 tus.
582 5213 746 5271 Terra
769 5229 894 5275 sunt
916 5220 1060 5276 enim
1087 5223 1177 5293 qui
1203 5231 1412 5281 terrena
1436 5230 1671 5304 sapiunt,
1705 5238 1843 5294 sicut
1873 5213 2042 5298 Judaei

449 5306 696 5362 carnales
737 5323 910 5379 usque
968 5330 1110 5372 nunc
1143 5357 1158 5382 ,
1210 5332 1274 5374 ex
1322 5335 1430 5390 quo
1479 5325 1610 5378 vitio
1649 5341 1838 5386 contra
1872 5334 2042 5391 Deum

449 5414 727 5458 murmura
757 5402 847 5458 illa
867 5420 1137 5466 venerunt
1158 5457 1172 5476 ,
1202 5415 1325 5483 quia
1373 5417 1499 5474 mali
1527 5419 1576 5476 ei
1608 5422 1836 5491 placent,
1869 5437 1924 5484 et
1953 5445 2044 5486 va-

452 5505 557 5550 nus
585 5504 672 5551 εει
699 5497 789 5566 qui
817 5499 984 5554 servit
1010 5501 1144 5557 Deo.

1008 5613 1234 5676 CAPUT
1273 5623 1480 5682 CXLII.

442 5699 528 5758 AI
559 5705 764 5774 possint
800 5723 1017 5801 carpere
1051 5717 1106 5801 ila
1140 5719 1341 5801 ustione
1367 5723 1500 5801 ignis
1541 5739 1648 5779 esse
1688 5742 1952 5801 perpetua,
1977 5751 2039 5790 ea:

412 5807 414 5812 .
893 5781 1020 5834 libro
1047 5784 1109 5836 de
1137 5785 1350 5845 Civitate
1375 5781 1472 5847 Dei
1495 5811 1612 5852 xxi.

519 5861 663 5935 Quid
706 5867 866 5938 igitur
893 5872 1192 5943 ostendam,
1240 5882 1383 5940 unde
1427 5894 1822 5952 convincantur
1857 5897 2030 5956 incre-

2155 4786 2275 4855 quis
2306 4789 2475 4855 possit
2506 4788 2758 4844 occidere
2802 4790 2890 4844 illa
2921 4804 3082 4844 causa
3127 4800 3229 4859 est,
3266 4792 3530 4862 quoniam
3560 4795 3629 4846 sic
3654 4795 3720 4844 est

2153 4880 2330 4934 anima
2375 4895 2615 4936 connexa
2649 4882 2772 4938 huic
2819 4887 3060 4953 corpori,
3108 4893 3166 4939 ut
3195 4887 3424 4940 summis
3466 4884 3720 4942 doloribus

2151 4970 2309 5026 cedat
2365 4982 2524 5042 atque
2578 4974 2818 5030 discedat
2854 4993 2866 5028 :
2901 4979 3151 5045 quoniam
3197 4985 3252 5031 et
3306 4976 3423 5046 ipsa
3488 4987 3727 5045 compago

2153 5065 2518 5122 membrorum
2565 5077 2725 5138 atque
2767 5069 3008 5125 vitalium
3037 5070 3116 5125 sic
3145 5070 3355 5124 inﬁrma
3400 5085 3511 5135 ρει,
3543 5082 3596 5125 ut
3628 5081 3726 5123 eam

2151 5156 2258 5211 vim
2301 5174 2420 5227 quae
2466 5174 2714 5229 magnum
2743 5161 2830 5216 vel
2884 5177 3153 5217 summum
3202 5161 3448 5218 dolorem
3485 5165 3614 5218 facit
3639 5174 3728 5215 non

2149 5251 2326 5305 valeat
2355 5253 2644 5309 sustinere.
2696 5255 2846 5311 Tunc
2887 5265 3071 5312 autem
3115 5258 3208 5312 tali
3235 5260 3455 5328 corpori
3485 5260 3660 5313 anima
3687 5263 3732 5310 et

2150 5357 2216 5398 eo
2257 5346 2597 5400 connectitur
2626 5349 2807 5413 modo,
2843 5358 2901 5404 ut
2930 5349 3061 5405 illud
3090 5351 3361 5406 vinculum
3408 5355 3560 5408 sicut
3600 5352 3730 5408 nulla

2150 5436 2409 5504 temporis
2441 5437 2773 5508 longitudine
2802 5441 3056 5510 solvitur,
3085 5443 3156 5498 ita
3190 5443 3341 5498 nullo
3368 5445 3565 5501 dolore
3601 5459 3732 5501 rum-

2150 5534 2328 5596 patur.
2361 5528 2593 5585 Proinde
2634 5533 2798 5587 etiam
2844 5534 2888 5587 si
2924 5549 3052 5590 caro
3102 5552 3246 5593 nunc
3275 5538 3396 5593 talis
3443 5541 3595 5594 nulla
3644 5548 3735 5601 est,

2150 5626 2270 5688 qua:
2294 5635 2507 5676 sensum
2539 5622 2744 5680 doloris
2770 5627 2978 5697 perpeti
3017 5630 3210 5698 possit,
3241 5640 3591 5703 mortemque
3639 5645 3734 5685 non

2149 5713 2338 5782 possit,
2371 5715 2476 5769 erit
2502 5724 2680 5774 tamen
2707 5727 2835 5777 tunc
2881 5721 3006 5777 talis
3045 5739 3195 5792 caro,
3223 5725 3396 5795 qualis
3442 5744 3597 5783 nunc
3637 5741 3738 5781 non

2148 5814 2252 5872 est,
2284 5806 2422 5861 sicut
2465 5809 2588 5864 talis
2624 5812 2724 5864 erit
2769 5819 2825 5867 et
2870 5827 3037 5880 mors,
3085 5816 3262 5886 qualis
3290 5831 3431 5872 nunc
3479 5834 3595 5873 non
3626 5825 3736 5880 est;

2147 5909 2252 5970 non
2294 5898 2438 5957 enim
2470 5900 2636 5969 nulla,
2660 5904 2753 5960 sed
2785 5905 3116 5977 sempiterna
3159 5923 3304 5967 mors
3349 5909 3476 5979 erit,
3513 5908 3736 5982 quando
