3968 6390
1445 357 1873 419 THESAURUS.
1911 356 2068 416 CAP.
2105 361 2333 420 CXLIV.

3390 365 3494 423 786

269 501 361 541 nec
390 484 568 538 anima
598 482 776 537 vivere
819 477 1014 550 poterit
1058 478 1222 532 Deum
1269 491 1374 530 non
1419 474 1691 539 habendo,
1723 486 1821 527 nec
1847 475 2057 532 Amori
2107 487 2304 548 cogunt
2343 496 2355 532 :
2394 493 2503 535 non
2553 489 2639 534 est
2684 479 2844 550 igitur
2888 479 3249 537 necessarium
3307 482 3497 540 futura

267 577 536 632 doloribus
580 573 820 644 corporis
866 586 1047 626 carere
1094 569 1394 623 moriendo.
1451 569 1626 622 Prima
1676 580 1823 620 mors

268 671 488 724 animam
538 665 806 721 nolentem
836 663 983 733 pellit
1022 677 1052 717 e
1087 675 1342 729 corpore,
1399 659 1631 713 secunda
1680 673 1824 712 mors

268 763 491 817 animam
546 760 811 814 nolentem
864 765 1007 812 tenet
1059 755 1112 810 in
1180 768 1448 824 corpore:
1486 752 1551 806 ab
1602 762 1826 822 utraque

267 861 431 908 morte
453 853 810 905 communiter
839 849 891 902 id
907 848 1146 910 habetur,
1161 856 1219 900 ut
1242 843 1382 915 quod
1400 861 1503 898 non
1519 846 1632 899 vult
1647 845 1824 900 anima

266 943 327 1000 de
348 957 445 998 suo
465 957 688 1012 corpore
712 941 968 1011 patiatur:
986 939 1270 992 attendunt
1298 946 1472 990 autem
1497 937 1583 990 i5ti
1613 945 1826 991 contra-

268 1033 494 1089 dictores
517 1033 714 1087 nullam
741 1047 858 1087 esse
885 1045 1024 1085 nunc
1047 1043 1285 1092 carnem,
1307 1043 1426 1098 quae
1455 1028 1692 1082 dolorem
1717 1027 1824 1097 pati

268 1128 434 1195 possit
457 1135 788 1195 mortemque
817 1140 920 1180 non
953 1124 1140 1191 possit,
1163 1133 1216 1178 et
1243 1122 1829 1194 [non]adtenduntesse

269 1225 444 1272 tamen
499 1218 698 1288 aliquid
740 1219 843 1273 tale
895 1218 1034 1287 quod
1089 1233 1318 1289 corpore
1357 1216 1529 1285 majus
1574 1215 1673 1278 sit,
1711 1215 1829 1285 ipsa

268 1308 456 1378 quippe
485 1309 660 1362 anima
714 1308 864 1377 cujus
891 1312 1174 1380 praesentia
1213 1324 1409 1377 corpus
1440 1309 1602 1375 vivit,
1645 1316 1699 1361 et
1744 1321 1831 1361 re-

267 1402 421 1472 gitur,
477 1410 531 1454 et
576 1401 814 1456 dolorem
870 1403 982 1470 pati
1034 1410 1239 1472 potest,
1296 1410 1350 1456 et
1398 1399 1532 1454 mori
1581 1413 1688 1452 non
1739 1411 1831 1464 po-

271 1500 390 1547 test.
434 1492 572 1548 Ecce
606 1493 823 1547 inventa
854 1507 941 1548 res
962 1502 1062 1557 est,
1092 1508 1210 1563 qua:
1237 1508 1358 1547 cum
1387 1504 1601 1545 sensum
1632 1487 1832 1542 doloris

267 1583 478 1650 habeat,
505 1585 820 1639 immortalis
847 1593 948 1640 cst.
977 1585 1088 1640 lloc
1119 1585 1280 1653 igitur
1299 1584 1400 1638 erit
1432 1592 1558 1636 tunc
1585 1581 1745 1636 etiam
1778 1580 1833 1634 in

269 1677 576 1743 corporibus
597 1678 995 1745 damnatorum,
1025 1679 1167 1748 quod
1212 1692 1355 1732 nunc
1384 1690 1504 1730 esse
1552 1677 1750 1729 scimus
1781 1675 1834 1728 in

267 1767 454 1821 animis
482 1767 740 1822 omnium.
769 1767 824 1822 Si
852 1775 1030 1822 autem
1066 1767 1474 1822 consideremus
1499 1765 1829 1834 diligentius,

1926 572 2118 628 mortis
2147 583 2521 644 argumentum
2549 574 2724 628 dolor.

2462 686 2689 743 CAPUT
2736 686 2962 743 CXLIV.

1929 777 2082 844 Quod
2112 780 2165 831 in
2197 781 2344 834 rebus
2373 782 2518 835 miris
2557 797 2756 835 summa
2784 783 3022 835 credendi
3066 783 3132 836 sit
3157 782 3291 835 ratio
3333 785 3498 836 omni-

1996 850 2228 972 pDotentia
2291 852 2578 920 creatoris,
2626 869 2690 907 ex
2755 855 2928 907 eodem
2981 853 3108 907 libro
3167 855 3230 906 de
3285 851 3499 906 Civitate

2049 935 2092 972 et
2123 934 2233 972 xxi.

2049 935 2092 972 ει
2123 934 2233 974 XXI.

1997 1035 2103 1092 Cur
2132 1037 2309 1107 itaque
2355 1038 2531 1094 facere
2573 1054 2678 1094 non
2728 1043 2897 1110 possit
2937 1043 3102 1110 Deus,
3132 1049 3191 1096 Iit
3216 1048 3272 1096 et
3313 1055 3496 1096 resur-

1928 1139 2298 1201 gantcorpora
2340 1139 2692 1197 mortuorum,
2731 1141 2785 1186 et
2816 1133 2938 1203 igne
2967 1143 3167 1188 :rterno
3196 1132 3501 1187 crucientur

1930 1235 2156 1290 corpora
2177 1221 2573 1286 damnatorum,
2600 1223 2688 1291 qui
2721 1222 2845 1277 fecit
2888 1224 3140 1278 mundum
3178 1223 3230 1277 in
3253 1223 3412 1285 coelo,
3447 1223 3499 1276 in

1931 1319 2095 1377 terra,
2134 1311 2188 1366 in
2234 1326 2381 1382 aere,
2424 1313 2476 1366 in
2514 1313 2670 1382 aquis
2717 1315 3195 1368 innumerabilibus
3231 1313 3501 1368 miraculis

1932 1404 2168 1475 plenum,
2201 1421 2324 1460 cum
2359 1405 2430 1459 sit
2453 1406 2702 1459 omnibus
2743 1407 2937 1474 quibus
2973 1408 3160 1476 plenus
3188 1415 3272 1461 est
3303 1405 3505 1474 procul.

1933 1495 2098 1551 dubio
2125 1497 2293 1566 majus
2319 1506 2372 1551 et
2393 1497 2853 1568 excellentius95
2871 1499 3104 1552 mundus
3131 1497 3245 1566 ipse
3272 1499 3504 1552 miracu-

1935 1590 2082 1644 lum?
2112 1589 2218 1643 Sed
2249 1589 2337 1643 isti
2373 1604 2493 1643 cum
2525 1590 2716 1658 quibus
2746 1591 2830 1645 vel
2877 1600 3060 1645 contra
3091 1605 3226 1660 quos
3273 1592 3502 1658 agimus,

1936 1682 2025 1752 qui
2054 1691 2108 1736 et
2139 1681 2421 1736 Dominum
2447 1695 2567 1737 esse
2591 1682 2815 1737 credunt
2841 1697 2871 1736 a
2896 1697 3002 1752 quo
3034 1683 3201 1738 factus
3241 1691 3324 1737 est
3352 1697 3506 1735 mun-

1937 1771 2059 1838 dus,
2083 1781 2137 1826 et
2165 1772 2296 1826 deos
2323 1771 2393 1826 ab
2421 1771 2516 1826 illo
2543 1771 2733 1840 factos,
2765 1787 2859 1841 per
2887 1788 3022 1841 quos
3051 1773 3120 1828 ab
3160 1773 3253 1828 illo
3282 1771 3508 1828 adminio

267 1856 418 1910 dolor
437 1858 527 1926 qui
556 1857 750 1912 dicitur
798 1859 1040 1928 corporis
1071 1859 1240 1928 magis
1284 1857 1350 1912 ad
1395 1857 1626 1911 animam
1667 1856 1834 1925 perti-
1867 1840 1912 1901 Β
1941 1873 2143 1921 stratnr
2181 1863 2644 1938 [administrantur
2687 1840 2794 1934 hic]
2842 1840 3095 1930 mundus,
3139 1875 3192 1920 et
3222 1865 3508 1920 miraculo—

266 1957 374 2012 nct,
405 1950 597 2003 animae
645 1959 730 2004 est
780 1951 922 2006 enim
973 1950 1156 2006 dolere
1210 1965 1314 2005 non
1372 1949 1633 2018 corporis,
1673 1949 1834 2004 etiam

267 2041 476 2110 quando
504 2042 550 2096 ei
576 2041 787 2095 dolendi
814 2057 974 2096 causa
1005 2041 1186 2097 existit
1210 2057 1240 2096 a
1264 2055 1512 2110 corpore,
1541 2055 1660 2095 cum
1692 2041 1745 2093 in
1771 2055 1837 2093 eo

267 2132 384 2188 loco
410 2133 556 2188 dolet
602 2133 690 2189 ubi
721 2133 937 2189 laeditur
988 2148 1204 2203 corpus.
1251 2135 1400 2188 Sicut
1443 2147 1570 2201 ergo
1610 2132 1838 2187 dicimus

265 2240 487 2294 corpora
511 2227 815 2292 sentientia,
839 2235 895 2283 et
914 2241 1144 2298 corpora
1166 2226 1418 2290 viventia,
1445 2240 1564 2279 cum
1581 2224 1648 2278 ab
1663 2225 1839 2278 anima

265 2319 335 2374 sit
360 2319 573 2387 corpori
596 2333 784 2373 sensus
807 2327 861 2373 et
887 2320 1015 2386 vita,
1049 2319 1121 2372 ita
1149 2332 1373 2384 corpora
1400 2315 1630 2371 dicimus
1653 2324 1709 2369 et
1738 2315 1839 2369 do-

267 2411 431 2466 lentia
473 2427 596 2465 cum
627 2412 778 2466 dolor
823 2412 1037 2480 corpori
1082 2411 1186 2466 nisi
1215 2411 1281 2464 ab
1333 2409 1513 2463 anima
1564 2421 1687 2463 esse
1734 2421 1841 2461 non

267 2505 460 2575 possit.
491 2505 642 2558 Dolet
663 2506 838 2573 itaque
862 2507 1039 2558 anima
1062 2518 1183 2559 cum
1207 2517 1436 2572 corpore
1462 2502 1515 2556 in
1541 2502 1615 2574 [in
1639 2516 1704 2555 eo
1726 2502 1844 2556 loco

199 2633 203 2640 ν
267 2592 406 2665 ejus]
437 2609 504 2650 eo
535 2595 674 2662 loco,
705 2595 791 2649 ubi
834 2595 1030 2666 aliquid
1063 2595 1323 2664 contingit
1353 2602 1410 2647 ut
1448 2593 1658 2658 doleat;
1703 2591 1845 2647 dolet

267 2693 322 2741 et
356 2686 471 2740 sola
517 2686 758 2755 quamvis
803 2686 875 2741 sit
927 2686 979 2740 in
1035 2700 1264 2756 corpore
1315 2700 1433 2739 cum
1465 2683 1639 2751 aliqua
1687 2696 1846 2737 causa

271 2777 436 2831 etiam
482 2777 732 2832 invisibili
782 2777 952 2831 tristis
989 2778 1140 2847 ipsa,
1187 2791 1412 2846 corpore
1446 2776 1696 2830 incolumi
1740 2783 1842 2837 est,

277 2868 434 2925 Dolet
473 2869 630 2924 etiam
663 2883 770 2924 non
797 2869 848 2922 in
889 2883 1114 2937 corpore
1142 2870 1468 2923 constituta:
1504 2882 1622 2919 nam
1663 2866 1847 2935 utique

278 2960 490 3016 dolebat
518 2960 668 3014 dives
697 2959 786 3014 ille
806 2959 944 3029 apud
964 2959 1184 3026 inferos,
1208 2957 1421 3029 quando
1437 2957 1686 3021 dicebat,
1709 2955 1844 3010 Cru-

273 3052 387 3108 cior
412 3051 466 3105 in
510 3050 610 3105 hac
635 3049 871 3104 ﬂamma.
904 3049 1108 3120 Corpus
1133 3061 1310 3104 autem
1343 3062 1442 3104 nec
1471 3048 1718 3103 exanime
1747 3049 1845 3101 do-

273 3142 369 3207 let,
401 3156 500 3196 nec
543 3142 834 3196 animatum
865 3141 983 3196 sine
1018 3143 1194 3195 anima
1238 3140 1403 3195 dolet.
1432 3140 1489 3195 Si
1533 3154 1661 3210 ergo
1691 3154 1720 3192 a
1751 3138 1838 3192 do-

1939 1973 2056 2011 rum
2107 1955 2424 2019 effectrices,
2456 1956 2576 2010 sive
2622 1964 3064 2025 spontaneorum,
3114 1955 3228 2010 sive
3271 1957 3416 2010 cultu
3454 1963 3509 2010 et

1938 2047 2046 2103 ritu
2089 2047 2328 2117 quolibet
2376 2047 2782 2117 imperatorum,
2817 2047 2930 2100 sive
2969 2047 3131 2102 etiam
3180 2046 3508 2114 magicorum

1939 2139 2238 2194 mundanas
2261 2139 2348 2193 vel
2374 2154 2479 2192 non
2509 2147 2727 2208 negant,
2761 2137 2846 2193 vel
2875 2139 3092 2206 insuper
3136 2147 3191 2192 et
3221 2136 3514 2205 pradicant

1942 2239 2257 2300 potestates,
2287 2230 2504 2299 quando
2535 2230 2614 2284 eis
2646 2244 2825 2283 rerum
2857 2230 2960 2282 vim
2989 2228 3286 2284 mirabilem
3317 2243 3512 2296 propo-

1942 2322 2120 2375 nimus
2161 2321 2383 2374 aliarum
2406 2361 2423 2388 ,
2453 2334 2572 2390 quae
2603 2334 2702 2374 nec
2746 2318 2995 2373 animalia
3038 2327 3163 2374 sunt
3204 2319 3476 2374 rationalia
3499 2359 3515 2383 ,

1943 2427 2043 2468 nec
2069 2412 2177 2466 ulla
2205 2413 2413 2466 ratione
2440 2411 2648 2481 praediti
2688 2409 2930 2480 spiritus,
2952 2411 3090 2465 sicut
3125 2419 3249 2464 sunt
3287 2424 3351 2464 ea
3377 2424 3514 2479 quo-

1943 2519 2062 2558 rum
2098 2517 2264 2571 pauca
2290 2503 2848 2567 commemoravimus,
2874 2499 3202 2570 respondere
3239 2499 3473 2554 assolent
3500 2513 3517 2552 :

1946 2595 2040 2650 Vis
2067 2603 2149 2650 est
2181 2597 2285 2650 ista
2334 2605 2559 2660 naturae,
2608 2602 2793 2647 natura
2827 2607 3012 2647 eorum
3057 2594 3136 2646 sic
3183 2605 3302 2646 sese
3337 2589 3516 2654 habet,

1947 2691 2282 2760 prepriarum
2317 2689 2434 2743 istae
2467 2697 2591 2743 sunt
2617 2686 2873 2742 efﬁcaciae
2903 2695 3236 2740 naturarum.
3268 2683 3400 2738 Tota
3426 2683 3520 2737 ita-

1946 2795 2050 2849 que
2099 2780 2235 2834 ratio
2291 2787 2406 2844 est,
2463 2794 2557 2833 cur
2624 2777 3028 2847 Agrigentinum
3089 2777 3254 2832 salem
3310 2775 3524 2830 ﬂamma

1945 2871 2113 2929 ﬂuere
2155 2872 2331 2935 faciat,
2378 2887 2513 2942 aqua
2554 2873 2846 2942 crepitare,
2895 2871 3020 2940 quia
3050 2869 3164 2924 haec
3216 2875 3298 2924 est
3338 2875 3524 2922 natura

1948 2967 2087 3037 ejus.
2119 2967 2188 3020 At
2217 2967 2318 3020 hoc
2349 2980 2471 3020 esse
2495 2965 2671 3035 potius
2701 2972 2887 3019 contra
2912 2971 3152 3018 naturam
3183 2961 3387 3016 videtur
3409 2973 3528 3029 qua:

1949 3071 2055 3111 non
2098 3056 2229 3125 igni,
2260 3055 2356 3110 sed
2403 3069 2556 3125 aquae
2600 3053 2748 3109 dedit
2792 3056 2959 3108 salem
3003 3052 3231 3117 solvere,
3265 3059 3528 3105 terrorem

1955 3146 2210 3221 [torrere]
2242 3156 2419 3202 autem
2451 3147 2582 3217 igni,
2617 3160 2722 3200 non
2749 3159 2920 3214 aquae.
2972 3143 3078 3199 Sed
3107 3142 3229 3206 ista,
3263 3140 3529 3210 inquiunt,

276 3235 394 3292 lore
431 3243 803 3305 argumentum
849 3243 995 3290 recte
1045 3242 1345 3289 sumeretur
1383 3231 1450 3286 ad
1497 3243 1749 3297 mortem,
1793 3238 1852 3286 ut

1960 3201 2018 3221 ιη
2068 3201 2116 3202 η
2170 3201 2210 3219 ν,
2287 3201 2290 3202 ν
2472 3201 2501 3217 υ
2568 3201 2581 3211 .
2799 3201 2814 3214 .
3216 3201 3225 3206 .
3338 3201 3352 3210 .
3516 3201 3524 3204 _

1960 3245 2089 3299 salis
2121 3243 2276 3311 hujus
2308 3241 2565 3297 naturalis
2593 3250 2675 3294 est
2702 3240 2802 3304 vis,
2852 3246 2909 3292 ut
2935 3237 3019 3292 bis
3063 3235 3331 3290 contraria
3363 3233 3532 3301 patia-

277 3325 402 3382 ideo
424 3339 568 3380 mors
591 3326 754 3395 possit
775 3326 1041 3392 accidere,
1064 3325 1185 3394 quia
1217 3325 1386 3394 potuit
1407 3322 1654 3378 accidere
1682 3330 1736 3376 et
1761 3321 1859 3375 do-

279 3418 388 3485 lor,
422 3419 586 3487 magis
607 3417 673 3470 ad
704 3417 934 3471 animam
966 3418 1257 3485 pertineret
1286 3415 1422 3470 mori
1453 3414 1520 3468 ad
1551 3429 1706 3482 quam
1738 3428 1857 3467 ma-

283 3508 366 3577 gis
389 3508 620 3578 pertinet
649 3514 705 3562 et
732 3508 950 3572 dolere;
976 3521 1097 3560 cum
1131 3521 1258 3561 vero
1288 3506 1377 3560 illa
1419 3519 1539 3573 qua:
1569 3507 1738 3572 magis
1765 3503 1862 3557 do-

282 3601 400 3656 lere
427 3609 600 3670 potest
640 3615 745 3654 non
788 3600 956 3669 possit
985 3600 1144 3666 mori,
1176 3597 1302 3668 quid
1347 3599 1602 3652 momenti
1641 3594 1860 3667 [aufert]

280 3693 460 3759 aﬂ‘ert,
492 3707 584 3747 cur
616 3692 705 3747 illa
733 3706 980 3762 corpora,
1015 3692 1264 3760 quoniam
1293 3688 1472 3745 futura
1502 3691 1552 3744 in
1584 3690 1860 3744 doloribus

282 3797 431 3850 sunt,
461 3782 582 3838 ideo
607 3783 768 3839 etiam
800 3782 1057 3836 moritura
1101 3796 1220 3836 esse
1258 3780 1575 3836 credamus?
1606 3780 1864 3834 Dixerunt

283 3874 501 3945 quidem
523 3875 821 3929 Platonici:
848 3874 926 3928 Ex
973 3875 1203 3929 terrenis
1229 3874 1544 3944 corporibus
1583 3874 1862 3928 moribun-

290 3967 480 4033 disque
509 3966 786 4032 membris,
831 3979 951 4020 esse
981 3967 1175 4021 anima:
1220 3975 1275 4021 et
1303 3975 1542 4021 metuere
1564 3974 1620 4019 et
1641 3981 1864 4033 cupere,

291 4063 351 4111 et
379 4053 563 4108 dolere
592 4064 752 4124 atque
794 4054 1046 4123 gaudere.
1086 4055 1236 4109 Unde
1272 4055 1560 4124 Virgilius:
1591 4054 1747 4116 Hinc,
1780 4054 1866 4107 in-

296 4150 433 4220 quit,
463 4148 513 4203 id
536 4157 618 4204 est
644 4162 709 4203 ex
731 4148 1064 4203 moribundis
1086 4148 1286 4202 terreni
1315 4145 1557 4214 corporis
1590 4145 1866 4211 membris,

297 4252 547 4302 metuunt
592 4243 938 4313 cupiuntque,
985 4242 1296 4309 delentque,
1343 4240 1704 4311 gaudentque.
1765 4237 1870 4292 Sed

292 4340 630 4397 muvicimus
657 4353 751 4395 eos
779 4339 829 4394 in
859 4346 1050 4408 quarto
1077 4335 1284 4391 decimo
1319 4335 1478 4405 hujus
1503 4333 1684 4403 operis
1709 4331 1868 4397 libro,

294 4433 499 4491 habere
520 4433 723 4487 animas
764 4429 1058 4485 secundum
1106 4429 1252 4498 ipsos
1283 4427 1351 4482 ab
1381 4427 1529 4481 omni
1557 4427 1717 4479 etiam
1747 4438 1870 4478 cor-

295 4523 445 4595 poris
475 4522 592 4576 labe
631 4530 877 4591 purgatas
903 4518 1074 4573 diram
1126 4517 1491 4587 cupiditatem,
1538 4531 1640 4586 qua
1685 4529 1871 4569 rursus

1960 3345 2064 3390 tur.
2097 3336 2222 3389 Haec
2251 3334 2416 3402 igitur
2447 3334 2585 3387 ratio
2611 3331 2871 3394 redditur,
2906 3339 2958 3382 et
2985 3328 3052 3382 de
3079 3328 3167 3381 illo
3194 3326 3341 3380 fonte
3368 3323 3536 3379 Gara-

1960 3426 2212 3488 mantice,
2255 3424 2348 3478 ubi
2393 3438 2498 3476 una
2528 3436 2663 3475 vena
2694 3420 2852 3488 lriget
2881 3418 3090 3483 diebus,
3141 3416 3386 3471 noctibus
3431 3413 3535 3466 fer-

1963 3526 2072 3577 vet,
2104 3515 2155 3567 vi
2182 3522 2406 3581 utraque
2452 3511 2678 3565 molesta
2715 3508 3073 3577 tangentibus.
3115 3506 3240 3560 llaec
3268 3515 3321 3560 et
3351 3503 3416 3558 de
3446 3502 3537 3556 illo

1963 3607 2070 3662 alio
2099 3607 2188 3676 qui
2218 3621 2339 3660 cum
2379 3606 2451 3659 sit
2499 3601 2959 3658 contrectantibus
3005 3600 3247 3670 frigidus,
3281 3604 3337 3652 et
3367 3594 3536 3650 facem

1965 3697 2108 3753 sicut
2136 3695 2226 3750 alii
2267 3694 2443 3750 fontes
2487 3694 2792 3764 exstinguat
2845 3706 3157 3756 accensam;
3209 3686 3539 3744 dissimiliter

1968 3802 2147 3848 tamen
2177 3798 2338 3860 atque
2377 3788 2692 3845 mirabiliter
2716 3787 2854 3844 idem
2899 3789 3015 3855 ipse
3059 3783 3305 3840 accendit
3332 3779 3539 3837 exstin-

1967 3892 2128 3938 ctam.
2164 3882 2286 3936 Haac
2312 3888 2366 3936 et
2392 3882 2459 3935 de
2485 3880 2661 3949 lapide
2691 3881 2927 3944 asbesto,
2959 3879 3049 3946 qui
3075 3893 3195 3932 cum
3225 3876 3400 3943 ignem
3425 3873 3541 3925 nul-

1969 3977 2080 4030 lum
2137 3975 2328 4029 habeat
2378 3975 2694 4042 preprium,
2750 3981 2973 4037 accepto
3022 3981 3194 4022 tamen
3252 3967 3331 4019 sic
3392 3966 3542 4020 ardet

1970 4065 2168 4128 alieno,
2202 4073 2258 4115 ut
2289 4076 2393 4115 non
2425 4063 2589 4130 possit
2619 4060 2901 4126 exstingui.
2937 4059 3061 4112 Haec
3095 4058 3161 4111 de
3187 4055 3398 4111 castoris
3425 4069 3543 4123 qua:

1973 4155 2119 4224 piget
2147 4160 2423 4216 retexere,
2458 4152 2650 4221 quibus
2690 4151 2818 4207 licet
2847 4151 2926 4205 vis
2974 4149 3188 4204 insolita
3229 4154 3415 4201 contra
3456 4159 3546 4197 na-

1975 4255 2148 4301 turam
2181 4245 2361 4299 inesse
2389 4243 2667 4310 videatur;
2699 4242 2802 4298 alia
2834 4252 3012 4298 tamen
3053 4241 3118 4295 de
3143 4238 3250 4294 illis
3279 4251 3387 4292 non
3425 4234 3546 4290 red-

1975 4336 2122 4390 ditur
2165 4337 2321 4401 ratio,
2373 4334 2476 4388 nisi
2529 4343 2584 4388 ut
2612 4333 2822 4388 dicatur
2848 4333 2985 4388 hanc
3008 4345 3194 4386 eorum
3234 4342 3354 4383 esse
3384 4335 3546 4381 natu-

1977 4441 2110 4481 ram.
2141 4426 2329 4482 Brevis
2359 4441 2489 4481 sane
2515 4427 2614 4480 ista
2644 4434 2728 4481 est
2755 4425 2912 4493 ratio,
2946 4422 3140 4488 fateor,
3171 4419 3550 4486 sufficiensque

1980 4519 2286 4588 responsio.
2319 4517 2424 4573 Sed
2453 4532 2573 4572 cum
2607 4517 2744 4572 Deus
2772 4525 2959 4572 auctor
2985 4515 3056 4569 sit
3094 4521 3402 4568 naturarum
3432 4521 3550 4562 οων

293 4581 563 4685 incipiunt
583 4615 636 4668 iu
678 4626 900 4682 corpora
931 4611 1072 4665 velle
1096 4608 1319 4664 reverti.
1353 4607 1456 4664 Ubi
1487 4618 1664 4661 autem
1694 4613 1872 4674 potest
1896 4581 1952 4644 Β
1979 4611 2150 4676 nium,
2177 4623 2273 4664 cur
2302 4609 2492 4663 nolunt
2515 4605 2747 4679 [volunt]
2772 4604 3048 4660 fortiorem
3073 4616 3171 4657 nos
3209 4601 3438 4656 reddere
3467 4611 3553 4651 ra-

297 4724 423 4766 esse
464 4707 749 4777 cupiditas,
798 4703 1039 4773 profecto
1083 4702 1245 4757 etiam
1295 4701 1448 4755 dolor
1492 4707 1686 4768 potest.
1739 4697 1874 4753 Fru-

298 4809 472 4858 strata
510 4800 704 4868 quippe
750 4795 1012 4864 cupiditas
1060 4793 1172 4846 sive
1212 4806 1321 4845 non
1365 4789 1727 4859 perveniendo
1767 4805 1874 4857 quo

298 4894 574 4958 tendebat,
603 4892 717 4946 sive
746 4887 1039 4943 amittendo
1066 4900 1172 4956 quo
1207 4894 1528 4953 pervenerat
1564 4883 1789 4938 vertitur
1821 4882 1873 4936 in

295 4986 567 5042 dolorem.
621 4983 955 5050 Quapropter
1005 4979 1049 5032 si
1100 4976 1278 5030 anima
1335 4989 1454 5042 qua:
1502 4975 1581 5028 vel
1631 4973 1743 5028 sola
1789 4973 1876 5028 vel

298 5078 537 5136 maxime
561 5075 729 5140 dolet,
760 5073 918 5126 habet
940 5080 1118 5124 tamen
1149 5065 1431 5136 quamdam
1465 5081 1561 5134 pro
1588 5080 1686 5119 suo
1715 5063 1875 5117 modo

295 5168 759 5225 immortalitatem
802 5179 974 5228 suam,
1018 5177 1121 5215 non
1165 5161 1284 5214 ideo
1326 5159 1464 5213 mori
1510 5166 1762 5226 poterunt
1788 5156 1877 5210 illa

293 5274 548 5328 corpora,
600 5257 722 5326 quia
774 5254 1046 5309 dolebunt.
1098 5251 1378 5306 Postremo
1421 5249 1467 5301 si
1515 5261 1741 5315 corpora
1796 5245 1877 5299 fa-

294 5352 456 5408 ciunt
497 5359 554 5404 ut
596 5349 787 5402 animae
833 5345 1066 5410 doleant,
1098 5357 1193 5397 cur
1241 5341 1318 5395 eis
1347 5340 1587 5395 dolorem
1632 5343 1876 5406 possunt,

298 5451 538 5498 mortem
569 5451 697 5492 vero
723 5435 918 5490 inferre
946 5449 1051 5488 non
1084 5441 1326 5502 possunt,
1373 5431 1476 5485 nisi
1508 5430 1631 5497 quia
1661 5442 1767 5481 non
1793 5434 1876 5481 est

300 5543 644 5599 consequens
690 5533 750 5580 ut
778 5533 1001 5578 mortem
1048 5522 1206 5578 faciat
1252 5521 1396 5591 quod
1443 5520 1684 5574 dolorem
1716 5518 1870 5573 facit.

303 5627 421 5682 Cur
462 5637 590 5691 ergo
641 5616 953 5674 incredibile
996 5622 1081 5670 est
1109 5617 1178 5669 ita
1227 5616 1374 5685 ignes
1419 5614 1523 5669 illis
1567 5611 1881 5678 corporibus

302 5716 555 5772 dolorem
595 5725 754 5781 posse
778 5708 994 5773 inferre,
1041 5721 1145 5761 non
1177 5717 1426 5773 mortem,
1460 5706 1597 5760 sicut
1621 5703 1735 5775 ipsa
1763 5720 1882 5760 eor-

284 5823 448 5880 ,pora
480 5804 665 5863 dolere
713 5801 917 5859 animas
963 5799 1186 5868 faciunt,
1229 5811 1360 5869 quas
1400 5805 1581 5856 tamen
1622 5812 1732 5859 non
1761 5795 1882 5855 ideo

1976 4703 2199 4766 tionem,
2233 4701 2448 4771 quando
2470 4700 2668 4769 aliquid
2691 4698 2837 4753 velut
2864 4695 3191 4765 impossibile
3216 4693 3404 4771 nolunt
3434 4703 3552 4744 cre-

1976 4793 2127 4858 dere,
2176 4791 2362 4860 eisque
2409 4789 2764 4844 redditionem
2815 4787 3035 4841 rationis
3081 4783 3424 4856 poscentibus
3458 4793 3550 4832 re-

1979 4884 2346 4954 spondemus,
2409 4882 2548 4934 hanc
2604 4895 2724 4934 esse
2782 4880 3109 4934 voluntatem
3162 4868 3552 4939 Omnipotentis

1979 4975 2116 5039 Dei;
2151 4973 2240 5042 qui
2285 4979 2434 5026 certe
2484 4985 2589 5025 non
2634 4972 2702 5025 ob
2731 4971 2876 5025 aliud
2921 4978 3142 5024 vocatur
3177 4964 3553 5031 Omnipotens,

1973 5064 2086 5118 nisi
2123 5063 2372 5132 quoniam
2401 5060 2656 5130 quidquid
2696 5063 2806 5114 vult
2835 5069 3029 5131 potest,
3053 5058 3142 5128 qui
3171 5054 3342 5122 potuit
3371 5063 3556 5104 creare

1985 5163 2093 5208 tam
2126 5154 2312 5216 multa,
2358 5167 2478 5221 quae
2528 5151 2628 5205 nisi
2657 5151 2723 5221 [si
2763 5151 2891 5221 non]
2932 5146 3360 5206 ostenderentur,
3403 5146 3496 5193 aut
3525 5153 3555 5192 a

1985 5243 2268 5300 credendis
2295 5242 2558 5312 hodieque
2586 5242 2888 5297 dicerentur
2914 5238 3158 5299 testibus,
3193 5233 3433 5304 profecto
3453 5230 3558 5285 im-

1986 5333 2262 5404 possibilia
2313 5342 2657 5402 putarentur,
2701 5347 2805 5386 non
2855 5329 3026 5384 solum
3056 5341 3177 5396 quae
3223 5321 3554 5395 ignotissima

1989 5425 2127 5494 apud
2159 5440 2278 5490 nos,
2314 5440 2500 5480 verum
2531 5425 2690 5479 etiam
2737 5437 2856 5493 qua:
2884 5419 3165 5474 notissima
3196 5416 3350 5486 posui
3379 5432 3392 5466 :
3419 5414 3560 5466 sicut

1984 5517 2052 5572 de
2075 5517 2222 5570 calce
2253 5516 2393 5584 quod
2422 5516 2592 5572 fervet
2630 5517 2682 5570 in
2715 5529 2870 5583 aqua,
2900 5512 3029 5568 etin
3078 5511 3196 5566 oleo
3227 5507 3413 5578 frigida
3444 5516 3523 5561 est
3545 5548 3557 5569 ,

1985 5608 2053 5664 de
2083 5619 2330 5678 magnete
2379 5607 2556 5675 lapide
2606 5606 2746 5676 quod
2796 5605 2975 5660 nescio
3005 5618 3107 5672 qua
3148 5600 3444 5657 sorbitione
3484 5599 3562 5650 in-

1985 5698 2248 5765 sensibili,
2280 5697 2528 5767 stipulam
2556 5711 2660 5751 non
2705 5703 2914 5750 moveat
2940 5703 2993 5750 et
3024 5694 3221 5748 ferrum
3252 5689 3463 5760 rapiat;
3494 5686 3560 5740 de

1986 5806 2150 5852 carne
2199 5805 2307 5851 non
2353 5797 2691 5862 putrescente
2729 5789 2973 5860 pavonis,
3023 5800 3144 5843 cum
3196 5781 3461 5855 putruerit
3506 5787 3564 5840 et
