3968 6390
432 415 539 485 78'!
1530 394 1599 455 D.
1639 386 1963 455 EUG‘PPII
1996 384 2068 445 ΔΙ

2173 384 2289 445 tris
2325 381 2650 443 AFRICANI
2708 360 2711 361 ί
3626 380 3726 438 188

435 547 564 597 caro
595 529 871 599 Platonis;
892 528 963 588 de
992 527 1145 599 palea
1189 522 1269 587 sic
1295 518 1529 590 frigente
1568 522 1628 573 ut
1655 510 1922 569 ﬂuesoere
1950 504 2027 565 ni-
2050 506 2109 571 Δ
2130 508 2176 562 si
2207 506 2397 595 alienae
2439 502 2654 562 femine
2681 499 2925 557 osculum
2968 499 3192 557 infixum
3229 499 3457 554 rationis
3502 501 3579 555 sit
3606 513 3724 557 ver-

435 593 559 679 vem
600 593 712 678 non
763 593 931 686 sinat,
975 593 1054 672 sic
1098 613 1307 670 calente
1355 616 1414 669 ut
1462 612 1833 669 maturescere
1872 611 2033 670 poma
2138 600 2268 655 bere
2294 594 2596 663 vindicare,
2628 609 2810 651 nonne
2849 594 2940 662 qui
2971 593 3102 648 illud
3133 601 3331 663 puncto
3362 594 3637 663 temporis
3658 594 3725 650 fe-

444 720 779 791 compellat;
818 717 885 771 de
929 715 1051 784 igne
1090 708 1295 783 fulgido
1344 704 1487 777 quod
1533 698 1830 757 secundum
1876 708 2032 750 suum
2139 694 2298 759 cerit,
2330 690 2735 765 incomparabili
2769 689 3027 745 horarum
3072 686 3245 756 spatio
3281 685 3633 753 verberatur,
3676 693 3726 742 et

443 812 709 884 fulgorem
734 808 935 878 lapides
962 800 1244 874 coquendo
1267 796 1571 860 candiﬁcet,
1597 803 1653 850 et
1679 800 1865 847 contra
1885 803 2036 851 eum,

444 877 569 963 dem
603 917 757 965 suum
792 877 1085 968 fulgorem.
1119 890 1325 953 urendo
1371 886 1605 959 plurima
1633 882 1882 945 oliuscst.
1904 877 2035 937 Tale

451 1004 535 1051 est
562 991 703 1064 quod
726 1000 780 1045 et
802 988 967 1060 nigrae
994 985 1222 1041 maculae
1248 980 1595 1038 odenduntur
1620 992 1685 1034 ex
1709 976 1829 1031 oleo
1849 972 2034 1044 splen-

447 1087 596 1150 dido,
639 1085 886 1145 similiter
912 1082 1079 1155 nigrm
1104 1079 1263 1141 lineae
1289 1075 1359 1137 de.
1389 1071 1619 1131 candido
1657 1068 2040 1140 imprimuntur

448 1187 704 1249 argento;
738 1175 805 1237 de
831 1173 1157 1235 carbonibus
1187 1173 1346 1227 etiam
1377 1165 1518 1238 quod
1558 1162 1890 1221 accendente
1916 1160 2042 1229 igne

450 1273 529 1328 sic
555 1279 837 1329 vertantur
867 1267 920 1329 in
964 1264 1317 1330 contrarium,
1357 1269 1415 1323 ut
1444 1259 1513 1319 de
1543 1258 1701 1328 lignis
1738 1252 2044 1326 pulcherri-

459 1362 563 1418 mis
592 1361 737 1424 tetri,
769 1358 984 1429 fragiles
1025 1357 1094 1414 de
1123 1356 1295 1419 duris.
1334 1350 1690 1422 imputribiles
1719 1349 1785 1405 de
1813 1344 2041 1417 putribi-

451 1453 597 1511 libus
628 1454 779 1514 fiam.
811 1450 916 1511 Sed
948 1450 1069 1507 ideo
1092 1450 1255 1509 etiam
1282 1446 1397 1517 ipsa
1427 1443 1600 1516 posui,
1625 1439 1880 1513 quoniam
1901 1435 2044 1507 apud

460 1560 647 1603 eorum
677 1553 865 1607 contra
893 1555 1030 1617 quos
1057 1540 1263 1610 agimus
1300 1535 1589 1599 historicos
1615 1533 1742 1603 legi,
1772 1540 1831 1587 ut
1860 1538 2047 1589 oeten.

459 1637 649 1697 derem
686 1634 864 1705 qualia
902 1632 1073 1693 multa
1112 1629 1372 1701 multique
1398 1629 1631 1693 illorum,
1661 1626 1803 1683 nulla
1836 1622 2046 1679 reddita

459 1730 693 1793 ratione.
725 1728 780 1787 in
828 1740 1049 1787 suorum
1086 1724 1444 1781 litteratorum
1470 1721 1671 1790 scripta
1700 1717 1896 1779 litteris
1928 1729 2047 1775 cre-

463 1821 610 1883 dant.
642 1822 730 1893 qui
772 1817 930 1881 nobis
960 1815 1207 1881 credere,
1251 1813 1466 1884 quando
1490 1812 1541 1873 id
1562 1812 1704 1883 quod
1739 1825 1926 1867 eorum
1953 1823 2048 1865 ex-

2137 786 2377 843 snavitas
2402 782 2693 851 voluptatis
2722 781 2933 852 exigue
2960 778 3219 833 diuturno
3244 776 3439 832 dolore
3468 777 3724 846 punitur?

2139 876 2279 944 Quid
2326 877 2379 931 in
2412 872 2679 930 vinculis?
2711 870 2957 941 Nunquid
2988 867 3113 942 [ibi]
3143 868 3330 923 tandiu
3370 866 3613 938 quisque
3650 869 3727 938 ju-

2140 970 2402 1026 dicandus
2432 976 2515 1024 est
2544 979 2667 1021 esse
2694 963 2892 1020 debere
2918 960 3158 1034 quandiu
3186 960 3315 1016 fecit
3357 959 3513 1016 unde
3543 960 3726 1016 meruit

2142 1062 2371 1134 alligari,
2415 1074 2536 1115 cum
2563 1057 2861 1128 iustissime
2910 1069 3140 1109 annosus
3195 1066 3387 1123 pmnas
3436 1064 3633 1107 servus
3680 1052 3727 1109 in

2142 1151 2492 1223 compedibus
2532 1148 2762 1220 pendat,
2805 1146 2929 1217 qui,
2963 1145 3128 1201 verbo
3168 1151 3265 1198 aut
3290 1143 3402 1198 ictu
3450 1141 3727 1199 celerrime

2145 1251 2459 1303 transeunte
2490 1236 2880 1313 [transeunter]
2902 1237 2990 1293 vel
3020 1235 3295 1293 lacessivit
3320 1234 3626 1301 dominum,
3654 1234 3726 1288 vel

2144 1337 2414 1410 plagavit‘l
2440 1336 2560 1394 Jam
2591 1350 2719 1392 vero
2759 1334 3038 1397 damnum,
3086 1331 3404 1402 ignominia,
3463 1330 3722 1398 exsilium,

2096 1466 2107 1474 -
2149 1431 2405 1498 servitus,
2456 1444 2578 1485 cum
2612 1427 2931 1498 plerumque
2973 1426 3053 1482 sic
3100 1424 3439 1494 inﬂiguntur,
3494 1431 3554 1477 ut
3600 1423 3727 1479 nulla

2146 1522 2305 1578 venia
2336 1521 2673 1585 relaxentur,
2718 1531 2900 1573 nonne
2926 1531 3021 1585 pro
3051 1514 3212 1583 hujus
3237 1515 3365 1569 vitm
3396 1513 3568 1568 modo
3595 1512 3727 1568 simi-

2150 1614 2219 1671 lia
2253 1614 2426 1685 pmnis
2455 1612 2709 1668 videntur
2733 1610 2983 1665 aeternis?
3012 1608 3138 1663 ldeo
3166 1608 3368 1678 quippe
3387 1615 3592 1662 eterna
3620 1619 3727 1661 esse

2150 1719 2257 1761 non
2296 1711 2543 1775 possunt,
2591 1702 2716 1771 quia
2764 1715 2866 1756 nec
2909 1700 3025 1768 ipsa
3049 1700 3159 1754 vita
3189 1712 3314 1769 quae
3361 1697 3453 1752 his
3500 1697 3727 1767 plectitur

2151 1799 2442 1871 porrigitur
2472 1799 2527 1852 in
2558 1804 2845 1860 aeternum,
2875 1801 2931 1849 et.
2958 1802 3139 1848 tamen
3168 1800 3395 1863 peccata
3422 1805 3543 1862 quae
3570 1789 3725 1845 vindi-

467 1884 783 1984 perientiam
813 1924 1141 1981 sensumque
1173 1905 1585 1975 transgreditur,
1616 1902 2048 1970 Omnipotentem
2078 1899 2130 1963 Β
2155 1904 2345 1951 cantur
2380 1888 2680 1959 longissimi
2718 1887 2980 1957 temporis
3027 1886 3202 1955 pernis
3248 1884 3567 1940 brevissimo
3595 1891 3719 1937 tem-

471 2006 642 2065 Deum
693 2005 921 2063 dicimus
975 2016 1100 2057 esse
1164 2000 1465 2064 laetarum,
1532 2010 1632 2053 nec
1697 1995 1906 2053 reddita
1962 2009 2053 2052 ra-

467 2092 617 2153 tione
653 2090 961 2159 dignentur.
1006 2086 1140 2143 Nam
1169 2100 1289 2157 qua:
1332 2082 1526 2141 melior
1572 2088 1629 2136 et
1664 2080 1888 2137 validior
1917 2079 2054 2135 ratio

471 2186 540 2243 de
568 2186 727 2243 rebus
756 2184 955 2247 talibus
985 2182 1250 2249 redditur,
1276 2194 1435 2255 quam
1459 2192 1584 2233 cum
1610 2176 1963 2244 Omnipotens
1991 2186 2055 2231 ea

471 2294 630 2350 posse
680 2280 859 2337 facere
901 2276 1236 2350 perhibetur,
1282 2283 1337 2328 et
1382 2272 1618 2331 facturus
1672 2268 1888 2333 dicitur,
1936 2281 2057 2336 qua

472 2373 864 2444 prmnuntiasse
903 2370 976 2431 ibi
1006 2370 1222 2440 legitur,
1251 2366 1343 2423 ubi
1382 2366 1485 2423 alia
1535 2364 1700 2425 multa
1732 2362 2059 2431 praenuntia-

474 2467 567 2533 vit,
599 2482 720 2541 quae
747 2464 942 2523 fecisse
969 2461 1331 2523 monsrratur?
1360 2461 1480 2530 ipse
1499 2459 1699 2529 quippe
1728 2456 1909 2520 faciet,
1932 2454 2060 2524 quia

473 2572 533 2613 se
580 2557 847 2621 iacturum
889 2570 1012 2617 esse
1056 2554 1322 2625 praedixit,
1354 2551 1445 2622 qui
1494 2548 1853 2620 impossibilia
1893 2544 2060 2619 [esse]

456 2658 751 2725 putantur,
781 2649 870 2720 qui
900 2647 1149 2719 promisit
1178 2654 1232 2700 et
1250 2644 1393 2710 fecit,
1415 2650 1471 2697 ut
1509 2641 1579 2701 ab
1608 2639 1897 2699 incredulis
1926 2654 2061 2707 gen-

476 2740 619 2796 tibus
650 2738 988 2801 incredibilia
1015 2737 1388 2795 crederentur.
1417 2732 1476 2788 Si
1506 2742 1682 2789 autem
1711 2730 2060 2801 respondent,

479 2842 761 2902 propterea
809 2845 870 2895 se
898 2845 1004 2893 non
1034 2828 1260 2893 credere
1289 2840 1409 2896 quae
1450 2823 1521 2885 de
1572 2822 1819 2878 humanis
1849 2836 2064 2891 semper

477 2924 678 2989 arsuris
709 2940 810 2981 nec
839 2938 1114 2993 nunquam
1155 2915 1432 2983 morituris
1461 2918 1780 2987 corporibus
1810 2914 2060 2981 dicimus,

478 3019 602 3084 quia
636 3018 994 3075 humanorum
1025 3028 1311 3082 corporum
1350 3022 1596 3067 naturam
1628 3008 1878 3065 novimus
1911 3008 2066 3077 longe

482 3110 640 3165 aliter
667 3109 1003 3174 institutam;
1033 3106 1184 3167 unde
1226 3120 1326 3161 nec
1353 3103 1445 3162 illa
1470 3102 1608 3163 ratio
1636 3101 1761 3159 hinc
1786 3100 1938 3155 reddi
1970 3115 2067 3169 po-

482 3211 589 3258 test
617 3216 736 3270 quae
779 3200 847 3255 de
893 3200 1000 3259 illis
1030 3197 1241 3255 naturis
1266 3195 1602 3255 mirabilibus
1632 3195 1979 3260 reddebatur,
2008 3203 2067 3249 ut
2099 3189 2116 3243 '.

2159 2002 2289 2060 pore
2316 1993 2718 2056 perpetrantur.
2744 1980 2855 2036 Nec
2886 1981 3169 2050 quisquam
3194 1977 3408 2034 exstitit
3436 1976 3525 2047 qui
3553 1990 3721 2032 cense-

2160 2091 2264 2146 ret,
2319 2091 2427 2134 tam
2481 2078 2589 2133 cito
2634 2076 2946 2132 nocentium
3001 2073 3233 2128 finienda
3291 2085 3411 2127 esse
3456 2077 3715 2137 tormenta,

2161 2190 2321 2246 quam
2352 2173 2462 2228 cito
2494 2171 2693 2225 factum
2734 2177 2839 2236 est,
2890 2168 2976 2222 vel
3006 2165 3374 2229 homicidium,
3405 2163 3484 2217 vel
3529 2162 3715 2217 adulte-

2161 2267 2327 2331 rium,
2359 2266 2444 2319 vel
2490 2260 2854 2331 sacrilegium,
2904 2258 2994 2315 vel
3032 2256 3308 2329 quodlibet
3343 2254 3476 2308 aliud
3516 2253 3693 2318 scelus,

2161 2375 2268 2414 non
2291 2355 2547 2427 temporis
2572 2353 2927 2424 longitudine,
2954 2352 3049 2406 sed
3068 2348 3348 2419 impietatis
3366 2355 3416 2399 et
3433 2344 3700 2416 iniquitatis

2162 2449 2534 2520 magnitudine
2568 2445 2922 2502 metiendum.
2946 2442 3049 2511 Qui
3077 2456 3212 2499 vere
3237 2455 3331 2511 pro
3357 2440 3520 2508 aliquo
3544 2432 3713 2505 grandi

2163 2542 2397 2600 crimine
2427 2549 2599 2596 morte
2628 2539 2939 2603 mulctatur,
2970 2534 3217 2606 nunquid
3257 2548 3406 2590 mora
3432 2547 3529 2603 qua
3551 2530 3717 2585 occidi-

2165 2646 2269 2704 tur,
2302 2649 2422 2706 qnai
2448 2630 2722 2702 perbrevis
2750 2638 2854 2695 est,
2887 2628 3004 2698 ejus
3034 2626 3369 2697 supplicium
3414 2625 3551 2693 leges
3597 2621 3717 2678 testi-

2144 2716 2313 2784 'mant
2344 2726 2511 2798 [leges
2537 2724 2699 2778 breve
2746 2716 3103 2790 existimant],
3129 2726 3185 2774 et
3231 2732 3338 2772 non
3372 2716 3514 2787 quod
3541 2729 3643 2770 eu-u
3667 2713 3709 2766 in

2166 2820 2560 2890 sempiternum
2590 2814 2844 2869 auferunt
2870 2812 2937 2865 de
2965 2811 3224 2865 societate
3247 2808 3569 2863 viventium.
3595 2801 3704 2871 Quod

2167 2922 2251 2969 est
2270 2921 2451 2967 autem
2482 2909 2549 2963 de
2572 2910 2671 2962 ista
2700 2905 2931 2961 Civitate
2956 2903 3168 2959 mortali
3199 2903 3459 2957 homines
3501 2900 3693 2971 supplicio

2168 3008 2354 3075 prima:
2398 3001 2612 3066 mortis,
2648 3000 2751 3053 hoc
2798 3006 2904 3059 est,
2933 2997 3002 3053 de
3047 2996 3140 3052 illa
3182 2994 3427 3051 Civitate
3475 2990 3701 3049 immortali

2167 3099 2417 3155 homines
2466 3092 2734 3164 supplicio
2782 3090 3032 3146 secundae
3079 3088 3271 3143 mortis
3318 3086 3549 3142 auferre.
3600 3085 3711 3140 Sicut

2168 3193 2310 3249 enim
2350 3204 2457 3245 non
2496 3187 2741 3243 efﬁciunt
2777 3183 2923 3255 leges
2970 3182 3129 3252 hujus
3153 3181 3429 3247 Civitatis,
3461 3191 3517 3235 ut.
3551 3181 3598 3234 in
3624 3192 3717 3233 eam

483 3293 587 3349 dici
608 3292 799 3363 possit,
824 3291 917 3353 \‘is
940 3292 1045 3347 ista
1069 3290 1329 3347 naturalis
1348 3298 1454 3357 est,
1480 3289 1557 3345 rei
1578 3288 1735 3359 hujus
1760 3289 1857 3343 ista
1887 3296 2073 3344 natura
2099 3291 2145 3354 ο
2179 3286 2405 3356 quisque
2432 3288 2716 3337 revocetur
2746 3277 2988 3342 occisus;
3020 3276 3098 3331 sic
3138 3290 3239 3331 nec
3266 3274 3413 3330 illius
3453 3275 3588 3343 leges
3610 3272 3722 3325 Ciri-

485 3396 588 3453 est,
621 3387 873 3458 quoniam
903 3387 1103 3443 scimus
1134 3385 1380 3443 humanas
1411 3385 1592 3440 carnis
1625 3383 1783 3438 istam
1814 3396 1923 3436 non
1952 3397 2077 3437 esse

485 3490 775 3538 naturam:
811 3482 1071 3543 habemus
1114 3480 1327 3550 quidem
1375 3477 1501 3549 quid
1546 3474 1969 3545 respondeamus
2006 3473 2078 3529 de

486 3573 677 3633 litteris
708 3574 895 3641 sacris,
940 3576 1080 3633 hanc
1101 3571 1274 3641 ipsam
1297 3570 1509 3629 scilicet
1535 3566 1825 3627 humanam
1852 3578 2072 3619 carnem

490 3664 645 3721 aliter
674 3664 972 3725 institutam
991 3663 1155 3719 fuisse
1178 3672 1305 3721 ante
1329 3668 1631 3731 peccatum,
1666 3657 1718 3712 id
1745 3665 1831 3715 est
1860 3664 1919 3712 ut
1938 3670 2075 3712 nun-

490 3769 647 3823 quam
673 3764 852 3822 posset
884 3754 1091 3823 perpeti
1121 3761 1387 3816 mortcm;
1416 3750 1573 3805 aliter
1602 3758 1782 3803 autem
1810 3756 1931 3815 post
1954 3760 2079 3812 pec.

495 3852 672 3900 catum
695 3844 867 3911 qualis
895 3843 952 3899 in
977 3855 1219 3899 aerumna
1251 3839 1407 3907 ltujus
1439 3837 1785 3897 mortalitatis
1818 3836 2073 3902 innotuit,

501 3942 559 3990 ut
579 3942 853 4003 perpetem
876 3934 1041 3993 vitam
1070 3940 1255 3989 tenere
1284 3943 1391 3989 non
1422 3926 1611 3998 possit.
1652 3925 1742 3982 Sic
1771 3941 1900 3996 ergo
1928 3928 2083 3983 aliter

498 4040 656 4097 quam
682 4024 836 4087 nobis
856 4034 985 4083 nota
1005 4030 1090 4079 est
1108 4022 1418 4079 instituetur
1436 4020 1493 4081 in
1516 4019 1917 4081 resurrectione
1937 4035 2083 4074 mor-

498 4126 731 4181 tuorum.

1049 4183 1279 4249 CAPUT
1316 4181 1519 4241 CXLV.

496 4302 576 4357 An
590 4303 809 4373 justititc
840 4303 930 4367 ait,
968 4309 1025 4356 at
1052 4316 1155 4357 non
1197 4299 1298 4373 sint
1322 4297 1615 4373 extensio“
1662 4310 1930 4363 partarum
1958 4304 2084 4350 tent-

824 4387 975 4442 pora,
1011 4387 1166 4441 quam
1199 4370 1389 4442 fuerint
1416 4378 1757 4440 peccatorum.

568 4462 661 4519 Sic
685 4471 861 4523 autem
899 4462 1116 4532 quidam
1136 4476 1330 4516 eorum
1358 4472 1543 4515 contra
1575 4474 1713 4530 quos
1742 4458 2085 4515 defendimus

497 4554 783 4615 Civitatem
810 4554 905 4613 Dei
933 4552 1193 4625 injustum
1220 4557 1435 4623 putant,
1463 4566 1561 4621 pro
1591 4546 1826 4620 peccatis
1855 4553 2085 4623 quamli-

2180 3376 2307 3431 tatis
2354 3372 2668 3435 admittunt,
2715 3377 2774 3424 ut
2804 3368 2869 3423 ad
2917 3367 3036 3438 ejus
3064 3366 3182 3436 quis
3210 3365 3348 3421 ultra
3380 3365 3721 3421 beatitudinem

2178 3475 2463 3525 revocetur
2490 3473 2748 3520 aeternam
2799 3460 3034 3517 secunda
3081 3467 3255 3515 morte
3282 3460 3574 3518 damnatus.
3603 3458 3720 3522 Quo-

2180 3559 2339 3615 modo
2367 3572 2499 3627 ergo
2537 3570 2726 3612 verum
2778 3563 2881 3623 est,
2935 3552 3200 3621 inquiunt,
3234 3552 3375 3623 quod
3421 3552 3493 3606 ait
3518 3548 3726 3605 Christus

2190 3662 2369 3707 vester
2395 3667 2407 3705 :
2443 3649 2500 3703 in
2529 3663 2631 3719 qua
2662 3660 2922 3702 mensura
2952 3644 3122 3700 mensi
3151 3642 3361 3699 fueritis
3386 3644 3490 3714 96
3511 3638 3727 3695 remetie-

2184 3750 2270 3795 tur
2294 3740 2469 3805 vobis,
2504 3738 2553 3792 si
2595 3736 2895 3807 temporale
2941 3742 3220 3804 peccatum
3251 3732 3498 3803 supplicio
3534 3730 3728 3800 punitur

2184 3842 2385 3887 aeterno
2410 3832 2433 3885 9
2458 3846 2557 3886 nec
2579 3829 2881 3895 attendunt,
2909 3843 3015 3883 non
3041 3835 3263 3897 propter
3284 3825 3466 3895 :rquale
3491 3821 3718 3889 temporis

2185 3924 2438 3993 spatium,
2471 3923 2565 3977 sed
2597 3931 2816 3992 propter
2843 3919 3271 3975 vicissitudinem
3316 3916 3460 3981 mali,
3488 3913 3536 3968 id
3573 3918 3722 3967 estut

2185 4016 2275 4085 qui
2318 4016 2454 4069 mala
2508 4014 2727 4077 fecerit,
2789 4013 2925 4066 mala
2981 4002 3235 4081 patiatur,
3285 4008 3513 4065 eamdem
3556 4006 3735 4061 dictum

2185 4108 2353 4165 fuisse
2391 4122 2720 4173 mensuram,
2771 4105 3013 4178 quamvis
3064 4104 3165 4158 hoc
3216 4102 3269 4157 in
3341 4116 3402 4157 ea
3449 4115 3507 4155 re
3552 4096 3738 4169 proprie

2188 4200 2353 4269 possit
2380 4201 2571 4269 accipi,
2609 4199 2681 4253 de
2708 4213 2812 4268 qua
2846 4197 3127 4260 Dominus,
3160 4210 3281 4250 eum
3315 4193 3419 4249 hoc
3442 4192 3648 4256 diceret,
3674 4190 3740 4244 lo

2186 4293 2472 4362 quebatnr,
2520 4291 2572 4345 id
2621 4298 2707 4345 est
2749 4290 2816 4345 de
2850 4289 3069 4359 judiciis
3117 4296 3170 4342 et
3221 4283 3740 4342 condemnationihus.

2191 4384 2424 4439 Proinde
2448 4382 2539 4453 qui
2560 4381 2767 4452 judicat
2795 4389 2852 4436 et
2879 4380 3203 4435 condemnat
3227 4380 3454 4448 injuste,
3498 4379 3540 4433 si
3578 4375 3741 4446 judiu.

2189 4487 2275 4532 tur
2299 4486 2353 4532 et
2383 4475 2779 4531 condemnatur
2800 4473 2967 4544 juste,
2992 4472 3042 4526 in
3071 4471 3258 4527 eadem
3290 4485 3549 4525 mensura
3573 4466 3734 4536 recipit,

2189 4570 2432 4638 quamvis
2458 4580 2563 4621 non
2596 4566 2697 4619 hoc
2726 4564 2870 4634 quod
2897 4563 3058 4618 dedit
3084 4578 3098 4615 :
3119 4562 3324 4633 judicio
3346 4563 3503 4618 enim
3533 4560 3653 4624 fecit,
3671 4557 3730 4625 ja-

500 4648 593 4703 bet
645 4647 855 4721 magnis
914 4662 1079 4717 parvo
1143 4646 1355 4703 scilicet
1410 4653 1660 4712 tempore
1711 4647 2068 4716 perpetratis,

2185 4660 2325 4716 dicio
2352 4659 2571 4730 patitur,
2602 4658 2849 4727 quamvis
2877 4654 3072 4711 fecerit
3107 4655 3463 4711 damnatione
3496 4653 3631 4726 quod
3664 4648 3740 4706 ini-

499 4754 657 4811 poena
709 4740 989 4811 quisquam
1037 4741 1319 4797 damnetur
1366 4747 1591 4806 reterns,
1632 4740 1785 4809 quasi
1816 4740 1980 4795 ullius
2026 4740 2083 4801 id

500 4845 734 4905 unquam
758 4830 961 4901 iustitia
990 4832 1121 4902 legis
1149 4832 1409 4900 attendat,
1437 4840 1495 4889 ut
1518 4840 1664 4891 tanta
1698 4845 1848 4887 mora
1874 4840 2085 4902 tempo-

499 4926 575 4981 ris
613 4924 845 4996 quisque
889 4922 1161 4993 puniatur,
1211 4934 1410 4994 quanta
1441 4940 1591 4981 mora
1643 4924 1903 4993 temporis
1940 4925 2087 4983 unde

498 5018 781 5087 puniretur
818 5015 1053 5073 admisit.
1083 5015 1218 5072 Octo
1242 5030 1439 5087 genera
1465 5032 1743 5086 ptenarum
1784 5017 1837 5071 in
1878 5016 2085 5087 legibus

499 5125 621 5167 esse
664 5109 849 5167 scribit
877 5107 1104 5175 Tullius,
1139 5110 1416 5174 damnum,
1445 5108 1679 5175 vincula,
1710 5109 1960 5177 verbera,
1998 5118 2082 5166 ta-

500 5203 723 5270 lionem,
754 5200 1127 5273 ignominiam,
1156 5201 1429 5267 exsilium,
1455 5212 1709 5269 mortem,
1741 5203 2081 5261 servitutem.

500 5296 636 5364 Quid
664 5295 855 5351 horum
885 5303 990 5363 est,
1018 5293 1162 5364 quod
1192 5294 1247 5349 in
1276 5292 1439 5349 breve
1461 5302 1672 5363 tempus
1706 5308 1800 5364 pro
1824 5294 2090 5363 cujusque

498 5388 705 5459 peccati
729 5386 1009 5449 celeritate
1032 5394 1359 5453 coarctetur,
1393 5396 1451 5441 ut
1473 5395 1617 5443 tanta
1639 5386 1940 5442 vindicetur
1965 5402 2086 5441 mo—

501 5480 646 5546 ruta,
683 5486 882 5547 quanta
923 5478 1345 5548 deprehenditur
1372 5486 1771 5549 perpetratum,
1818 5479 1921 5533 nisi
1950 5478 2091 5536 forte

506 5571 667 5628 talio?
697 5571 751 5627 ld
772 5572 917 5633 enim
947 5572 1077 5641 agit,
1104 5581 1169 5627 ut
1200 5574 1302 5630 hoc
1332 5574 1562 5643 patiatur
1589 5573 1816 5643 quisque
1837 5574 1980 5644 quod
2008 5574 2089 5631 fe-

509 5670 601 5724 cit.
631 5664 785 5723 Unde
808 5666 938 5722 illud
969 5675 1053 5723 est
1082 5667 1235 5738 legis,
1265 5669 1493 5724 Oculum
1524 5682 1620 5738 pro
1663 5668 1841 5734 oculo,
1870 5671 2086 5725 dentem

509 5774 608 5829 pro
634 5760 817 5816 dente.
848 5759 990 5815 Fieri
1030 5762 1177 5815 enim
1210 5770 1385 5831 potest
1432 5769 1489 5815 ut
1519 5770 1625 5815 tam
1668 5758 1816 5815 brevi
1847 5770 2091 5829 tempore

510 5851 738 5922 quisque
767 5852 979 5909 amittat
1016 5853 1237 5908 oculum
1281 5855 1571 5908 severitate
1611 5852 1880 5921 vindictae,
1929 5870 2089 5925 quam

507 5941 632 6002 tulit
674 5943 791 6014 ipse
834 5944 992 6000 alteri
1031 5944 1376 6015 improbitate
1425 5947 1649 6019 peccati.
1699 5946 1864 6005 Porro
1910 5957 2089 6008 autem

2190 4768 2352 4825 quum
2380 4761 2483 4814 est,
2518 4751 2750 4821 patiatur
2770 4749 3117 4805 damnatione
3147 4748 3288 4819 quod
3316 4749 3535 4817 justum
3566 4758 3656 4803 est.

2755 4859 2984 4917 CAPUT
3014 4859 3237 4917 CXLVI.

2191 4954 2269 5011 De
2284 4955 2632 5028 magnitudine
2657 4950 3088 5028 prtevericationis
3106 4950 3323 5028 primat,
3343 4949 3405 5004 ob
3436 4958 3763 5028 quamtrterttl

2265 5020 2412 5095 pwnva
2452 5020 2683 5080 omnibus
2723 5024 3001 5095 debeatur,
3028 5024 3116 5095 qui
3140 5020 3559 5095 Asxtrtrgratt'am
3602 5020 3763 5090 fueris!

2266 5092 2659 5163 Saluatoris,“
2685 5096 2817 5151 libro
2838 5109 2929 5151 xxt
2958 5094 3020 5150 de
3042 5092 3256 5149 Civitate
3282 5092 3395 5148 Dei.

2261 5210 2366 5267 Sed
2398 5225 2551 5280 poena
2581 5219 2781 5264 aeterna
2809 5206 2928 5262 ideo
2955 5206 3088 5261 dura
3116 5215 3171 5260 et
3207 5204 3404 5276 injusta
3436 5205 3685 5261 sensibus
3707 5200 3772 5255 vi-

2190 5303 2345 5359 detur
2371 5300 2638 5368 humanis,
2681 5298 2804 5369 quia
2855 5297 2911 5351 in
2943 5296 3047 5351 hac
3093 5296 3404 5351 infirmitate
3454 5292 3775 5352 moribundo-
3822 5321 3834 5332 ο

2190 5408 2308 5450 rum
2350 5406 2603 5448 sensuum
2633 5392 2787 5446 deest
2814 5388 2910 5444 ille
2943 5402 3134 5444 sensus
3165 5388 3439 5443 altissima:
3473 5389 3781 5459 purissima.

2192 5498 2295 5556 que
2323 5485 2621 5553 sapientiae,
2668 5496 2773 5552 quo
2802 5478 2995 5536 sentiri
3025 5480 3212 5549 possit,
3245 5488 3511 5548 quantum
3548 5478 3697 5537 nefas
3740 5478 3783 5530 in

2217 5578 2286 5633 lla
2335 5578 2509 5647 prima
2555 5576 2998 5647 praevaricatione
3051 5574 3397 5629 commissum
3443 5575 3545 5631 sit.
3600 5576 3789 5643 Quanto

2194 5671 2336 5726 enim
2355 5671 2522 5740 magis
2556 5670 2717 5725 homo
2754 5670 3028 5725 fruebatur
3047 5668 3181 5731 Deo.
3214 5678 3360 5724 tanto
3380 5669 3602 5739 majore
3629 5668 3790 5738 impie.

2198 5770 2306 5817 tate
2350 5761 2640 5832 dereliquit
2690 5762 2877 5829 Deum,
2931 5769 2986 5816 et
3044 5760 3241 5827 factus,
3271 5768 3355 5817 est
3407 5764 3562 5819 malo
3622 5764 3796 5832 dignus

2198 5866 2419 5922 aeterno,
2443 5856 2531 5925 qui
2562 5854 2661 5909 hoc
2686 5855 2738 5909 in
2772 5870 2832 5911 se
2860 5854 3086 5925 peremit
3116 5853 3315 5909 bonum
3342 5853 3494 5924 quod
3534 5869 3662 5909 esse
3686 5865 3797 5923 pos-

2199 5956 2283 6005 set
2334 5957 2618 6006 teternum.
2676 5949 2810 6007 Hinc
2861 5958 2943 6007 est
2992 5949 3243 6005 universa
3295 5948 3519 6019 generis
3586 5943 3797 6004 humani
