3968 6390
238 373 347 431 739
1412 350 1861 418 THESAURUS.
1892 355 1989 454 ,ΩΔ
1998 356 2062 416 Ρ.
2100 357 2336 419 CXLIX.
3410 368 3517 429 790

236 501 416 544 massa
450 486 723 553 damnata,
755 482 1005 555 quoniam
1026 479 1116 553 qui
1138 478 1241 537 hoc
1257 478 1462 550 primus
1481 474 1676 542 amisit,
1694 487 1819 530 cum
1843 472 1903 536 Δ
1926 472 2272 545 improbitate
2304 474 2389 533 vel
2409 486 2595 534 errore
2612 476 2861 549 patiatur,
2890 486 3077 548 peccat
3094 481 3307 552 quidam
3351 483 3514 544 homo

234 594 305 636 ea
331 596 448 651 quas
474 580 528 635 in
554 580 646 635 illo
668 578 837 634 fuerat
869 576 1101 633 radicsta
1139 590 1235 632 sna
1273 574 1443 645 stirpe
1478 571 1694 643 punitus
1716 577 1820 637 est,
1928 568 2044 637 qui,
2075 570 2159 625 vel
2186 570 2504 642 ignorantia,
2537 571 2619 627 vel
2650 571 2910 643 injustitia
2948 575 3195 647 cuiquam
3244 578 3370 634 mall
3415 581 3518 637 all-

238 686 297 732 nt
325 676 502 731 nullus
530 675 597 729 ab
625 674 726 729 hoc
750 673 893 743 justo
919 673 1203 741 debitoque
1229 668 1627 739 supplicio,nisi
1657 666 1823 723 mise-
1929 660 2057 731 quid
2084 662 2230 731 facit,
2280 663 2376 721 sed
2424 678 2529 721 non
2561 672 2749 734 peccat
2796 665 2938 723 Deus
2964 668 3056 738 qui
3077 653 3241 739 justo,
3271 673 3516 742 quamvis

235 765 468 821 ricordia
489 773 544 820 et
569 764 807 820 indebita
830 763 996 833 gratia
1020 761 1297 827 liberetur,
1321 768 1483 829 atque
1508 759 1578 814 ita
1614 757 1824 827 disper-

1951 754 2166 821 icculto,
2196 754 2399 824 judicio
2446 755 2568 812 ﬁeri
2598 755 2750 814 sinit.
2789 757 2898 813 Sed
2929 762 3282 830 temporarias
3333 778 3519 832 poenas

236 860 401 913 tiatur
426 873 594 929 genus
624 857 935 923 humanum,
965 865 1021 911 ut
1041 856 1096 910 in
1134 853 1451 925 quibusdam
1490 850 1827 907 demonstre-
1932 846 2023 902 alii
2050 846 2105 902 in
2134 847 2231 902 hac
2251 848 2356 903 vita
2388 856 2619 917 tantum,
2645 850 2736 907 alii
2768 863 2887 921 post
2913 855 3261 923 mortem,alii
3293 871 3437 912 nunc
3463 864 3521 915 et

236 957 325 1003 tur
354 948 478 1018 quid
523 948 700 1004 valeat
750 948 1051 1003 misericors
1108 946 1297 1016 gratia,
1350 944 1405 999 in
1444 942 1655 999 caeteris
1702 939 1831 1011 quid
1932 948 2099 1009 tunc;
2125 948 2490 1018 verumtamen
2522 951 2649 999 ante
2670 944 2927 1015 judicium
2949 946 3084 1005 illud
3126 951 3522 1009 severissimum

228 1016 385 1112 justa
404 1043 659 1097 vindicta.
685 1042 866 1113 Neque
890 1041 1032 1097 enim
1063 1049 1346 1110 utrumque
1369 1039 1832 1093 demonstraretur
1936 1016 2397 1104 novissimumque
2446 1037 2739 1105 patiuntur.
2792 1040 2907 1097 Non
2948 1051 3124 1099 autem
3187 1059 3377 1100 omnes
3423 1060 3521 1101 ve,

233 1134 292 1190 in
337 1135 607 1203 omnibus,
657 1138 779 1205 quia
835 1136 881 1191 si
926 1150 1111 1191 omnes
1156 1141 1497 1189 remanerent
1552 1133 1605 1187 in
1655 1128 1832 1201 poenis
1937 1126 2092 1183 niunt
2120 1128 2174 1182 in
2199 1128 2550 1197 sempiternas
2570 1144 2922 1203 pmnas,quze
2951 1147 3072 1204 post
3109 1135 3235 1189 illud
3264 1134 3522 1206 judicium

230 1224 392 1294 justas
443 1225 825 1294 damnationis,
874 1226 930 1281 in
986 1225 1131 1281 nullo
1184 1231 1471 1297 appareret
1526 1221 1835 1277 misericors

243 1321 420 1390 gratia
453 1322 782 1377 redimentis.
817 1320 1023 1376 Rursus
1052 1322 1095 1376 si
1127 1336 1313 1376 omnes
1334 1335 1363 1374 a
1387 1318 1625 1374 tenebris
1654 1326 1834 1371 trans-

229 1415 500 1472 ferrentur
521 1417 572 1470 in
595 1416 858 1483 lucem,in
887 1416 1030 1470 nullo
1056 1426 1335 1486 appareret
1366 1416 1564 1471 veritas
1587 1409 1830 1477 ultionis,

230 1506 290 1561 in
319 1522 418 1576 qua
448 1518 729 1576 propterea
780 1508 945 1563 multo
969 1509 1147 1576 plures
1185 1525 1343 1579 quam
1378 1509 1432 1564 in
1473 1507 1561 1561 illa
1586 1513 1735 1570 sunt,
1768 1508 1829 1556 ut

230 1599 314 1654 sic
335 1602 651 1656 ostendatur
688 1602 817 1672 quid
857 1603 1102 1658 omnibus
1131 1602 1434 1658 deberetur.
1465 1598 1616 1666 Quod
1642 1598 1689 1653 si
1717 1610 1835 1651 om-

233 1690 393 1746 nibus
433 1693 767 1760 redderetur,
819 1694 1083 1764 justitiam
1132 1696 1449 1750 vindicantis
1484 1694 1629 1764 juste
1674 1699 1835 1747 nemo

233 1782 676 1851 reprehenderet.
709 1785 842 1853 Quia
874 1790 1005 1843 vero
1026 1796 1139 1866 lam
1181 1789 1333 1844 multi
1360 1788 1552 1843 exinde
1577 1786 1833 1841 liberan-

1941 1218 2068 1293 [bis]
2096 1228 2217 1275 sunt
2246 1219 2456 1288 futurae,
2504 1222 2593 1290 qui
2638 1232 2758 1292 post
2787 1233 3011 1280 mortem
3063 1227 3331 1282 sustinent
3382 1239 3517 1283 lem-

1940 1313 2172 1383 porales.
2202 1313 2333 1368 Nam
2364 1312 2679 1384 quibusdam
2709 1319 2851 1388 quod
2874 1320 2927 1373 in
2949 1321 3051 1375 isto
3078 1335 3182 1375 non
3207 1321 3519 1391 remittitur,

1941 1407 2165 1463 remittit
2192 1406 2246 1462 in
2278 1408 2455 1462 futuro
2502 1410 2719 1474 saeculo,
2773 1411 2825 1465 id
2866 1422 2948 1468 est
2998 1428 3066 1469 ne
3115 1414 3293 1468 futuro
3340 1413 3525 1470 szeculi

1941 1510 2147 1557 aiterno
2205 1502 2467 1572 supplicio
2522 1504 2838 1573 puniantur,
2889 1505 2999 1575 jam
3058 1522 3217 1576 supra
3265 1509 3525 1567 diximus.

1941 1594 2216 1651 Rarissimi
2237 1605 2361 1651 sunt
2383 1607 2560 1651 autem
2584 1599 2676 1667 qui
2703 1597 2877 1653 nullas
2899 1599 2952 1655 in
2986 1599 3085 1655 hac
3106 1602 3233 1668 vita,
3263 1602 3359 1658 sed
3400 1611 3528 1658 tan-

1938 1698 2051 1747 tum
2083 1703 2260 1761 postea
2312 1706 2495 1760 poenas
2543 1692 2711 1747 luunt.
2758 1691 2947 1748 Fuisse
2986 1703 3161 1750 tamen
3193 1696 3398 1767 aliquos
3439 1699 3528 1768 qui

1941 1800 2112 1855 usque
2138 1786 2205 1840 ad
2236 1784 2559 1855 decrepitam
2582 1794 2933 1851 senectutem,
2959 1801 3028 1842 ne
3051 1786 3377 1845 levissimam
3399 1790 3524 1861 qui-

231 1881 335 1937 tur,
363 1885 445 1929 est
472 1877 612 1935 unde
637 1888 862 1948 agantur
882 1862 1130 1934 maximae
1143 1881 1333 1949 gratiae
1370 1882 1604 1951 gratuito
1624 1882 1836 1939 muneri
1861 1862 1918 1937 ’Β
1942 1878 2063 1935 dem
2097 1878 2408 1936 febriculam
2436 1880 2718 1947 senserint,
2772 1881 3115 1953 quietamque
3157 1881 3405 1939 duxerint
3447 1883 3529 1939 vi-

230 1964 527 2024 Iiberantis.

780 2041 1006 2099 CAPUT
1032 2043 1278 2101 CXLVII.

228 2148 471 2207 Criminis
497 2154 803 2224 supplicium
826 2166 941 2225 post
970 2167 1183 2210 mortem
1211 2172 1312 2211 non
1332 2172 1440 2212 esse
1458 2169 1669 2210 causam
1700 2170 1825 2225 pur-

774 2227 1015 2298 gationis,
1045 2229 1251 2284 ibidem.

303 2332 558 2391 Platonici
576 2339 808 2407 quidem,
825 2344 1065 2408 quamvis
1087 2343 1345 2412 impunita
1366 2342 1509 2397 nulla
1529 2341 1831 2397 velintesse

234 2434 472 2494 peccata,
515 2436 689 2485 tamen
715 2446 904 2489 omnes
933 2450 1121 2503 poenas
1162 2434 1525 2491 emendationi
1587 2432 1833 2487 adhiberi

236 2520 444 2581 putant,
489 2518 573 2572 vel
615 2520 861 2577 humanis
930 2526 1132 2581 inﬂicta
1181 2527 1410 2597 legibus,
1441 2526 1527 2580 vel
1579 2525 1782 2580 divinis
1810 2560 1829 2587 ,

234 2605 351 2661 sive
377 2607 431 2661 in
463 2607 562 2665 hac
599 2613 729 2680 vita,
761 2616 874 2671 sive
916 2626 1036 2687 post
1082 2627 1344 2686 mortem;
1382 2619 1429 2674 si
1467 2629 1557 2674 aut
1586 2628 1835 2689 parcatur

234 2696 324 2752 hic
356 2698 571 2769 cuique,
621 2712 716 2759 aut
739 2706 809 2761 ita
862 2708 1123 2778 plectatur
1167 2720 1225 2766 ut
1252 2711 1340 2766 hic
1370 2727 1476 2767 non
1506 2714 1827 2782 corrigatur.

233 2787 373 2847 IIinc
403 2792 638 2850 Maronis
667 2797 757 2854 illa
797 2804 1084 2868 sententia,
1112 2804 1203 2858 ubi
1231 2818 1353 2859 cum
1384 2805 1615 2862 dixisset
1633 2805 1701 2861 de
1724 2815 1835 2861 ter-

233 2880 381 2987 renis
445 2887 759 2955 corporibus
820 2892 1262 2966 moribundisque
1347 2898 1627 2967 membris,
1689 2898 1835 2969 quod

232 2989 432 3033 ammte
458 2997 471 3034 ζ

356 3091 482 3143 Hinc
505 3101 749 3161 metuunt,
775 3102 1100 3166 cupiuntque,
1125 3102 1314 3167 dolent,
1344 3106 1661 3169 gaudentque
1693 3122 1707 3155 :
1740 3118 1833 3157 nec

358 3216 639 3281 Suscipiunt
672 3220 1002 3290 [Respiciunt]
1049 3226 1227 3279 clausa:
1271 3229 1492 3281 tenebris
1534 3237 1587 3284 et
1622 3169 1823 3283 333$

1931 1982 2061 2043 tam,
2089 1982 2146 2029 et
2173 1975 2273 2043 ipsi
2297 1975 2545 2031 novimus
2571 1982 2627 2030 et
2654 1975 2981 2032 audivimus.

2465 2088 2691 2149 CAPUT
2718 2089 2996 2149 CXLVIII.

1935 2199 2013 2257 De
2037 2201 2121 2261 his
2153 2204 2239 2275 qui
2262 2219 2366 2267 eos,
2398 2205 2485 2274 qui
2515 2213 2812 2274 permanent
2859 2204 2912 2257 in
2939 2202 3193 2275 cathoiica
3219 2202 3349 2275 ﬁde,
3378 2202 3534 2258 etiam

2006 2280 2053 2331 si
2084 2273 2299 2347 pessime
2327 2273 2582 2338 vixerint,
2618 2285 2787 2347 tamen
2820 2282 3027 2341 prapter
3070 2273 3189 2341 fidei
3224 2273 3533 2347 fundamen-

2010 2344 2117 2401 tum
2155 2344 2429 2398 salvandos
2472 2361 2580 2399 esse
2618 2346 2892 2413 deﬁniunt,
2948 2356 3014 2398 ea:
3047 2346 3227 2398 eodem
3270 2344 3403 2397 libro
3444 2355 3533 2404 ιιι

2010 2420 2072 2473 de
2102 2417 2315 2472 Civitate
2338 2415 2453 2470 Dei.

2012 2537 2148 2593 Sunt
2178 2534 2395 2608 [autem]
2426 2533 2517 2603 qui
2563 2539 2784 2601 propter
2832 2530 2885 2584 id
2913 2527 3057 2600 quod
3097 2528 3354 2597 scriptum
3403 2535 3531 2597 est,

1938 2630 2042 2699 Qui
2073 2627 2495 2699 perseveraverit
2552 2637 2723 2692 usque
2745 2622 2799 2677 in
2827 2622 2987 2676 ﬁnem
3016 2620 3102 2677 hic
3153 2621 3331 2675 salvus
3387 2622 3528 2689 erit,

1940 2739 2049 2779 non
2075 2722 2176 2777 nisi
2203 2721 2255 2775 in
2276 2718 2513 2775 Ecclesia
2533 2714 2800 2771 catholica
2840 2713 3325 2785 perseverantibus,
3346 2725 3535 2782 quam-

1940 2814 2027 2868 vis
2048 2815 2099 2867 in
2123 2827 2185 2868 ea
2212 2811 2350 2866 male
2379 2807 2704 2871 viventibus,
2753 2805 2855 2861 hoc
2877 2806 3213 2875 promittunt,
3242 2817 3333 2871 per
3358 2803 3536 2873 ignem

1940 2907 2191 2963 videlicet
2241 2901 2510 2959 salvandis
2555 2898 2749 2954 merito
2793 2896 3146 2963 fundamenti,
3195 2894 3266 2950 de
3313 2908 3421 2965 quo
3462 2893 3538 2949 ait

1941 2994 2723 3071 Apostoluszhndamenlum
2778 2990 2922 3046 enim
2970 2988 3113 3044 aliud
3162 3001 3321 3042 nemo
3356 2992 3538 3056 potest

1939 3106 2161 3161 ponere,
2195 3098 2389 3159 praeter
2419 3085 2471 3141 id
2504 3082 2646 3156 quod
2678 3083 2908 3153 positum
2938 3090 3043 3149 est,
3078 3080 3219 3151 quod
3248 3086 3334 3133 est
3377 3075 3537 3134 Chri-

1937 3196 2054 3242 stus
2074 3184 2253 3242 Jesus.
2277 3183 2335 3239 Si
2356 3182 2476 3251 quis
2498 3188 2675 3234 autem
2697 3175 2926 3233 aediﬁcat
2944 3190 3105 3247 super
3126 3173 3535 3229 fundamentum

1654 3254 1903 3357 ῗέξξῷῗθ
1935 3280 2081 3356 [hoc]
2140 3293 2362 3344 aurum,
2415 3284 2725 3345 argentum,
2780 3269 2987 3341 lapides
3030 3267 3316 3338 pretiosos,
3369 3265 3533 3331 ligna,

230 3374 450 3424 secutus
471 3368 718 3440 adjunxit
744 3380 905 3444 atque
931 3376 1035 3445 ait:

360 3482 488 3542 Quin
510 3490 560 3534 et
581 3496 813 3547 supremo
832 3499 943 3536 cum
968 3485 1155 3538 lumine
1177 3490 1279 3538 vita
1302 3488 1524 3553 reliquit,

234 3569 289 3627 Id
320 3578 420 3637 est,
445 3585 565 3625 cum
596 3572 684 3628 die
712 3573 1003 3628 novissimo
1028 3573 1244 3643 reliquit
1270 3589 1366 3630 eas
1393 3575 1494 3631 ista
1516 3575 1622 3631 vita
1652 3594 1664 3629 :
1712 3570 1715 3571 ⁷

362 3661 469 3713 Non
496 3668 659 3712 tamen
682 3662 882 3728 (inquit)
900 3676 1045 3713 omne
1062 3663 1240 3713 malum
1266 3666 1478 3725 miseris,
1503 3677 1600 3715 nec
1617 3663 1833 3717 funditus

1623 3740 1804 3777 omnes

365 3788 624 3853 (torporem
648 3790 895 3840 excedunt
912 3796 1080 3853 pestes
1107 3804 1118 3840 ε
1145 3791 1440 3853 penitusque
1459 3729 1773 3843 necesgzmens‘:

368 3850 518 3901 Multa
538 3851 619 3901 diu
641 3858 874 3902 concreta
894 3850 1044 3901 modis
1064 3850 1341 3902 inolescere
1362 3850 1516 3902 miris.

365 3914 495 3973 Ergo
522 3922 824 3965 exercentur
854 3918 1008 3975 poenis
1033 3930 1044 3961 :
1067 3924 1392 3975 veterumque
1417 3917 1655 3964 malorum

369 3975 617 4037 Supplicia
644 3977 956 4037 expendunt;
984 3976 1091 4025 alite
1123 3977 1397 4037 panduntur
1416 3978 1590 4025 inanes

370 4036 632 4093 Suspensm
658 4037 715 4083 ad
740 4044 913 4083 ventos
945 4050 956 4084 :
984 4038 1090 4084 aliis
1113 4036 1205 4085 sub
1228 4039 1426 4096 gurgite
1453 4048 1589 4086 vasto

372 4096 610 4146 Infectum
631 4096 813 4147 eluitur
837 4096 1018 4157 scelus,
1039 4106 1123 4147 aut
1149 4101 1380 4147 exuritur
1404 4101 1529 4159 igni.

242 4198 349 4266 Qui
391 4199 494 4256 hoe
545 4200 851 4269 epinantur,
897 4200 1069 4254 nullas
1122 4214 1307 4270 pinnas
1362 4200 1465 4259 nisi
1512 4202 1845 4269 purgatorias

242 4292 433 4349 volunt
457 4308 577 4349 esse
623 4302 745 4363 post
794 4303 1044 4359 mortem,
1091 4301 1153 4347 ut
1200 4294 1454 4364 quoniam
1481 4294 1639 4348 terris
1683 4308 1846 4362 supe-

243 4389 389 4444 riora
440 4399 563 4445 sunt
591 4390 880 4455 elementa,
910 4401 1071 4458 aqua,
1105 4401 1218 4453 aer,
1265 4386 1406 4456 ignis
1430 4424 1444 4449 ,
1471 4401 1533 4440 ex
1562 4386 1739 4455 aliquo
1778 4387 1852 4441 is-

1931 3376 2136 3437 fenum,
2181 3371 2457 3440 stipulam,
2477 3366 2899 3437 uniuscujusque
2912 3369 3051 3433 opus
3072 3360 3532 3425 manifestabitur;

1930 3468 2053 3523 dies
2079 3467 2220 3521 enim
2253 3462 2468 3519 Domini
2495 3459 2814 3525 declarabit,
2866 3455 3118 3527 quoniam
3150 3453 3202 3508 in
3233 3454 3354 3521 igne
3383 3464 3538 3507 reve-

1935 3560 2157 3623 labitur,
2192 3565 2249 3612 et
2276 3553 2700 3623 uniuscujusque
2730 3562 2865 3618 opus
2892 3546 3051 3617 quale
3079 3546 3151 3600 sit
3178 3544 3317 3613 ignis
3343 3541 3537 3611 proba-

1936 3651 2054 3716 bit;
2092 3650 2137 3703 si
2169 3646 2324 3716 cujus
2354 3658 2489 3714 opus
2534 3640 2890 3713 permanserit
2931 3635 3076 3707 quod
3135 3630 3536 3704 supermdiiica-

1938 3744 2039 3807 vit,
2070 3740 2375 3796 mercedem
2399 3734 2629 3806 accipiet
2654 3751 2669 3801 ;
2701 3733 2746 3787 si
2776 3731 2930 3801 cujus
2956 3738 3135 3784 autem
3158 3740 3294 3797 opus
3316 3722 3534 3789 arserit,

1937 3838 2193 3893 damnum
2222 3834 2493 3903 patietur;
2526 3828 2643 3898 ipse
2669 3836 2848 3882 autem
2889 3824 3070 3880 salvus
3097 3822 3220 3885 erit,
3251 3818 3331 3874 sic
3354 3826 3536 3871 tamen

1939 3928 2093 3999 quasi
2125 3940 2217 3995 per
2249 3924 2445 3994 ignem.
2477 3919 2675 3975 Dicunt
2700 3931 2832 3986 ergo
2858 3914 3143 3986 cujuslibet
3183 3910 3305 3967 vitae
3330 3907 3535 3963 Catho-

1942 4022 2105 4074 licum
2135 4016 2496 4070 Christianum
2519 4011 2790 4067 Christum
2824 4008 3025 4061 habere
3068 4006 3124 4057 in
3156 4001 3531 4062 iundameuto,

1943 4108 2087 4178 quod
2118 4106 2521 4160 fundamentum
2570 4101 2713 4159 nulla
2760 4096 2981 4151 haeresis
3014 4095 3201 4161 habet,
3232 4108 3262 4145 a
3294 4093 3538 4159 corporis

1946 4199 2065 4268 ejus
2104 4197 2303 4251 unitate
2332 4193 2585 4264 praecisa;
2618 4198 2673 4243 et
2690 4189 2813 4243 ideo
2838 4196 3057 4256 propter
3084 4184 3185 4238 hoc
3214 4182 3536 4237 fundamen-

1950 4300 2060 4345 tum
2082 4289 2244 4343 etiam
2267 4287 2311 4341 si
2335 4286 2488 4340 malas
2514 4286 2636 4336 vita:
2655 4280 2816 4336 fuerit
2841 4278 3145 4333 Catholicus
3170 4275 3371 4331 Christi
3394 4290 3535 4343 nus,

1952 4382 2099 4436 velut
2120 4380 2210 4447 qui
2246 4373 2757 4446 superazdiiicaverit
2793 4371 2954 4440 ligna,
3008 4368 3211 4434 fetuum,
3262 4369 3536 4438 stipulam,

245 4490 426 4539 torum
457 4481 747 4537 mundetur
776 4494 871 4549 per
913 4478 1243 4544 espiatorias
1280 4491 1468 4545 pinnas
1505 4476 1649 4546 quod
1680 4490 1710 4530 a
1739 4485 1852 4531 ter-
1954 4480 2143 4543 putant
2165 4468 2521 4539 eumfsalvum
2553 4465 2667 4521 fieri
2699 4480 2795 4534 per
2830 4465 3027 4534 ignem,
3055 4460 3105 4516 id
3132 4471 3237 4527 est,
3262 4459 3385 4532 [est]
3419 4471 3539 4528 post

244 4588 377 4632 rens
402 4573 721 4643 contagione
762 4579 1096 4626 contractum
1127 4580 1231 4625 est.
1265 4572 1374 4623 Aer
1414 4567 1611 4637 quippe
1646 4566 1846 4638 accipi.

1959 4580 2143 4636 pmnas
2179 4562 2317 4635 ignis
2345 4561 2488 4618 illius
2515 4560 2747 4625 liberari,
2773 4572 2879 4628 quo
2897 4557 3018 4628 igne
3048 4556 3101 4611 in
3123 4555 3313 4611 ultimo
3330 4554 3545 4626 judicio

248 4678 338 4723 tur
375 4668 431 4721 in
464 4680 531 4721 eo
556 4663 699 4738 quod
728 4664 802 4719 ait
845 4674 1104 4731 suspensis
1141 4662 1211 4715 ad
1255 4670 1456 4726 ventos,
1509 4674 1645 4731 aqua
1691 4660 1745 4716 in
1771 4673 1838 4715 eo
1863 4643 1921 4707 Ῑ)
1942 4659 2227 4733 punientur
2250 4657 2394 4712 mali.

248 4761 392 4831 quod
425 4761 499 4816 ait
533 4759 626 4815 sub
663 4759 866 4831 gurgite
892 4769 1066 4824 vasto;
1096 4757 1235 4827 ignis
1280 4764 1457 4812 autem
1488 4768 1587 4811 suo
1622 4756 1843 4815 nomine

249 4868 537 4926 expressus
564 4863 669 4920 est,
696 4868 817 4909 cum
849 4853 1011 4919 dixit,
1044 4862 1132 4906 aut
1160 4853 1393 4906 exuritur
1420 4852 1551 4922 igni.
1576 4852 1685 4907 Nos
1713 4866 1841 4909 vero

247 4953 412 5009 etiam
454 4952 505 5005 in
556 4948 656 5004 hac
682 4947 897 5018 quidem
929 4945 1251 5000 mortalitate
1290 4944 1527 5016 [mortali
1559 4944 1690 5018 vita]
1722 4960 1843 5001 esse

249 5044 511 5116 quasdam
551 5056 736 5112 ptenas
764 5037 1100 5111 purgatorias
1129 5038 1470 5101 conﬁtemur,
1517 5050 1622 5091 non
1650 5038 1841 5107 quibus

252 5136 565 5206 afﬂiguntur
589 5149 816 5205 quorum
857 5133 961 5187 vita
992 5131 1075 5186 vel
1112 5145 1217 5185 non
1259 5129 1384 5184 inde
1416 5129 1473 5183 fit
1514 5128 1723 5195 melior,
1757 5130 1843 5185 vel

254 5229 437 5301 potius
466 5227 591 5282 inde
616 5226 676 5279 iit
703 5223 872 5295 pejor,
901 5222 995 5278 sed
1024 5222 1129 5277 illis
1158 5230 1283 5275 sunt
1312 5221 1631 5290 purgatorite
1652 5222 1739 5291 qui
1765 5220 1844 5275 eis

250 5319 475 5376 Cocrciti
551 5319 908 5386 corriguntur.
963 5316 1186 5370 Cmteras
1238 5327 1423 5369 omnes
1490 5326 1681 5382 pinnae,
1735 5314 1848 5369 sive

253 5414 618 5483 temporarias,
643 5411 757 5466 sive
804 5410 1163 5479 sempiternae,
1192 5408 1330 5463 sicut
1357 5406 1721 5476 unusquisque
1760 5406 1845 5460 di-

252 5508 384 5562 vina
416 5502 745 5574 providentia
781 5502 1085 5555 tractandus
1116 5508 1217 5566 est,
1269 5498 1590 5563 inferuntur,
1641 5498 1721 5553 vel
1753 5512 1848 5567 pro

254 5597 514 5673 peccatis,
540 5595 652 5650 sive
679 5592 981 5663 praeteritis,
1006 5592 1118 5647 sive
1169 5593 1222 5647 in
1266 5593 1460 5661 quibus
1510 5589 1684 5644 adhuc
1722 5590 1854 5646 vivit

256 5690 357 5748 ille
399 5689 487 5757 qni
529 5685 800 5757 plectitur,
846 5686 929 5740 vel
976 5698 1071 5753 pro
1119 5684 1437 5739 exercendis
1490 5682 1850 5737 declarandis—

259 5798 371 5856 que
400 5782 705 5847 virtutibus,
734 5794 830 5851 per
857 5779 1104 5834 homines
1144 5786 1198 5833 et
1226 5778 1464 5847 angelos,
1519 5792 1613 5832 seu
1656 5777 1843 5842 bonos,

258 5892 362 5936 seu
374 5876 560 5932 malos.
594 5875 726 5930 Nam
739 5882 839 5930 etsi
854 5872 1079 5944 quisque
1094 5871 1216 5927 mali
1231 5871 1355 5941 quid
1366 5868 1613 5943 [aliquid]
1629 5869 1850 5927 alterius

2491 4723 2719 4782 CAPUT
2756 4720 2991 4778 CXLIX.

1947 4846 2086 4914 Quid
2113 4846 2168 4898 in
2195 4842 2533 4914 fundamento
2572 4839 2755 4914 habere
2780 4836 3057 4902 Christum,
3097 4833 3354 4914 etquibus
3382 4850 3540 4903 spon-

2015 4906 2204 4973 dentur
2224 4914 2366 4968 salus
2408 4928 2497 4981 per
2517 4910 2649 4981 ignis
2680 4918 2908 4967 usturam
2932 4951 2946 4976 ,
2974 4922 3041 4964 ea:
3059 4907 3237 4962 eodem
3265 4906 3396 4961 libro
3424 4921 3543 4971 xxi.
3622 4972 3629 4979 Ἰ

2017 5029 2121 5097 Qui
2176 5026 2465 5083 manducet
2493 5038 2710 5080 carnem
2755 5038 2925 5081 meam
2952 5029 3011 5078 et
3038 5019 3175 5075 bibit
3214 5016 3532 5086 sanguinem

1949 5136 2152 5185 meum,
2185 5119 2240 5173 in
2270 5132 2361 5172 me
2386 5123 2569 5171 manet
2609 5122 2664 5171 et
2688 5130 2788 5185 ego
2827 5114 2879 5169 ia
2908 5128 2993 5169 eo.
3024 5109 3274 5168 Ostendit
3313 5108 3435 5178 quid
3466 5107 3537 5163 sit

1951 5230 2057 5269 non
2098 5218 2438 5268 sacramento
2486 5218 2660 5275 tenus,
2710 5208 2805 5265 sed
2859 5218 3054 5275 corpus
3105 5216 3291 5257 revera
3334 5198 3537 5255 Christi

1950 5304 2294 5368 manducare,
2311 5310 2363 5355 et
2378 5298 2498 5370 ejus
2518 5299 2828 5369 sanguinem
2849 5296 3063 5350 bibere:
3087 5299 3190 5346 hoc
3208 5297 3292 5345 est
3312 5290 3453 5344 enim
3480 5288 3536 5344 in

1950 5399 2163 5454 Christo
2190 5411 2429 5461 manere,
2454 5404 2511 5448 ut
2530 5395 2585 5448 in
2613 5392 2705 5448 illo
2724 5395 2935 5444 maneat
2947 5384 3377 5451 etChristus.Sic
3391 5383 3535 5438 enim

1954 5492 2055 5545 hoc
2071 5489 2205 5543 dixit
2227 5498 2477 5557 tanquam
2496 5485 2719 5540 diceret.
2744 5478 2844 5547 Qui
2868 5492 2971 5532 non
2997 5476 3162 5532 inme
3182 5481 3379 5539 manet,
3400 5481 3454 5527 et
3478 5472 3533 5528 in

1950 5582 2057 5654 9'7
2087 5595 2193 5651 quo
2212 5577 2353 5653 [ego]
2394 5592 2500 5632 nou
2525 5588 2737 5643 maneo,
2762 5586 2868 5627 non
2896 5585 2957 5627 se
2977 5569 3120 5623 dicat
3142 5575 3234 5622 aut
3257 5564 3537 5622 exisimet

1954 5676 2278 5733 manducare
2330 5685 2527 5740 corpus
2582 5682 2787 5736 meum,
2839 5673 2931 5719 aut
2982 5661 3169 5719 bibere
3201 5659 3534 5732 sanguinem

1954 5784 2155 5825 meum.
2182 5765 2298 5822 Non
2327 5763 2507 5834 itaque
2527 5767 2745 5815 manent
2772 5758 2828 5814 in
2855 5756 3097 5822 Christo,
3118 5752 3209 5825 qui
3250 5767 3358 5808 non
3407 5757 3531 5805 sunt

1955 5866 2194 5922 membra
2226 5861 2364 5933 ejus.
2400 5858 2513 5914 Non
2536 5866 2660 5913 sunt
2702 5862 2879 5937 autem
2908 5849 3148 5915 membra
3173 5843 3367 5919 Christi
3387 5881 3402 5911 ,
3438 5840 3534 5914 qui
