  <div class='ocr_page' id='page_1' title='image "/cluster/home/n/w/nwhite01/storage/ocr_20150623/62/hvd.32044015706393/403.png"; bbox 0 0 3986 6382; ppageno 0'>
   <div class='ocr_carea' id='block_1_1' title="bbox 548 315 652 373">
    <p class='ocr_par' dir='ltr' id='par_1_1' title="bbox 548 315 652 373">
     <span class='ocr_line' id='line_1_1' title="bbox 548 315 652 373; baseline 0.019 -2"><span class='ocrx_word' id='word_1_1' title='bbox 548 315 652 373; x_wconf 80' lang='grc'><strong>791</strong></span> 
     </span>
    </p>
   </div>
   <div class='ocr_carea' id='block_1_2' title="bbox 1555 310 3810 378">
    <p class='ocr_par' dir='ltr' id='par_1_2' title="bbox 1555 310 3810 378">
     <span class='ocr_line' id='line_1_2' title="bbox 1555 310 3810 378; baseline 0.001 -4"><span class='ocrx_word' id='word_1_2' title='bbox 1555 316 1622 374; x_wconf 91' lang='lat' dir='ltr'><strong>D.</strong></span> <span class='ocrx_word' id='word_1_3' title='bbox 1663 313 1988 374; x_wconf 84' lang='lat' dir='ltr'><strong>EUGYPPll</strong></span> <span class='ocrx_word' id='word_1_4' title='bbox 2028 310 2318 370; x_wconf 79' lang='lat' dir='ltr'><strong>ABBATIS</strong></span> <span class='ocrx_word' id='word_1_5' title='bbox 2355 313 2678 372; x_wconf 80' lang='lat' dir='ltr'><strong>AFRICANI</strong></span> <span class='ocrx_word' id='word_1_6' title='bbox 3723 320 3810 378; x_wconf 63' lang='grc' dir='ltr'><strong>τω</strong></span> 
     </span>
    </p>
   </div>
   <div class='ocr_carea' id='block_1_3' title="bbox 545 424 3806 499">
    <p class='ocr_par' dir='ltr' id='par_1_3' title="bbox 545 424 3806 499">
     <span class='ocr_line' id='line_1_3' title="bbox 545 424 3806 499; baseline 0.001 -9"><span class='ocrx_word' id='word_1_7' title='bbox 545 446 610 490; x_wconf 74' lang='lat' dir='ltr'><strong>se</strong></span> <span class='ocrx_word' id='word_1_8' title='bbox 631 430 834 487; x_wconf 84' lang='lat' dir='ltr'><strong>faciunt</strong></span> <span class='ocrx_word' id='word_1_9' title='bbox 857 431 1103 488; x_wconf 87' lang='lat' dir='ltr'><strong>membra</strong></span> <span class='ocrx_word' id='word_1_10' title='bbox 1132 429 1454 496; x_wconf 86' lang='lat' dir='ltr'><strong>meretricis,</strong></span> <span class='ocrx_word' id='word_1_11' title='bbox 1487 431 1591 486; x_wconf 87' lang='lat' dir='ltr'><strong>nisi</strong></span> <span class='ocrx_word' id='word_1_12' title='bbox 1613 432 1810 487; x_wconf 90' lang='lat' dir='ltr'><strong>malum</strong></span> <span class='ocrx_word' id='word_1_13' title='bbox 1841 430 1970 486; x_wconf 87' lang='lat' dir='ltr'><strong>illud</strong></span> <span class='ocrx_word' id='word_1_14' title='bbox 2019 443 2134 498; x_wconf 74' lang='lat' dir='ltr'><strong>pte-</strong></span> <span class='ocrx_word' id='word_1_15' title='bbox 2163 424 2217 484; x_wconf 73' lang='grc' dir='ltr'><strong>Δ</strong></span> <span class='ocrx_word' id='word_1_16' title='bbox 2240 424 2376 481; x_wconf 87' lang='lat' dir='ltr'><strong>rime</strong></span> <span class='ocrx_word' id='word_1_17' title='bbox 2408 425 2815 499; x_wconf 84' lang='lat' dir='ltr'><strong>profiteretur],</strong></span> <span class='ocrx_word' id='word_1_18' title='bbox 2847 426 2976 483; x_wconf 89' lang='lat' dir='ltr'><strong>illud</strong></span> <span class='ocrx_word' id='word_1_19' title='bbox 3006 425 3218 483; x_wconf 87' lang='lat' dir='ltr'><strong>Christo</strong></span> <span class='ocrx_word' id='word_1_20' title='bbox 3247 442 3354 485; x_wconf 92' lang='lat' dir='ltr'><strong>non</strong></span> <span class='ocrx_word' id='word_1_21' title='bbox 3399 443 3806 497; x_wconf 61' lang='lat' dir='ltr'><strong>praeponeret&quot;.</strong></span> 
     </span>
    </p>
   </div>
   <div class='ocr_carea' id='block_1_4' title="bbox 545 524 2139 592">
    <p class='ocr_par' dir='ltr' id='par_1_4' title="bbox 545 524 2139 592">
     <span class='ocr_line' id='line_1_4' title="bbox 545 524 2139 592; baseline -0.003 -12"><span class='ocrx_word' id='word_1_22' title='bbox 545 525 772 581; x_wconf 86' lang='lat' dir='ltr'><strong>nitendo</strong></span> <span class='ocrx_word' id='word_1_23' title='bbox 802 540 925 581; x_wconf 91' lang='lat' dir='ltr'><strong>esse</strong></span> <span class='ocrx_word' id='word_1_24' title='bbox 949 524 1286 592; x_wconf 89' lang='lat' dir='ltr'><strong>destiterint,</strong></span> <span class='ocrx_word' id='word_1_25' title='bbox 1355 534 1409 579; x_wconf 93' lang='lat' dir='ltr'><strong>et</strong></span> <span class='ocrx_word' id='word_1_26' title='bbox 1439 525 1504 579; x_wconf 86' lang='lat' dir='ltr'><strong>ad</strong></span> <span class='ocrx_word' id='word_1_27' title='bbox 1556 525 1658 580; x_wconf 91' lang='lat' dir='ltr'><strong>hoc</strong></span> <span class='ocrx_word' id='word_1_28' title='bbox 1698 526 1898 580; x_wconf 92' lang='lat' dir='ltr'><strong>bonum</strong></span> <span class='ocrx_word' id='word_1_29' title='bbox 1945 537 2139 578; x_wconf 89' lang='lat' dir='ltr'><strong>recon-</strong></span> 
     </span>
    </p>
   </div>
   <div class='ocr_carea' id='block_1_5' title="bbox 544 617 2137 691">
    <p class='ocr_par' dir='ltr' id='par_1_5' title="bbox 544 617 2137 691">
     <span class='ocr_line' id='line_1_5' title="bbox 544 617 2137 691; baseline -0.001 -18"><span class='ocrx_word' id='word_1_30' title='bbox 544 619 824 676; x_wconf 90' lang='lat' dir='ltr'><strong>ciliatione</strong></span> <span class='ocrx_word' id='word_1_31' title='bbox 857 619 1137 674; x_wconf 89' lang='lat' dir='ltr'><strong>redierint.</strong></span> <span class='ocrx_word' id='word_1_32' title='bbox 1165 617 1271 673; x_wconf 85' lang='lat' dir='ltr'><strong>Sed</strong></span> <span class='ocrx_word' id='word_1_33' title='bbox 1301 617 1518 687; x_wconf 78' lang='lat' dir='ltr'><strong>habent,</strong></span> <span class='ocrx_word' id='word_1_34' title='bbox 1545 621 1817 691; x_wconf 81' lang='lat' dir='ltr'><strong>inquiunt,</strong></span> <span class='ocrx_word' id='word_1_35' title='bbox 1846 618 2137 674; x_wconf 81' lang='lat' dir='ltr'><strong>Christiani</strong></span> 
     </span>
    </p>
   </div>
   <div class='ocr_carea' id='block_1_6' title="bbox 545 711 2136 782">
    <p class='ocr_par' dir='ltr' id='par_1_6' title="bbox 545 711 2136 782">
     <span class='ocr_line' id='line_1_6' title="bbox 545 711 2136 782; baseline -0.003 -12"><span class='ocrx_word' id='word_1_36' title='bbox 545 713 814 771; x_wconf 76' lang='lat' dir='ltr'><strong>Catholici</strong></span> <span class='ocrx_word' id='word_1_37' title='bbox 848 717 898 770; x_wconf 92' lang='lat' dir='ltr'><strong>in</strong></span> <span class='ocrx_word' id='word_1_38' title='bbox 932 715 1282 770; x_wconf 85' lang='lat' dir='ltr'><strong>fundamento</strong></span> <span class='ocrx_word' id='word_1_39' title='bbox 1315 714 1611 779; x_wconf 82' lang='lat' dir='ltr'><strong>Christum,</strong></span> <span class='ocrx_word' id='word_1_40' title='bbox 1656 728 1685 766; x_wconf 88' lang='lat' dir='ltr'><strong>a</strong></span> <span class='ocrx_word' id='word_1_41' title='bbox 1731 713 1885 782; x_wconf 92' lang='lat' dir='ltr'><strong>cujus</strong></span> <span class='ocrx_word' id='word_1_42' title='bbox 1927 711 2136 766; x_wconf 89' lang='lat' dir='ltr'><strong>unitate</strong></span> 
     </span>
    </p>
   </div>
   <div class='ocr_carea' id='block_1_7' title="bbox 549 802 2136 879">
    <p class='ocr_par' dir='ltr' id='par_1_7' title="bbox 549 802 2136 879">
     <span class='ocr_line' id='line_1_7' title="bbox 549 802 2136 879; baseline -0.003 -18"><span class='ocrx_word' id='word_1_43' title='bbox 549 806 571 879; x_wconf 81' lang='lat'><strong>[</strong></span> <span class='ocrx_word' id='word_1_44' title='bbox 587 807 843 879; x_wconf 69' lang='lat' dir='ltr'><strong>veritate}</strong></span> <span class='ocrx_word' id='word_1_45' title='bbox 900 822 1003 861; x_wconf 93' lang='lat' dir='ltr'><strong>non</strong></span> <span class='ocrx_word' id='word_1_46' title='bbox 1064 817 1446 872; x_wconf 82' lang='lat' dir='ltr'><strong>recesserunt,</strong></span> <span class='ocrx_word' id='word_1_47' title='bbox 1497 806 1710 860; x_wconf 85' lang='lat' dir='ltr'><strong>tametsi</strong></span> <span class='ocrx_word' id='word_1_48' title='bbox 1766 804 1892 859; x_wconf 90' lang='lat' dir='ltr'><strong>huic</strong></span> <span class='ocrx_word' id='word_1_49' title='bbox 1950 802 2136 857; x_wconf 89' lang='lat' dir='ltr'><strong>funda-</strong></span> 
     </span>
    </p>
   </div>
   <div class='ocr_carea' id='block_1_8' title="bbox 545 895 2139 969">
    <p class='ocr_par' dir='ltr' id='par_1_8' title="bbox 545 895 2139 969">
     <span class='ocr_line' id='line_1_8' title="bbox 545 895 2139 969; baseline -0.003 -15"><span class='ocrx_word' id='word_1_50' title='bbox 545 909 729 954; x_wconf 82' lang='lat' dir='ltr'><strong>mento</strong></span> <span class='ocrx_word' id='word_1_51' title='bbox 777 899 1347 967; x_wconf 68' lang='lat' dir='ltr'><strong>superaedilicaverunt</strong></span> <span class='ocrx_word' id='word_1_52' title='bbox 1386 899 1680 969; x_wconf 90' lang='lat' dir='ltr'><strong>quamlibet</strong></span> <span class='ocrx_word' id='word_1_53' title='bbox 1731 897 2016 967; x_wconf 84' lang='lat' dir='ltr'><strong>pessimam</strong></span> <span class='ocrx_word' id='word_1_54' title='bbox 2058 895 2139 950; x_wconf 87' lang='lat' dir='ltr'><strong>vi-</strong></span> 
     </span>
    </p>
   </div>
   <div class='ocr_carea' id='block_1_9' title="bbox 547 991 2139 1064">
    <p class='ocr_par' dir='ltr' id='par_1_9' title="bbox 547 991 2139 1064">
     <span class='ocr_line' id='line_1_9' title="bbox 547 991 2139 1064; baseline -0.003 -14"><span class='ocrx_word' id='word_1_55' title='bbox 547 1004 695 1054; x_wconf 85' lang='lat' dir='ltr'><strong>tam.</strong></span> <span class='ocrx_word' id='word_1_56' title='bbox 743 995 886 1048; x_wconf 81' lang='lat' dir='ltr'><strong>velut</strong></span> <span class='ocrx_word' id='word_1_57' title='bbox 932 994 1110 1064; x_wconf 88' lang='lat' dir='ltr'><strong>ligna,</strong></span> <span class='ocrx_word' id='word_1_58' title='bbox 1160 994 1381 1059; x_wconf 89' lang='lat' dir='ltr'><strong>fenum,</strong></span> <span class='ocrx_word' id='word_1_59' title='bbox 1431 994 1706 1062; x_wconf 82' lang='lat' dir='ltr'><strong>stipulam.</strong></span> <span class='ocrx_word' id='word_1_60' title='bbox 1747 991 1912 1046; x_wconf 83' lang='lat' dir='ltr'><strong>Recta</strong></span> <span class='ocrx_word' id='word_1_61' title='bbox 1960 991 2139 1061; x_wconf 89' lang='lat' dir='ltr'><strong>itaque</strong></span> 
     </span>
    </p>
   </div>
   <div class='ocr_carea' id='block_1_10' title="bbox 543 1085 2138 1156">
    <p class='ocr_par' dir='ltr' id='par_1_10' title="bbox 543 1085 2138 1156">
     <span class='ocr_line' id='line_1_10' title="bbox 543 1085 2138 1156; baseline -0.003 -15"><span class='ocrx_word' id='word_1_62' title='bbox 543 1087 700 1152; x_wconf 69' lang='lat' dir='ltr'><strong>ﬁdes,</strong></span> <span class='ocrx_word' id='word_1_63' title='bbox 730 1103 823 1155; x_wconf 86' lang='lat' dir='ltr'><strong>per</strong></span> <span class='ocrx_word' id='word_1_64' title='bbox 850 1102 1008 1156; x_wconf 88' lang='lat' dir='ltr'><strong>quam</strong></span> <span class='ocrx_word' id='word_1_65' title='bbox 1032 1087 1279 1142; x_wconf 86' lang='lat' dir='ltr'><strong>Christus</strong></span> <span class='ocrx_word' id='word_1_66' title='bbox 1307 1097 1390 1142; x_wconf 87' lang='lat' dir='ltr'><strong>est</strong></span> <span class='ocrx_word' id='word_1_67' title='bbox 1429 1087 1861 1153; x_wconf 79' lang='lat' dir='ltr'><strong>fundamentum,</strong></span> <span class='ocrx_word' id='word_1_68' title='bbox 1895 1085 2138 1154; x_wconf 86' lang='lat' dir='ltr'><strong>quamvis</strong></span> 
     </span>
    </p>
   </div>
   <div class='ocr_carea' id='block_1_11' title="bbox 543 1177 2141 1250">
    <p class='ocr_par' dir='ltr' id='par_1_11' title="bbox 543 1177 2141 1250">
     <span class='ocr_line' id='line_1_11' title="bbox 543 1177 2141 1250; baseline -0.001 -16"><span class='ocrx_word' id='word_1_69' title='bbox 543 1195 665 1234; x_wconf 84' lang='lat' dir='ltr'><strong>cum</strong></span> <span class='ocrx_word' id='word_1_70' title='bbox 697 1180 895 1233; x_wconf 85' lang='lat' dir='ltr'><strong>damno</strong></span> <span class='ocrx_word' id='word_1_71' title='bbox 927 1180 1207 1249; x_wconf 83' lang='lat' dir='ltr'><strong>(quoniam</strong></span> <span class='ocrx_word' id='word_1_72' title='bbox 1262 1180 1349 1234; x_wconf 94' lang='lat' dir='ltr'><strong>illa</strong></span> <span class='ocrx_word' id='word_1_73' title='bbox 1387 1195 1507 1250; x_wconf 73' lang='lat' dir='ltr'><strong>qua:</strong></span> <span class='ocrx_word' id='word_1_74' title='bbox 1550 1177 1973 1248; x_wconf 71' lang='lat' dir='ltr'><strong>supermdiftcata</strong></span> <span class='ocrx_word' id='word_1_75' title='bbox 2015 1184 2141 1232; x_wconf 79' lang='lat' dir='ltr'><strong>sunt</strong></span> 
     </span>
    </p>
   </div>
   <div class='ocr_carea' id='block_1_12' title="bbox 541 1270 2140 1342">
    <p class='ocr_par' dir='ltr' id='par_1_12' title="bbox 541 1270 2140 1342">
     <span class='ocr_line' id='line_1_12' title="bbox 541 1270 2140 1342; baseline -0.002 -14"><span class='ocrx_word' id='word_1_76' title='bbox 541 1273 885 1342; x_wconf 79' lang='lat' dir='ltr'><strong>exurcntur),</strong></span> <span class='ocrx_word' id='word_1_77' title='bbox 917 1283 1096 1328; x_wconf 90' lang='lat' dir='ltr'><strong>tamen</strong></span> <span class='ocrx_word' id='word_1_78' title='bbox 1141 1274 1341 1342; x_wconf 90' lang='lat' dir='ltr'><strong>poterit</strong></span> <span class='ocrx_word' id='word_1_79' title='bbox 1382 1287 1478 1329; x_wconf 90' lang='lat' dir='ltr'><strong>cos</strong></span> <span class='ocrx_word' id='word_1_80' title='bbox 1519 1272 1841 1342; x_wconf 80' lang='lat' dir='ltr'><strong>quandoque</strong></span> <span class='ocrx_word' id='word_1_81' title='bbox 1881 1270 1949 1324; x_wconf 90' lang='lat' dir='ltr'><strong>ab</strong></span> <span class='ocrx_word' id='word_1_82' title='bbox 1997 1270 2140 1325; x_wconf 91' lang='lat' dir='ltr'><strong>illius</strong></span> 
     </span>
    </p>
   </div>
   <div class='ocr_carea' id='block_1_13' title="bbox 544 1362 2141 1437">
    <p class='ocr_par' dir='ltr' id='par_1_13' title="bbox 544 1362 2141 1437">
     <span class='ocr_line' id='line_1_13' title="bbox 544 1362 2141 1437; baseline -0.001 -17"><span class='ocrx_word' id='word_1_83' title='bbox 544 1364 685 1436; x_wconf 81' lang='lat' dir='ltr'><strong>ignis</strong></span> <span class='ocrx_word' id='word_1_84' title='bbox 715 1367 1066 1434; x_wconf 79' lang='lat' dir='ltr'><strong>perpetuitate</strong></span> <span class='ocrx_word' id='word_1_85' title='bbox 1091 1365 1319 1421; x_wconf 84' lang='lat' dir='ltr'><strong>salvare.</strong></span> <span class='ocrx_word' id='word_1_86' title='bbox 1345 1365 1685 1434; x_wconf 78' lang='lat' dir='ltr'><strong>Respondeat</strong></span> <span class='ocrx_word' id='word_1_87' title='bbox 1712 1364 1883 1437; x_wconf 71' lang='lat' dir='ltr'><strong>[ergo]</strong></span> <span class='ocrx_word' id='word_1_88' title='bbox 1915 1362 1993 1418; x_wconf 87' lang='lat' dir='ltr'><strong>eis</strong></span> <span class='ocrx_word' id='word_1_89' title='bbox 2019 1363 2141 1419; x_wconf 87' lang='lat' dir='ltr'><strong>bre-</strong></span> 
     </span>
    </p>
   </div>
   <div class='ocr_carea' id='block_1_14' title="bbox 542 1456 2142 1527">
    <p class='ocr_par' dir='ltr' id='par_1_14' title="bbox 542 1456 2142 1527">
     <span class='ocr_line' id='line_1_14' title="bbox 542 1456 2142 1527; baseline 0 -17"><span class='ocrx_word' id='word_1_90' title='bbox 542 1456 682 1510; x_wconf 90' lang='lat' dir='ltr'><strong>viter</strong></span> <span class='ocrx_word' id='word_1_91' title='bbox 713 1457 988 1526; x_wconf 79' lang='lat' dir='ltr'><strong>apostolus</strong></span> <span class='ocrx_word' id='word_1_92' title='bbox 1015 1458 1288 1512; x_wconf 86' lang='lat' dir='ltr'><strong>.lacobus:</strong></span> <span class='ocrx_word' id='word_1_93' title='bbox 1332 1457 1390 1512; x_wconf 87' lang='lat' dir='ltr'><strong>Si</strong></span> <span class='ocrx_word' id='word_1_94' title='bbox 1430 1458 1552 1527; x_wconf 88' lang='lat' dir='ltr'><strong>quis</strong></span> <span class='ocrx_word' id='word_1_95' title='bbox 1579 1457 1725 1511; x_wconf 85' lang='lat' dir='ltr'><strong>dicat</strong></span> <span class='ocrx_word' id='word_1_96' title='bbox 1751 1471 1809 1512; x_wconf 90' lang='lat' dir='ltr'><strong>se</strong></span> <span class='ocrx_word' id='word_1_97' title='bbox 1842 1457 2000 1512; x_wconf 89' lang='lat' dir='ltr'><strong>fidem</strong></span> <span class='ocrx_word' id='word_1_98' title='bbox 2047 1456 2142 1510; x_wconf 90' lang='lat' dir='ltr'><strong>ha-</strong></span> 
     </span>
    </p>
   </div>
   <div class='ocr_carea' id='block_1_15' title="bbox 542 1549 2142 1621">
    <p class='ocr_par' dir='ltr' id='par_1_15' title="bbox 542 1549 2142 1621">
     <span class='ocr_line' id='line_1_15' title="bbox 542 1549 2142 1621; baseline 0.001 -15"><span class='ocrx_word' id='word_1_99' title='bbox 542 1549 692 1614; x_wconf 82' lang='lat' dir='ltr'><strong>bere,</strong></span> <span class='ocrx_word' id='word_1_100' title='bbox 724 1566 884 1620; x_wconf 86' lang='lat' dir='ltr'><strong>opera</strong></span> <span class='ocrx_word' id='word_1_101' title='bbox 912 1561 1090 1606; x_wconf 90' lang='lat' dir='ltr'><strong>autem</strong></span> <span class='ocrx_word' id='word_1_102' title='bbox 1120 1566 1224 1606; x_wconf 89' lang='lat' dir='ltr'><strong>non</strong></span> <span class='ocrx_word' id='word_1_103' title='bbox 1250 1550 1464 1618; x_wconf 89' lang='lat' dir='ltr'><strong>habeat,</strong></span> <span class='ocrx_word' id='word_1_104' title='bbox 1495 1550 1736 1621; x_wconf 91' lang='lat' dir='ltr'><strong>nuuqttid</strong></span> <span class='ocrx_word' id='word_1_105' title='bbox 1778 1551 1973 1618; x_wconf 89' lang='lat' dir='ltr'><strong>poterit</strong></span> <span class='ocrx_word' id='word_1_106' title='bbox 2006 1551 2142 1607; x_wconf 84' lang='lat' dir='ltr'><strong>fides</strong></span> 
     </span>
    </p>
   </div>
   <div class='ocr_carea' id='block_1_16' title="bbox 541 1643 2143 1715">
    <p class='ocr_par' dir='ltr' id='par_1_16' title="bbox 541 1643 2143 1715">
     <span class='ocr_line' id='line_1_16' title="bbox 541 1643 2143 1715; baseline 0.004 -20"><span class='ocrx_word' id='word_1_107' title='bbox 541 1643 750 1696; x_wconf 85' lang='lat' dir='ltr'><strong>salvare</strong></span> <span class='ocrx_word' id='word_1_108' title='bbox 779 1644 944 1696; x_wconf 89' lang='lat' dir='ltr'><strong>cum?</strong></span> <span class='ocrx_word' id='word_1_109' title='bbox 976 1643 1039 1697; x_wconf 82' lang='lat' dir='ltr'><strong>Et</strong></span> <span class='ocrx_word' id='word_1_110' title='bbox 1070 1644 1190 1714; x_wconf 89' lang='lat' dir='ltr'><strong>quis</strong></span> <span class='ocrx_word' id='word_1_111' title='bbox 1211 1654 1315 1712; x_wconf 89' lang='lat' dir='ltr'><strong>est,</strong></span> <span class='ocrx_word' id='word_1_112' title='bbox 1344 1645 1611 1714; x_wconf 87' lang='lat' dir='ltr'><strong>inquiunt,</strong></span> <span class='ocrx_word' id='word_1_113' title='bbox 1636 1644 1704 1698; x_wconf 90' lang='lat' dir='ltr'><strong>de</strong></span> <span class='ocrx_word' id='word_1_114' title='bbox 1731 1660 1840 1714; x_wconf 88' lang='lat' dir='ltr'><strong>quo</strong></span> <span class='ocrx_word' id='word_1_115' title='bbox 1866 1645 1994 1700; x_wconf 89' lang='lat' dir='ltr'><strong>dicit</strong></span> <span class='ocrx_word' id='word_1_116' title='bbox 2021 1660 2143 1715; x_wconf 86' lang='lat' dir='ltr'><strong>apo-</strong></span> 
     </span>
    </p>
   </div>
   <div class='ocr_carea' id='block_1_17' title="bbox 539 1734 2138 1805">
    <p class='ocr_par' dir='ltr' id='par_1_17' title="bbox 539 1734 2138 1805">
     <span class='ocr_line' id='line_1_17' title="bbox 539 1734 2138 1805; baseline 0.004 -17"><span class='ocrx_word' id='word_1_117' title='bbox 539 1737 710 1788; x_wconf 83' lang='lat' dir='ltr'><strong>stolus</strong></span> <span class='ocrx_word' id='word_1_118' title='bbox 771 1734 1005 1788; x_wconf 80' lang='lat' dir='ltr'><strong>Paulus:</strong></span> <span class='ocrx_word' id='word_1_119' title='bbox 1051 1736 1169 1804; x_wconf 84' lang='lat' dir='ltr'><strong>lpse</strong></span> <span class='ocrx_word' id='word_1_120' title='bbox 1211 1746 1390 1792; x_wconf 80' lang='lat' dir='ltr'><strong>autent</strong></span> <span class='ocrx_word' id='word_1_121' title='bbox 1439 1739 1620 1793; x_wconf 83' lang='lat' dir='ltr'><strong>salvus</strong></span> <span class='ocrx_word' id='word_1_122' title='bbox 1675 1739 1798 1805; x_wconf 90' lang='lat' dir='ltr'><strong>erit,</strong></span> <span class='ocrx_word' id='word_1_123' title='bbox 1853 1739 1931 1793; x_wconf 90' lang='lat' dir='ltr'><strong>sic</strong></span> <span class='ocrx_word' id='word_1_124' title='bbox 1965 1749 2138 1794; x_wconf 91' lang='lat' dir='ltr'><strong>tamen</strong></span> 
     </span>
    </p>
   </div>
   <div class='ocr_carea' id='block_1_18' title="bbox 539 1828 2135 1902">
    <p class='ocr_par' dir='ltr' id='par_1_18' title="bbox 539 1828 2135 1902">
     <span class='ocr_line' id='line_1_18' title="bbox 539 1828 2135 1902; baseline 0.004 -21"><span class='ocrx_word' id='word_1_125' title='bbox 539 1829 693 1897; x_wconf 86' lang='lat' dir='ltr'><strong>quasi</strong></span> <span class='ocrx_word' id='word_1_126' title='bbox 747 1843 841 1896; x_wconf 84' lang='lat' dir='ltr'><strong>per</strong></span> <span class='ocrx_word' id='word_1_127' title='bbox 881 1828 1095 1898; x_wconf 84' lang='lat' dir='ltr'><strong>ignem?</strong></span> <span class='ocrx_word' id='word_1_128' title='bbox 1123 1830 1290 1886; x_wconf 90' lang='lat' dir='ltr'><strong>Simul</strong></span> <span class='ocrx_word' id='word_1_129' title='bbox 1331 1832 1452 1901; x_wconf 85' lang='lat' dir='ltr'><strong>quis</strong></span> <span class='ocrx_word' id='word_1_130' title='bbox 1492 1833 1594 1888; x_wconf 90' lang='lat' dir='ltr'><strong>iste</strong></span> <span class='ocrx_word' id='word_1_131' title='bbox 1633 1833 1722 1899; x_wconf 86' lang='lat' dir='ltr'><strong>sit,</strong></span> <span class='ocrx_word' id='word_1_132' title='bbox 1770 1832 2135 1902; x_wconf 90' lang='lat' dir='ltr'><strong>inquiramus;</strong></span> 
     </span>
    </p>
   </div>
   <div class='ocr_carea' id='block_1_19' title="bbox 540 1918 2135 1991">
    <p class='ocr_par' dir='ltr' id='par_1_19' title="bbox 540 1918 2135 1991">
     <span class='ocr_line' id='line_1_19' title="bbox 540 1918 2135 1991; baseline 0.004 -18"><span class='ocrx_word' id='word_1_133' title='bbox 540 1918 682 1974; x_wconf 88' lang='lat' dir='ltr'><strong>hunc</strong></span> <span class='ocrx_word' id='word_1_134' title='bbox 717 1931 894 1974; x_wconf 90' lang='lat' dir='ltr'><strong>tamen</strong></span> <span class='ocrx_word' id='word_1_135' title='bbox 928 1935 1032 1974; x_wconf 90' lang='lat' dir='ltr'><strong>non</strong></span> <span class='ocrx_word' id='word_1_136' title='bbox 1080 1935 1200 1976; x_wconf 87' lang='lat' dir='ltr'><strong>esse</strong></span> <span class='ocrx_word' id='word_1_137' title='bbox 1231 1924 1593 1979; x_wconf 87' lang='lat' dir='ltr'><strong>certissimum</strong></span> <span class='ocrx_word' id='word_1_138' title='bbox 1645 1933 1750 1991; x_wconf 89' lang='lat' dir='ltr'><strong>est,</strong></span> <span class='ocrx_word' id='word_1_139' title='bbox 1793 1940 1861 1980; x_wconf 91' lang='lat' dir='ltr'><strong>ne</strong></span> <span class='ocrx_word' id='word_1_140' title='bbox 1908 1927 2135 1981; x_wconf 89' lang='lat' dir='ltr'><strong>duorum</strong></span> 
     </span>
    </p>
   </div>
   <div class='ocr_carea' id='block_1_20' title="bbox 540 2014 2160 2085">
    <p class='ocr_par' dir='ltr' id='par_1_20' title="bbox 540 2014 2160 2085">
     <span class='ocr_line' id='line_1_20' title="bbox 540 2014 2160 2085; baseline 0.006 -18"><span class='ocrx_word' id='word_1_141' title='bbox 540 2014 922 2081; x_wconf 79' lang='lat' dir='ltr'><strong>Apostolorum</strong></span> <span class='ocrx_word' id='word_1_142' title='bbox 950 2017 1248 2071; x_wconf 88' lang='lat' dir='ltr'><strong>sententias</strong></span> <span class='ocrx_word' id='word_1_143' title='bbox 1281 2017 1556 2073; x_wconf 85' lang='lat' dir='ltr'><strong>mittamus</strong></span> <span class='ocrx_word' id='word_1_144' title='bbox 1588 2019 1640 2073; x_wconf 91' lang='lat' dir='ltr'><strong>in</strong></span> <span class='ocrx_word' id='word_1_145' title='bbox 1672 2020 1866 2085; x_wconf 81' lang='lat' dir='ltr'><strong>rixam,</strong></span> <span class='ocrx_word' id='word_1_146' title='bbox 1913 2024 1956 2074; x_wconf 90' lang='lat' dir='ltr'><strong>si</strong></span> <span class='ocrx_word' id='word_1_147' title='bbox 2001 2035 2160 2078; x_wconf 77' lang='lat' dir='ltr'><strong>unus.</strong></span> 
     </span>
    </p>
   </div>
   <div class='ocr_carea' id='block_1_21' title="bbox 541 2104 2137 2180">
    <p class='ocr_par' dir='ltr' id='par_1_21' title="bbox 541 2104 2137 2180">
     <span class='ocr_line' id='line_1_21' title="bbox 541 2104 2137 2180; baseline 0.007 -23"><span class='ocrx_word' id='word_1_148' title='bbox 541 2104 711 2158; x_wconf 86' lang='lat' dir='ltr'><strong>dicit:</strong></span> <span class='ocrx_word' id='word_1_149' title='bbox 747 2106 917 2160; x_wconf 69' lang='lat' dir='ltr'><strong>titiam</strong></span> <span class='ocrx_word' id='word_1_150' title='bbox 960 2107 1004 2160; x_wconf 84' lang='lat' dir='ltr'><strong>si</strong></span> <span class='ocrx_word' id='word_1_151' title='bbox 1037 2109 1175 2162; x_wconf 91' lang='lat' dir='ltr'><strong>mala</strong></span> <span class='ocrx_word' id='word_1_152' title='bbox 1219 2124 1383 2179; x_wconf 90' lang='lat' dir='ltr'><strong>opera</strong></span> <span class='ocrx_word' id='word_1_153' title='bbox 1413 2110 1533 2179; x_wconf 90' lang='lat' dir='ltr'><strong>quis</strong></span> <span class='ocrx_word' id='word_1_154' title='bbox 1584 2111 1854 2180; x_wconf 87' lang='lat' dir='ltr'><strong>habuerit,</strong></span> <span class='ocrx_word' id='word_1_155' title='bbox 1907 2112 2137 2168; x_wconf 89' lang='lat' dir='ltr'><strong>salvabit</strong></span> 
     </span>
    </p>
   </div>
   <div class='ocr_carea' id='block_1_22' title="bbox 539 2197 2138 2272">
    <p class='ocr_par' dir='ltr' id='par_1_22' title="bbox 539 2197 2138 2272">
     <span class='ocr_line' id='line_1_22' title="bbox 539 2197 2138 2272; baseline 0.005 -22"><span class='ocrx_word' id='word_1_156' title='bbox 539 2209 661 2250; x_wconf 83' lang='lat' dir='ltr'><strong>eum</strong></span> <span class='ocrx_word' id='word_1_157' title='bbox 691 2211 787 2266; x_wconf 88' lang='lat' dir='ltr'><strong>per</strong></span> <span class='ocrx_word' id='word_1_158' title='bbox 817 2197 988 2266; x_wconf 82' lang='lat' dir='ltr'><strong>ignem</strong></span> <span class='ocrx_word' id='word_1_159' title='bbox 1015 2199 1182 2266; x_wconf 85' lang='lat' dir='ltr'><strong>fides;</strong></span> <span class='ocrx_word' id='word_1_160' title='bbox 1212 2201 1348 2255; x_wconf 90' lang='lat' dir='ltr'><strong>alius</strong></span> <span class='ocrx_word' id='word_1_161' title='bbox 1377 2213 1556 2257; x_wconf 91' lang='lat' dir='ltr'><strong>autem</strong></span> <span class='ocrx_word' id='word_1_162' title='bbox 1587 2221 1599 2254; x_wconf 92' lang='lat'>:</span> <span class='ocrx_word' id='word_1_163' title='bbox 1631 2203 1686 2258; x_wconf 93' lang='lat' dir='ltr'><strong>Si</strong></span> <span class='ocrx_word' id='word_1_164' title='bbox 1714 2219 1876 2272; x_wconf 85' lang='lat' dir='ltr'><strong>opera</strong></span> <span class='ocrx_word' id='word_1_165' title='bbox 1907 2220 2012 2258; x_wconf 91' lang='lat' dir='ltr'><strong>non</strong></span> <span class='ocrx_word' id='word_1_166' title='bbox 2043 2204 2138 2259; x_wconf 85' lang='lat' dir='ltr'><strong>ha-</strong></span> 
     </span>
    </p>
   </div>
   <div class='ocr_carea' id='block_1_23' title="bbox 540 2284 2137 2360">
    <p class='ocr_par' dir='ltr' id='par_1_23' title="bbox 540 2284 2137 2360">
     <span class='ocr_line' id='line_1_23' title="bbox 540 2284 2137 2360; baseline 0.005 -14"><span class='ocrx_word' id='word_1_167' title='bbox 540 2284 685 2351; x_wconf 84' lang='lat' dir='ltr'><strong>beat,</strong></span> <span class='ocrx_word' id='word_1_168' title='bbox 717 2291 956 2360; x_wconf 91' lang='lat' dir='ltr'><strong>nunquid</strong></span> <span class='ocrx_word' id='word_1_169' title='bbox 983 2293 1177 2360; x_wconf 86' lang='lat' dir='ltr'><strong>potcrit</strong></span> <span class='ocrx_word' id='word_1_170' title='bbox 1207 2292 1341 2349; x_wconf 87' lang='lat' dir='ltr'><strong>fides</strong></span> <span class='ocrx_word' id='word_1_171' title='bbox 1372 2295 1588 2350; x_wconf 87' lang='lat' dir='ltr'><strong>salvare</strong></span> <span class='ocrx_word' id='word_1_172' title='bbox 1611 2296 1770 2350; x_wconf 90' lang='lat' dir='ltr'><strong>eum?</strong></span> <span class='ocrx_word' id='word_1_173' title='bbox 1799 2295 2137 2355; x_wconf 83' lang='lat' dir='ltr'><strong>Inveniemus</strong></span> 
     </span>
    </p>
   </div>
   <div class='ocr_carea' id='block_1_24' title="bbox 540 2380 2137 2458">
    <p class='ocr_par' dir='ltr' id='par_1_24' title="bbox 540 2380 2137 2458">
     <span class='ocr_line' id='line_1_24' title="bbox 540 2380 2137 2458; baseline 0.004 -21"><span class='ocrx_word' id='word_1_174' title='bbox 540 2395 670 2452; x_wconf 86' lang='lat' dir='ltr'><strong>ergo</strong></span> <span class='ocrx_word' id='word_1_175' title='bbox 693 2384 812 2452; x_wconf 90' lang='lat' dir='ltr'><strong>quis</strong></span> <span class='ocrx_word' id='word_1_176' title='bbox 843 2380 977 2456; x_wconf 81' lang='lat' dir='ltr'><strong>[qui]</strong></span> <span class='ocrx_word' id='word_1_177' title='bbox 1013 2386 1180 2450; x_wconf 76' lang='lat' dir='ltr'><strong>possit</strong></span> <span class='ocrx_word' id='word_1_178' title='bbox 1206 2386 1401 2441; x_wconf 90' lang='lat' dir='ltr'><strong>sa!vari</strong></span> <span class='ocrx_word' id='word_1_179' title='bbox 1441 2401 1534 2455; x_wconf 88' lang='lat' dir='ltr'><strong>per</strong></span> <span class='ocrx_word' id='word_1_180' title='bbox 1566 2388 1767 2457; x_wconf 85' lang='lat' dir='ltr'><strong>ignem,</strong></span> <span class='ocrx_word' id='word_1_181' title='bbox 1802 2391 1846 2442; x_wconf 91' lang='lat' dir='ltr'><strong>si</strong></span> <span class='ocrx_word' id='word_1_182' title='bbox 1877 2391 2025 2458; x_wconf 91' lang='lat' dir='ltr'><strong>prius</strong></span> <span class='ocrx_word' id='word_1_183' title='bbox 2055 2390 2137 2444; x_wconf 88' lang='lat' dir='ltr'><strong>in-</strong></span> 
     </span>
    </p>
   </div>
   <div class='ocr_carea' id='block_1_25' title="bbox 540 2477 2133 2547">
    <p class='ocr_par' dir='ltr' id='par_1_25' title="bbox 540 2477 2133 2547">
     <span class='ocr_line' id='line_1_25' title="bbox 540 2477 2133 2547; baseline 0.006 -18"><span class='ocrx_word' id='word_1_184' title='bbox 540 2477 852 2531; x_wconf 86' lang='lat' dir='ltr'><strong>venerimus</strong></span> <span class='ocrx_word' id='word_1_185' title='bbox 884 2477 1011 2547; x_wconf 88' lang='lat' dir='ltr'><strong>quid</strong></span> <span class='ocrx_word' id='word_1_186' title='bbox 1039 2477 1109 2532; x_wconf 90' lang='lat' dir='ltr'><strong>sit</strong></span> <span class='ocrx_word' id='word_1_187' title='bbox 1141 2477 1340 2534; x_wconf 90' lang='lat' dir='ltr'><strong>habere</strong></span> <span class='ocrx_word' id='word_1_188' title='bbox 1368 2481 1420 2534; x_wconf 81' lang='lat' dir='ltr'><strong>in</strong></span> <span class='ocrx_word' id='word_1_189' title='bbox 1455 2481 1804 2538; x_wconf 89' lang='lat' dir='ltr'><strong>fundamento</strong></span> <span class='ocrx_word' id='word_1_190' title='bbox 1838 2481 2133 2539; x_wconf 80' lang='lat' dir='ltr'><strong>Christum.</strong></span> 
     </span>
    </p>
   </div>
   <div class='ocr_carea' id='block_1_26' title="bbox 540 2566 2134 2643">
    <p class='ocr_par' dir='ltr' id='par_1_26' title="bbox 540 2566 2134 2643">
     <span class='ocr_line' id='line_1_26' title="bbox 540 2566 2134 2643; baseline 0.007 -23"><span class='ocrx_word' id='word_1_191' title='bbox 540 2566 698 2634; x_wconf 89' lang='lat' dir='ltr'><strong>Quod</strong></span> <span class='ocrx_word' id='word_1_192' title='bbox 729 2579 782 2620; x_wconf 95' lang='lat' dir='ltr'><strong>ut</strong></span> <span class='ocrx_word' id='word_1_193' title='bbox 810 2569 879 2624; x_wconf 92' lang='lat' dir='ltr'><strong>de</strong></span> <span class='ocrx_word' id='word_1_194' title='bbox 911 2571 1025 2638; x_wconf 90' lang='lat' dir='ltr'><strong>ipsa</strong></span> <span class='ocrx_word' id='word_1_195' title='bbox 1048 2570 1402 2625; x_wconf 79' lang='lat' dir='ltr'><strong>similitudine</strong></span> <span class='ocrx_word' id='word_1_196' title='bbox 1431 2575 1750 2642; x_wconf 90' lang='lat' dir='ltr'><strong>quantocius</strong></span> <span class='ocrx_word' id='word_1_197' title='bbox 1770 2576 2134 2643; x_wconf 87' lang='lat' dir='ltr'><strong>advertamus,</strong></span> 
     </span>
    </p>
   </div>
   <div class='ocr_carea' id='block_1_27' title="bbox 543 2659 2137 2742">
    <p class='ocr_par' dir='ltr' id='par_1_27' title="bbox 543 2659 2137 2742">
     <span class='ocr_line' id='line_1_27' title="bbox 543 2659 2137 2742; baseline 0.006 -26"><span class='ocrx_word' id='word_1_198' title='bbox 543 2659 676 2716; x_wconf 89' lang='lat' dir='ltr'><strong>nihil</strong></span> <span class='ocrx_word' id='word_1_199' title='bbox 713 2662 763 2715; x_wconf 92' lang='lat' dir='ltr'><strong>in</strong></span> <span class='ocrx_word' id='word_1_200' title='bbox 811 2663 1037 2718; x_wconf 63' lang='lat' dir='ltr'><strong>aedificio</strong></span> <span class='ocrx_word' id='word_1_201' title='bbox 1084 2665 1417 2734; x_wconf 66' lang='lat' dir='ltr'><strong>praeponitur</strong></span> <span class='ocrx_word' id='word_1_202' title='bbox 1459 2667 1829 2724; x_wconf 88' lang='lat' dir='ltr'><strong>fundamento.</strong></span> <span class='ocrx_word' id='word_1_203' title='bbox 1882 2670 2137 2742; x_wconf 87' lang='lat' dir='ltr'><strong>Quisquis</strong></span> 
     </span>
    </p>
   </div>
   <div class='ocr_carea' id='block_1_28' title="bbox 543 2752 2140 2830">
    <p class='ocr_par' dir='ltr' id='par_1_28' title="bbox 543 2752 2140 2830">
     <span class='ocr_line' id='line_1_28' title="bbox 543 2752 2140 2830; baseline 0.008 -22"><span class='ocrx_word' id='word_1_204' title='bbox 543 2752 727 2823; x_wconf 84' lang='lat' dir='ltr'><strong>itaque</strong></span> <span class='ocrx_word' id='word_1_205' title='bbox 757 2755 836 2809; x_wconf 86' lang='lat' dir='ltr'><strong>sic</strong></span> <span class='ocrx_word' id='word_1_206' title='bbox 869 2755 1030 2812; x_wconf 82' lang='lat' dir='ltr'><strong>habet</strong></span> <span class='ocrx_word' id='word_1_207' title='bbox 1052 2757 1106 2812; x_wconf 92' lang='lat' dir='ltr'><strong>in</strong></span> <span class='ocrx_word' id='word_1_208' title='bbox 1131 2757 1296 2814; x_wconf 90' lang='lat' dir='ltr'><strong>corde</strong></span> <span class='ocrx_word' id='word_1_209' title='bbox 1323 2758 1616 2830; x_wconf 89' lang='lat' dir='ltr'><strong>Christum,</strong></span> <span class='ocrx_word' id='word_1_210' title='bbox 1652 2774 1706 2815; x_wconf 92' lang='lat' dir='ltr'><strong>ut</strong></span> <span class='ocrx_word' id='word_1_211' title='bbox 1738 2762 1789 2818; x_wconf 92' lang='lat' dir='ltr'><strong>ei</strong></span> <span class='ocrx_word' id='word_1_212' title='bbox 1819 2772 2032 2820; x_wconf 88' lang='lat' dir='ltr'><strong>terrena</strong></span> <span class='ocrx_word' id='word_1_213' title='bbox 2082 2772 2140 2821; x_wconf 85' lang='lat' dir='ltr'><strong>et</strong></span> 
     </span>
    </p>
   </div>
   <div class='ocr_carea' id='block_1_29' title="bbox 543 2848 2135 2926">
    <p class='ocr_par' dir='ltr' id='par_1_29' title="bbox 543 2848 2135 2926">
     <span class='ocr_line' id='line_1_29' title="bbox 543 2848 2135 2926; baseline 0.008 -24"><span class='ocrx_word' id='word_1_214' title='bbox 543 2848 884 2917; x_wconf 81' lang='lat' dir='ltr'><strong>temporalia,</strong></span> <span class='ocrx_word' id='word_1_215' title='bbox 920 2865 1019 2906; x_wconf 92' lang='lat' dir='ltr'><strong>nec</strong></span> <span class='ocrx_word' id='word_1_216' title='bbox 1060 2866 1122 2907; x_wconf 89' lang='lat' dir='ltr'><strong>ea</strong></span> <span class='ocrx_word' id='word_1_217' title='bbox 1173 2867 1293 2923; x_wconf 77' lang='lat' dir='ltr'><strong>qua:</strong></span> <span class='ocrx_word' id='word_1_218' title='bbox 1322 2853 1465 2910; x_wconf 91' lang='lat' dir='ltr'><strong>licita</strong></span> <span class='ocrx_word' id='word_1_219' title='bbox 1509 2863 1633 2910; x_wconf 91' lang='lat' dir='ltr'><strong>sunt</strong></span> <span class='ocrx_word' id='word_1_220' title='bbox 1670 2866 1832 2926; x_wconf 93' lang='lat' dir='ltr'><strong>atque</strong></span> <span class='ocrx_word' id='word_1_221' title='bbox 1876 2873 2135 2915; x_wconf 85' lang='lat' dir='ltr'><strong>concessa</strong></span> 
     </span>
    </p>
   </div>
   <div class='ocr_carea' id='block_1_30' title="bbox 544 2942 2134 3010">
    <p class='ocr_par' dir='ltr' id='par_1_30' title="bbox 544 2942 2134 3010">
     <span class='ocr_line' id='line_1_30' title="bbox 544 2942 2134 3010; baseline 0.008 -15"><span class='ocrx_word' id='word_1_222' title='bbox 544 2952 847 3010; x_wconf 66' lang='lat' dir='ltr'><strong>praeponat,</strong></span> <span class='ocrx_word' id='word_1_223' title='bbox 901 2942 1311 3001; x_wconf 91' lang='lat' dir='ltr'><strong>fundamentum</strong></span> <span class='ocrx_word' id='word_1_224' title='bbox 1347 2945 1510 3003; x_wconf 86' lang='lat' dir='ltr'><strong>habet</strong></span> <span class='ocrx_word' id='word_1_225' title='bbox 1539 2947 1812 3004; x_wconf 88' lang='lat' dir='ltr'><strong>Christum</strong></span> <span class='ocrx_word' id='word_1_226' title='bbox 1841 2968 1854 3003; x_wconf 90' lang='lat'>:</span> <span class='ocrx_word' id='word_1_227' title='bbox 1880 2952 1922 3005; x_wconf 90' lang='lat' dir='ltr'><strong>si</strong></span> <span class='ocrx_word' id='word_1_228' title='bbox 1955 2948 2134 3008; x_wconf 86' lang='lat' dir='ltr'><strong>autem</strong></span> 
     </span>
    </p>
   </div>
   <div class='ocr_carea' id='block_1_31' title="bbox 542 3034 2134 3108">
    <p class='ocr_par' dir='ltr' id='par_1_31' title="bbox 542 3034 2134 3108">
     <span class='ocr_line' id='line_1_31' title="bbox 542 3034 2134 3108; baseline 0.008 -24"><span class='ocrx_word' id='word_1_229' title='bbox 542 3035 842 3102; x_wconf 75' lang='lat' dir='ltr'><strong>praeponit,</strong></span> <span class='ocrx_word' id='word_1_230' title='bbox 880 3035 984 3089; x_wconf 89' lang='lat' dir='ltr'><strong>etsi</strong></span> <span class='ocrx_word' id='word_1_231' title='bbox 1018 3034 1261 3090; x_wconf 84' lang='lat' dir='ltr'><strong>videatur</strong></span> <span class='ocrx_word' id='word_1_232' title='bbox 1306 3036 1508 3093; x_wconf 88' lang='lat' dir='ltr'><strong>habere</strong></span> <span class='ocrx_word' id='word_1_233' title='bbox 1559 3038 1717 3093; x_wconf 84' lang='lat' dir='ltr'><strong>fidem</strong></span> <span class='ocrx_word' id='word_1_234' title='bbox 1771 3040 1996 3108; x_wconf 83' lang='lat' dir='ltr'><strong>Christi,</strong></span> <span class='ocrx_word' id='word_1_235' title='bbox 2029 3056 2134 3096; x_wconf 91' lang='lat' dir='ltr'><strong>non</strong></span> 
     </span>
    </p>
   </div>
   <div class='ocr_carea' id='block_1_32' title="bbox 541 3125 2136 3198">
    <p class='ocr_par' dir='ltr' id='par_1_32' title="bbox 541 3125 2136 3198">
     <span class='ocr_line' id='line_1_32' title="bbox 541 3125 2136 3198; baseline 0.006 -19"><span class='ocrx_word' id='word_1_236' title='bbox 541 3132 629 3179; x_wconf 88' lang='lat' dir='ltr'><strong>est</strong></span> <span class='ocrx_word' id='word_1_237' title='bbox 678 3132 856 3179; x_wconf 89' lang='lat' dir='ltr'><strong>tamen</strong></span> <span class='ocrx_word' id='word_1_238' title='bbox 903 3127 956 3180; x_wconf 91' lang='lat' dir='ltr'><strong>in</strong></span> <span class='ocrx_word' id='word_1_239' title='bbox 996 3140 1062 3180; x_wconf 88' lang='lat' dir='ltr'><strong>eo</strong></span> <span class='ocrx_word' id='word_1_240' title='bbox 1111 3125 1521 3183; x_wconf 85' lang='lat' dir='ltr'><strong>fundamentum</strong></span> <span class='ocrx_word' id='word_1_241' title='bbox 1550 3129 1821 3198; x_wconf 89' lang='lat' dir='ltr'><strong>Christus,</strong></span> <span class='ocrx_word' id='word_1_242' title='bbox 1869 3133 1958 3187; x_wconf 89' lang='lat' dir='ltr'><strong>cui</strong></span> <span class='ocrx_word' id='word_1_243' title='bbox 2011 3134 2136 3188; x_wconf 88' lang='lat' dir='ltr'><strong>talia</strong></span> 
     </span>
    </p>
   </div>
   <div class='ocr_carea' id='block_1_33' title="bbox 2245 518 3804 592">
    <p class='ocr_par' dir='ltr' id='par_1_33' title="bbox 2245 518 3804 592">
     <span class='ocr_line' id='line_1_33' title="bbox 2245 518 3804 592; baseline 0.007 -18"><span class='ocrx_word' id='word_1_244' title='bbox 2245 518 2378 574; x_wconf 90' lang='lat' dir='ltr'><strong>Vide</strong></span> <span class='ocrx_word' id='word_1_245' title='bbox 2409 520 2462 575; x_wconf 94' lang='lat' dir='ltr'><strong>in</strong></span> <span class='ocrx_word' id='word_1_246' title='bbox 2489 521 2812 592; x_wconf 86' lang='lat' dir='ltr'><strong>Apostolicis</strong></span> <span class='ocrx_word' id='word_1_247' title='bbox 2839 521 3019 577; x_wconf 85' lang='lat' dir='ltr'><strong>verbis</strong></span> <span class='ocrx_word' id='word_1_248' title='bbox 3051 520 3319 577; x_wconf 92' lang='lat' dir='ltr'><strong>hominem</strong></span> <span class='ocrx_word' id='word_1_249' title='bbox 3343 521 3704 580; x_wconf 60' lang='lat' dir='ltr'><strong>aedificantem</strong></span> <span class='ocrx_word' id='word_1_250' title='bbox 3737 543 3804 584; x_wconf 85' lang='lat' dir='ltr'><strong>su-</strong></span> 
     </span>
    </p>
   </div>
   <div class='ocr_carea' id='block_1_34' title="bbox 2241 612 3804 688">
    <p class='ocr_par' dir='ltr' id='par_1_34' title="bbox 2241 612 3804 688">
     <span class='ocr_line' id='line_1_34' title="bbox 2241 612 3804 688; baseline 0.004 -19"><span class='ocrx_word' id='word_1_251' title='bbox 2241 628 2339 683; x_wconf 86' lang='lat' dir='ltr'><strong>per</strong></span> <span class='ocrx_word' id='word_1_252' title='bbox 2370 612 2775 671; x_wconf 82' lang='lat' dir='ltr'><strong>fundamentum</strong></span> <span class='ocrx_word' id='word_1_253' title='bbox 2818 630 3037 680; x_wconf 92' lang='lat' dir='ltr'><strong>aurum,</strong></span> <span class='ocrx_word' id='word_1_254' title='bbox 3077 623 3395 684; x_wconf 81' lang='lat' dir='ltr'><strong>argentum,</strong></span> <span class='ocrx_word' id='word_1_255' title='bbox 3446 615 3659 685; x_wconf 77' lang='lat' dir='ltr'><strong>lapides</strong></span> <span class='ocrx_word' id='word_1_256' title='bbox 3703 634 3804 688; x_wconf 86' lang='lat' dir='ltr'><strong>pre-</strong></span> 
     </span>
    </p>
   </div>
   <div class='ocr_carea' id='block_1_35' title="bbox 2242 704 3803 779">
    <p class='ocr_par' dir='ltr' id='par_1_35' title="bbox 2242 704 3803 779">
     <span class='ocr_line' id='line_1_35' title="bbox 2242 704 3803 779; baseline 0.006 -20"><span class='ocrx_word' id='word_1_257' title='bbox 2242 704 2430 760; x_wconf 88' lang='lat' dir='ltr'><strong>tiosos.</strong></span> <span class='ocrx_word' id='word_1_258' title='bbox 2463 705 2563 774; x_wconf 87' lang='lat' dir='ltr'><strong>Qui</strong></span> <span class='ocrx_word' id='word_1_259' title='bbox 2591 708 2708 762; x_wconf 86' lang='lat' dir='ltr'><strong>sine</strong></span> <span class='ocrx_word' id='word_1_260' title='bbox 2737 723 2905 764; x_wconf 86' lang='lat' dir='ltr'><strong>uxore</strong></span> <span class='ocrx_word' id='word_1_261' title='bbox 2935 717 3012 762; x_wconf 87' lang='lat' dir='ltr'><strong>est</strong></span> <span class='ocrx_word' id='word_1_262' title='bbox 3037 749 3052 774; x_wconf 97' lang='lat'><strong>,</strong></span> <span class='ocrx_word' id='word_1_263' title='bbox 3097 708 3284 777; x_wconf 90' lang='lat' dir='ltr'><strong>inquit,</strong></span> <span class='ocrx_word' id='word_1_264' title='bbox 3329 710 3540 779; x_wconf 78' lang='lat' dir='ltr'><strong>cogitat</strong></span> <span class='ocrx_word' id='word_1_265' title='bbox 3567 726 3685 778; x_wconf 69' lang='lat' dir='ltr'><strong>quae</strong></span> <span class='ocrx_word' id='word_1_266' title='bbox 3709 725 3803 769; x_wconf 87' lang='lat' dir='ltr'><strong>sunt</strong></span> 
     </span>
    </p>
   </div>
   <div class='ocr_carea' id='block_1_36' title="bbox 2241 794 3800 867">
    <p class='ocr_par' dir='ltr' id='par_1_36' title="bbox 2241 794 3800 867">
     <span class='ocr_line' id='line_1_36' title="bbox 2241 794 3800 867; baseline 0.004 -17"><span class='ocrx_word' id='word_1_267' title='bbox 2241 794 2360 861; x_wconf 85' lang='lat' dir='ltr'><strong>Dei,</strong></span> <span class='ocrx_word' id='word_1_268' title='bbox 2392 799 2660 865; x_wconf 90' lang='lat' dir='ltr'><strong>quomodo</strong></span> <span class='ocrx_word' id='word_1_269' title='bbox 2692 800 2898 867; x_wconf 87' lang='lat' dir='ltr'><strong>placeat</strong></span> <span class='ocrx_word' id='word_1_270' title='bbox 2928 799 3059 855; x_wconf 92' lang='lat' dir='ltr'><strong>Deo.</strong></span> <span class='ocrx_word' id='word_1_271' title='bbox 3091 798 3228 854; x_wconf 87' lang='lat' dir='ltr'><strong>Vide</strong></span> <span class='ocrx_word' id='word_1_272' title='bbox 3256 799 3422 854; x_wconf 83' lang='lat' dir='ltr'><strong>alium</strong></span> <span class='ocrx_word' id='word_1_273' title='bbox 3473 801 3800 858; x_wconf 62' lang='lat' dir='ltr'><strong>aedificantem</strong></span> 
     </span>
    </p>
   </div>
   <div class='ocr_carea' id='block_1_37' title="bbox 2239 885 3798 965">
    <p class='ocr_par' dir='ltr' id='par_1_37' title="bbox 2239 885 3798 965">
     <span class='ocr_line' id='line_1_37' title="bbox 2239 885 3798 965; baseline 0.006 -23"><span class='ocrx_word' id='word_1_274' title='bbox 2239 885 2404 956; x_wconf 86' lang='lat' dir='ltr'><strong>ligna,</strong></span> <span class='ocrx_word' id='word_1_275' title='bbox 2440 888 2642 953; x_wconf 82' lang='lat' dir='ltr'><strong>fenum,</strong></span> <span class='ocrx_word' id='word_1_276' title='bbox 2669 891 2953 962; x_wconf 87' lang='lat' dir='ltr'><strong>stipulam:</strong></span> <span class='ocrx_word' id='word_1_277' title='bbox 2981 891 3081 959; x_wconf 88' lang='lat' dir='ltr'><strong>Qui</strong></span> <span class='ocrx_word' id='word_1_278' title='bbox 3112 902 3289 946; x_wconf 91' lang='lat' dir='ltr'><strong>autem</strong></span> <span class='ocrx_word' id='word_1_279' title='bbox 3320 893 3676 949; x_wconf 89' lang='lat' dir='ltr'><strong>matrimonio</strong></span> <span class='ocrx_word' id='word_1_280' title='bbox 3703 895 3798 965; x_wconf 89' lang='lat' dir='ltr'><strong>jun-</strong></span> 
     </span>
    </p>
   </div>
   <div class='ocr_carea' id='block_1_38' title="bbox 2240 982 3799 1057">
    <p class='ocr_par' dir='ltr' id='par_1_38' title="bbox 2240 982 3799 1057">
     <span class='ocr_line' id='line_1_38' title="bbox 2240 982 3799 1057; baseline 0.006 -24"><span class='ocrx_word' id='word_1_281' title='bbox 2240 989 2360 1035; x_wconf 91' lang='lat' dir='ltr'><strong>ctus</strong></span> <span class='ocrx_word' id='word_1_282' title='bbox 2381 989 2483 1046; x_wconf 91' lang='lat' dir='ltr'><strong>est,</strong></span> <span class='ocrx_word' id='word_1_283' title='bbox 2514 982 2710 1051; x_wconf 88' lang='lat' dir='ltr'><strong>inquit,</strong></span> <span class='ocrx_word' id='word_1_284' title='bbox 2734 985 2932 1053; x_wconf 82' lang='lat' dir='ltr'><strong>cogitat</strong></span> <span class='ocrx_word' id='word_1_285' title='bbox 2949 998 3012 1038; x_wconf 90' lang='lat' dir='ltr'><strong>ea</strong></span> <span class='ocrx_word' id='word_1_286' title='bbox 3033 999 3152 1054; x_wconf 73' lang='lat' dir='ltr'><strong>qua:</strong></span> <span class='ocrx_word' id='word_1_287' title='bbox 3181 994 3306 1040; x_wconf 91' lang='lat' dir='ltr'><strong>sunt</strong></span> <span class='ocrx_word' id='word_1_288' title='bbox 3329 985 3547 1052; x_wconf 91' lang='lat' dir='ltr'><strong>mundi,</strong></span> <span class='ocrx_word' id='word_1_289' title='bbox 3575 990 3799 1057; x_wconf 82' lang='lat' dir='ltr'><strong>quomodo</strong></span> 
     </span>
    </p>
   </div>
   <div class='ocr_carea' id='block_1_39' title="bbox 2241 1073 3798 1154">
    <p class='ocr_par' dir='ltr' id='par_1_39' title="bbox 2241 1073 3798 1154">
     <span class='ocr_line' id='line_1_39' title="bbox 2241 1073 3798 1154; baseline 0.005 -26"><span class='ocrx_word' id='word_1_290' title='bbox 2241 1073 2454 1143; x_wconf 86' lang='lat' dir='ltr'><strong>placeat</strong></span> <span class='ocrx_word' id='word_1_291' title='bbox 2485 1077 2673 1142; x_wconf 81' lang='lat' dir='ltr'><strong>uxori;</strong></span> <span class='ocrx_word' id='word_1_292' title='bbox 2712 1076 3125 1147; x_wconf 85' lang='lat' dir='ltr'><strong>uniuscujusque</strong></span> <span class='ocrx_word' id='word_1_293' title='bbox 3172 1093 3306 1148; x_wconf 87' lang='lat' dir='ltr'><strong>Optts</strong></span> <span class='ocrx_word' id='word_1_294' title='bbox 3338 1078 3531 1152; x_wconf 84' lang='lat' dir='ltr'><strong>[quale</strong></span> <span class='ocrx_word' id='word_1_295' title='bbox 3557 1080 3645 1154; x_wconf 89' lang='lat' dir='ltr'><strong>sit]</strong></span> <span class='ocrx_word' id='word_1_296' title='bbox 3669 1084 3798 1137; x_wconf 89' lang='lat' dir='ltr'><strong>maui-</strong></span> 
     </span>
    </p>
   </div>
   <div class='ocr_carea' id='block_1_40' title="bbox 2242 1165 3794 1244">
    <p class='ocr_par' dir='ltr' id='par_1_40' title="bbox 2242 1165 3794 1244">
     <span class='ocr_line' id='line_1_40' title="bbox 2242 1165 3794 1244; baseline 0.005 -23"><span class='ocrx_word' id='word_1_297' title='bbox 2242 1165 2559 1234; x_wconf 86' lang='lat' dir='ltr'><strong>festabitur;</strong></span> <span class='ocrx_word' id='word_1_298' title='bbox 2593 1169 2709 1224; x_wconf 91' lang='lat' dir='ltr'><strong>dies</strong></span> <span class='ocrx_word' id='word_1_299' title='bbox 2735 1171 2877 1224; x_wconf 87' lang='lat' dir='ltr'><strong>enim</strong></span> <span class='ocrx_word' id='word_1_300' title='bbox 2912 1170 3124 1226; x_wconf 90' lang='lat' dir='ltr'><strong>Domini</strong></span> <span class='ocrx_word' id='word_1_301' title='bbox 3155 1173 3486 1239; x_wconf 87' lang='lat' dir='ltr'><strong>declarabit,</strong></span> <span class='ocrx_word' id='word_1_302' title='bbox 3515 1173 3630 1228; x_wconf 88' lang='lat' dir='ltr'><strong>dies</strong></span> <span class='ocrx_word' id='word_1_303' title='bbox 3655 1176 3794 1244; x_wconf 76' lang='lat' dir='ltr'><strong>utique</strong></span> 
     </span>
    </p>
   </div>
   <div class='ocr_carea' id='block_1_41' title="bbox 2244 1260 3787 1337">
    <p class='ocr_par' dir='ltr' id='par_1_41' title="bbox 2244 1260 3787 1337">
     <span class='ocr_line' id='line_1_41' title="bbox 2244 1260 3787 1337; baseline 0.005 -22"><span class='ocrx_word' id='word_1_304' title='bbox 2244 1260 2603 1317; x_wconf 79' lang='lat' dir='ltr'><strong>tribulationis</strong></span> <span class='ocrx_word' id='word_1_305' title='bbox 2630 1279 2644 1317; x_wconf 87' lang='lat'><strong>:</strong></span> <span class='ocrx_word' id='word_1_306' title='bbox 2669 1265 2917 1329; x_wconf 90' lang='lat' dir='ltr'><strong>quoniam</strong></span> <span class='ocrx_word' id='word_1_307' title='bbox 2953 1264 3048 1336; x_wconf 79' lang='lat' dir='ltr'><strong>[in]</strong></span> <span class='ocrx_word' id='word_1_308' title='bbox 3081 1265 3222 1335; x_wconf 83' lang='lat' dir='ltr'><strong>igne,</strong></span> <span class='ocrx_word' id='word_1_309' title='bbox 3254 1267 3449 1337; x_wconf 88' lang='lat' dir='ltr'><strong>inquit,</strong></span> <span class='ocrx_word' id='word_1_310' title='bbox 3486 1269 3787 1325; x_wconf 82' lang='lat' dir='ltr'><strong>revelabitur.</strong></span> 
     </span>
    </p>
   </div>
   <div class='ocr_carea' id='block_1_42' title="bbox 2243 1353 3790 1433">
    <p class='ocr_par' dir='ltr' id='par_1_42' title="bbox 2243 1353 3790 1433">
     <span class='ocr_line' id='line_1_42' title="bbox 2243 1353 3790 1433; baseline 0.005 -24"><span class='ocrx_word' id='word_1_311' title='bbox 2243 1353 2505 1409; x_wconf 76' lang='lat' dir='ltr'><strong>Eamtletn</strong></span> <span class='ocrx_word' id='word_1_312' title='bbox 2539 1355 2937 1413; x_wconf 85' lang='lat' dir='ltr'><strong>tribulationem</strong></span> <span class='ocrx_word' id='word_1_313' title='bbox 2972 1361 3146 1428; x_wconf 86' lang='lat' dir='ltr'><strong>ignem</strong></span> <span class='ocrx_word' id='word_1_314' title='bbox 3174 1368 3351 1425; x_wconf 91' lang='lat' dir='ltr'><strong>vocat,</strong></span> <span class='ocrx_word' id='word_1_315' title='bbox 3378 1360 3527 1415; x_wconf 89' lang='lat' dir='ltr'><strong>sicut</strong></span> <span class='ocrx_word' id='word_1_316' title='bbox 3555 1363 3670 1416; x_wconf 74' lang='lat' dir='ltr'><strong>alibi</strong></span> <span class='ocrx_word' id='word_1_317' title='bbox 3698 1363 3790 1433; x_wconf 79' lang='lat' dir='ltr'><strong>legi-</strong></span> 
     </span>
    </p>
   </div>
   <div class='ocr_carea' id='block_1_43' title="bbox 2246 1447 3790 1524">
    <p class='ocr_par' dir='ltr' id='par_1_43' title="bbox 2246 1447 3790 1524">
     <span class='ocr_line' id='line_1_43' title="bbox 2246 1447 3790 1524; baseline 0.006 -24"><span class='ocrx_word' id='word_1_318' title='bbox 2246 1455 2332 1501; x_wconf 88' lang='lat' dir='ltr'><strong>tur</strong></span> <span class='ocrx_word' id='word_1_319' title='bbox 2360 1465 2372 1500; x_wconf 91' lang='lat'>:</span> <span class='ocrx_word' id='word_1_320' title='bbox 2401 1447 2534 1503; x_wconf 84' lang='lat' dir='ltr'><strong>Vasa</strong></span> <span class='ocrx_word' id='word_1_321' title='bbox 2567 1449 2714 1518; x_wconf 82' lang='lat' dir='ltr'><strong>figuli</strong></span> <span class='ocrx_word' id='word_1_322' title='bbox 2769 1450 2957 1520; x_wconf 91' lang='lat' dir='ltr'><strong>probat</strong></span> <span class='ocrx_word' id='word_1_323' title='bbox 2999 1451 3218 1515; x_wconf 83' lang='lat' dir='ltr'><strong>fornax,</strong></span> <span class='ocrx_word' id='word_1_324' title='bbox 3263 1461 3319 1507; x_wconf 88' lang='lat' dir='ltr'><strong>et</strong></span> <span class='ocrx_word' id='word_1_325' title='bbox 3369 1453 3621 1509; x_wconf 90' lang='lat' dir='ltr'><strong>homines</strong></span> <span class='ocrx_word' id='word_1_326' title='bbox 3657 1455 3790 1524; x_wconf 80' lang='lat' dir='ltr'><strong>justas</strong></span> 
     </span>
    </p>
   </div>
   <div class='ocr_carea' id='block_1_44' title="bbox 2243 1543 3786 1617">
    <p class='ocr_par' dir='ltr' id='par_1_44' title="bbox 2243 1543 3786 1617">
     <span class='ocr_line' id='line_1_44' title="bbox 2243 1543 3786 1617; baseline 0.005 -22"><span class='ocrx_word' id='word_1_327' title='bbox 2243 1543 2472 1597; x_wconf 89' lang='lat' dir='ltr'><strong>tentatio</strong></span> <span class='ocrx_word' id='word_1_328' title='bbox 2503 1543 2896 1611; x_wconf 88' lang='lat' dir='ltr'><strong>tribulationis;</strong></span> <span class='ocrx_word' id='word_1_329' title='bbox 2929 1555 2984 1599; x_wconf 93' lang='lat' dir='ltr'><strong>et</strong></span> <span class='ocrx_word' id='word_1_330' title='bbox 3024 1546 3448 1615; x_wconf 85' lang='lat' dir='ltr'><strong>uniuscujusque</strong></span> <span class='ocrx_word' id='word_1_331' title='bbox 3492 1562 3624 1616; x_wconf 88' lang='lat' dir='ltr'><strong>opus</strong></span> <span class='ocrx_word' id='word_1_332' title='bbox 3664 1549 3786 1617; x_wconf 85' lang='lat' dir='ltr'><strong>quale</strong></span> 
     </span>
    </p>
   </div>
   <div class='ocr_carea' id='block_1_45' title="bbox 2243 1634 3788 1708">
    <p class='ocr_par' dir='ltr' id='par_1_45' title="bbox 2243 1634 3788 1708">
     <span class='ocr_line' id='line_1_45' title="bbox 2243 1634 3788 1708; baseline 0.003 -19"><span class='ocrx_word' id='word_1_333' title='bbox 2243 1634 2314 1689; x_wconf 88' lang='lat' dir='ltr'><strong>sit</strong></span> <span class='ocrx_word' id='word_1_334' title='bbox 2342 1635 2479 1704; x_wconf 86' lang='lat' dir='ltr'><strong>ignis</strong></span> <span class='ocrx_word' id='word_1_335' title='bbox 2504 1636 2772 1705; x_wconf 87' lang='lat' dir='ltr'><strong>probabit,</strong></span> <span class='ocrx_word' id='word_1_336' title='bbox 2799 1637 2844 1692; x_wconf 91' lang='lat' dir='ltr'><strong>si</strong></span> <span class='ocrx_word' id='word_1_337' title='bbox 2869 1636 3022 1707; x_wconf 85' lang='lat' dir='ltr'><strong>cujus</strong></span> <span class='ocrx_word' id='word_1_338' title='bbox 3053 1653 3188 1708; x_wconf 91' lang='lat' dir='ltr'><strong>opus</strong></span> <span class='ocrx_word' id='word_1_339' title='bbox 3210 1639 3588 1707; x_wconf 85' lang='lat' dir='ltr'><strong>permanserit.</strong></span> <span class='ocrx_word' id='word_1_340' title='bbox 3613 1640 3788 1694; x_wconf 82' lang='lat' dir='ltr'><strong>Perma-</strong></span> 
     </span>
    </p>
   </div>
   <div class='ocr_carea' id='block_1_46' title="bbox 2244 1731 3786 1804">
    <p class='ocr_par' dir='ltr' id='par_1_46' title="bbox 2244 1731 3786 1804">
     <span class='ocr_line' id='line_1_46' title="bbox 2244 1731 3786 1804; baseline 0.003 -20"><span class='ocrx_word' id='word_1_341' title='bbox 2244 1737 2337 1784; x_wconf 90' lang='lat' dir='ltr'><strong>net</strong></span> <span class='ocrx_word' id='word_1_342' title='bbox 2363 1731 2506 1784; x_wconf 82' lang='lat' dir='ltr'><strong>enim</strong></span> <span class='ocrx_word' id='word_1_343' title='bbox 2538 1732 2677 1799; x_wconf 91' lang='lat' dir='ltr'><strong>quod</strong></span> <span class='ocrx_word' id='word_1_344' title='bbox 2711 1732 2938 1801; x_wconf 91' lang='lat' dir='ltr'><strong>quisque</strong></span> <span class='ocrx_word' id='word_1_345' title='bbox 2977 1735 3175 1802; x_wconf 85' lang='lat' dir='ltr'><strong>cogitat</strong></span> <span class='ocrx_word' id='word_1_346' title='bbox 3210 1748 3332 1803; x_wconf 66' lang='lat' dir='ltr'><strong>quae</strong></span> <span class='ocrx_word' id='word_1_347' title='bbox 3378 1743 3506 1788; x_wconf 90' lang='lat' dir='ltr'><strong>sunt</strong></span> <span class='ocrx_word' id='word_1_348' title='bbox 3535 1733 3643 1799; x_wconf 85' lang='lat' dir='ltr'><strong>Dei,</strong></span> <span class='ocrx_word' id='word_1_349' title='bbox 3685 1750 3786 1804; x_wconf 83' lang='lat' dir='ltr'><strong>quo-</strong></span> 
     </span>
    </p>
   </div>
   <div class='ocr_carea' id='block_1_47' title="bbox 2173 1817 3782 1893">
    <p class='ocr_par' dir='ltr' id='par_1_47' title="bbox 2173 1817 3782 1893">
     <span class='ocr_line' id='line_1_47' title="bbox 2173 1817 3782 1893; baseline 0.001 -15"><span class='ocrx_word' id='word_1_350' title='bbox 2173 1817 2222 1878; x_wconf 91' lang='lat' dir='ltr'><strong>B</strong></span> <span class='ocrx_word' id='word_1_351' title='bbox 2249 1821 2411 1876; x_wconf 90' lang='lat' dir='ltr'><strong>modo</strong></span> <span class='ocrx_word' id='word_1_352' title='bbox 2439 1823 2647 1892; x_wconf 90' lang='lat' dir='ltr'><strong>placeat</strong></span> <span class='ocrx_word' id='word_1_353' title='bbox 2676 1823 2808 1889; x_wconf 89' lang='lat' dir='ltr'><strong>Deo,</strong></span> <span class='ocrx_word' id='word_1_354' title='bbox 2840 1822 2984 1893; x_wconf 86' lang='lat' dir='ltr'><strong>quod</strong></span> <span class='ocrx_word' id='word_1_355' title='bbox 3011 1824 3484 1892; x_wconf 74' lang='lat' dir='ltr'><strong>supertedificavit,</strong></span> <span class='ocrx_word' id='word_1_356' title='bbox 3527 1828 3782 1880; x_wconf 81' lang='lat' dir='ltr'><strong>mercedem</strong></span> 
     </span>
    </p>
   </div>
   <div class='ocr_carea' id='block_1_48' title="bbox 2243 1916 3782 1988">
    <p class='ocr_par' dir='ltr' id='par_1_48' title="bbox 2243 1916 3782 1988">
     <span class='ocr_line' id='line_1_48' title="bbox 2243 1916 3782 1988; baseline 0.001 -18"><span class='ocrx_word' id='word_1_357' title='bbox 2243 1916 2494 1984; x_wconf 86' lang='lat' dir='ltr'><strong>accipiet,</strong></span> <span class='ocrx_word' id='word_1_358' title='bbox 2525 1916 2579 1970; x_wconf 89' lang='lat' dir='ltr'><strong>id</strong></span> <span class='ocrx_word' id='word_1_359' title='bbox 2609 1927 2691 1971; x_wconf 90' lang='lat' dir='ltr'><strong>est</strong></span> <span class='ocrx_word' id='word_1_360' title='bbox 2720 1917 2859 1971; x_wconf 92' lang='lat' dir='ltr'><strong>unde</strong></span> <span class='ocrx_word' id='word_1_361' title='bbox 2892 1917 3147 1986; x_wconf 64' lang='lat' dir='ltr'><strong>cogitavit</strong></span> <span class='ocrx_word' id='word_1_362' title='bbox 3191 1917 3295 1972; x_wconf 91' lang='lat' dir='ltr'><strong>hoc</strong></span> <span class='ocrx_word' id='word_1_363' title='bbox 3337 1927 3529 1972; x_wconf 90' lang='lat' dir='ltr'><strong>sumet.</strong></span> <span class='ocrx_word' id='word_1_364' title='bbox 3570 1919 3620 1974; x_wconf 92' lang='lat' dir='ltr'><strong>Si</strong></span> <span class='ocrx_word' id='word_1_365' title='bbox 3661 1919 3782 1988; x_wconf 86' lang='lat' dir='ltr'><strong>cujus</strong></span> 
     </span>
    </p>
   </div>
   <div class='ocr_carea' id='block_1_49' title="bbox 2241 2009 3782 2081">
    <p class='ocr_par' dir='ltr' id='par_1_49' title="bbox 2241 2009 3782 2081">
     <span class='ocr_line' id='line_1_49' title="bbox 2241 2009 3782 2081; baseline 0.003 -19"><span class='ocrx_word' id='word_1_366' title='bbox 2241 2017 2420 2062; x_wconf 84' lang='lat' dir='ltr'><strong>autem</strong></span> <span class='ocrx_word' id='word_1_367' title='bbox 2447 2023 2581 2078; x_wconf 89' lang='lat' dir='ltr'><strong>opus</strong></span> <span class='ocrx_word' id='word_1_368' title='bbox 2607 2011 2798 2064; x_wconf 87' lang='lat' dir='ltr'><strong>arserit</strong></span> <span class='ocrx_word' id='word_1_369' title='bbox 2825 2009 3084 2065; x_wconf 88' lang='lat' dir='ltr'><strong>damnum</strong></span> <span class='ocrx_word' id='word_1_370' title='bbox 3118 2013 3370 2079; x_wconf 91' lang='lat' dir='ltr'><strong>patietur,</strong></span> <span class='ocrx_word' id='word_1_371' title='bbox 3407 2012 3639 2080; x_wconf 87' lang='lat' dir='ltr'><strong>quoniam</strong></span> <span class='ocrx_word' id='word_1_372' title='bbox 3667 2012 3782 2081; x_wconf 90' lang='lat' dir='ltr'><strong>quod</strong></span> 
     </span>
    </p>
   </div>
   <div class='ocr_carea' id='block_1_50' title="bbox 2242 2101 3780 2175">
    <p class='ocr_par' dir='ltr' id='par_1_50' title="bbox 2242 2101 3780 2175">
     <span class='ocr_line' id='line_1_50' title="bbox 2242 2101 3780 2175; baseline 0.001 -19"><span class='ocrx_word' id='word_1_373' title='bbox 2242 2101 2506 2156; x_wconf 78' lang='lat' dir='ltr'><strong>dilexerat</strong></span> <span class='ocrx_word' id='word_1_374' title='bbox 2530 2118 2639 2158; x_wconf 92' lang='lat' dir='ltr'><strong>non</strong></span> <span class='ocrx_word' id='word_1_375' title='bbox 2669 2102 2889 2158; x_wconf 91' lang='lat' dir='ltr'><strong>habebit</strong></span> <span class='ocrx_word' id='word_1_376' title='bbox 2915 2121 2928 2157; x_wconf 90' lang='lat'>:</span> <span class='ocrx_word' id='word_1_377' title='bbox 2962 2103 3075 2174; x_wconf 90' lang='lat' dir='ltr'><strong>ipse</strong></span> <span class='ocrx_word' id='word_1_378' title='bbox 3106 2112 3284 2158; x_wconf 88' lang='lat' dir='ltr'><strong>autem</strong></span> <span class='ocrx_word' id='word_1_379' title='bbox 3313 2105 3489 2160; x_wconf 80' lang='lat' dir='ltr'><strong>salvas</strong></span> <span class='ocrx_word' id='word_1_380' title='bbox 3529 2107 3638 2170; x_wconf 88' lang='lat' dir='ltr'><strong>erit,</strong></span> <span class='ocrx_word' id='word_1_381' title='bbox 3681 2108 3780 2175; x_wconf 85' lang='lat' dir='ltr'><strong>quia</strong></span> 
     </span>
    </p>
   </div>
   <div class='ocr_carea' id='block_1_51' title="bbox 2240 2192 3778 2249">
    <p class='ocr_par' dir='ltr' id='par_1_51' title="bbox 2240 2192 3778 2249">
     <span class='ocr_line' id='line_1_51' title="bbox 2240 2192 3778 2249; baseline 0.001 -2"><span class='ocrx_word' id='word_1_382' title='bbox 2240 2192 2384 2247; x_wconf 85' lang='lat' dir='ltr'><strong>nulla</strong></span> <span class='ocrx_word' id='word_1_383' title='bbox 2411 2207 2533 2246; x_wconf 91' lang='lat' dir='ltr'><strong>eum</strong></span> <span class='ocrx_word' id='word_1_384' title='bbox 2566 2193 2839 2249; x_wconf 85' lang='lat' dir='ltr'><strong>tribulatio</strong></span> <span class='ocrx_word' id='word_1_385' title='bbox 2879 2194 2949 2248; x_wconf 88' lang='lat' dir='ltr'><strong>ab</strong></span> <span class='ocrx_word' id='word_1_386' title='bbox 2993 2194 3132 2248; x_wconf 91' lang='lat' dir='ltr'><strong>illius</strong></span> <span class='ocrx_word' id='word_1_387' title='bbox 3175 2194 3487 2248; x_wconf 85' lang='lat' dir='ltr'><strong>fundamenti</strong></span> <span class='ocrx_word' id='word_1_388' title='bbox 3519 2194 3778 2249; x_wconf 76' lang='lat' dir='ltr'><strong>stabilitate</strong></span> 
     </span>
    </p>
   </div>
   <div class='ocr_carea' id='block_1_52' title="bbox 2238 2287 3768 2358">
    <p class='ocr_par' dir='ltr' id='par_1_52' title="bbox 2238 2287 3768 2358">
     <span class='ocr_line' id='line_1_52' title="bbox 2238 2287 3768 2358; baseline -0.001 -16"><span class='ocrx_word' id='word_1_389' title='bbox 2238 2287 2497 2351; x_wconf 80' lang='lat' dir='ltr'><strong>semovit;</strong></span> <span class='ocrx_word' id='word_1_390' title='bbox 2547 2287 2626 2342; x_wconf 90' lang='lat' dir='ltr'><strong>sic</strong></span> <span class='ocrx_word' id='word_1_391' title='bbox 2676 2296 2856 2342; x_wconf 88' lang='lat' dir='ltr'><strong>tamen</strong></span> <span class='ocrx_word' id='word_1_392' title='bbox 2901 2288 3055 2357; x_wconf 91' lang='lat' dir='ltr'><strong>quasi</strong></span> <span class='ocrx_word' id='word_1_393' title='bbox 3101 2303 3197 2355; x_wconf 86' lang='lat' dir='ltr'><strong>per</strong></span> <span class='ocrx_word' id='word_1_394' title='bbox 3243 2289 3399 2358; x_wconf 79' lang='lat' dir='ltr'><strong>ignem</strong></span> <span class='ocrx_word' id='word_1_395' title='bbox 3429 2304 3442 2342; x_wconf 89' lang='lat'><strong>:</strong></span> <span class='ocrx_word' id='word_1_396' title='bbox 3469 2288 3596 2356; x_wconf 85' lang='lat' dir='ltr'><strong>quod</strong></span> <span class='ocrx_word' id='word_1_397' title='bbox 3641 2291 3768 2343; x_wconf 90' lang='lat' dir='ltr'><strong>enim</strong></span> 
     </span>
    </p>
   </div>
   <div class='ocr_carea' id='block_1_53' title="bbox 2239 2377 3772 2454">
    <p class='ocr_par' dir='ltr' id='par_1_53' title="bbox 2239 2377 3772 2454">
     <span class='ocr_line' id='line_1_53' title="bbox 2239 2377 3772 2454; baseline 0.001 -20"><span class='ocrx_word' id='word_1_398' title='bbox 2239 2377 2502 2434; x_wconf 83' lang='lat' dir='ltr'><strong>illicientc</strong></span> <span class='ocrx_word' id='word_1_399' title='bbox 2541 2394 2728 2436; x_wconf 89' lang='lat' dir='ltr'><strong>amore</strong></span> <span class='ocrx_word' id='word_1_400' title='bbox 2769 2380 2937 2454; x_wconf 91' lang='lat' dir='ltr'><strong>[quod</strong></span> <span class='ocrx_word' id='word_1_401' title='bbox 2967 2380 3112 2437; x_wconf 91' lang='lat' dir='ltr'><strong>enim</strong></span> <span class='ocrx_word' id='word_1_402' title='bbox 3155 2382 3274 2435; x_wconf 86' lang='lat' dir='ltr'><strong>sine</strong></span> <span class='ocrx_word' id='word_1_403' title='bbox 3315 2381 3550 2436; x_wconf 85' lang='lat' dir='ltr'><strong>illiciente</strong></span> <span class='ocrx_word' id='word_1_404' title='bbox 3590 2382 3772 2454; x_wconf 82' lang='lat' dir='ltr'><strong>amore]</strong></span> 
     </span>
    </p>
   </div>
   <div class='ocr_carea' id='block_1_54' title="bbox 2241 2471 3771 2543">
    <p class='ocr_par' dir='ltr' id='par_1_54' title="bbox 2241 2471 3771 2543">
     <span class='ocr_line' id='line_1_54' title="bbox 2241 2471 3771 2543; baseline 0 -15"><span class='ocrx_word' id='word_1_405' title='bbox 2241 2487 2347 2528; x_wconf 91' lang='lat' dir='ltr'><strong>non</strong></span> <span class='ocrx_word' id='word_1_406' title='bbox 2379 2471 2584 2538; x_wconf 90' lang='lat' dir='ltr'><strong>habuit,</strong></span> <span class='ocrx_word' id='word_1_407' title='bbox 2636 2473 2753 2527; x_wconf 84' lang='lat' dir='ltr'><strong>sine</strong></span> <span class='ocrx_word' id='word_1_408' title='bbox 2801 2481 2994 2528; x_wconf 90' lang='lat' dir='ltr'><strong>urente</strong></span> <span class='ocrx_word' id='word_1_409' title='bbox 3033 2473 3222 2528; x_wconf 90' lang='lat' dir='ltr'><strong>dolore</strong></span> <span class='ocrx_word' id='word_1_410' title='bbox 3252 2489 3358 2528; x_wconf 93' lang='lat' dir='ltr'><strong>non</strong></span> <span class='ocrx_word' id='word_1_411' title='bbox 3414 2473 3592 2543; x_wconf 85' lang='lat' dir='ltr'><strong>perdit.</strong></span> <span class='ocrx_word' id='word_1_412' title='bbox 3642 2473 3771 2539; x_wconf 83' lang='lat' dir='ltr'><strong>Ecce,</strong></span> 
     </span>
    </p>
   </div>
   <div class='ocr_carea' id='block_1_55' title="bbox 2241 2565 3769 2636">
    <p class='ocr_par' dir='ltr' id='par_1_55' title="bbox 2241 2565 3769 2636">
     <span class='ocr_line' id='line_1_55' title="bbox 2241 2565 3769 2636; baseline -0.001 -16"><span class='ocrx_word' id='word_1_413' title='bbox 2241 2576 2501 2636; x_wconf 89' lang='lat' dir='ltr'><strong>quantum</strong></span> <span class='ocrx_word' id='word_1_414' title='bbox 2527 2565 2655 2619; x_wconf 90' lang='lat' dir='ltr'><strong>mihi</strong></span> <span class='ocrx_word' id='word_1_415' title='bbox 2685 2565 2917 2632; x_wconf 89' lang='lat' dir='ltr'><strong>videtur,</strong></span> <span class='ocrx_word' id='word_1_416' title='bbox 2944 2565 3194 2622; x_wconf 88' lang='lat' dir='ltr'><strong>inventus</strong></span> <span class='ocrx_word' id='word_1_417' title='bbox 3214 2576 3298 2622; x_wconf 88' lang='lat' dir='ltr'><strong>est</strong></span> <span class='ocrx_word' id='word_1_418' title='bbox 3331 2566 3485 2636; x_wconf 87' lang='lat' dir='ltr'><strong>ignis,</strong></span> <span class='ocrx_word' id='word_1_419' title='bbox 3515 2567 3596 2636; x_wconf 88' lang='lat' dir='ltr'><strong>qui</strong></span> <span class='ocrx_word' id='word_1_420' title='bbox 3614 2569 3769 2620; x_wconf 88' lang='lat' dir='ltr'><strong>nullum</strong></span> 
     </span>
    </p>
   </div>
   <div class='ocr_carea' id='block_1_56' title="bbox 2240 2659 3762 2726">
    <p class='ocr_par' dir='ltr' id='par_1_56' title="bbox 2240 2659 3762 2726">
     <span class='ocr_line' id='line_1_56' title="bbox 2240 2659 3762 2726; baseline -0.002 -11"><span class='ocrx_word' id='word_1_421' title='bbox 2240 2674 2428 2716; x_wconf 85' lang='lat' dir='ltr'><strong>eorum</strong></span> <span class='ocrx_word' id='word_1_422' title='bbox 2457 2660 2696 2725; x_wconf 89' lang='lat' dir='ltr'><strong>damnet,</strong></span> <span class='ocrx_word' id='word_1_423' title='bbox 2723 2659 2821 2715; x_wconf 88' lang='lat' dir='ltr'><strong>sed</strong></span> <span class='ocrx_word' id='word_1_424' title='bbox 2849 2676 3011 2715; x_wconf 93' lang='lat' dir='ltr'><strong>unum</strong></span> <span class='ocrx_word' id='word_1_425' title='bbox 3039 2661 3193 2726; x_wconf 89' lang='lat' dir='ltr'><strong>ditet,</strong></span> <span class='ocrx_word' id='word_1_426' title='bbox 3223 2660 3458 2716; x_wconf 89' lang='lat' dir='ltr'><strong>alterum</strong></span> <span class='ocrx_word' id='word_1_427' title='bbox 3503 2661 3762 2724; x_wconf 82' lang='lat' dir='ltr'><strong>damnific-et,</strong></span> 
     </span>
    </p>
   </div>
   <div class='ocr_carea' id='block_1_57' title="bbox 2242 2752 3754 2822">
    <p class='ocr_par' dir='ltr' id='par_1_57' title="bbox 2242 2752 3754 2822">
     <span class='ocr_line' id='line_1_57' title="bbox 2242 2752 3754 2822; baseline -0.003 -14"><span class='ocrx_word' id='word_1_428' title='bbox 2242 2753 2434 2808; x_wconf 86' lang='lat' dir='ltr'><strong>ambos</strong></span> <span class='ocrx_word' id='word_1_429' title='bbox 2467 2752 2679 2822; x_wconf 91' lang='lat' dir='ltr'><strong>probet.</strong></span> <span class='ocrx_word' id='word_1_430' title='bbox 2710 2753 2769 2809; x_wconf 91' lang='lat' dir='ltr'><strong>Si</strong></span> <span class='ocrx_word' id='word_1_431' title='bbox 2799 2764 2979 2810; x_wconf 91' lang='lat' dir='ltr'><strong>autem</strong></span> <span class='ocrx_word' id='word_1_432' title='bbox 3021 2754 3198 2822; x_wconf 82' lang='lat' dir='ltr'><strong>ignem</strong></span> <span class='ocrx_word' id='word_1_433' title='bbox 3239 2755 3396 2810; x_wconf 90' lang='lat' dir='ltr'><strong>illum</strong></span> <span class='ocrx_word' id='word_1_434' title='bbox 3432 2759 3544 2811; x_wconf 92' lang='lat' dir='ltr'><strong>loco</strong></span> <span class='ocrx_word' id='word_1_435' title='bbox 3587 2757 3662 2809; x_wconf 87' lang='lat' dir='ltr'><strong>isto</strong></span> <span class='ocrx_word' id='word_1_436' title='bbox 3695 2769 3754 2806; x_wconf 83' lang='lat' dir='ltr'><strong>ro-</strong></span> 
     </span>
    </p>
   </div>
   <div class='ocr_carea' id='block_1_58' title="bbox 2241 2844 3745 2917">
    <p class='ocr_par' dir='ltr' id='par_1_58' title="bbox 2241 2844 3745 2917">
     <span class='ocr_line' id='line_1_58' title="bbox 2241 2844 3745 2917; baseline -0.001 -17"><span class='ocrx_word' id='word_1_437' title='bbox 2241 2844 2506 2901; x_wconf 90' lang='lat' dir='ltr'><strong>luerimus</strong></span> <span class='ocrx_word' id='word_1_438' title='bbox 2536 2845 2806 2917; x_wconf 87' lang='lat' dir='ltr'><strong>accipere,</strong></span> <span class='ocrx_word' id='word_1_439' title='bbox 2843 2847 2911 2902; x_wconf 89' lang='lat' dir='ltr'><strong>de</strong></span> <span class='ocrx_word' id='word_1_440' title='bbox 2940 2863 3047 2916; x_wconf 92' lang='lat' dir='ltr'><strong>quo</strong></span> <span class='ocrx_word' id='word_1_441' title='bbox 3079 2848 3342 2904; x_wconf 90' lang='lat' dir='ltr'><strong>Dominus</strong></span> <span class='ocrx_word' id='word_1_442' title='bbox 3373 2849 3521 2904; x_wconf 83' lang='lat' dir='ltr'><strong>dicet</strong></span> <span class='ocrx_word' id='word_1_443' title='bbox 3560 2848 3745 2908; x_wconf 81' lang='lat' dir='ltr'><strong>sinistris,</strong></span> 
     </span>
    </p>
   </div>
   <div class='ocr_carea' id='block_1_59' title="bbox 2244 2937 3753 3012">
    <p class='ocr_par' dir='ltr' id='par_1_59' title="bbox 2244 2937 3753 3012">
     <span class='ocr_line' id='line_1_59' title="bbox 2244 2937 3753 3012; baseline -0.001 -18"><span class='ocrx_word' id='word_1_444' title='bbox 2244 2937 2519 2994; x_wconf 89' lang='lat' dir='ltr'><strong>Discedite</strong></span> <span class='ocrx_word' id='word_1_445' title='bbox 2545 2954 2575 2993; x_wconf 91' lang='lat' dir='ltr'><strong>a</strong></span> <span class='ocrx_word' id='word_1_446' title='bbox 2607 2954 2718 3004; x_wconf 90' lang='lat' dir='ltr'><strong>me,</strong></span> <span class='ocrx_word' id='word_1_447' title='bbox 2747 2941 3040 3010; x_wconf 87' lang='lat' dir='ltr'><strong>maledicti,</strong></span> <span class='ocrx_word' id='word_1_448' title='bbox 3069 2941 3121 2997; x_wconf 93' lang='lat' dir='ltr'><strong>in</strong></span> <span class='ocrx_word' id='word_1_449' title='bbox 3153 2943 3331 3012; x_wconf 88' lang='lat' dir='ltr'><strong>ignem</strong></span> <span class='ocrx_word' id='word_1_450' title='bbox 3367 2954 3626 3004; x_wconf 69' lang='lat' dir='ltr'><strong>aeternum,</strong></span> <span class='ocrx_word' id='word_1_451' title='bbox 3645 2951 3689 2994; x_wconf 86' lang='lat' dir='ltr'><strong>ut</strong></span> <span class='ocrx_word' id='word_1_452' title='bbox 3713 2940 3753 2993; x_wconf 84' lang='lat' dir='ltr'><strong>in</strong></span> 
     </span>
    </p>
   </div>
   <div class='ocr_carea' id='block_1_60' title="bbox 2241 3029 3762 3103">
    <p class='ocr_par' dir='ltr' id='par_1_60' title="bbox 2241 3029 3762 3103">
     <span class='ocr_line' id='line_1_60' title="bbox 2241 3029 3762 3103; baseline -0.001 -19"><span class='ocrx_word' id='word_1_453' title='bbox 2241 3029 2322 3085; x_wconf 90' lang='lat' dir='ltr'><strong>eis</strong></span> <span class='ocrx_word' id='word_1_454' title='bbox 2349 3030 2508 3084; x_wconf 68' lang='lat' dir='ltr'><strong>etiam</strong></span> <span class='ocrx_word' id='word_1_455' title='bbox 2540 3030 2625 3084; x_wconf 93' lang='lat' dir='ltr'><strong>isti</strong></span> <span class='ocrx_word' id='word_1_456' title='bbox 2655 3045 2776 3087; x_wconf 91' lang='lat' dir='ltr'><strong>esse</strong></span> <span class='ocrx_word' id='word_1_457' title='bbox 2799 3031 3090 3088; x_wconf 85' lang='lat' dir='ltr'><strong>credantur</strong></span> <span class='ocrx_word' id='word_1_458' title='bbox 3118 3036 3207 3103; x_wconf 91' lang='lat' dir='ltr'><strong>qui</strong></span> <span class='ocrx_word' id='word_1_459' title='bbox 3233 3035 3512 3090; x_wconf 62' lang='lat' dir='ltr'><strong>aedificant</strong></span> <span class='ocrx_word' id='word_1_460' title='bbox 3538 3049 3665 3103; x_wconf 86' lang='lat' dir='ltr'><strong>super</strong></span> <span class='ocrx_word' id='word_1_461' title='bbox 3681 3031 3762 3086; x_wconf 82' lang='lat' dir='ltr'><strong>luu-</strong></span> 
     </span>
    </p>
   </div>
   <div class='ocr_carea' id='block_1_61' title="bbox 2243 3119 3764 3197">
    <p class='ocr_par' dir='ltr' id='par_1_61' title="bbox 2243 3119 3764 3197">
     <span class='ocr_line' id='line_1_61' title="bbox 2243 3119 3764 3197; baseline -0.001 -21"><span class='ocrx_word' id='word_1_462' title='bbox 2243 3119 2558 3176; x_wconf 90' lang='lat' dir='ltr'><strong>damentum</strong></span> <span class='ocrx_word' id='word_1_463' title='bbox 2608 3122 2769 3192; x_wconf 85' lang='lat' dir='ltr'><strong>ligna,</strong></span> <span class='ocrx_word' id='word_1_464' title='bbox 2811 3124 3011 3189; x_wconf 89' lang='lat' dir='ltr'><strong>fenum,</strong></span> <span class='ocrx_word' id='word_1_465' title='bbox 3064 3124 3341 3194; x_wconf 91' lang='lat' dir='ltr'><strong>stipulam,</strong></span> <span class='ocrx_word' id='word_1_466' title='bbox 3387 3142 3578 3197; x_wconf 84' lang='lat' dir='ltr'><strong>eosque</strong></span> <span class='ocrx_word' id='word_1_467' title='bbox 3619 3141 3670 3180; x_wconf 81' lang='lat' dir='ltr'><strong>ex</strong></span> <span class='ocrx_word' id='word_1_468' title='bbox 3701 3123 3764 3177; x_wconf 88' lang='lat' dir='ltr'><strong>illo</strong></span> 
     </span>
    </p>
   </div>
   <div class='ocr_carea' id='block_1_62' title="bbox 542 3209 2134 3295">
    <p class='ocr_par' dir='ltr' id='par_1_62' title="bbox 542 3221 2134 3295">
     <span class='ocr_line' id='line_1_62' title="bbox 542 3221 2134 3295; baseline 0.008 -25"><span class='ocrx_word' id='word_1_469' title='bbox 542 3225 966 3286; x_wconf 68' lang='lat' dir='ltr'><strong>praeponuntur;</strong></span> <span class='ocrx_word' id='word_1_470' title='bbox 998 3227 1201 3288; x_wconf 90' lang='lat' dir='ltr'><strong>quanto</strong></span> <span class='ocrx_word' id='word_1_471' title='bbox 1242 3221 1414 3290; x_wconf 88' lang='lat' dir='ltr'><strong>magis</strong></span> <span class='ocrx_word' id='word_1_472' title='bbox 1465 3223 1510 3274; x_wconf 90' lang='lat' dir='ltr'><strong>si</strong></span> <span class='ocrx_word' id='word_1_473' title='bbox 1562 3222 1814 3278; x_wconf 89' lang='lat' dir='ltr'><strong>salutaria</strong></span> <span class='ocrx_word' id='word_1_474' title='bbox 1867 3236 2134 3295; x_wconf 77' lang='lat' dir='ltr'><strong>przecepta</strong></span> 
     </span>
    </p>
   </div>
   <div class='ocr_carea' id='block_1_63' title="bbox 2237 3209 3766 3295">
    <p class='ocr_par' dir='ltr' id='par_1_63' title="bbox 2244 3212 3766 3289">
     <span class='ocr_line' id='line_1_63' title="bbox 2244 3212 3766 3289; baseline 0.002 -20"><span class='ocrx_word' id='word_1_475' title='bbox 2244 3212 2368 3285; x_wconf 84' lang='lat' dir='ltr'><strong>igne</strong></span> <span class='ocrx_word' id='word_1_476' title='bbox 2398 3224 2521 3284; x_wconf 90' lang='lat' dir='ltr'><strong>post</strong></span> <span class='ocrx_word' id='word_1_477' title='bbox 2548 3222 2760 3285; x_wconf 89' lang='lat' dir='ltr'><strong>tempus</strong></span> <span class='ocrx_word' id='word_1_478' title='bbox 2787 3231 2883 3285; x_wconf 93' lang='lat' dir='ltr'><strong>pro</strong></span> <span class='ocrx_word' id='word_1_479' title='bbox 2906 3217 3062 3272; x_wconf 89' lang='lat' dir='ltr'><strong>malis</strong></span> <span class='ocrx_word' id='word_1_480' title='bbox 3094 3219 3302 3273; x_wconf 89' lang='lat' dir='ltr'><strong>meritis</strong></span> <span class='ocrx_word' id='word_1_481' title='bbox 3335 3220 3646 3289; x_wconf 81' lang='lat' dir='ltr'><strong>impertitum</strong></span> <span class='ocrx_word' id='word_1_482' title='bbox 3673 3217 3766 3272; x_wconf 87' lang='lat' dir='ltr'><strong>libe-</strong></span> 
     </span>
    </p>
   </div>
   <div class='ocr_carea' id='block_1_64' title="bbox 541 3314 2139 3390">
    <p class='ocr_par' dir='ltr' id='par_1_64' title="bbox 541 3314 2139 3390">
     <span class='ocr_line' id='line_1_64' title="bbox 541 3314 2139 3390; baseline 0.008 -26"><span class='ocrx_word' id='word_1_483' title='bbox 541 3320 914 3377; x_wconf 85' lang='lat' dir='ltr'><strong>contemncus,</strong></span> <span class='ocrx_word' id='word_1_484' title='bbox 939 3315 1240 3370; x_wconf 88' lang='lat' dir='ltr'><strong>committat</strong></span> <span class='ocrx_word' id='word_1_485' title='bbox 1267 3314 1471 3381; x_wconf 89' lang='lat' dir='ltr'><strong>illicita,</strong></span> <span class='ocrx_word' id='word_1_486' title='bbox 1501 3330 1606 3370; x_wconf 92' lang='lat' dir='ltr'><strong>non</strong></span> <span class='ocrx_word' id='word_1_487' title='bbox 1632 3316 1816 3389; x_wconf 80' lang='lat' dir='ltr'><strong>[etiam</strong></span> <span class='ocrx_word' id='word_1_488' title='bbox 1849 3316 1978 3390; x_wconf 88' lang='lat' dir='ltr'><strong>non]</strong></span> <span class='ocrx_word' id='word_1_489' title='bbox 2002 3335 2139 3389; x_wconf 70' lang='lat' dir='ltr'><strong>prte-</strong></span> 
     </span>
    </p>
   </div>
   <div class='ocr_carea' id='block_1_65' title="bbox 541 3405 2134 3483">
    <p class='ocr_par' dir='ltr' id='par_1_65' title="bbox 541 3405 2134 3483">
     <span class='ocr_line' id='line_1_65' title="bbox 541 3405 2134 3483; baseline 0.01 -28"><span class='ocrx_word' id='word_1_490' title='bbox 541 3405 790 3474; x_wconf 85' lang='lat' dir='ltr'><strong>posuisse</strong></span> <span class='ocrx_word' id='word_1_491' title='bbox 837 3406 1149 3474; x_wconf 78' lang='lat' dir='ltr'><strong>Cltristum,</strong></span> <span class='ocrx_word' id='word_1_492' title='bbox 1199 3409 1295 3465; x_wconf 82' lang='lat' dir='ltr'><strong>sed</strong></span> <span class='ocrx_word' id='word_1_493' title='bbox 1347 3413 1720 3480; x_wconf 89' lang='lat' dir='ltr'><strong>postposuisse</strong></span> <span class='ocrx_word' id='word_1_494' title='bbox 1776 3415 2134 3483; x_wconf 88' lang='lat' dir='ltr'><strong>convincitur,</strong></span> 
     </span>
    </p>
   </div>
   <div class='ocr_carea' id='block_1_66' title="bbox 541 3499 2133 3575">
    <p class='ocr_par' dir='ltr' id='par_1_66' title="bbox 541 3499 2133 3575">
     <span class='ocr_line' id='line_1_66' title="bbox 541 3499 2133 3575; baseline 0.01 -27"><span class='ocrx_word' id='word_1_495' title='bbox 541 3509 701 3564; x_wconf 89' lang='lat' dir='ltr'><strong>quem</strong></span> <span class='ocrx_word' id='word_1_496' title='bbox 760 3499 1067 3566; x_wconf 83' lang='lat' dir='ltr'><strong>posthabuit</strong></span> <span class='ocrx_word' id='word_1_497' title='bbox 1113 3501 1507 3571; x_wconf 87' lang='lat' dir='ltr'><strong>imperantem,</strong></span> <span class='ocrx_word' id='word_1_498' title='bbox 1563 3504 1677 3559; x_wconf 84' lang='lat' dir='ltr'><strong>sive</strong></span> <span class='ocrx_word' id='word_1_499' title='bbox 1725 3507 2133 3575; x_wconf 87' lang='lat' dir='ltr'><strong>concedentem,</strong></span> 
     </span>
    </p>
   </div>
   <div class='ocr_carea' id='block_1_67' title="bbox 543 3587 2139 3669">
    <p class='ocr_par' dir='ltr' id='par_1_67' title="bbox 543 3587 2139 3669">
     <span class='ocr_line' id='line_1_67' title="bbox 543 3587 2139 3669; baseline 0.008 -27"><span class='ocrx_word' id='word_1_500' title='bbox 543 3587 672 3642; x_wconf 92' lang='lat' dir='ltr'><strong>dum</strong></span> <span class='ocrx_word' id='word_1_501' title='bbox 703 3599 888 3643; x_wconf 88' lang='lat' dir='ltr'><strong>contra</strong></span> <span class='ocrx_word' id='word_1_502' title='bbox 920 3589 1038 3661; x_wconf 84' lang='lat' dir='ltr'><strong>ejus</strong></span> <span class='ocrx_word' id='word_1_503' title='bbox 1069 3593 1352 3662; x_wconf 88' lang='lat' dir='ltr'><strong>imperata,</strong></span> <span class='ocrx_word' id='word_1_504' title='bbox 1386 3595 1500 3650; x_wconf 76' lang='lat' dir='ltr'><strong>sive</strong></span> <span class='ocrx_word' id='word_1_505' title='bbox 1529 3610 1818 3663; x_wconf 87' lang='lat' dir='ltr'><strong>concessa,</strong></span> <span class='ocrx_word' id='word_1_506' title='bbox 1860 3614 2008 3653; x_wconf 89' lang='lat' dir='ltr'><strong>suam</strong></span> <span class='ocrx_word' id='word_1_507' title='bbox 2041 3615 2139 3669; x_wconf 89' lang='lat' dir='ltr'><strong>per</strong></span> 
     </span>
    </p>
   </div>
   <div class='ocr_carea' id='block_1_68' title="bbox 541 3679 2137 3760">
    <p class='ocr_par' dir='ltr' id='par_1_68' title="bbox 541 3679 2137 3760">
     <span class='ocr_line' id='line_1_68' title="bbox 541 3679 2137 3760; baseline 0.011 -30"><span class='ocrx_word' id='word_1_508' title='bbox 541 3679 743 3746; x_wconf 81' lang='lat' dir='ltr'><strong>ﬂagitia</strong></span> <span class='ocrx_word' id='word_1_509' title='bbox 793 3680 994 3749; x_wconf 89' lang='lat' dir='ltr'><strong>delegit</strong></span> <span class='ocrx_word' id='word_1_510' title='bbox 1045 3685 1264 3752; x_wconf 81' lang='lat' dir='ltr'><strong>explere</strong></span> <span class='ocrx_word' id='word_1_511' title='bbox 1316 3685 1635 3742; x_wconf 87' lang='lat' dir='ltr'><strong>libidinem?</strong></span> <span class='ocrx_word' id='word_1_512' title='bbox 1672 3689 1728 3743; x_wconf 87' lang='lat' dir='ltr'><strong>Si</strong></span> <span class='ocrx_word' id='word_1_513' title='bbox 1785 3690 1904 3759; x_wconf 91' lang='lat' dir='ltr'><strong>quis</strong></span> <span class='ocrx_word' id='word_1_514' title='bbox 1955 3693 2137 3760; x_wconf 90' lang='lat' dir='ltr'><strong>itaque</strong></span> 
     </span>
    </p>
   </div>
   <div class='ocr_carea' id='block_1_69' title="bbox 543 3769 2136 3849">
    <p class='ocr_par' dir='ltr' id='par_1_69' title="bbox 543 3769 2136 3849">
     <span class='ocr_line' id='line_1_69' title="bbox 543 3769 2136 3849; baseline 0.01 -25"><span class='ocrx_word' id='word_1_515' title='bbox 543 3769 883 3826; x_wconf 89' lang='lat' dir='ltr'><strong>Christianus</strong></span> <span class='ocrx_word' id='word_1_516' title='bbox 905 3774 1076 3844; x_wconf 85' lang='lat' dir='ltr'><strong>diligit</strong></span> <span class='ocrx_word' id='word_1_517' title='bbox 1100 3778 1461 3843; x_wconf 88' lang='lat' dir='ltr'><strong>meretricem,</strong></span> <span class='ocrx_word' id='word_1_518' title='bbox 1487 3780 1644 3849; x_wconf 89' lang='lat' dir='ltr'><strong>eique</strong></span> <span class='ocrx_word' id='word_1_519' title='bbox 1668 3781 1951 3838; x_wconf 89' lang='lat' dir='ltr'><strong>adhaerens</strong></span> <span class='ocrx_word' id='word_1_520' title='bbox 1974 3801 2136 3840; x_wconf 87' lang='lat' dir='ltr'><strong>unttm</strong></span> 
     </span>
    </p>
   </div>
   <div class='ocr_carea' id='block_1_70' title="bbox 543 3862 2138 3934">
    <p class='ocr_par' dir='ltr' id='par_1_70' title="bbox 543 3862 2138 3934">
     <span class='ocr_line' id='line_1_70' title="bbox 543 3862 2138 3934; baseline 0.01 -17"><span class='ocrx_word' id='word_1_521' title='bbox 543 3875 741 3930; x_wconf 88' lang='lat' dir='ltr'><strong>corpus</strong></span> <span class='ocrx_word' id='word_1_522' title='bbox 765 3862 1016 3929; x_wconf 86' lang='lat' dir='ltr'><strong>efficitur,</strong></span> <span class='ocrx_word' id='word_1_523' title='bbox 1047 3865 1158 3934; x_wconf 88' lang='lat' dir='ltr'><strong>jam</strong></span> <span class='ocrx_word' id='word_1_524' title='bbox 1192 3871 1244 3920; x_wconf 95' lang='lat' dir='ltr'><strong>in</strong></span> <span class='ocrx_word' id='word_1_525' title='bbox 1274 3866 1622 3925; x_wconf 88' lang='lat' dir='ltr'><strong>fundamento</strong></span> <span class='ocrx_word' id='word_1_526' title='bbox 1652 3887 1758 3927; x_wconf 91' lang='lat' dir='ltr'><strong>non</strong></span> <span class='ocrx_word' id='word_1_527' title='bbox 1788 3873 1955 3929; x_wconf 88' lang='lat' dir='ltr'><strong>habet</strong></span> <span class='ocrx_word' id='word_1_528' title='bbox 1984 3876 2138 3932; x_wconf 91' lang='lat' dir='ltr'><strong>Chri-</strong></span> 
     </span>
    </p>
   </div>
   <div class='ocr_carea' id='block_1_71' title="bbox 541 3956 2136 4032">
    <p class='ocr_par' dir='ltr' id='par_1_71' title="bbox 541 3956 2136 4032">
     <span class='ocr_line' id='line_1_71' title="bbox 541 3956 2136 4032; baseline 0.01 -23"><span class='ocrx_word' id='word_1_529' title='bbox 541 3963 686 4013; x_wconf 82' lang='lat' dir='ltr'><strong>stum</strong></span> <span class='ocrx_word' id='word_1_530' title='bbox 716 3973 727 4008; x_wconf 93' lang='lat'>:</span> <span class='ocrx_word' id='word_1_531' title='bbox 758 3956 803 4011; x_wconf 93' lang='lat' dir='ltr'><strong>si</strong></span> <span class='ocrx_word' id='word_1_532' title='bbox 827 3957 949 4024; x_wconf 89' lang='lat' dir='ltr'><strong>quis</strong></span> <span class='ocrx_word' id='word_1_533' title='bbox 978 3968 1156 4014; x_wconf 90' lang='lat' dir='ltr'><strong>autem</strong></span> <span class='ocrx_word' id='word_1_534' title='bbox 1185 3959 1360 4031; x_wconf 91' lang='lat' dir='ltr'><strong>diligit</strong></span> <span class='ocrx_word' id='word_1_535' title='bbox 1385 3976 1606 4020; x_wconf 78' lang='lat' dir='ltr'><strong>uxorem</strong></span> <span class='ocrx_word' id='word_1_536' title='bbox 1638 3979 1811 4032; x_wconf 90' lang='lat' dir='ltr'><strong>suam,</strong></span> <span class='ocrx_word' id='word_1_537' title='bbox 1861 3970 1906 4022; x_wconf 93' lang='lat' dir='ltr'><strong>si</strong></span> <span class='ocrx_word' id='word_1_538' title='bbox 1946 3985 2136 4026; x_wconf 87' lang='lat' dir='ltr'><strong>secun-</strong></span> 
     </span>
    </p>
   </div>
   <div class='ocr_carea' id='block_1_72' title="bbox 540 4046 2137 4119">
    <p class='ocr_par' dir='ltr' id='par_1_72' title="bbox 540 4046 2137 4119">
     <span class='ocr_line' id='line_1_72' title="bbox 540 4046 2137 4119; baseline 0.009 -16"><span class='ocrx_word' id='word_1_539' title='bbox 540 4047 670 4103; x_wconf 90' lang='lat' dir='ltr'><strong>dum</strong></span> <span class='ocrx_word' id='word_1_540' title='bbox 701 4046 994 4115; x_wconf 90' lang='lat' dir='ltr'><strong>Christum,</strong></span> <span class='ocrx_word' id='word_1_541' title='bbox 1029 4050 1149 4119; x_wconf 91' lang='lat' dir='ltr'><strong>quis</strong></span> <span class='ocrx_word' id='word_1_542' title='bbox 1193 4053 1242 4106; x_wconf 92' lang='lat' dir='ltr'><strong>ei</strong></span> <span class='ocrx_word' id='word_1_543' title='bbox 1280 4052 1486 4108; x_wconf 88' lang='lat' dir='ltr'><strong>dubitet</strong></span> <span class='ocrx_word' id='word_1_544' title='bbox 1519 4054 1572 4108; x_wconf 92' lang='lat' dir='ltr'><strong>in</strong></span> <span class='ocrx_word' id='word_1_545' title='bbox 1618 4055 1970 4114; x_wconf 90' lang='lat' dir='ltr'><strong>fundamento</strong></span> <span class='ocrx_word' id='word_1_546' title='bbox 2015 4075 2137 4119; x_wconf 90' lang='lat' dir='ltr'><strong>esse</strong></span> 
     </span>
    </p>
   </div>
   <div class='ocr_carea' id='block_1_73' title="bbox 538 4136 2134 4216">
    <p class='ocr_par' dir='ltr' id='par_1_73' title="bbox 538 4136 2134 4216">
     <span class='ocr_line' id='line_1_73' title="bbox 538 4136 2134 4216; baseline 0.008 -22"><span class='ocrx_word' id='word_1_547' title='bbox 538 4136 849 4194; x_wconf 88' lang='lat' dir='ltr'><strong>Christum?</strong></span> <span class='ocrx_word' id='word_1_548' title='bbox 880 4141 934 4197; x_wconf 92' lang='lat' dir='ltr'><strong>Si</strong></span> <span class='ocrx_word' id='word_1_549' title='bbox 966 4156 1097 4197; x_wconf 88' lang='lat' dir='ltr'><strong>vero</strong></span> <span class='ocrx_word' id='word_1_550' title='bbox 1127 4143 1421 4198; x_wconf 89' lang='lat' dir='ltr'><strong>secundum</strong></span> <span class='ocrx_word' id='word_1_551' title='bbox 1469 4144 1572 4200; x_wconf 92' lang='lat' dir='ltr'><strong>hoc</strong></span> <span class='ocrx_word' id='word_1_552' title='bbox 1611 4147 1890 4216; x_wconf 69' lang='lat' dir='ltr'><strong>saaculum,</strong></span> <span class='ocrx_word' id='word_1_553' title='bbox 1924 4151 1968 4204; x_wconf 91' lang='lat' dir='ltr'><strong>si</strong></span> <span class='ocrx_word' id='word_1_554' title='bbox 2015 4165 2134 4207; x_wconf 90' lang='lat' dir='ltr'><strong>car-</strong></span> 
     </span>
    </p>
   </div>
   <div class='ocr_carea' id='block_1_74' title="bbox 536 4231 2133 4317">
    <p class='ocr_par' dir='ltr' id='par_1_74' title="bbox 536 4231 2133 4317">
     <span class='ocr_line' id='line_1_74' title="bbox 536 4231 2133 4317; baseline 0.008 -30"><span class='ocrx_word' id='word_1_555' title='bbox 536 4232 758 4305; x_wconf 70' lang='lat' dir='ltr'><strong>najiter,</strong></span> <span class='ocrx_word' id='word_1_556' title='bbox 795 4231 841 4286; x_wconf 88' lang='lat' dir='ltr'><strong>si</strong></span> <span class='ocrx_word' id='word_1_557' title='bbox 873 4235 926 4287; x_wconf 90' lang='lat' dir='ltr'><strong>in</strong></span> <span class='ocrx_word' id='word_1_558' title='bbox 965 4233 1156 4288; x_wconf 84' lang='lat' dir='ltr'><strong>morbo</strong></span> <span class='ocrx_word' id='word_1_559' title='bbox 1205 4238 1790 4306; x_wconf 86' lang='lat' dir='ltr'><strong>concupiscentiarum,</strong></span> <span class='ocrx_word' id='word_1_560' title='bbox 1846 4241 1984 4296; x_wconf 87' lang='lat' dir='ltr'><strong>sicut</strong></span> <span class='ocrx_word' id='word_1_561' title='bbox 2036 4243 2133 4317; x_wconf 90' lang='lat' dir='ltr'><strong>[et]</strong></span> 
     </span>
    </p>
   </div>
   <div class='ocr_carea' id='block_1_75' title="bbox 537 4325 2133 4394">
    <p class='ocr_par' dir='ltr' id='par_1_75' title="bbox 537 4325 2133 4394">
     <span class='ocr_line' id='line_1_75' title="bbox 537 4325 2133 4394; baseline 0.009 -18"><span class='ocrx_word' id='word_1_562' title='bbox 537 4333 726 4393; x_wconf 72' lang='lat' dir='ltr'><strong>gentes</strong></span> <span class='ocrx_word' id='word_1_563' title='bbox 755 4340 874 4392; x_wconf 88' lang='lat' dir='ltr'><strong>quae</strong></span> <span class='ocrx_word' id='word_1_564' title='bbox 904 4325 1152 4394; x_wconf 84' lang='lat' dir='ltr'><strong>ignorant</strong></span> <span class='ocrx_word' id='word_1_565' title='bbox 1180 4326 1374 4394; x_wconf 89' lang='lat' dir='ltr'><strong>Deum,</strong></span> <span class='ocrx_word' id='word_1_566' title='bbox 1401 4330 1564 4384; x_wconf 91' lang='lat' dir='ltr'><strong>etiam</strong></span> <span class='ocrx_word' id='word_1_567' title='bbox 1589 4329 1694 4386; x_wconf 89' lang='lat' dir='ltr'><strong>hoc</strong></span> <span class='ocrx_word' id='word_1_568' title='bbox 1721 4337 2014 4389; x_wconf 89' lang='lat' dir='ltr'><strong>secundum</strong></span> <span class='ocrx_word' id='word_1_569' title='bbox 2039 4352 2133 4390; x_wconf 90' lang='lat' dir='ltr'><strong>ve-</strong></span> 
     </span>
    </p>
   </div>
   <div class='ocr_carea' id='block_1_76' title="bbox 537 4414 2134 4493">
    <p class='ocr_par' dir='ltr' id='par_1_76' title="bbox 537 4414 2134 4493">
     <span class='ocr_line' id='line_1_76' title="bbox 537 4414 2134 4493; baseline 0.01 -25"><span class='ocrx_word' id='word_1_570' title='bbox 537 4414 688 4468; x_wconf 85' lang='lat' dir='ltr'><strong>niam</strong></span> <span class='ocrx_word' id='word_1_571' title='bbox 723 4417 972 4471; x_wconf 89' lang='lat' dir='ltr'><strong>concedit</strong></span> <span class='ocrx_word' id='word_1_572' title='bbox 1009 4417 1324 4486; x_wconf 86' lang='lat' dir='ltr'><strong>Apostolus,</strong></span> <span class='ocrx_word' id='word_1_573' title='bbox 1356 4422 1464 4476; x_wconf 90' lang='lat' dir='ltr'><strong>imo</strong></span> <span class='ocrx_word' id='word_1_574' title='bbox 1504 4438 1600 4491; x_wconf 89' lang='lat' dir='ltr'><strong>per</strong></span> <span class='ocrx_word' id='word_1_575' title='bbox 1627 4425 1944 4493; x_wconf 82' lang='lat' dir='ltr'><strong>Apostolum</strong></span> <span class='ocrx_word' id='word_1_576' title='bbox 1982 4427 2134 4484; x_wconf 90' lang='lat' dir='ltr'><strong>Chri-</strong></span> 
     </span>
    </p>
   </div>
   <div class='ocr_carea' id='block_1_77' title="bbox 536 4505 2131 4579">
    <p class='ocr_par' dir='ltr' id='par_1_77' title="bbox 536 4505 2131 4579">
     <span class='ocr_line' id='line_1_77' title="bbox 536 4505 2131 4579; baseline 0.009 -18"><span class='ocrx_word' id='word_1_577' title='bbox 536 4514 676 4561; x_wconf 76' lang='lat' dir='ltr'><strong>stus.</strong></span> <span class='ocrx_word' id='word_1_578' title='bbox 710 4505 892 4562; x_wconf 93' lang='lat' dir='ltr'><strong>Potest</strong></span> <span class='ocrx_word' id='word_1_579' title='bbox 919 4523 1048 4579; x_wconf 90' lang='lat' dir='ltr'><strong>ergo</strong></span> <span class='ocrx_word' id='word_1_580' title='bbox 1079 4519 1135 4564; x_wconf 92' lang='lat' dir='ltr'><strong>et</strong></span> <span class='ocrx_word' id='word_1_581' title='bbox 1164 4509 1268 4566; x_wconf 91' lang='lat' dir='ltr'><strong>isto</strong></span> <span class='ocrx_word' id='word_1_582' title='bbox 1295 4511 1348 4566; x_wconf 92' lang='lat' dir='ltr'><strong>in</strong></span> <span class='ocrx_word' id='word_1_583' title='bbox 1372 4511 1723 4570; x_wconf 89' lang='lat' dir='ltr'><strong>fundamento</strong></span> <span class='ocrx_word' id='word_1_584' title='bbox 1753 4517 1951 4573; x_wconf 91' lang='lat' dir='ltr'><strong>habere</strong></span> <span class='ocrx_word' id='word_1_585' title='bbox 1973 4517 2131 4575; x_wconf 82' lang='lat' dir='ltr'><strong>Citri-</strong></span> 
     </span>
    </p>
   </div>
   <div class='ocr_carea' id='block_1_78' title="bbox 2244 3308 3768 3382">
    <p class='ocr_par' dir='ltr' id='par_1_78' title="bbox 2244 3308 3768 3382">
     <span class='ocr_line' id='line_1_78' title="bbox 2244 3308 3768 3382; baseline 0.001 -20"><span class='ocrx_word' id='word_1_586' title='bbox 2244 3315 2331 3362; x_wconf 82' lang='lat' dir='ltr'><strong>ret</strong></span> <span class='ocrx_word' id='word_1_587' title='bbox 2361 3308 2488 3362; x_wconf 92' lang='lat' dir='ltr'><strong>boni</strong></span> <span class='ocrx_word' id='word_1_588' title='bbox 2519 3308 2772 3364; x_wconf 89' lang='lat' dir='ltr'><strong>meritum</strong></span> <span class='ocrx_word' id='word_1_589' title='bbox 2801 3308 3157 3377; x_wconf 89' lang='lat' dir='ltr'><strong>fundamenti,</strong></span> <span class='ocrx_word' id='word_1_590' title='bbox 3188 3312 3317 3382; x_wconf 90' lang='lat' dir='ltr'><strong>quid</strong></span> <span class='ocrx_word' id='word_1_591' title='bbox 3347 3313 3650 3367; x_wconf 86' lang='lat' dir='ltr'><strong>arbitremur</strong></span> <span class='ocrx_word' id='word_1_592' title='bbox 3673 3311 3768 3365; x_wconf 75' lang='lat' dir='ltr'><strong>dex-</strong></span> 
     </span>
    </p>
   </div>
   <div class='ocr_carea' id='block_1_79' title="bbox 2245 3399 3770 3475">
    <p class='ocr_par' dir='ltr' id='par_1_79' title="bbox 2245 3399 3770 3475">
     <span class='ocr_line' id='line_1_79' title="bbox 2245 3399 3770 3475; baseline 0.001 -21"><span class='ocrx_word' id='word_1_593' title='bbox 2245 3407 2380 3466; x_wconf 91' lang='lat' dir='ltr'><strong>tros,</strong></span> <span class='ocrx_word' id='word_1_594' title='bbox 2411 3399 2605 3469; x_wconf 90' lang='lat' dir='ltr'><strong>quibus</strong></span> <span class='ocrx_word' id='word_1_595' title='bbox 2628 3401 2874 3456; x_wconf 90' lang='lat' dir='ltr'><strong>dicetur:</strong></span> <span class='ocrx_word' id='word_1_596' title='bbox 2910 3402 3128 3470; x_wconf 88' lang='lat' dir='ltr'><strong>Venite,</strong></span> <span class='ocrx_word' id='word_1_597' title='bbox 3173 3404 3450 3459; x_wconf 84' lang='lat' dir='ltr'><strong>benedicti</strong></span> <span class='ocrx_word' id='word_1_598' title='bbox 3496 3407 3641 3475; x_wconf 84' lang='lat' dir='ltr'><strong>patris</strong></span> <span class='ocrx_word' id='word_1_599' title='bbox 3676 3401 3770 3467; x_wconf 88' lang='lat' dir='ltr'><strong>mei,</strong></span> 
     </span>
    </p>
   </div>
   <div class='ocr_carea' id='block_1_80' title="bbox 2243 3493 3770 3566">
    <p class='ocr_par' dir='ltr' id='par_1_80' title="bbox 2243 3493 3770 3566">
     <span class='ocr_line' id='line_1_80' title="bbox 2243 3493 3770 3566; baseline -0.001 -18"><span class='ocrx_word' id='word_1_600' title='bbox 2243 3493 2518 3562; x_wconf 90' lang='lat' dir='ltr'><strong>possidete</strong></span> <span class='ocrx_word' id='word_1_601' title='bbox 2544 3504 2787 3563; x_wconf 88' lang='lat' dir='ltr'><strong>paratum</strong></span> <span class='ocrx_word' id='word_1_602' title='bbox 2821 3494 2971 3550; x_wconf 87' lang='lat' dir='ltr'><strong>vobis</strong></span> <span class='ocrx_word' id='word_1_603' title='bbox 3017 3496 3275 3566; x_wconf 84' lang='lat' dir='ltr'><strong>regnum?</strong></span> <span class='ocrx_word' id='word_1_604' title='bbox 3315 3499 3418 3553; x_wconf 91' lang='lat' dir='ltr'><strong>nisi</strong></span> <span class='ocrx_word' id='word_1_605' title='bbox 3449 3514 3534 3553; x_wconf 88' lang='lat' dir='ltr'><strong>eos</strong></span> <span class='ocrx_word' id='word_1_606' title='bbox 3561 3498 3638 3566; x_wconf 89' lang='lat' dir='ltr'><strong>qui</strong></span> <span class='ocrx_word' id='word_1_607' title='bbox 3675 3494 3770 3548; x_wconf 66' lang='lat' dir='ltr'><strong>ardi-</strong></span> 
     </span>
    </p>
   </div>
   <div class='ocr_carea' id='block_1_81' title="bbox 2243 3585 3772 3659">
    <p class='ocr_par' dir='ltr' id='par_1_81' title="bbox 2243 3585 3772 3659">
     <span class='ocr_line' id='line_1_81' title="bbox 2243 3585 3772 3659; baseline 0.001 -19"><span class='ocrx_word' id='word_1_608' title='bbox 2243 3585 2542 3640; x_wconf 85' lang='lat' dir='ltr'><strong>ficaverunt</strong></span> <span class='ocrx_word' id='word_1_609' title='bbox 2589 3601 2751 3656; x_wconf 88' lang='lat' dir='ltr'><strong>super</strong></span> <span class='ocrx_word' id='word_1_610' title='bbox 2800 3587 3208 3644; x_wconf 89' lang='lat' dir='ltr'><strong>fundamentum</strong></span> <span class='ocrx_word' id='word_1_611' title='bbox 3257 3606 3470 3657; x_wconf 89' lang='lat' dir='ltr'><strong>aurum,</strong></span> <span class='ocrx_word' id='word_1_612' title='bbox 3522 3602 3772 3659; x_wconf 81' lang='lat' dir='ltr'><strong>argentum,</strong></span> 
     </span>
    </p>
   </div>
   <div class='ocr_carea' id='block_1_82' title="bbox 2242 3676 3774 3753">
    <p class='ocr_par' dir='ltr' id='par_1_82' title="bbox 2242 3676 3774 3753">
     <span class='ocr_line' id='line_1_82' title="bbox 2242 3676 3774 3753; baseline -0.001 -21"><span class='ocrx_word' id='word_1_613' title='bbox 2242 3676 2449 3748; x_wconf 88' lang='lat' dir='ltr'><strong>lapides</strong></span> <span class='ocrx_word' id='word_1_614' title='bbox 2501 3679 2798 3748; x_wconf 90' lang='lat' dir='ltr'><strong>pretiosos?</strong></span> <span class='ocrx_word' id='word_1_615' title='bbox 2838 3679 2935 3734; x_wconf 86' lang='lat' dir='ltr'><strong>sed</strong></span> <span class='ocrx_word' id='word_1_616' title='bbox 2982 3680 3036 3735; x_wconf 91' lang='lat' dir='ltr'><strong>in</strong></span> <span class='ocrx_word' id='word_1_617' title='bbox 3076 3680 3227 3736; x_wconf 91' lang='lat' dir='ltr'><strong>illum</strong></span> <span class='ocrx_word' id='word_1_618' title='bbox 3257 3682 3450 3753; x_wconf 84' lang='lat' dir='ltr'><strong>ignem,</strong></span> <span class='ocrx_word' id='word_1_619' title='bbox 3481 3685 3540 3736; x_wconf 88' lang='lat' dir='ltr'><strong>de</strong></span> <span class='ocrx_word' id='word_1_620' title='bbox 3583 3695 3676 3749; x_wconf 88' lang='lat' dir='ltr'><strong>quo</strong></span> <span class='ocrx_word' id='word_1_621' title='bbox 3711 3677 3774 3732; x_wconf 84' lang='lat' dir='ltr'><strong>di-</strong></span> 
     </span>
    </p>
   </div>
   <div class='ocr_carea' id='block_1_83' title="bbox 2243 3771 3768 3843">
    <p class='ocr_par' dir='ltr' id='par_1_83' title="bbox 2243 3771 3768 3843">
     <span class='ocr_line' id='line_1_83' title="bbox 2243 3771 3768 3843; baseline -0.002 -17"><span class='ocrx_word' id='word_1_622' title='bbox 2243 3779 2389 3826; x_wconf 89' lang='lat' dir='ltr'><strong>ctum</strong></span> <span class='ocrx_word' id='word_1_623' title='bbox 2416 3781 2519 3836; x_wconf 87' lang='lat' dir='ltr'><strong>est,</strong></span> <span class='ocrx_word' id='word_1_624' title='bbox 2581 3771 2672 3828; x_wconf 87' lang='lat' dir='ltr'><strong>Sic</strong></span> <span class='ocrx_word' id='word_1_625' title='bbox 2698 3781 2875 3829; x_wconf 90' lang='lat' dir='ltr'><strong>tamen</strong></span> <span class='ocrx_word' id='word_1_626' title='bbox 2898 3774 3047 3842; x_wconf 87' lang='lat' dir='ltr'><strong>quasi</strong></span> <span class='ocrx_word' id='word_1_627' title='bbox 3072 3788 3167 3843; x_wconf 91' lang='lat' dir='ltr'><strong>per</strong></span> <span class='ocrx_word' id='word_1_628' title='bbox 3194 3773 3380 3842; x_wconf 86' lang='lat' dir='ltr'><strong>ignem,</strong></span> <span class='ocrx_word' id='word_1_629' title='bbox 3423 3775 3466 3828; x_wconf 86' lang='lat' dir='ltr'><strong>si</strong></span> <span class='ocrx_word' id='word_1_630' title='bbox 3495 3773 3586 3826; x_wconf 89' lang='lat' dir='ltr'><strong>hoc</strong></span> <span class='ocrx_word' id='word_1_631' title='bbox 3624 3771 3768 3824; x_wconf 87' lang='lat' dir='ltr'><strong>modo</strong></span> 
     </span>
    </p>
   </div>
   <div class='ocr_carea' id='block_1_84' title="bbox 2243 3860 3923 4018">
    <p class='ocr_par' dir='ltr' id='par_1_84' title="bbox 2243 3860 3923 4018">
     <span class='ocr_line' id='line_1_84' title="bbox 2243 3860 3923 4018; baseline -0.002 -99"><span class='ocrx_word' id='word_1_632' title='bbox 2243 3872 2327 3919; x_wconf 91' lang='lat' dir='ltr'><strong>est</strong></span> <span class='ocrx_word' id='word_1_633' title='bbox 2368 3863 2767 3934; x_wconf 89' lang='lat' dir='ltr'><strong>intelligendus,</strong></span> <span class='ocrx_word' id='word_1_634' title='bbox 2816 3866 3028 3935; x_wconf 90' lang='lat' dir='ltr'><strong>utrique</strong></span> <span class='ocrx_word' id='word_1_635' title='bbox 3075 3867 3322 3921; x_wconf 85' lang='lat' dir='ltr'><strong>mittendi</strong></span> <span class='ocrx_word' id='word_1_636' title='bbox 3346 3874 3478 3931; x_wconf 86' lang='lat' dir='ltr'><strong>sunt,</strong></span> <span class='ocrx_word' id='word_1_637' title='bbox 3522 3872 3570 3918; x_wconf 91' lang='lat' dir='ltr'><strong>et</strong></span> <span class='ocrx_word' id='word_1_638' title='bbox 3607 3860 3769 3916; x_wconf 73' lang='lat' dir='ltr'><strong>dextri</strong></span> 
     </span>
     <span class='ocr_line' id='line_1_85' title="bbox 2243 3951 3778 4018; baseline -0.001 -6"><span class='ocrx_word' id='word_1_639' title='bbox 2243 3956 2450 4012; x_wconf 89' lang='lat' dir='ltr'><strong>scilicet</strong></span> <span class='ocrx_word' id='word_1_640' title='bbox 2475 3965 2530 4013; x_wconf 88' lang='lat' dir='ltr'><strong>et</strong></span> <span class='ocrx_word' id='word_1_641' title='bbox 2551 3957 2753 4012; x_wconf 89' lang='lat' dir='ltr'><strong>sinistri</strong></span> <span class='ocrx_word' id='word_1_642' title='bbox 2779 3975 2792 4013; x_wconf 91' lang='lat'>:</span> <span class='ocrx_word' id='word_1_643' title='bbox 2821 3958 2912 4014; x_wconf 92' lang='lat' dir='ltr'><strong>illo</strong></span> <span class='ocrx_word' id='word_1_644' title='bbox 2942 3960 3141 4018; x_wconf 82' lang='lat' dir='ltr'><strong>quippe</strong></span> <span class='ocrx_word' id='word_1_645' title='bbox 3171 3961 3292 4018; x_wconf 73' lang='lat' dir='ltr'><strong>iane</strong></span> <span class='ocrx_word' id='word_1_646' title='bbox 3316 3959 3511 4018; x_wconf 81' lang='lat' dir='ltr'><strong>utrique</strong></span> <span class='ocrx_word' id='word_1_647' title='bbox 3546 3951 3778 4018; x_wconf 83' lang='lat' dir='ltr'><strong>probandi</strong></span> 
     </span>
    </p>
   </div>
   <div class='ocr_carea' id='block_1_85' title="bbox 2239 3951 3778 4030">
    <p class='ocr_par' dir='ltr' id='par_1_85' title="bbox 2239 3951 3778 4030">
     <span class='ocr_line' id='line_1_86' title="bbox 2239 3951 3778 4030; baseline -0.001 -18"><span class='ocrx_word' id='word_1_648' title='bbox 2239 3956 2450 4012; x_wconf 85' lang='lat' dir='ltr'><strong>scilicet</strong></span> <span class='ocrx_word' id='word_1_649' title='bbox 2475 3965 2530 4013; x_wconf 86' lang='lat' dir='ltr'><strong>et</strong></span> <span class='ocrx_word' id='word_1_650' title='bbox 2551 3957 2753 4012; x_wconf 90' lang='lat' dir='ltr'><strong>sinistri</strong></span> <span class='ocrx_word' id='word_1_651' title='bbox 2779 3975 2792 4013; x_wconf 91' lang='lat'>:</span> <span class='ocrx_word' id='word_1_652' title='bbox 2821 3958 2912 4014; x_wconf 92' lang='lat' dir='ltr'><strong>illo</strong></span> <span class='ocrx_word' id='word_1_653' title='bbox 2942 3960 3141 4030; x_wconf 90' lang='lat' dir='ltr'><strong>quippe</strong></span> <span class='ocrx_word' id='word_1_654' title='bbox 3171 3961 3292 4030; x_wconf 84' lang='lat' dir='ltr'><strong>igne</strong></span> <span class='ocrx_word' id='word_1_655' title='bbox 3316 3959 3511 4025; x_wconf 87' lang='lat' dir='ltr'><strong>utrique</strong></span> <span class='ocrx_word' id='word_1_656' title='bbox 3546 3951 3778 4026; x_wconf 81' lang='lat' dir='ltr'><strong>probandi</strong></span> 
     </span>
    </p>
   </div>
   <div class='ocr_carea' id='block_1_86' title="bbox 2240 4047 3778 4123">
    <p class='ocr_par' dir='ltr' id='par_1_86' title="bbox 2240 4047 3778 4123">
     <span class='ocr_line' id='line_1_87' title="bbox 2240 4047 3778 4123; baseline -0.006 -15"><span class='ocrx_word' id='word_1_657' title='bbox 2240 4061 2391 4118; x_wconf 85' lang='lat' dir='ltr'><strong>sunt,</strong></span> <span class='ocrx_word' id='word_1_658' title='bbox 2423 4052 2491 4108; x_wconf 91' lang='lat' dir='ltr'><strong>de</strong></span> <span class='ocrx_word' id='word_1_659' title='bbox 2513 4067 2621 4123; x_wconf 91' lang='lat' dir='ltr'><strong>quo</strong></span> <span class='ocrx_word' id='word_1_660' title='bbox 2649 4052 2849 4108; x_wconf 90' lang='lat' dir='ltr'><strong>dictum</strong></span> <span class='ocrx_word' id='word_1_661' title='bbox 2878 4063 2958 4108; x_wconf 91' lang='lat' dir='ltr'><strong>est</strong></span> <span class='ocrx_word' id='word_1_662' title='bbox 2987 4069 3001 4107; x_wconf 86' lang='lat'><strong>:</strong></span> <span class='ocrx_word' id='word_1_663' title='bbox 3035 4055 3156 4108; x_wconf 89' lang='lat' dir='ltr'><strong>Dies</strong></span> <span class='ocrx_word' id='word_1_664' title='bbox 3183 4054 3327 4108; x_wconf 89' lang='lat' dir='ltr'><strong>enim</strong></span> <span class='ocrx_word' id='word_1_665' title='bbox 3352 4050 3645 4114; x_wconf 83' lang='lat' dir='ltr'><strong>declarabit,</strong></span> <span class='ocrx_word' id='word_1_666' title='bbox 3680 4047 3778 4118; x_wconf 87' lang='lat' dir='ltr'><strong>quia</strong></span> 
     </span>
    </p>
   </div>
   <div class='ocr_carea' id='block_1_87' title="bbox 2239 4141 3776 4219">
    <p class='ocr_par' dir='ltr' id='par_1_87' title="bbox 2239 4141 3776 4219">
     <span class='ocr_line' id='line_1_88' title="bbox 2239 4141 3776 4219; baseline -0.007 -15"><span class='ocrx_word' id='word_1_667' title='bbox 2239 4148 2296 4204; x_wconf 86' lang='lat' dir='ltr'><strong>in</strong></span> <span class='ocrx_word' id='word_1_668' title='bbox 2328 4147 2451 4219; x_wconf 90' lang='lat' dir='ltr'><strong>igne</strong></span> <span class='ocrx_word' id='word_1_669' title='bbox 2481 4147 2834 4214; x_wconf 89' lang='lat' dir='ltr'><strong>revelabitur,</strong></span> <span class='ocrx_word' id='word_1_670' title='bbox 2858 4157 2914 4203; x_wconf 90' lang='lat' dir='ltr'><strong>et</strong></span> <span class='ocrx_word' id='word_1_671' title='bbox 2942 4146 3372 4218; x_wconf 89' lang='lat' dir='ltr'><strong>uniuscujusque</strong></span> <span class='ocrx_word' id='word_1_672' title='bbox 3393 4162 3527 4217; x_wconf 87' lang='lat' dir='ltr'><strong>opus</strong></span> <span class='ocrx_word' id='word_1_673' title='bbox 3563 4143 3701 4214; x_wconf 89' lang='lat' dir='ltr'><strong>quale</strong></span> <span class='ocrx_word' id='word_1_674' title='bbox 3723 4141 3776 4195; x_wconf 86' lang='lat' dir='ltr'><strong>sit</strong></span> 
     </span>
    </p>
   </div>
   <div class='ocr_carea' id='block_1_88' title="bbox 2240 4237 3777 4312">
    <p class='ocr_par' dir='ltr' id='par_1_88' title="bbox 2240 4237 3777 4312">
     <span class='ocr_line' id='line_1_89' title="bbox 2240 4237 3777 4312; baseline -0.007 -16"><span class='ocrx_word' id='word_1_675' title='bbox 2240 4241 2380 4312; x_wconf 88' lang='lat' dir='ltr'><strong>ignis</strong></span> <span class='ocrx_word' id='word_1_676' title='bbox 2409 4241 2677 4311; x_wconf 83' lang='lat' dir='ltr'><strong>probabit.</strong></span> <span class='ocrx_word' id='word_1_677' title='bbox 2711 4239 2768 4296; x_wconf 91' lang='lat' dir='ltr'><strong>Si</strong></span> <span class='ocrx_word' id='word_1_678' title='bbox 2799 4255 2931 4311; x_wconf 89' lang='lat' dir='ltr'><strong>ergo</strong></span> <span class='ocrx_word' id='word_1_679' title='bbox 2961 4250 3250 4310; x_wconf 88' lang='lat' dir='ltr'><strong>utrumque</strong></span> <span class='ocrx_word' id='word_1_680' title='bbox 3290 4240 3546 4310; x_wconf 74' lang='lat' dir='ltr'><strong>probabit</strong></span> <span class='ocrx_word' id='word_1_681' title='bbox 3581 4237 3714 4307; x_wconf 82' lang='lat' dir='ltr'><strong>ignis,</strong></span> <span class='ocrx_word' id='word_1_682' title='bbox 3740 4244 3777 4287; x_wconf 91' lang='lat' dir='ltr'><strong>ut</strong></span> 
     </span>
    </p>
   </div>
   <div class='ocr_carea' id='block_1_89' title="bbox 2238 4326 3774 4402">
    <p class='ocr_par' dir='ltr' id='par_1_89' title="bbox 2238 4326 3774 4402">
     <span class='ocr_line' id='line_1_90' title="bbox 2238 4326 3774 4402; baseline -0.008 -14"><span class='ocrx_word' id='word_1_683' title='bbox 2238 4331 2284 4388; x_wconf 91' lang='lat' dir='ltr'><strong>si</strong></span> <span class='ocrx_word' id='word_1_684' title='bbox 2307 4331 2461 4400; x_wconf 91' lang='lat' dir='ltr'><strong>cujus</strong></span> <span class='ocrx_word' id='word_1_685' title='bbox 2507 4345 2645 4400; x_wconf 90' lang='lat' dir='ltr'><strong>opus</strong></span> <span class='ocrx_word' id='word_1_686' title='bbox 2694 4331 3074 4402; x_wconf 87' lang='lat' dir='ltr'><strong>permanserit,</strong></span> <span class='ocrx_word' id='word_1_687' title='bbox 3109 4332 3161 4386; x_wconf 91' lang='lat' dir='ltr'><strong>id</strong></span> <span class='ocrx_word' id='word_1_688' title='bbox 3207 4340 3292 4386; x_wconf 91' lang='lat' dir='ltr'><strong>est</strong></span> <span class='ocrx_word' id='word_1_689' title='bbox 3340 4346 3459 4386; x_wconf 90' lang='lat' dir='ltr'><strong>non</strong></span> <span class='ocrx_word' id='word_1_690' title='bbox 3512 4329 3657 4386; x_wconf 89' lang='lat' dir='ltr'><strong>fuerit</strong></span> <span class='ocrx_word' id='word_1_691' title='bbox 3688 4326 3774 4396; x_wconf 81' lang='lat' dir='ltr'><strong>igne</strong></span> 
     </span>
    </p>
   </div>
   <div class='ocr_carea' id='block_1_90' title="bbox 2239 4415 3771 4494">
    <p class='ocr_par' dir='ltr' id='par_1_90' title="bbox 2239 4415 3771 4494">
     <span class='ocr_line' id='line_1_91' title="bbox 2239 4415 3771 4494; baseline -0.003 -17"><span class='ocrx_word' id='word_1_692' title='bbox 2239 4433 2640 4492; x_wconf 89' lang='lat' dir='ltr'><strong>consumptum,</strong></span> <span class='ocrx_word' id='word_1_693' title='bbox 2671 4424 2812 4494; x_wconf 84' lang='lat' dir='ltr'><strong>quod</strong></span> <span class='ocrx_word' id='word_1_694' title='bbox 2841 4423 3316 4493; x_wconf 77' lang='lat' dir='ltr'><strong>supertedilicavit,</strong></span> <span class='ocrx_word' id='word_1_695' title='bbox 3351 4423 3653 4478; x_wconf 87' lang='lat' dir='ltr'><strong>mercedem</strong></span> <span class='ocrx_word' id='word_1_696' title='bbox 3673 4415 3771 4471; x_wconf 77' lang='lat' dir='ltr'><strong>acci-</strong></span> 
     </span>
    </p>
   </div>
   <div class='ocr_carea' id='block_1_91' title="bbox 2237 4517 3756 4588">
    <p class='ocr_par' dir='ltr' id='par_1_91' title="bbox 2237 4517 3756 4588">
     <span class='ocr_line' id='line_1_92' title="bbox 2237 4517 3756 4588; baseline -0.003 -22"><span class='ocrx_word' id='word_1_697' title='bbox 2237 4518 2376 4588; x_wconf 81' lang='lat' dir='ltr'><strong>piat;</strong></span> <span class='ocrx_word' id='word_1_698' title='bbox 2403 4518 2448 4572; x_wconf 93' lang='lat' dir='ltr'><strong>si</strong></span> <span class='ocrx_word' id='word_1_699' title='bbox 2473 4517 2626 4588; x_wconf 90' lang='lat' dir='ltr'><strong>cujus</strong></span> <span class='ocrx_word' id='word_1_700' title='bbox 2655 4525 2833 4573; x_wconf 89' lang='lat' dir='ltr'><strong>autem</strong></span> <span class='ocrx_word' id='word_1_701' title='bbox 2863 4533 2998 4588; x_wconf 89' lang='lat' dir='ltr'><strong>opus</strong></span> <span class='ocrx_word' id='word_1_702' title='bbox 3019 4517 3231 4586; x_wconf 87' lang='lat' dir='ltr'><strong>arserit,</strong></span> <span class='ocrx_word' id='word_1_703' title='bbox 3256 4517 3526 4573; x_wconf 88' lang='lat' dir='ltr'><strong>damnum</strong></span> <span class='ocrx_word' id='word_1_704' title='bbox 3557 4517 3756 4588; x_wconf 81' lang='lat' dir='ltr'><strong>patiatur:</strong></span> 
     </span>
    </p>
   </div>
   <div class='ocr_carea' id='block_1_92' title="bbox 537 4598 3765 4682">
    <p class='ocr_par' dir='ltr' id='par_1_92' title="bbox 537 4598 3765 4682">
     <span class='ocr_line' id='line_1_93' title="bbox 537 4598 3765 4682; baseline 0.001 -30"><span class='ocrx_word' id='word_1_705' title='bbox 537 4603 686 4652; x_wconf 78' lang='lat' dir='ltr'><strong>stum</strong></span> <span class='ocrx_word' id='word_1_706' title='bbox 717 4613 729 4649; x_wconf 93' lang='lat'><strong>:</strong></span> <span class='ocrx_word' id='word_1_707' title='bbox 757 4598 800 4650; x_wconf 88' lang='lat' dir='ltr'><strong>si</strong></span> <span class='ocrx_word' id='word_1_708' title='bbox 833 4598 973 4652; x_wconf 91' lang='lat' dir='ltr'><strong>enim</strong></span> <span class='ocrx_word' id='word_1_709' title='bbox 1004 4600 1135 4655; x_wconf 91' lang='lat' dir='ltr'><strong>nihil</strong></span> <span class='ocrx_word' id='word_1_710' title='bbox 1167 4602 1215 4656; x_wconf 86' lang='lat' dir='ltr'><strong>ei</strong></span> <span class='ocrx_word' id='word_1_711' title='bbox 1249 4603 1370 4657; x_wconf 90' lang='lat' dir='ltr'><strong>talis</strong></span> <span class='ocrx_word' id='word_1_712' title='bbox 1397 4601 1700 4659; x_wconf 76' lang='lat' dir='ltr'><strong>affectionis</strong></span> <span class='ocrx_word' id='word_1_713' title='bbox 1732 4607 2132 4680; x_wconf 86' lang='lat' dir='ltr'><strong>voluptatisque</strong></span> <span class='ocrx_word' id='word_1_714' title='bbox 2156 4601 2214 4665; x_wconf 80' lang='grc' dir='ltr'><strong>Β</strong></span> <span class='ocrx_word' id='word_1_715' title='bbox 2239 4611 2478 4682; x_wconf 90' lang='lat' dir='ltr'><strong>profecto</strong></span> <span class='ocrx_word' id='word_1_716' title='bbox 2519 4627 2625 4666; x_wconf 92' lang='lat' dir='ltr'><strong>non</strong></span> <span class='ocrx_word' id='word_1_717' title='bbox 2671 4619 2756 4668; x_wconf 89' lang='lat' dir='ltr'><strong>est</strong></span> <span class='ocrx_word' id='word_1_718' title='bbox 2800 4613 2917 4682; x_wconf 88' lang='lat' dir='ltr'><strong>ipse</strong></span> <span class='ocrx_word' id='word_1_719' title='bbox 2945 4621 3178 4670; x_wconf 61' lang='lat' dir='ltr'><strong>aeternus</strong></span> <span class='ocrx_word' id='word_1_720' title='bbox 3225 4611 3320 4666; x_wconf 92' lang='lat' dir='ltr'><strong>ille</strong></span> <span class='ocrx_word' id='word_1_721' title='bbox 3359 4612 3553 4681; x_wconf 82' lang='lat' dir='ltr'><strong>ignis;</strong></span> <span class='ocrx_word' id='word_1_722' title='bbox 3589 4613 3634 4667; x_wconf 92' lang='lat' dir='ltr'><strong>in</strong></span> <span class='ocrx_word' id='word_1_723' title='bbox 3663 4608 3765 4662; x_wconf 82' lang='lat' dir='ltr'><strong>illum</strong></span> 
     </span>
    </p>
   </div>
   <div class='ocr_carea' id='block_1_93' title="bbox 537 4695 2131 4769">
    <p class='ocr_par' dir='ltr' id='par_1_93' title="bbox 537 4695 2131 4769">
     <span class='ocr_line' id='line_1_94' title="bbox 537 4695 2131 4769; baseline 0.011 -27"><span class='ocrx_word' id='word_1_724' title='bbox 537 4701 821 4759; x_wconf 65' lang='lat' dir='ltr'><strong>praeponat</strong></span> <span class='ocrx_word' id='word_1_725' title='bbox 848 4695 1093 4760; x_wconf 91' lang='lat' dir='ltr'><strong>quamvis</strong></span> <span class='ocrx_word' id='word_1_726' title='bbox 1119 4696 1517 4765; x_wconf 69' lang='lat' dir='ltr'><strong>supermdificet</strong></span> <span class='ocrx_word' id='word_1_727' title='bbox 1542 4699 1771 4767; x_wconf 88' lang='lat' dir='ltr'><strong>lignum,</strong></span> <span class='ocrx_word' id='word_1_728' title='bbox 1802 4700 2006 4769; x_wconf 91' lang='lat' dir='ltr'><strong>fenum,</strong></span> <span class='ocrx_word' id='word_1_729' title='bbox 2037 4705 2131 4760; x_wconf 86' lang='lat' dir='ltr'><strong>sti-</strong></span> 
     </span>
    </p>
   </div>
   <div class='ocr_carea' id='block_1_94' title="bbox 535 4781 2132 4860">
    <p class='ocr_par' dir='ltr' id='par_1_94' title="bbox 535 4781 2132 4860">
     <span class='ocr_line' id='line_1_95' title="bbox 535 4781 2132 4860; baseline 0.011 -26"><span class='ocrx_word' id='word_1_730' title='bbox 535 4782 741 4851; x_wconf 87' lang='lat' dir='ltr'><strong>pulam,</strong></span> <span class='ocrx_word' id='word_1_731' title='bbox 757 4781 1000 4839; x_wconf 88' lang='lat' dir='ltr'><strong>Christus</strong></span> <span class='ocrx_word' id='word_1_732' title='bbox 1015 4795 1098 4840; x_wconf 90' lang='lat' dir='ltr'><strong>est</strong></span> <span class='ocrx_word' id='word_1_733' title='bbox 1113 4787 1516 4845; x_wconf 89' lang='lat' dir='ltr'><strong>fundamentum</strong></span> <span class='ocrx_word' id='word_1_734' title='bbox 1537 4808 1552 4857; x_wconf 94' lang='lat'><strong>;</strong></span> <span class='ocrx_word' id='word_1_735' title='bbox 1577 4801 1796 4860; x_wconf 87' lang='lat' dir='ltr'><strong>propter</strong></span> <span class='ocrx_word' id='word_1_736' title='bbox 1826 4792 1930 4849; x_wconf 91' lang='lat' dir='ltr'><strong>hoc</strong></span> <span class='ocrx_word' id='word_1_737' title='bbox 1952 4796 2132 4852; x_wconf 87' lang='lat' dir='ltr'><strong>salvus</strong></span> 
     </span>
    </p>
   </div>
   <div class='ocr_carea' id='block_1_95' title="bbox 531 4875 2132 4960">
    <p class='ocr_par' dir='ltr' id='par_1_95' title="bbox 531 4875 2132 4960">
     <span class='ocr_line' id='line_1_96' title="bbox 531 4875 2132 4960; baseline 0.009 -30"><span class='ocrx_word' id='word_1_738' title='bbox 531 4875 641 4930; x_wconf 85' lang='lat' dir='ltr'><strong>erit</strong></span> <span class='ocrx_word' id='word_1_739' title='bbox 662 4890 760 4945; x_wconf 89' lang='lat' dir='ltr'><strong>per</strong></span> <span class='ocrx_word' id='word_1_740' title='bbox 778 4875 977 4946; x_wconf 84' lang='lat' dir='ltr'><strong>ignem.</strong></span> <span class='ocrx_word' id='word_1_741' title='bbox 1010 4877 1239 4935; x_wconf 90' lang='lat' dir='ltr'><strong>Delicias</strong></span> <span class='ocrx_word' id='word_1_742' title='bbox 1260 4883 1456 4953; x_wconf 89' lang='lat' dir='ltr'><strong>quippe</strong></span> <span class='ocrx_word' id='word_1_743' title='bbox 1483 4883 1790 4954; x_wconf 89' lang='lat' dir='ltr'><strong>hujusmodi</strong></span> <span class='ocrx_word' id='word_1_744' title='bbox 1813 4901 2132 4960; x_wconf 91' lang='lat' dir='ltr'><strong>amoresque</strong></span> 
     </span>
    </p>
   </div>
   <div class='ocr_carea' id='block_1_96' title="bbox 541 4976 2131 5051">
    <p class='ocr_par' dir='ltr' id='par_1_96' title="bbox 541 4976 2131 5051">
     <span class='ocr_line' id='line_1_97' title="bbox 541 4976 2131 5051; baseline 0.011 -27"><span class='ocrx_word' id='word_1_745' title='bbox 541 4977 792 5026; x_wconf 82' lang='lat' dir='ltr'><strong>terrenos</strong></span> <span class='ocrx_word' id='word_1_746' title='bbox 830 4981 1051 5041; x_wconf 84' lang='lat' dir='ltr'><strong>propter</strong></span> <span class='ocrx_word' id='word_1_747' title='bbox 1095 4976 1433 5046; x_wconf 87' lang='lat' dir='ltr'><strong>conjugalem</strong></span> <span class='ocrx_word' id='word_1_748' title='bbox 1475 4981 1720 5051; x_wconf 91' lang='lat' dir='ltr'><strong>copulam</strong></span> <span class='ocrx_word' id='word_1_749' title='bbox 1755 4998 1861 5039; x_wconf 91' lang='lat' dir='ltr'><strong>non</strong></span> <span class='ocrx_word' id='word_1_750' title='bbox 1908 4984 2131 5042; x_wconf 86' lang='lat' dir='ltr'><strong>damna-</strong></span> 
     </span>
    </p>
   </div>
   <div class='ocr_carea' id='block_1_97' title="bbox 530 5063 2126 5147">
    <p class='ocr_par' dir='ltr' id='par_1_97' title="bbox 530 5063 2126 5147">
     <span class='ocr_line' id='line_1_98' title="bbox 530 5063 2126 5147; baseline 0.01 -28"><span class='ocrx_word' id='word_1_751' title='bbox 530 5063 670 5119; x_wconf 82' lang='lat' dir='ltr'><strong>bilcs</strong></span> <span class='ocrx_word' id='word_1_752' title='bbox 718 5065 1083 5124; x_wconf 87' lang='lat' dir='ltr'><strong>tribulationis</strong></span> <span class='ocrx_word' id='word_1_753' title='bbox 1120 5067 1258 5137; x_wconf 86' lang='lat' dir='ltr'><strong>ignis</strong></span> <span class='ocrx_word' id='word_1_754' title='bbox 1298 5080 1507 5126; x_wconf 80' lang='lat' dir='ltr'><strong>exuret.</strong></span> <span class='ocrx_word' id='word_1_755' title='bbox 1539 5073 1618 5129; x_wconf 87' lang='lat' dir='ltr'><strong>Ad</strong></span> <span class='ocrx_word' id='word_1_756' title='bbox 1664 5092 1823 5146; x_wconf 91' lang='lat' dir='ltr'><strong>quem</strong></span> <span class='ocrx_word' id='word_1_757' title='bbox 1854 5080 2126 5147; x_wconf 84' lang='lat' dir='ltr'><strong>pertinent</strong></span> 
     </span>
    </p>
   </div>
   <div class='ocr_carea' id='block_1_98' title="bbox 531 5154 2123 5241">
    <p class='ocr_par' dir='ltr' id='par_1_98' title="bbox 531 5154 2123 5241">
     <span class='ocr_line' id='line_1_99' title="bbox 531 5154 2123 5241; baseline 0.011 -31"><span class='ocrx_word' id='word_1_758' title='bbox 531 5154 712 5224; x_wconf 84' lang='lat' dir='ltr'><strong>ignem</strong></span> <span class='ocrx_word' id='word_1_759' title='bbox 745 5167 800 5212; x_wconf 91' lang='lat' dir='ltr'><strong>et</strong></span> <span class='ocrx_word' id='word_1_760' title='bbox 841 5159 1120 5228; x_wconf 88' lang='lat' dir='ltr'><strong>orbitates,</strong></span> <span class='ocrx_word' id='word_1_761' title='bbox 1148 5171 1201 5216; x_wconf 91' lang='lat' dir='ltr'><strong>et</strong></span> <span class='ocrx_word' id='word_1_762' title='bbox 1230 5177 1564 5234; x_wconf 78' lang='lat' dir='ltr'><strong>quaecunque</strong></span> <span class='ocrx_word' id='word_1_763' title='bbox 1607 5169 1960 5237; x_wconf 87' lang='lat' dir='ltr'><strong>calamitates,</strong></span> <span class='ocrx_word' id='word_1_764' title='bbox 2003 5187 2123 5241; x_wconf 68' lang='lat' dir='ltr'><strong>quae</strong></span> 
     </span>
    </p>
   </div>
   <div class='ocr_carea' id='block_1_99' title="bbox 534 5248 2124 5329">
    <p class='ocr_par' dir='ltr' id='par_1_99' title="bbox 534 5248 2124 5329">
     <span class='ocr_line' id='line_1_100' title="bbox 534 5248 2124 5329; baseline 0.01 -26"><span class='ocrx_word' id='word_1_765' title='bbox 534 5248 787 5303; x_wconf 83' lang='lat' dir='ltr'><strong>auferunt</strong></span> <span class='ocrx_word' id='word_1_766' title='bbox 833 5249 966 5306; x_wconf 65' lang='lat' dir='ltr'><strong>haec.</strong></span> <span class='ocrx_word' id='word_1_767' title='bbox 1002 5255 1081 5323; x_wconf 77' lang='lat' dir='ltr'><strong>Ac</strong></span> <span class='ocrx_word' id='word_1_768' title='bbox 1136 5270 1235 5324; x_wconf 89' lang='lat' dir='ltr'><strong>per</strong></span> <span class='ocrx_word' id='word_1_769' title='bbox 1273 5255 1377 5310; x_wconf 92' lang='lat' dir='ltr'><strong>hoc</strong></span> <span class='ocrx_word' id='word_1_770' title='bbox 1433 5258 1483 5312; x_wconf 89' lang='lat' dir='ltr'><strong>ei</strong></span> <span class='ocrx_word' id='word_1_771' title='bbox 1526 5261 1615 5328; x_wconf 91' lang='lat' dir='ltr'><strong>qui</strong></span> <span class='ocrx_word' id='word_1_772' title='bbox 1661 5262 1969 5329; x_wconf 58' lang='lat' dir='ltr'><strong>aedificavit,</strong></span> <span class='ocrx_word' id='word_1_773' title='bbox 2019 5265 2124 5319; x_wconf 91' lang='lat' dir='ltr'><strong>erit</strong></span> 
     </span>
    </p>
   </div>
   <div class='ocr_carea' id='block_1_100' title="bbox 528 5341 2120 5428">
    <p class='ocr_par' dir='ltr' id='par_1_100' title="bbox 528 5341 2120 5428">
     <span class='ocr_line' id='line_1_101' title="bbox 528 5341 2120 5428; baseline 0.013 -34"><span class='ocrx_word' id='word_1_774' title='bbox 528 5341 824 5401; x_wconf 61' lang='lat' dir='ltr'><strong>adiﬁcatio</strong></span> <span class='ocrx_word' id='word_1_775' title='bbox 855 5345 957 5401; x_wconf 90' lang='lat' dir='ltr'><strong>ista</strong></span> <span class='ocrx_word' id='word_1_776' title='bbox 987 5346 1280 5415; x_wconf 89' lang='lat' dir='ltr'><strong>damnosa;</strong></span> <span class='ocrx_word' id='word_1_777' title='bbox 1316 5351 1442 5420; x_wconf 83' lang='lat' dir='ltr'><strong>quia</strong></span> <span class='ocrx_word' id='word_1_778' title='bbox 1471 5367 1576 5408; x_wconf 93' lang='lat' dir='ltr'><strong>non</strong></span> <span class='ocrx_word' id='word_1_779' title='bbox 1603 5355 1827 5412; x_wconf 88' lang='lat' dir='ltr'><strong>habebit</strong></span> <span class='ocrx_word' id='word_1_780' title='bbox 1854 5359 1997 5428; x_wconf 89' lang='lat' dir='ltr'><strong>quod</strong></span> <span class='ocrx_word' id='word_1_781' title='bbox 2029 5374 2120 5414; x_wconf 89' lang='lat' dir='ltr'><strong>su-</strong></span> 
     </span>
    </p>
   </div>
   <div class='ocr_carea' id='block_1_101' title="bbox 533 5436 2120 5521">
    <p class='ocr_par' dir='ltr' id='par_1_101' title="bbox 533 5436 2120 5521">
     <span class='ocr_line' id='line_1_102' title="bbox 533 5436 2120 5521; baseline 0.011 -32"><span class='ocrx_word' id='word_1_782' title='bbox 533 5436 938 5505; x_wconf 74' lang='lat' dir='ltr'><strong>pertedificavit,</strong></span> <span class='ocrx_word' id='word_1_783' title='bbox 977 5447 1242 5498; x_wconf 86' lang='lat' dir='ltr'><strong>eteorum</strong></span> <span class='ocrx_word' id='word_1_784' title='bbox 1275 5445 1571 5502; x_wconf 90' lang='lat' dir='ltr'><strong>amissione</strong></span> <span class='ocrx_word' id='word_1_785' title='bbox 1611 5451 1960 5517; x_wconf 88' lang='lat' dir='ltr'><strong>cruciabitur,</strong></span> <span class='ocrx_word' id='word_1_786' title='bbox 2002 5453 2120 5521; x_wconf 90' lang='lat' dir='ltr'><strong>qui-</strong></span> 
     </span>
    </p>
   </div>
   <div class='ocr_carea' id='block_1_102' title="bbox 526 5526 2120 5610">
    <p class='ocr_par' dir='ltr' id='par_1_102' title="bbox 526 5526 2120 5610">
     <span class='ocr_line' id='line_1_103' title="bbox 526 5526 2120 5610; baseline 0.008 -25"><span class='ocrx_word' id='word_1_787' title='bbox 526 5526 628 5585; x_wconf 81' lang='lat' dir='ltr'><strong>bus</strong></span> <span class='ocrx_word' id='word_1_788' title='bbox 661 5531 886 5584; x_wconf 82' lang='lat' dir='ltr'><strong>fruendo</strong></span> <span class='ocrx_word' id='word_1_789' title='bbox 914 5533 1098 5603; x_wconf 90' lang='lat' dir='ltr'><strong>utique</strong></span> <span class='ocrx_word' id='word_1_790' title='bbox 1129 5535 1431 5607; x_wconf 65' lang='lat' dir='ltr'><strong>laetabatur,</strong></span> <span class='ocrx_word' id='word_1_791' title='bbox 1470 5540 1565 5593; x_wconf 86' lang='lat' dir='ltr'><strong>sed</strong></span> <span class='ocrx_word' id='word_1_792' title='bbox 1609 5556 1705 5609; x_wconf 91' lang='lat' dir='ltr'><strong>per</strong></span> <span class='ocrx_word' id='word_1_793' title='bbox 1749 5541 1894 5597; x_wconf 91' lang='lat' dir='ltr'><strong>hunc</strong></span> <span class='ocrx_word' id='word_1_794' title='bbox 1943 5544 2120 5610; x_wconf 85' lang='lat' dir='ltr'><strong>ignem</strong></span> 
     </span>
    </p>
   </div>
   <div class='ocr_carea' id='block_1_103' title="bbox 527 5622 2120 5706">
    <p class='ocr_par' dir='ltr' id='par_1_103' title="bbox 527 5622 2120 5706">
     <span class='ocr_line' id='line_1_104' title="bbox 527 5622 2120 5706; baseline 0.008 -28"><span class='ocrx_word' id='word_1_795' title='bbox 527 5622 713 5678; x_wconf 71' lang='lat' dir='ltr'><strong>salvus</strong></span> <span class='ocrx_word' id='word_1_796' title='bbox 753 5625 860 5679; x_wconf 89' lang='lat' dir='ltr'><strong>erit</strong></span> <span class='ocrx_word' id='word_1_797' title='bbox 912 5627 1498 5706; x_wconf 65' lang='lat' dir='ltr'><strong>meritolundamenti,</strong></span> <span class='ocrx_word' id='word_1_798' title='bbox 1530 5631 1656 5701; x_wconf 87' lang='lat' dir='ltr'><strong>quia</strong></span> <span class='ocrx_word' id='word_1_799' title='bbox 1711 5634 1811 5687; x_wconf 91' lang='lat' dir='ltr'><strong>etsi</strong></span> <span class='ocrx_word' id='word_1_800' title='bbox 1861 5643 2036 5689; x_wconf 91' lang='lat' dir='ltr'><strong>utrum</strong></span> <span class='ocrx_word' id='word_1_801' title='bbox 2070 5635 2120 5690; x_wconf 91' lang='lat' dir='ltr'><strong>id</strong></span> 
     </span>
    </p>
   </div>
   <div class='ocr_carea' id='block_1_104' title="bbox 527 5711 2121 5797">
    <p class='ocr_par' dir='ltr' id='par_1_104' title="bbox 527 5711 2121 5797">
     <span class='ocr_line' id='line_1_105' title="bbox 527 5711 2121 5797; baseline 0.009 -26"><span class='ocrx_word' id='word_1_802' title='bbox 527 5711 731 5772; x_wconf 74' lang='lat' dir='ltr'><strong>habere</strong></span> <span class='ocrx_word' id='word_1_803' title='bbox 760 5717 966 5785; x_wconf 89' lang='lat' dir='ltr'><strong>mallet,</strong></span> <span class='ocrx_word' id='word_1_804' title='bbox 996 5734 1065 5775; x_wconf 89' lang='lat' dir='ltr'><strong>an</strong></span> <span class='ocrx_word' id='word_1_805' title='bbox 1087 5720 1383 5789; x_wconf 87' lang='lat' dir='ltr'><strong>Christum,</strong></span> <span class='ocrx_word' id='word_1_806' title='bbox 1415 5738 1446 5778; x_wconf 92' lang='lat' dir='ltr'><strong>a</strong></span> <span class='ocrx_word' id='word_1_807' title='bbox 1474 5733 1816 5793; x_wconf 89' lang='lat' dir='ltr'><strong>persecutore</strong></span> <span class='ocrx_word' id='word_1_808' title='bbox 1857 5742 2121 5797; x_wconf 91' lang='lat' dir='ltr'><strong>propone-</strong></span> 
     </span>
    </p>
   </div>
   <div class='ocr_carea' id='block_1_105' title="bbox 528 5807 2121 5888">
    <p class='ocr_par' dir='ltr' id='par_1_105' title="bbox 528 5807 2121 5888">
     <span class='ocr_line' id='line_1_106' title="bbox 528 5807 2121 5888; baseline 0.011 -26"><span class='ocrx_word' id='word_1_809' title='bbox 528 5812 700 5879; x_wconf 59' lang='lat' dir='ltr'><strong>retur,</strong></span> <span class='ocrx_word' id='word_1_810' title='bbox 729 5807 815 5881; x_wconf 76' lang='lat' dir='ltr'><strong>[se</strong></span> <span class='ocrx_word' id='word_1_811' title='bbox 847 5810 1031 5874; x_wconf 82' lang='lat' dir='ltr'><strong>mallet</strong></span> <span class='ocrx_word' id='word_1_812' title='bbox 1057 5811 1332 5875; x_wconf 85' lang='lat' dir='ltr'><strong>Christum</strong></span> <span class='ocrx_word' id='word_1_813' title='bbox 1377 5813 1581 5876; x_wconf 83' lang='lat' dir='ltr'><strong>habere</strong></span> <span class='ocrx_word' id='word_1_814' title='bbox 1617 5830 1780 5888; x_wconf 86' lang='lat' dir='ltr'><strong>quam</strong></span> <span class='ocrx_word' id='word_1_815' title='bbox 1807 5817 1911 5879; x_wconf 84' lang='lat' dir='ltr'><strong>ista</strong></span> <span class='ocrx_word' id='word_1_816' title='bbox 1957 5818 2121 5880; x_wconf 88' lang='lat' dir='ltr'><strong>liber-</strong></span> 
     </span>
    </p>
   </div>
   <div class='ocr_carea' id='block_1_106' title="bbox 2237 4700 3775 4776">
    <p class='ocr_par' dir='ltr' id='par_1_106' title="bbox 2237 4700 3775 4776">
     <span class='ocr_line' id='line_1_107' title="bbox 2237 4700 3775 4776; baseline -0.008 -15"><span class='ocrx_word' id='word_1_817' title='bbox 2237 4706 2378 4761; x_wconf 90' lang='lat' dir='ltr'><strong>enim</strong></span> <span class='ocrx_word' id='word_1_818' title='bbox 2411 4706 2513 4760; x_wconf 91' lang='lat' dir='ltr'><strong>soli</strong></span> <span class='ocrx_word' id='word_1_819' title='bbox 2543 4705 2747 4762; x_wconf 88' lang='lat' dir='ltr'><strong>sinistri</strong></span> <span class='ocrx_word' id='word_1_820' title='bbox 2778 4706 3072 4761; x_wconf 89' lang='lat' dir='ltr'><strong>novissima</strong></span> <span class='ocrx_word' id='word_1_821' title='bbox 3099 4715 3154 4760; x_wconf 92' lang='lat' dir='ltr'><strong>et</strong></span> <span class='ocrx_word' id='word_1_822' title='bbox 3187 4714 3455 4776; x_wconf 89' lang='lat' dir='ltr'><strong>perpetua</strong></span> <span class='ocrx_word' id='word_1_823' title='bbox 3492 4700 3775 4761; x_wconf 80' lang='lat' dir='ltr'><strong>damnatione</strong></span> 
     </span>
    </p>
   </div>
   <div class='ocr_carea' id='block_1_107' title="bbox 2235 4797 3782 4868">
    <p class='ocr_par' dir='ltr' id='par_1_107' title="bbox 2235 4797 3782 4868">
     <span class='ocr_line' id='line_1_108' title="bbox 2235 4797 3782 4868; baseline -0.008 -13"><span class='ocrx_word' id='word_1_824' title='bbox 2235 4800 2546 4864; x_wconf 86' lang='lat' dir='ltr'><strong>mittentur;</strong></span> <span class='ocrx_word' id='word_1_825' title='bbox 2581 4799 2686 4855; x_wconf 89' lang='lat' dir='ltr'><strong>iste</strong></span> <span class='ocrx_word' id='word_1_826' title='bbox 2713 4807 2893 4854; x_wconf 90' lang='lat' dir='ltr'><strong>autem</strong></span> <span class='ocrx_word' id='word_1_827' title='bbox 2921 4797 3142 4853; x_wconf 79' lang='lat' dir='ltr'><strong>dextros</strong></span> <span class='ocrx_word' id='word_1_828' title='bbox 3171 4799 3400 4868; x_wconf 88' lang='lat' dir='ltr'><strong>probat,</strong></span> <span class='ocrx_word' id='word_1_829' title='bbox 3434 4799 3536 4854; x_wconf 92' lang='lat' dir='ltr'><strong>sed</strong></span> <span class='ocrx_word' id='word_1_830' title='bbox 3565 4797 3683 4851; x_wconf 86' lang='lat' dir='ltr'><strong>alios</strong></span> <span class='ocrx_word' id='word_1_831' title='bbox 3716 4804 3782 4844; x_wconf 87' lang='lat' dir='ltr'><strong>eo-</strong></span> 
     </span>
    </p>
   </div>
   <div class='ocr_carea' id='block_1_108' title="bbox 2234 4885 3783 4961">
    <p class='ocr_par' dir='ltr' id='par_1_108' title="bbox 2234 4885 3783 4961">
     <span class='ocr_line' id='line_1_109' title="bbox 2234 4885 3783 4961; baseline -0.008 -14"><span class='ocrx_word' id='word_1_832' title='bbox 2234 4907 2352 4947; x_wconf 91' lang='lat' dir='ltr'><strong>rum</strong></span> <span class='ocrx_word' id='word_1_833' title='bbox 2384 4890 2463 4946; x_wconf 89' lang='lat' dir='ltr'><strong>sic</strong></span> <span class='ocrx_word' id='word_1_834' title='bbox 2486 4889 2699 4960; x_wconf 89' lang='lat' dir='ltr'><strong>probat,</strong></span> <span class='ocrx_word' id='word_1_835' title='bbox 2732 4899 2792 4945; x_wconf 91' lang='lat' dir='ltr'><strong>ut</strong></span> <span class='ocrx_word' id='word_1_836' title='bbox 2827 4889 3119 4945; x_wconf 76' lang='lat' dir='ltr'><strong>tedificium</strong></span> <span class='ocrx_word' id='word_1_837' title='bbox 3146 4889 3286 4959; x_wconf 90' lang='lat' dir='ltr'><strong>quod</strong></span> <span class='ocrx_word' id='word_1_838' title='bbox 3338 4904 3516 4961; x_wconf 85' lang='lat' dir='ltr'><strong>super</strong></span> <span class='ocrx_word' id='word_1_839' title='bbox 3560 4885 3783 4943; x_wconf 81' lang='lat' dir='ltr'><strong>Christum</strong></span> 
     </span>
    </p>
   </div>
   <div class='ocr_carea' id='block_1_109' title="bbox 2234 4981 3788 5038">
    <p class='ocr_par' dir='ltr' id='par_1_109' title="bbox 2234 4981 3788 5038">
     <span class='ocr_line' id='line_1_110' title="bbox 2234 4981 3788 5038; baseline -0.006 0"><span class='ocrx_word' id='word_1_840' title='bbox 2234 4983 2646 5038; x_wconf 86' lang='lat' dir='ltr'><strong>fundamentum</strong></span> <span class='ocrx_word' id='word_1_841' title='bbox 2699 4981 2769 5036; x_wconf 91' lang='lat' dir='ltr'><strong>ab</strong></span> <span class='ocrx_word' id='word_1_842' title='bbox 2813 4982 2893 5037; x_wconf 89' lang='lat' dir='ltr'><strong>eis</strong></span> <span class='ocrx_word' id='word_1_843' title='bbox 2937 4981 3202 5037; x_wconf 89' lang='lat' dir='ltr'><strong>invenerit</strong></span> <span class='ocrx_word' id='word_1_844' title='bbox 3256 4995 3384 5035; x_wconf 89' lang='lat' dir='ltr'><strong>esse</strong></span> <span class='ocrx_word' id='word_1_845' title='bbox 3439 4987 3788 5036; x_wconf 81' lang='lat' dir='ltr'><strong>constructum.</strong></span> 
     </span>
    </p>
   </div>
   <div class='ocr_carea' id='block_1_110' title="bbox 2233 5068 3790 5146">
    <p class='ocr_par' dir='ltr' id='par_1_110' title="bbox 2233 5068 3790 5146">
     <span class='ocr_line' id='line_1_111' title="bbox 2233 5068 3790 5146; baseline -0.008 -14"><span class='ocrx_word' id='word_1_846' title='bbox 2233 5091 2341 5132; x_wconf 89' lang='lat' dir='ltr'><strong>non</strong></span> <span class='ocrx_word' id='word_1_847' title='bbox 2358 5084 2547 5130; x_wconf 80' lang='lat' dir='ltr'><strong>exurat</strong></span> <span class='ocrx_word' id='word_1_848' title='bbox 2569 5085 2730 5146; x_wconf 90' lang='lat' dir='ltr'><strong>atque</strong></span> <span class='ocrx_word' id='word_1_849' title='bbox 2749 5083 3066 5140; x_wconf 90' lang='lat' dir='ltr'><strong>consumat;</strong></span> <span class='ocrx_word' id='word_1_850' title='bbox 3099 5074 3233 5128; x_wconf 91' lang='lat' dir='ltr'><strong>alios</strong></span> <span class='ocrx_word' id='word_1_851' title='bbox 3255 5082 3443 5127; x_wconf 90' lang='lat' dir='ltr'><strong>autem</strong></span> <span class='ocrx_word' id='word_1_852' title='bbox 3472 5074 3648 5136; x_wconf 88' lang='lat' dir='ltr'><strong>aliter,</strong></span> <span class='ocrx_word' id='word_1_853' title='bbox 3672 5068 3712 5123; x_wconf 88' lang='lat' dir='ltr'><strong>id</strong></span> <span class='ocrx_word' id='word_1_854' title='bbox 3732 5073 3790 5117; x_wconf 74' lang='lat' dir='ltr'><strong>est</strong></span> 
     </span>
    </p>
   </div>
   <div class='ocr_carea' id='block_1_111' title="bbox 2233 5156 3792 5240">
    <p class='ocr_par' dir='ltr' id='par_1_111' title="bbox 2233 5156 3792 5240">
     <span class='ocr_line' id='line_1_112' title="bbox 2233 5156 3792 5240; baseline -0.011 -16"><span class='ocrx_word' id='word_1_855' title='bbox 2233 5168 2452 5240; x_wconf 92' lang='lat' dir='ltr'><strong>utquod</strong></span> <span class='ocrx_word' id='word_1_856' title='bbox 2483 5165 3067 5237; x_wconf 64' lang='lat' dir='ltr'><strong>supersedificaverunt,</strong></span> <span class='ocrx_word' id='word_1_857' title='bbox 3089 5165 3278 5219; x_wconf 87' lang='lat' dir='ltr'><strong>ardeat</strong></span> <span class='ocrx_word' id='word_1_858' title='bbox 3303 5164 3677 5232; x_wconf 87' lang='lat' dir='ltr'><strong>damnumque</strong></span> <span class='ocrx_word' id='word_1_859' title='bbox 3698 5156 3792 5213; x_wconf 85' lang='lat' dir='ltr'><strong>inde</strong></span> 
     </span>
    </p>
   </div>
   <div class='ocr_carea' id='block_1_112' title="bbox 2232 5255 3795 5333">
    <p class='ocr_par' dir='ltr' id='par_1_112' title="bbox 2232 5255 3795 5333">
     <span class='ocr_line' id='line_1_113' title="bbox 2232 5255 3795 5333; baseline -0.011 -17"><span class='ocrx_word' id='word_1_860' title='bbox 2232 5266 2526 5333; x_wconf 87' lang='lat' dir='ltr'><strong>patiantur,</strong></span> <span class='ocrx_word' id='word_1_861' title='bbox 2568 5259 2706 5315; x_wconf 91' lang='lat' dir='ltr'><strong>salvi</strong></span> <span class='ocrx_word' id='word_1_862' title='bbox 2749 5258 2880 5312; x_wconf 88' lang='lat' dir='ltr'><strong>fiant</strong></span> <span class='ocrx_word' id='word_1_863' title='bbox 2907 5269 3110 5324; x_wconf 87' lang='lat' dir='ltr'><strong>autem,</strong></span> <span class='ocrx_word' id='word_1_864' title='bbox 3145 5256 3400 5326; x_wconf 90' lang='lat' dir='ltr'><strong>quoniam</strong></span> <span class='ocrx_word' id='word_1_865' title='bbox 3457 5255 3725 5311; x_wconf 89' lang='lat' dir='ltr'><strong>Christum</strong></span> <span class='ocrx_word' id='word_1_866' title='bbox 3759 5264 3795 5301; x_wconf 83' lang='lat' dir='ltr'><strong>in</strong></span> 
     </span>
    </p>
   </div>
   <div class='ocr_carea' id='block_1_113' title="bbox 2229 5343 3800 5420">
    <p class='ocr_par' dir='ltr' id='par_1_113' title="bbox 2229 5343 3800 5420">
     <span class='ocr_line' id='line_1_114' title="bbox 2229 5343 3800 5420; baseline -0.01 -11"><span class='ocrx_word' id='word_1_867' title='bbox 2229 5353 2576 5409; x_wconf 85' lang='lat' dir='ltr'><strong>fundamento</strong></span> <span class='ocrx_word' id='word_1_868' title='bbox 2603 5349 2868 5406; x_wconf 86' lang='lat' dir='ltr'><strong>stabiliter</strong></span> <span class='ocrx_word' id='word_1_869' title='bbox 2894 5351 3130 5420; x_wconf 91' lang='lat' dir='ltr'><strong>positum</strong></span> <span class='ocrx_word' id='word_1_870' title='bbox 3176 5347 3525 5418; x_wconf 63' lang='lat' dir='ltr'><strong>praecellenti</strong></span> <span class='ocrx_word' id='word_1_871' title='bbox 3573 5343 3800 5402; x_wconf 82' lang='lat' dir='ltr'><strong>charitate</strong></span> 
     </span>
    </p>
   </div>
   <div class='ocr_carea' id='block_1_114' title="bbox 2216 5437 3801 5512">
    <p class='ocr_par' dir='ltr' id='par_1_114' title="bbox 2216 5437 3801 5512">
     <span class='ocr_line' id='line_1_115' title="bbox 2216 5437 3801 5512; baseline -0.01 -9"><span class='ocrx_word' id='word_1_872' title='bbox 2216 5456 2536 5503; x_wconf 90' lang='lat' dir='ltr'><strong>.tenuerunt.</strong></span> <span class='ocrx_word' id='word_1_873' title='bbox 2566 5447 2621 5501; x_wconf 89' lang='lat' dir='ltr'><strong>Si</strong></span> <span class='ocrx_word' id='word_1_874' title='bbox 2650 5455 2828 5500; x_wconf 90' lang='lat' dir='ltr'><strong>autem</strong></span> <span class='ocrx_word' id='word_1_875' title='bbox 2860 5445 2992 5500; x_wconf 80' lang='lat' dir='ltr'><strong>salvi</strong></span> <span class='ocrx_word' id='word_1_876' title='bbox 3019 5445 3172 5509; x_wconf 85' lang='lat' dir='ltr'><strong>fient,</strong></span> <span class='ocrx_word' id='word_1_877' title='bbox 3212 5441 3466 5512; x_wconf 89' lang='lat' dir='ltr'><strong>profecto</strong></span> <span class='ocrx_word' id='word_1_878' title='bbox 3510 5452 3570 5497; x_wconf 87' lang='lat' dir='ltr'><strong>et</strong></span> <span class='ocrx_word' id='word_1_879' title='bbox 3611 5439 3675 5494; x_wconf 85' lang='lat' dir='ltr'><strong>ad</strong></span> <span class='ocrx_word' id='word_1_880' title='bbox 3702 5437 3801 5491; x_wconf 73' lang='lat' dir='ltr'><strong>dex-</strong></span> 
     </span>
    </p>
   </div>
   <div class='ocr_carea' id='block_1_115' title="bbox 2226 5531 3806 5607">
    <p class='ocr_par' dir='ltr' id='par_1_115' title="bbox 2226 5531 3806 5607">
     <span class='ocr_line' id='line_1_116' title="bbox 2226 5531 3806 5607; baseline -0.008 -11"><span class='ocrx_word' id='word_1_881' title='bbox 2226 5550 2360 5596; x_wconf 90' lang='lat' dir='ltr'><strong>tram</strong></span> <span class='ocrx_word' id='word_1_882' title='bbox 2390 5540 2630 5607; x_wconf 88' lang='lat' dir='ltr'><strong>stabunt,</strong></span> <span class='ocrx_word' id='word_1_883' title='bbox 2661 5548 2858 5593; x_wconf 91' lang='lat' dir='ltr'><strong>etcum</strong></span> <span class='ocrx_word' id='word_1_884' title='bbox 2901 5538 3115 5593; x_wconf 87' lang='lat' dir='ltr'><strong>caeteris</strong></span> <span class='ocrx_word' id='word_1_885' title='bbox 3148 5535 3371 5591; x_wconf 87' lang='lat' dir='ltr'><strong>audient</strong></span> <span class='ocrx_word' id='word_1_886' title='bbox 3410 5552 3427 5589; x_wconf 89' lang='lat'><strong>:</strong></span> <span class='ocrx_word' id='word_1_887' title='bbox 3478 5535 3690 5597; x_wconf 87' lang='lat' dir='ltr'><strong>Venite,</strong></span> <span class='ocrx_word' id='word_1_888' title='bbox 3728 5531 3806 5583; x_wconf 83' lang='lat' dir='ltr'><strong>be-</strong></span> 
     </span>
    </p>
   </div>
   <div class='ocr_carea' id='block_1_116' title="bbox 2226 5626 3804 5700">
    <p class='ocr_par' dir='ltr' id='par_1_116' title="bbox 2226 5626 3804 5700">
     <span class='ocr_line' id='line_1_117' title="bbox 2226 5626 3804 5700; baseline -0.006 -10"><span class='ocrx_word' id='word_1_889' title='bbox 2226 5634 2422 5690; x_wconf 89' lang='lat' dir='ltr'><strong>nedicti</strong></span> <span class='ocrx_word' id='word_1_890' title='bbox 2452 5632 2626 5687; x_wconf 83' lang='lat' dir='ltr'><strong>Patris</strong></span> <span class='ocrx_word' id='word_1_891' title='bbox 2648 5630 2783 5697; x_wconf 91' lang='lat' dir='ltr'><strong>mei;</strong></span> <span class='ocrx_word' id='word_1_892' title='bbox 2809 5629 3084 5700; x_wconf 89' lang='lat' dir='ltr'><strong>possidete</strong></span> <span class='ocrx_word' id='word_1_893' title='bbox 3113 5636 3355 5699; x_wconf 87' lang='lat' dir='ltr'><strong>paratum</strong></span> <span class='ocrx_word' id='word_1_894' title='bbox 3383 5626 3559 5682; x_wconf 89' lang='lat' dir='ltr'><strong>vobis</strong></span> <span class='ocrx_word' id='word_1_895' title='bbox 3589 5632 3804 5695; x_wconf 53' lang='lat' dir='ltr'><strong>regnum:</strong></span> 
     </span>
    </p>
   </div>
   <div class='ocr_carea' id='block_1_117' title="bbox 2227 5719 3807 5793">
    <p class='ocr_par' dir='ltr' id='par_1_117' title="bbox 2227 5719 3807 5793">
     <span class='ocr_line' id='line_1_118' title="bbox 2227 5719 3807 5793; baseline -0.006 -9"><span class='ocrx_word' id='word_1_896' title='bbox 2227 5742 2334 5784; x_wconf 87' lang='lat' dir='ltr'><strong>non</strong></span> <span class='ocrx_word' id='word_1_897' title='bbox 2367 5727 2435 5782; x_wconf 90' lang='lat' dir='ltr'><strong>ad</strong></span> <span class='ocrx_word' id='word_1_898' title='bbox 2463 5725 2733 5781; x_wconf 91' lang='lat' dir='ltr'><strong>sinistram</strong></span> <span class='ocrx_word' id='word_1_899' title='bbox 2762 5724 2852 5780; x_wconf 93' lang='lat' dir='ltr'><strong>ubi</strong></span> <span class='ocrx_word' id='word_1_900' title='bbox 2882 5723 2966 5779; x_wconf 91' lang='lat' dir='ltr'><strong>illi</strong></span> <span class='ocrx_word' id='word_1_901' title='bbox 2995 5730 3156 5779; x_wconf 89' lang='lat' dir='ltr'><strong>erunt</strong></span> <span class='ocrx_word' id='word_1_902' title='bbox 3184 5721 3274 5793; x_wconf 93' lang='lat' dir='ltr'><strong>qui</strong></span> <span class='ocrx_word' id='word_1_903' title='bbox 3297 5719 3440 5776; x_wconf 89' lang='lat' dir='ltr'><strong>salvi</strong></span> <span class='ocrx_word' id='word_1_904' title='bbox 3473 5735 3592 5775; x_wconf 88' lang='lat' dir='ltr'><strong>non</strong></span> <span class='ocrx_word' id='word_1_905' title='bbox 3634 5721 3807 5774; x_wconf 65' lang='lat' dir='ltr'><strong>erunt.</strong></span> 
     </span>
    </p>
   </div>
   <div class='ocr_carea' id='block_1_118' title="bbox 2226 5809 3811 5902">
    <p class='ocr_par' dir='ltr' id='par_1_118' title="bbox 2226 5809 3811 5902">
     <span class='ocr_line' id='line_1_119' title="bbox 2226 5809 3811 5902; baseline -0.015 -20"><span class='ocrx_word' id='word_1_906' title='bbox 2226 5829 2283 5882; x_wconf 85' lang='lat' dir='ltr'><strong>et</strong></span> <span class='ocrx_word' id='word_1_907' title='bbox 2309 5819 2432 5883; x_wconf 79' lang='lat' dir='ltr'><strong>ideo</strong></span> <span class='ocrx_word' id='word_1_908' title='bbox 2454 5817 2712 5902; x_wconf 77' lang='lat' dir='ltr'><strong>audient:</strong></span> <span class='ocrx_word' id='word_1_909' title='bbox 2741 5814 3012 5900; x_wconf 66' lang='lat' dir='ltr'><strong>Discedite</strong></span> <span class='ocrx_word' id='word_1_910' title='bbox 3033 5830 3067 5901; x_wconf 78' lang='lat' dir='ltr'><strong>a</strong></span> <span class='ocrx_word' id='word_1_911' title='bbox 3091 5829 3202 5887; x_wconf 88' lang='lat' dir='ltr'><strong>me,</strong></span> <span class='ocrx_word' id='word_1_912' title='bbox 3229 5810 3540 5881; x_wconf 81' lang='lat' dir='ltr'><strong>maledicti,</strong></span> <span class='ocrx_word' id='word_1_913' title='bbox 3570 5811 3628 5870; x_wconf 90' lang='lat' dir='ltr'><strong>in</strong></span> <span class='ocrx_word' id='word_1_914' title='bbox 3659 5809 3811 5880; x_wconf 72' lang='lat' dir='ltr'><strong>ignem</strong></span> 
     </span>
    </p>
   </div>
  </div>
