3986 6382
156 389 262 452 793

1345 383 1779 446 TllESAURUS.
1815 385 1973 448 CAP.
2012 392 2248 453 CXLIX.

3314 405 3422 463 79‘

157 520 436 570 aternum.
470 511 639 568 Nemo
671 513 868 584 quippe
896 511 962 567 ab
984 509 1074 566 illo
1101 510 1220 581 igne
1259 510 1586 572 salvabitur,
1611 504 1738 576 quia
1763 500 1819 563 Δ
1843 504 2062 565 dilectio
2087 513 2386 584 reperiatur
2413 515 2464 572 in
2497 515 2676 588 lignis,
2712 517 2838 576 feno
2878 531 2931 576 et
2975 521 3168 592 stipula
3219 538 3422 582 oonsu-

160 608 205 665 ln
239 607 555 676 supplicium
585 616 845 662 aeternum
875 607 1026 661 ibunt
1061 607 1138 662 illi
1173 614 1382 672 omnes,
1418 605 1505 659 ubi
1534 604 1730 658 vermis

151 714 336 756 eorum
369 714 472 753 non
501 699 724 753 moritur
753 698 1075 771 [morietur],
1111 708 1164 753 et
1202 699 1339 769 ignis
1377 713 1481 752 non
1529 697 1730 752 exstin-

151 799 362 861 guetur,
395 804 500 859 quo
529 790 907 844 rruciabuntur
948 792 1032 846 die
1077 805 1138 845 ac
1187 800 1363 855 nocte,
1424 791 1476 844 in
1532 789 1729 844 saecula

150 883 486 938 saeculorum.
521 881 645 936 l’ost
679 881 830 937 istius
853 897 983 938 sane
1004 884 1248 951 corporis
1278 891 1532 946 mortem,
1557 881 1729 938 donec

150 976 216 1030 ad
244 977 387 1030 illum
420 975 661 1030 veniatur
694 977 785 1044 qui
816 985 937 1045 post
965 977 1415 1032 resurrectionem
1443 989 1728 1044 corporum

149 1068 363 1124 futurus
391 1080 503 1138 est,
546 1069 907 1124 damnationis
939 1079 991 1124 et
1019 1068 1467 1124 remunerationis
1510 1068 1729 1123 ultimus

147 1161 286 1227 dies,
319 1164 362 1217 si
395 1162 494 1217 hoc
515 1163 774 1232 temporis
797 1162 1082 1218 intervallo
1109 1162 1326 1231 spiritus
1353 1159 1724 1217 defunctorum

144 1254 413 1323 ejusmodi
447 1257 620 1323 ignem
652 1255 902 1330 dicuntur
935 1256 1138 1324 perpeti
1164 1270 1321 1324 quem
1354 1269 1458 1308 non
1496 1254 1728 1310 sentiant

145 1348 246 1412 illi,
279 1348 369 1417 qui
391 1362 494 1400 non
527 1346 824 1401 habuerunt
860 1346 992 1400 tales
1025 1361 1225 1411 mores,
1268 1346 1346 1420 [et
1397 1345 1631 1418 amores]
1677 1349 1727 1401 in

144 1439 306 1510 hujus
344 1443 585 1509 corporis
637 1439 766 1505 vita,
811 1449 869 1494 ut
908 1455 1092 1494 eorum
1142 1440 1282 1509 ligna
1333 1449 1385 1494 et
1422 1437 1623 1505 fenum,
1673 1450 1728 1496 et

143 1532 340 1603 stipula
368 1542 734 1597 consumatur,
764 1532 852 1586 alii
894 1546 1023 1586 vero
1048 1533 1314 1597 sentiant,
1345 1530 1436 1601 qui
1465 1531 1727 1600 ejusmodi

147 1642 333 1682 secum
363 1626 586 1681 aedificia
615 1634 981 1695 portaverunt,
1015 1626 1129 1679 sive
1160 1625 1231 1679 ibi
1264 1636 1492 1694 tantum,
1522 1625 1638 1681 sive
1671 1634 1725 1680 et

145 1717 234 1775 hic
258 1730 310 1774 et
339 1719 429 1784 ibi,
457 1722 568 1774 sive
600 1720 719 1774 ideo
744 1719 828 1773 hic
852 1729 909 1773 ut
930 1736 1034 1773 non
1062 1719 1130 1773 ibi
1159 1720 1454 1785 saecularia,
1485 1721 1726 1788 quamvis

143 1827 174 1867 a
206 1812 552 1866 damnatione
575 1813 801 1867 venialia
835 1823 1265 1867 concremantem
1306 1813 1480 1881 ignem
1531 1812 1726 1867 transi-

1838 601 2052 667 menda,
2080 605 2174 660 sed
2206 622 2426 676 prorsus
2452 610 2677 665 aedilicio
2716 628 2899 683 aureo,
2945 623 3217 685 argenteo,
3269 633 3422 685 gem-

1835 706 1959 747 meo
2014 695 2379 765 deputabitur.
2429 701 2710 770 Quomodo
2757 717 2934 762 autem
2967 719 3140 777 potest
3166 723 3260 764 eos
3299 710 3422 781 plus

1835 797 2018 841 amare
2057 803 2217 857 quam
2258 791 2550 863 Christum,
2586 811 2721 866 quos
2771 807 2917 853 amat
2966 800 3146 868 utique
3202 812 3422 870 propter

1833 875 2141 935 Christum?
2167 911 2236 922 --
2265 882 2345 938 De
2387 888 2704 955 expositione
2738 891 2871 959 psal.
2901 907 3060 946 Lxxx.
3100 920 3172 932 -—
3201 894 3420 964 Expone

1834 984 1980 1043 ergo,
2009 973 2198 1044 inquit,
2231 978 2387 1032 nobis
2416 980 2578 1048 ligna,
2608 980 2812 1050 fenum,
2843 985 3114 1054 stipulam,
3137 987 3228 1056 qui
3252 988 3420 1042 aedifi-

1833 1072 1959 1117 cant
1989 1080 2149 1135 supra
2179 1065 2610 1137 fundamentum,
2642 1075 2912 1143 quomodo
2941 1091 3046 1130 non
3077 1089 3296 1146 pereant
3325 1080 3417 1133 sed

1832 1155 1967 1210 salvi
1996 1156 2145 1224 fiant,
2185 1159 2262 1214 sic
2292 1169 2470 1217 tamen
2521 1173 2773 1235 tanquam
2819 1183 2914 1235 per
2953 1167 3151 1238 ignem.
3181 1168 3419 1224 Obscura

1833 1249 2050 1318 quidem
2080 1252 2167 1306 illa
2199 1254 2445 1323 quaestio,
2470 1256 2565 1310 sed
2596 1266 2653 1311 ut
2678 1272 2893 1325 possum
2939 1259 3174 1315 breviter
3217 1261 3414 1328 dicam,

1832 1339 2044 1397 fratres.
2077 1341 2214 1399 Sunt
2262 1345 2509 1402 homines
2537 1349 2757 1403 omnino
2796 1359 3199 1421 contemptores
3235 1353 3418 1408 saeculi

1834 1433 2014 1504 hujus,
2042 1437 2234 1504 quibus
2257 1454 2362 1494 non
2395 1451 2474 1494 est
2518 1449 2703 1495 natum
2746 1443 3004 1514 quidquid
3048 1446 3420 1514 temporaliter

1834 1524 1981 1591 fluit;
2016 1543 2121 1582 non
2158 1529 2362 1585 haerent
2393 1531 2684 1588 dilectione
2709 1534 2884 1604 aliqua
2914 1537 3142 1592 terrenis
3168 1539 3418 1607 operibus

1830 1622 1984 1686 casti,
2003 1624 2197 1690 sancti,
2225 1627 2583 1694 continentes,
2607 1627 2758 1696 justi,
2780 1627 3021 1685 fortassis
3045 1639 3097 1684 et
3121 1631 3299 1686 omnia
3323 1645 3417 1686 sua

1829 1715 2144 1783 vendentes,
2160 1725 2214 1771 et
2227 1719 2546 1787 pauperibus
2561 1718 2962 1782 distribuentes,
2977 1731 3068 1775 aut
3082 1722 3418 1791 possidentes

1830 1814 2083 1878 tanquam
2114 1826 2217 1864 non
2245 1812 2604 1878 possidentes,
2629 1822 2686 1868 et
2707 1822 2919 1868 utentes
2951 1814 3052 1869 hoc
3080 1815 3278 1869 mundo
3301 1825 3419 1870 tan-

143 1905 298 1959 torize
331 1905 688 1959 tribulationis
719 1905 1013 1972 inveniant,
1045 1921 1149 1960 non
1175 1906 1436 1976 redarguo
1457 1905 1580 1976 quia
1614 1907 1724 1961 for-
1756 1906 1806 1969 B
1832 1915 1992 1971 quam
2015 1917 2119 1956 non
2139 1905 2524 1960 utentes.Sunt
2543 1906 2822 1960 autemalii
2842 1907 2928 1976 qui
2947 1906 3418 1962 rebusinﬁrmitati

143 1999 283 2055 sitan
310 2014 496 2054 verum
543 2007 646 2052 est.
683 1999 864 2054 Potest
891 2001 1088 2069 quippe
1121 2000 1187 2054 ad
1238 2000 1392 2054 istam
1428 2000 1723 2054 tribulatio-

141 2107 264 2148 nem
301 2092 568 2160 pertinere
597 2092 756 2146 etiam
795 2107 940 2146 mors
970 2093 1082 2161 ipsa
1114 2095 1291 2149 carnis
1313 2133 1327 2160 ,
1361 2109 1482 2163 quae
1522 2093 1590 2149 de
1619 2097 1728 2164 pri-

140 2186 215 2242 mi
250 2187 452 2255 peccati
478 2187 875 2255 perpetratione
900 2195 1159 2254 concepta
1193 2196 1294 2253 est,
1326 2196 1384 2241 ut
1429 2189 1724 2242 secundum

139 2276 398 2347 cujusque
429 2277 732 2346 mdiﬁcium,
766 2286 975 2346 tempus
1004 2277 1146 2346 quod
1174 2292 1292 2332 eam
1339 2277 1582 2346 sequitur
1605 2319 1617 2342 ,
1662 2277 1730 2330 ab

139 2385 469 2439 unoquoque
511 2371 771 2424 sentiatur
799 2369 876 2442 [et
918 2370 1212 2424 secundum
1253 2369 1512 2439 cujusque
1561 2369 1730 2423 aedifi-

140 2461 283 2514 cium
327 2469 568 2527 tempore
610 2476 731 2526 suo,
763 2464 830 2513 ab
871 2475 1194 2530 unoquoque
1231 2471 1478 2530 suscepta
1512 2470 1734 2531 possunt

138 2560 201 2607 et
247 2551 646 2619 persecutiones
700 2550 1000 2621 Ecclesiae].
1052 2552 1466 2606 Persecutiones
1517 2567 1732 2622 quoque

135 2643 338 2712 quibus
372 2653 633 2714 martyres
674 2644 916 2698 coronati
966 2653 1112 2709 sunt,
1157 2654 1211 2698 et
1268 2659 1398 2714 quas
1464 2645 1736 2713 patiuntur

135 2735 445 2806 quicunque
487 2735 777 2790 Christiani
807 2737 1035 2806 probant
1075 2747 1301 2806 utraque
1343 2738 1588 2802 aedilicia,
1640 2753 1736 2793 ve-

137 2828 221 2885 lut
249 2828 409 2897 ignis,
437 2836 490 2881 et
518 2829 619 2882 alia
652 2841 1012 2895 consumunt,
1058 2845 1179 2884 cum
1224 2831 1354 2899 ipsis
1402 2831 1739 2887 aedificatori-

136 2922 266 2988 bus,
291 2923 402 2993 98
433 2924 476 2977 si
509 2921 780 2978 Christum
832 2924 885 2979 in
928 2925 1005 2978 eis
1051 2940 1157 2979 non
1219 2925 1496 2980 inveniunt
1544 2926 1739 2981 funda-

135 3027 381 3075 mentum
417 3035 428 3071 :
461 3018 563 3071 alia
591 3017 706 3073 sine
735 3019 864 3088 ipsis
894 3019 937 3074 si
971 3020 1272 3086 inveniunt,
1302 3022 1424 3092 quia
1452 3023 1576 3077 licet
1610 3038 1733 3078 eum

138 3109 345 3164 damno
375 3109 506 3162 salvi
532 3117 688 3164 erunt
711 3109 814 3179 ipsi
844 3109 1000 3184 [Quia
1034 3111 1157 3165 licet
1187 3126 1308 3166 cum
1357 3112 1555 3166 damno
1605 3114 1738 3168 salvi

137 3209 322 3262 erunt,
355 3200 455 3268 ipsi
498 3216 602 3255 non
647 3212 1052 3268 consumentur,
1087 3212 1307 3272 propter
1345 3202 1544 3258 Christi
1589 3206 1734 3262 vide-

1832 1998 2108 2053 concessis
2137 1999 2400 2053 inhmrent
2429 1999 2763 2070 aliquantum
2807 1998 3098 2055 dilectione
3131 2017 3144 2053 τ
3197 2015 3302 2054 non
3333 2015 3419 2054 ra-

1833 2089 1911 2159 pit
1935 2089 2117 2143 villam
2146 2091 2403 2158 alienam,
2435 2091 2528 2146 sed
2569 2093 2648 2146 sic
2691 2102 2834 2146 amat
2879 2109 3052 2158 suam,
3081 2100 3141 2146 ut
3169 2092 3214 2147 si
3243 2092 3420 2162 perdi-

1831 2183 1994 2253 derit,
2017 2186 2395 2252 contnrbetur;
2428 2203 2534 2242 non
2565 2189 2768 2259 appetit
2791 2203 3018 2242 uxorem
3048 2187 3300 2253 alienam,
3324 2187 3419 2242 sed

1833 2277 1913 2330 sic
1936 2276 2124 2346 haeret,
2151 2280 2229 2333 sic
2257 2280 2517 2334 miscetur
2537 2296 2670 2348 sure,
2697 2291 2754 2335 ut
2773 2283 2987 2336 modum
3011 2296 3118 2335 non
3146 2281 3215 2336 ibi
3239 2290 3420 2337 teneat

1835 2371 2210 2438 praescriptum
2227 2372 2442 2439 tabulis,
2459 2373 2750 2428 liberorum
2770 2374 3220 2444 procreandorum
3235 2390 3419 2442 causa;

1835 2474 1943 2513 non
1972 2461 2328 2527 tollitaliena,
2363 2463 2459 2517 sed
2483 2465 2678 2532 repetit
2700 2478 2824 2529 sua,
2861 2475 2915 2521 et
2946 2466 3106 2519 habet
3149 2464 3414 2533 judicium

1836 2566 1960 2608 cum
1991 2552 2154 2609 fratre
2179 2570 2298 2609 suo.
2330 2555 2554 2611 Talibus
2601 2558 2744 2611 enim
2791 2557 3026 2612 dicitur:
3061 2556 3176 2611 Jam
3205 2556 3419 2625 quidem

1838 2647 2061 2700 omnino
2083 2648 2338 2703 delictum
2357 2658 2441 2705 est
2457 2651 2508 2704 in
2533 2651 2708 2717 vobis,
2731 2651 2854 2720 quia
2873 2649 3074 2720 judicia
3091 2650 3298 2704 habetis
3321 2664 3420 2705 vo-

1838 2736 2272 2796 biscum.\’erum
2300 2743 2410 2810 ipsa
2423 2741 2620 2809 judicia
2637 2743 2688 2797 in
2706 2742 3102 2811 Ecclesiajubet
3116 2743 3220 2813 agi,
3237 2729 3341 2797 non
3354 2740 3421 2798 ad

1839 2828 2016 2885 forum
2041 2832 2200 2897 trahi,
2230 2843 2407 2889 tamen
2431 2835 2624 2890 delicta
2649 2850 2771 2890 esse
2791 2833 2958 2890 dicit:
2984 2834 3257 2890 contendit
3279 2834 3422 2892 enim

1840 2921 2187 2982 Christianus
2233 2943 2330 2996 pro
2371 2928 2531 2984 rebus
2564 2930 2792 2984 terrenis
2820 2928 3049 2999 amplius
3081 2942 3238 2998 quam
3269 2927 3424 2982 decet

1840 3029 1963 3071 eum
1995 3018 2080 3072 cui
2105 3018 2427 3088 promissum
2451 3029 2534 3074 est
2561 3035 2784 3088 regnum
2811 3019 3095 3087 caelorum,
3123 3033 3229 3072 non
3256 3028 3423 3073 totum

1840 3124 1936 3166 cor
1961 3125 2174 3165 sursum
2218 3113 2381 3178 levat,
2412 3113 2507 3168 sed
2534 3113 2768 3182 aliquam
2800 3113 2918 3183 ejus
2948 3123 3150 3182 partem
3180 3113 3344 3168 trahit
3370 3114 3422 3167 in

1844 3211 2063 3257 terram.
2092 3205 2329 3274 Denique
2359 3207 2403 3259 si
2432 3205 2615 3260 veniat
2645 3207 2868 3260 tentatio
2895 3205 3123 3260 ducendi
3157 3205 3421 3276 martyrii,

133 3293 267 3351 licet
295 3295 539 3348 meritum
569 3294 622 3347 in
652 3293 1000 3350 fundamento
1051 3295 1272 3365 reperti,
1304 3296 1393 3365 qui
1441 3307 1625 3353 manet
1672 3299 1724 3354 in
1765 3279 1810 3342 (ἶ
1841 3294 1920 3350 illi
1944 3296 2032 3364 qui
2062 3296 2260 3352 habent
2301 3297 2353 3351 in
2380 3296 2736 3353 fundamento
2755 3298 3050 3364 Christum,
3085 3300 3425 3355 etredilicant

135 3387 427 3461 aeternum]
455 3407 467 3442 :
499 3389 602 3444 alia
635 3403 764 3444 vero
795 3406 901 3445 non
933 3400 1284 3462 consumunt,
1318 3394 1443 3461 quia
1474 3394 1598 3449 talia
1642 3411 1727 3451 re-

135 3491 541 3552 pereruntqnae
591 3493 810 3535 manent
851 3482 903 3536 in
957 3493 1237 3540 aeternum.
1290 3485 1406 3537 Erit
1460 3486 1618 3539 etiam
1675 3488 1727 3541 in

137 3573 250 3630 ﬁne
298 3573 480 3628 szeculi
533 3572 804 3626 tribulatio
856 3580 1097 3641 tempore
1153 3575 1492 3640 Antichristi,
1553 3576 1728 3644 qualis

136 3681 416 3735 nunquam
443 3673 601 3720 antea
633 3664 751 3719 fuit.
782 3665 951 3732 Quam
978 3662 1162 3736 [Quia]
1193 3666 1358 3720 multa
1405 3675 1564 3720 erunt
1605 3676 1730 3721 tunc

137 3759 391 3824 adilicia,
421 3759 532 3813 sive
559 3772 744 3823 aurea,
777 3757 888 3812 sive
929 3758 1080 3812 fenea
1109 3773 1271 3826 super
1311 3758 1574 3826 optimum
1611 3759 1728 3814 fun-

136 3839 474 3917 damentum,
508 3851 650 3920 quod
701 3859 785 3906 est
832 3849 1078 3905 Christus
1117 3851 1312 3918 Jesus,
1359 3861 1415 3906 ut
1458 3852 1596 3923 ignis
1639 3854 1729 3909 ille

137 3942 339 4011 probet
367 3950 610 4009 utraque,
645 3950 699 3994 et
730 3941 796 3994 de
822 3940 939 3996 aliis
969 3940 1242 4011 gaudium,
1268 3942 1338 3997 de
1370 3942 1492 3997 aliis
1535 3942 1731 4001 inferat

136 4033 424 4094 damnum,
455 4040 674 4083 neutros
709 4039 885 4084 tamen
917 4033 1124 4099 perdat,
1158 4033 1213 4087 in
1263 4034 1454 4102 quibus
1502 4033 1619 4089 haec
1649 4036 1730 4088 in-

137 4123 329 4179 veniet
360 4133 575 4193 propter
602 4122 794 4177 stabile
817 4121 1240 4180 fnndamentum.
1273 4127 1593 4197 Quicunque
1635 4143 1730 4182 au-

135 4226 280 4280 tem,
332 4231 438 4270 non
484 4216 607 4269 dico
659 4228 878 4268 uxorem
923 4215 1078 4284 cujus
1133 4216 1294 4271 etiam
1349 4219 1732 4274 commixtione

134 4307 323 4364 carnis
352 4307 419 4360 ad
446 4307 716 4362 carnalem
746 4308 915 4361 utitur
933 4307 1281 4379 voluptatem,
1329 4311 1425 4364 sed
1460 4312 1569 4380 ipsa
1612 4326 1732 4380 quas

134 4401 210 4455 ab
250 4398 557 4470 hnjusmodi
597 4397 1068 4466 delectationibus,
1121 4401 1293 4455 aliena
1345 4409 1473 4456 sunt
1517 4403 1731 4456 nomina

134 4490 386 4562 pietatis;
415 4489 652 4543 humano
682 4504 832 4545 more
856 4491 1146 4546 carnaliter
1195 4492 1468 4563 diligendo
1517 4493 1732 4550 Christo

135 4582 440 4650 anteponit,
483 4594 591 4635 non
623 4594 748 4635 eum
792 4581 950 4636 habet
989 4581 1042 4636 in
1093 4581 1463 4649 fundamento,
1514 4594 1568 4639 et
1607 4584 1730 4640 ideo

137 4689 249 4730 non
284 4688 377 4742 per
406 4673 583 4742 ignem
614 4671 794 4726 salvus
823 4673 944 4727 erit.
976 4672 1082 4728 Sed
1114 4675 1295 4729 salvus
1325 4689 1430 4730 non
1459 4674 1580 4742 erit,
1605 4676 1730 4747 quia

135 4779 262 4822 esse
293 4778 412 4818 cum
445 4763 722 4819 Salvatore
755 4778 860 4818 non
893 4765 1111 4833 poterit,
1137 4766 1228 4836 qui
1255 4767 1322 4821 de
1354 4769 1453 4823 hac
1480 4783 1538 4824 re
1569 4784 1728 4840 aper-

135 4859 350 4913 tissime
399 4857 624 4926 loquens
673 4856 749 4909 ait
785 4874 797 4908 :
830 4857 931 4922 Qui
959 4867 1104 4911 amat
1147 4869 1353 4927 patrem
1403 4871 1457 4915 et
1501 4871 1727 4917 matrem

133 4951 421 5022 plusquam
451 4965 556 5014 me,
589 4965 695 5003 non
719 4958 802 5004 est
838 4965 924 5004 me
949 4951 1164 5021 dignus,
1191 4960 1246 5005 et
1271 4953 1360 5020 qui
1391 4965 1534 5007 amat
1562 4955 1728 5010 filium

136 5051 232 5097 aut
268 5043 430 5096 tiliam
463 5057 623 5109 super
654 5056 763 5106 me,
796 5057 902 5096 non
923 5051 1007 5098 est
1049 5059 1136 5098 me
1171 5042 1382 5112 dignus.
1416 5044 1610 5100 Verum
1639 5048 1728 5116 qui

133 5134 235 5189 has
261 5133 687 5187 necessitudines
714 5132 793 5187 sic
820 5144 966 5187 amnt
996 5134 1302 5199 carnaliter,
1337 5146 1394 5189 ut
1434 5144 1613 5191 tamen
1636 5152 1728 5194 eas

131 5226 358 5280 Christo
383 5225 612 5280 Domino
641 5241 746 5280 non
781 5235 1079 5296 praeponat,
1111 5227 1366 5296 malitque
1387 5244 1572 5284 carere
1599 5230 1732 5299 ipsis

132 5334 300 5389 quam
324 5316 561 5385 Christo,
585 5319 630 5371 si
662 5319 724 5371 ad
755 5319 898 5375 hunc
922 5319 1084 5375 fuerit
1105 5321 1389 5376 articulum
1420 5323 1728 5381 tentationis

133 5411 428 5475 adductus,
450 5425 544 5479 per
566 5411 744 5482 ignem
773 5413 953 5468 salvus
973 5413 1098 5479 erit,
1122 5412 1244 5483 quia
1270 5428 1336 5469 ex
1356 5428 1542 5470 earum
1565 5415 1726 5471 amis-

133 5508 292 5560 sione
317 5513 522 5558 tantum
553 5519 775 5560 necesse
795 5515 879 5560 est
908 5519 1028 5562 urat
1055 5507 1232 5574 dolor,
1265 5517 1523 5578 quantum
1557 5509 1727 5566 haese-

134 5607 220 5654 rat
254 5613 431 5653 amor.
463 5599 628 5653 Porro
662 5599 754 5670 qui
796 5611 1023 5670 patrem,
1056 5613 1305 5671 matrem,
1353 5605 1511 5671 filios,
1566 5606 1724 5674 ﬁlias,

137 5690 438 5746 secundum
464 5687 738 5747 Christum
764 5692 1029 5759 dilexerit,
1061 5703 1121 5749 ut
1144 5695 1211 5750 ad
1237 5695 1352 5765 ejus
1378 5712 1600 5768 regnum
1627 5699 1727 5753 ob-

136 5783 422 5840 tinendum
447 5783 604 5855 eique
629 5784 1010 5841 cohrerendum
1057 5787 1164 5842 illis
1203 5790 1467 5855 consulat,
1507 5793 1592 5848 vel
1621 5791 1723 5849 hoc

133 5878 188 5937 in
221 5879 307 5938 eis
326 5877 537 5965 diligat,
559 5879 699 5966 quod
729 5878 971 5941 membra
993 5887 1120 5941 sunt
1137 5879 1358 5950 Christi,
1378 5883 1517 5945 absit
1537 5893 1596 5943 ut
1621 5885 1723 5946 ista

1833 3402 2048 3452 aurum,
2066 3399 2366 3457 argentum.
2385 3390 2586 3460 lapides
2608 3390 2890 3460 pretiosos,
2906 3389 3030 3459 quid
3046 3389 3231 3445 dicunt
3245 3406 3308 3446 ex
3331 3391 3424 3445 hac

1830 3482 2234 3550 opportunitate
2263 3482 2286 3534 t
2313 3481 2520 3534 Bonum
2565 3490 2646 3536 est
2675 3481 2806 3535 mihi
2829 3480 3049 3535 dissolvi
3076 3489 3132 3536 et
3162 3496 3284 3535 esse
3305 3494 3425 3534 cum

1831 3571 2085 3627 Christo:
2118 3572 2323 3625 alacres
2355 3580 2601 3637 currunt,
2649 3581 2742 3626 aut
2781 3571 2936 3638 nihil,
2969 3581 3059 3624 aut
3099 3571 3309 3625 modice
3355 3571 3422 3625 de

1832 3671 2045 3718 terrena
2079 3661 2364 3732 fragilitate
2395 3661 2818 3729 contristantur;
2855 3663 2932 3717 illi
2969 3671 3148 3718 autem
3179 3671 3420 3716 amantes

1832 3768 1923 3810 res
1954 3753 2216 3824 proprias,
2249 3754 2439 3808 domos
2488 3755 2756 3825 proprias,
2808 3756 3044 3824 graviter
3087 3752 3417 3808 conturban-

1832 3854 1967 3902 tur:
2005 3844 2209 3913 fenum,
2260 3846 2454 3917 stipula
2505 3857 2560 3902 et
2599 3847 2739 3917 ligna
2790 3847 3002 3903 ardent.
3044 3845 3252 3902 llabent
3297 3861 3423 3917 ergo

1831 3939 1998 4010 ligna,
2030 3948 2084 3994 et
2113 3940 2314 4005 fenum,
2367 3949 2421 3995 et
2459 3941 2732 4009 stipulam,
2779 3956 2945 4010 super
2987 3938 3423 4004 fundamentum,

1833 4031 1928 4087 sed
1956 4044 2136 4085 rerum
2168 4046 2574 4098 concessarum,
2602 4047 2708 4085 non
2732 4032 3063 4086 illicitarum.
3097 4031 3228 4086 Dico
3255 4031 3422 4096 enim,

1832 4121 2080 4177 fratres:
2133 4123 2360 4178 Posside
2400 4123 2824 4190 fundamentum,
2874 4123 3020 4179 haare
3064 4125 3224 4192 caelo,
3275 4122 3423 4178 calca

1834 4219 2070 4278 terram;
2103 4214 2148 4267 si
2172 4213 2293 4268 talis
2324 4227 2406 4280 es,
2436 4229 2540 4268 non
2578 4213 2812 4269 aedificas
2842 4214 2946 4269 nisi
2990 4228 3202 4279 aurum,
3237 4228 3420 4283 argen-

1836 4313 1974 4372 tum,
2017 4305 2220 4374 lapides
2265 4305 2564 4377 pretiosos;
2597 4319 2718 4360 cum
2773 4315 2952 4360 autem
3001 4304 3228 4372 dixeris,
3286 4307 3422 4360 Amo

1835 4398 2232 4468 possessionem
2282 4399 2461 4465 istam,
2509 4400 2672 4454 timeo
2724 4415 2792 4455 ne
2841 4407 3026 4470 pereat
3077 4407 3133 4454 et
3181 4399 3422 4454 imminet

1835 4489 2112 4554 damnum,
2159 4499 2212 4545 et
2244 4499 2299 4544 tu
2334 4488 2690 4556 contristaris,
2740 4505 2846 4545 non
2886 4490 3104 4561 quidem
3158 4491 3422 4561 praeponis

1835 4599 1952 4640 eam
1977 4585 2215 4641 Christo.
2249 4585 2382 4640 Nam
2417 4586 2496 4640 sic
2536 4600 2684 4640 amas
2729 4587 3126 4655 possessionem
3160 4587 3336 4651 istam,
3367 4596 3423 4642 ut

1758 4657 1815 4719 D
1837 4681 1883 4736 si
1914 4681 2122 4735 dicatur
2150 4680 2277 4736 tibi:
2313 4681 2485 4750 Ipsam
2517 4681 2621 4744 vis,
2650 4696 2720 4734 an
2752 4677 3061 4734 Christum?
3089 4686 3146 4734 et
3173 4679 3219 4734 si
3255 4680 3422 4735 tristis

1838 4788 1956 4828 eam
1987 4772 2189 4842 perdis,
2226 4773 2344 4842 plus
2378 4782 2554 4825 tamen
2579 4769 2925 4839 amplecteris
2947 4770 3420 4840 Christum,quem

1837 4866 2064 4936 posuisti
2107 4865 2160 4920 in
2209 4865 2598 4919 fundamento:
2631 4863 2813 4918 salvus
2867 4864 2974 4919 eris
3023 4873 3275 4934 tanquam
3327 4880 3421 4932 per

1837 4959 2038 5030 ignem.
2061 4959 2198 5014 Audi
2240 4959 2379 5012 aliud
2409 4978 2421 5012 :
2458 4957 2575 5013 Non
2609 4969 2759 5028 pOIcS
2803 4968 2985 5014 tenere
3024 4958 3420 5029 possessionem

1836 5049 2017 5116 istam,
2049 5051 2150 5105 nisi
2188 5051 2395 5105 dixeris
2438 5050 2628 5104 falsum
2675 5053 3068 5117 testimonium;
3100 5061 3153 5105 ct
3184 5049 3285 5102 hoc
3315 5063 3420 5103 non

1835 5141 2037 5206 facere,
2066 5141 2336 5197 Christum
2365 5141 2418 5196 in
2454 5143 2799 5198 fundamento
2829 5158 3031 5212 ponere
3069 5151 3173 5196 est.
3210 5139 3420 5195 Veritas

1836 5235 2034 5291 etenim
2078 5234 2213 5289 dixit
2250 5253 2264 5291 :
2303 5235 2376 5290 Os
2414 5235 2554 5305 quod
2604 5237 2860 5290 mentitur
2907 5233 3106 5289 occidit
3157 5232 3415 5286 animam.

1836 5329 1980 5400 Ergo
2015 5329 2059 5385 si
2091 5330 2482 5399 possessionem
2511 5339 2653 5384 tuam
2677 5328 2874 5396 diligis,
2913 5341 3022 5381 non
3066 5335 3244 5380 tamen
3293 5339 3390 5394 pro

1837 5432 1956 5492 pter
1982 5422 2127 5477 illam
2176 5421 2313 5476 facis
2354 5423 2619 5491 rapinam,
2677 5435 2783 5474 non
2822 5425 3045 5488 propter
3093 5417 3238 5471 illam
3286 5416 3419 5472 dicis

1835 5512 2027 5568 falsum
2058 5511 2442 5579 testimonium,
2473 5529 2577 5566 non
2621 5517 2839 5580 propter
2880 5507 3025 5562 illam
3074 5505 3416 5562 homicidium

1833 5605 1988 5671 facis,
2035 5620 2142 5660 non
2175 5616 2396 5676 propter
2426 5606 2568 5660 illam
2612 5602 2806 5658 falsum
2838 5603 3009 5671 juras,
3053 5615 3158 5656 non
3201 5609 3417 5670 pr0pter

1833 5700 1979 5757 illam
2005 5698 2278 5756 Christum
2305 5712 2488 5766 negas,
2517 5712 2583 5752 eo
2606 5697 2748 5767 quod
2769 5710 2875 5751 non
2908 5703 3126 5766 propter
3155 5693 3303 5749 illam
3341 5691 3415 5746 fa-

1830 5797 1911 5852 cis
1932 5794 2068 5862 hzec,
2100 5792 2371 5850 Christum
2402 5791 2570 5847 habes
2596 5790 2649 5846 in
2673 5789 3048 5854 fundamento;
3077 5795 3254 5843 tamen
3288 5784 3412 5855 quia

1831 5885 2012 5960 diligis
2030 5886 2200 5960 illam,
2223 5894 2278 5945 et
2296 5883 2632 5948 contristaris
2651 5883 2700 5943 si
2722 5884 2918 5957 perdas
2933 5882 3099 5952 illam,
3112 5893 3274 5954 super
3291 5876 3412 5936 fun-
