3986 6382
617 335 729 401 795

1704 331 1771 389 D.
1813 329 2136 395 EUGYPPII
2171 328 2463 390 ABBATIS
2498 331 2823 393 AFRlCANl
3775 350 3857 410 796

617 450 930 507 dementum
960 447 1210 522 posuisti,
1238 445 1365 506 'non
1409 459 1625 516 aurum,
1656 454 1957 520 argentum,
2006 446 2210 519 lapides
2236 452 2289 519 Α
2314 456 2577 503 conantur
2602 457 2657 504 et
2685 458 2875 507 testem
2902 466 2917 509 :
2947 450 3099 511 Sicut
3124 453 3267 510 enim
3296 455 3473 513 nullus
3496 469 3605 529 est,
3640 464 3851 541 inquiun;

626 541 918 615 pretiosos,
963 542 1060 599 sed
1090 541 1252 611 ligna,
1286 538 1490 608 fenum,
1530 539 1813 611 stipulam;
1865 542 2046 597 salvus
2084 554 2214 612 ergo

624 640 757 706 eris,
792 654 910 694 cum
942 637 1133 693 ardere
1161 635 1389 706 cmperit
1413 634 1557 706 quod
1585 635 1882 703 cediﬁcasti,
1914 635 1993 690 sic
2035 644 2213 690 tamen

622 742 875 805 tanquam
893 747 989 803 per
1010 730 1211 802 ignem.
1248 728 1417 785 Nemo
1438 728 1580 784 enim
1621 744 1783 800 super
1805 729 2210 784 fundamentum

623 830 729 886 hoc
760 826 1031 885 aedificans
1053 824 1335 891 adulteria,
1366 823 1752 895 blasphemias,
1777 820 2076 894 sacrilegia,
2098 822 2216 879 ido-

621 921 896 987 lolatrias,
940 916 1206 989 perjuria,
1254 925 1410 989 putet
1458 932 1516 972 se
1564 916 1773 972 salvum
1824 915 2062 971 futurum
2120 930 2216 986 per

617 1013 822 1085 ignem,
859 1011 1010 1083 quasi
1034 1009 1135 1065 ista
1165 1020 1287 1066 sunt
1317 1008 1481 1081 ligna,
1513 1008 1717 1078 fenum,
1745 1007 1970 1080 stipula;
2005 1007 2097 1065 sed
2123 1007 2213 1080 qui

616 1105 851 1160 redificat
912 1118 1154 1160 amorem
1206 1112 1541 1158 terrenarum
1591 1102 1777 1172 super
1808 1100 2215 1157 fundamentum

617 1196 769 1267 regni
799 1196 1082 1263 caelorum,
1105 1194 1157 1250 id
1180 1204 1283 1262 est,
1312 1210 1475 1266 super
1500 1194 1795 1263 Christum,
1826 1195 2034 1251 ardebit
2060 1210 2215 1251 amor

621 1305 806 1348 rerum
840 1288 1237 1359 temporalium,
1273 1297 1327 1342 et
1358 1288 1470 1361 ipse
1501 1288 1681 1342 salvus
1703 1285 1805 1343 erit
1834 1304 1931 1359 per
1960 1288 2213 1345 idoneum

620 1382 1055 1440 fundamentum.
1072 1378 1277 1437 Inimici
1296 1379 1507 1436 Domini
1525 1380 1734 1435 mentiti
1754 1390 1876 1435 sunt
1894 1379 1940 1435 ei
1958 1380 2210 1452 dicendo,

550 1532 553 1535 ἰ
627 1480 707 1536 Eo
737 1479 802 1534 ad
829 1478 1039 1533 vineam
1060 1517 1076 1547 ,
1119 1484 1177 1532 et
1204 1490 1309 1531 non
1340 1474 1539 1542 eundo,
1568 1484 1623 1530 et
1649 1473 1752 1529 erit
1788 1484 1999 1545 tempus
2026 1489 2211 1530 eorum

623 1590 733 1631 non
753 1573 821 1629 ad
853 1582 1085 1644 tempus,
1110 1571 1205 1628 sed
1236 1573 1290 1628 in
1313 1580 1597 1626 aeternum.
1630 1570 1697 1625 Et
1720 1571 1807 1641 qui
1832 1581 1958 1627 sunt
1989 1571 2115 1627 isti?

692 1668 761 1725 Et
789 1666 1132 1723 cibavitillos
1159 1680 1223 1721 ex
1251 1665 1409 1735 adipe
1448 1664 1724 1721 frumenti.
1760 1693 1827 1705 -—
1866 1664 2047 1721 Nostis
2092 1664 2211 1723 adi-

623 1778 747 1834 pem
777 1760 1053 1829 frumenti,
1086 1759 1225 1815 unde
1247 1759 1496 1815 cibantur
1525 1760 1677 1816 multi
1706 1759 1906 1816 inimici
1946 1761 2037 1831 qui
2060 1775 2213 1816 men-

2318 539 2437 598 dies
2476 558 2583 613 quo
2620 558 2650 597 a
2691 544 3011 603 Christianis
3053 548 3170 603 bznc
3196 550 3369 606 oratio
3408 568 3519 608 non
3559 556 3772 633 dicatur,
3806 540 3853 624 in

2318 637 2521 691 nullum
2554 648 2635 694 est
2665 641 3032 711 quotidianum
3066 644 3434 717 qualecunque
3464 666 3734 721 peccatum
3751 667 3853 731 quod

2317 744 2413 801 per
2442 730 2584 786 illam
2610 748 2717 788 non
2732 734 3053 804 dimittatur,
3082 754 3203 792 cum
3222 740 3487 798 dicimus:
3517 746 3725 807 Dimitte
3742 730 3853 813 nobis

2317 820 2497 879 debita
2523 837 2736 894 nostra;
2761 826 2805 883 si
2827 828 2966 899 quod
2984 831 3229 903 sequitur
3252 831 3429 891 facere
3456 851 3722 913 curemus,
3752 846 3853 904 Sicut

2317 925 2373 973 et
2404 932 2503 974 nos
2535 917 2857 977 dimittimus
2903 922 3239 980 debitoribus
3266 930 3486 983 nostris.
3532 930 3643 987 Non
3670 938 3787 992 enim
3804 944 3851 997 ait

2319 1008 2597 1077 Dominus,
2630 1013 2915 1084 inquiunt:
2968 1016 3025 1071 Si
3054 1015 3371 1074 dimiseritis
3419 1032 3639 1090 peccata
3680 1042 3757 1083 sua
3783 1031 3847 1085 bo-

2318 1105 2572 1173 minibus,
2590 1106 2824 1165 dimittet
2844 1110 2994 1165 vobis
3022 1112 3182 1168 Pater
3210 1124 3393 1170 vester
3416 1120 3717 1186 quotidiana
3737 1140 3845 1193 parra

2317 1209 2557 1271 peccata,
2586 1202 2702 1268 sed,
2737 1202 3002 1275 Dimittet,
3037 1206 3231 1276 inquit,
3263 1209 3421 1264 vobis
3452 1224 3665 1281 peccata
3707 1230 3841 1275 vestra.

2316 1290 2713 1365 Qualiacunquc
2742 1311 2868 1365 ergo
2891 1298 2975 1353 vel
3007 1309 3425 1372 quantacunque
3479 1306 3606 1372 sint,
3652 1312 3778 1363 etiam
3813 1314 3842 1367 si

2315 1384 2554 1455 quotidie
2585 1396 2983 1458 perpetrentur,
3013 1405 3111 1445 nec
3158 1393 3226 1447 ab
3277 1393 3355 1448 eis
3410 1394 3523 1450 vita
3576 1397 3779 1455 discedat
3809 1404 3842 1459 ia

2315 1476 2511 1531 melius
2538 1488 2862 1534 commutata
2885 1522 2898 1547 ,
2932 1496 3029 1553 per
3056 1483 3464 1556 eleemosynam
3494 1492 3640 1544 venia
3668 1509 3751 1547 non
3781 1509 3841 1550 ne-

2316 1576 2437 1656 gata
2490 1570 2695 1624 remitti
2723 1572 2825 1626 sibi
2861 1588 3020 1643 posse
3065 1590 3422 1645 pra-sumunt.
3457 1580 3563 1637 Sed
3608 1584 3726 1640 bene
3747 1589 3839 1656 quod

2316 1655 2404 1713 isti
2431 1659 2623 1730 dignas
2668 1678 2765 1732 pro
2793 1664 3026 1735 peccatis
3073 1668 3458 1742 eleemosynas
3506 1655 3836 1733 commoueutes

2318 1764 2440 1807 esse
2471 1752 2781 1813 faciendas:
2812 1758 3069 1829 quoniam
3113 1762 3159 1814 si
3205 1761 3474 1831 dicerent,
3516 1769 3837 1839 qualescunque

617 1857 701 1915 titi
723 1864 850 1913 sunt
877 1855 949 1910 ci.
974 1856 1040 1908 Et
1066 1852 1261 1909 cibavit
1283 1853 1405 1908 illos
1432 1868 1499 1909 ex
1523 1852 1678 1924 adipe
1701 1853 1973 1921 frumenti,
2000 1853 2215 1910 miscuit

2320 1844 2692 1919 eleemosynas
2719 1864 2821 1921 pro
2850 1852 3087 1922 peccatis
3132 1855 3467 1924 quotidianis
3512 1870 3565 1916 et
3599 1862 3785 1932 magnis,
3808 1872 3837 1922 el

620 1963 716 2006 eos
737 1945 1093 2006 sacramentis
1123 1944 1269 2011 suis;
1301 1956 1355 2003 et
1375 1942 1568 1999 Judam
1594 1944 1808 2015 quando
1834 1944 1983 2000 dedit
2012 1944 2220 2001 buccel-

618 2041 729 2098 lam
779 2054 846 2095 ex
887 2037 1043 2105 adipe
1083 2037 1340 2094 frumenti
1371 2038 1591 2103 cibavit,
1620 2046 1676 2094 et
1712 2038 1962 2093 inimicus
2007 2036 2219 2093 Domini

620 2132 878 2191 mentitus
908 2139 989 2189 est
1036 2130 1108 2198 ei,
1160 2139 1214 2187 et
1254 2130 1361 2187 erit
1410 2138 1621 2201 tempus
1661 2130 1778 2199 ejus
1828 2130 1882 2185 in
1932 2138 2215 2187 mtcrnum.

624 2225 836 2287 Cibavit
867 2224 987 2282 illos
1036 2240 1100 2281 ex
1132 2224 1289 2295 adipe
1334 2224 1611 2283 frumenti.
1642 2224 1687 2280 0
1716 2226 1985 2296 ingratos!
2024 2225 2219 2284 cibavit

618 2335 686 2379 ex
711 2319 867 2390 adipe
896 2319 1172 2387 frumenti,
1209 2328 1263 2377 et
1296 2319 1362 2377 de
1388 2330 1539 2391 petra
1587 2321 1747 2377 melle
1775 2322 2033 2379 saturavit
2080 2338 2173 2379 eos
2201 2341 2213 2375 :

620 2413 677 2471 in
706 2426 889 2469 eremo
918 2425 1112 2483 aquam
1145 2410 1212 2466 de
1251 2418 1404 2482 petra
1450 2410 1725 2482 produxit,
1773 2429 1880 2469 non
1932 2415 2058 2471 mel.
2116 2414 2219 2473 Mel

621 2504 886 2576 sapientia
914 2512 1018 2571 est,
1046 2502 1333 2573 primatum
1361 2503 1599 2560 dulcoris
1628 2513 1817 2562 tenens
1844 2505 1900 2565 in
1930 2508 2068 2564 escis
2093 2522 2218 2565 cor-

623 2600 731 2657 dis.
759 2600 930 2669 Quam
954 2613 1084 2672 ergo
1107 2598 1266 2657 multi
1300 2598 1502 2657 inimici
1530 2600 1742 2655 Domini
1768 2600 2089 2661 mentientes
2115 2603 2220 2658 Do-

622 2693 771 2749 mino
799 2692 1065 2760 cibantur,
1098 2706 1207 2748 non
1251 2692 1425 2747 solum
1477 2707 1545 2749 ex
1586 2692 1744 2764 adipe
1792 2695 2066 2763 frumenti,
2124 2697 2221 2753 sed

622 2784 788 2841 etiam
828 2783 898 2843 de
954 2796 1102 2858 petra
1131 2786 1315 2853 melle,
1366 2784 1433 2843 de
1479 2786 1745 2857 sapientia
1775 2786 2008 2843 Christi!
2058 2804 2219 2863 quam

620 2877 780 2935 multi
803 2876 1143 2937 delectantur
1190 2877 1358 2933 verbo
1389 2878 1528 2951 ejus,
1578 2887 1633 2935 et
1684 2878 1986 2951 cognitione
2036 2894 2217 2937 sarta-

617 2981 925 3031 mentorum
954 2974 1094 3045 ejus,
1119 2973 1388 3031 solutione
1432 2973 1808 3042 parabolarum
1858 2974 2007 3046 ejus!
2056 2991 2218 3046 quam

618 3066 775 3124 multi
802 3066 1172 3123 delectantur!
1204 3080 1364 3137 quam
1406 3064 1559 3121 multi
1597 3067 1868 3122 clamant!
1901 3067 1969 3122 Et
1995 3082 2103 3123 non
2134 3076 2219 3124 est

620 3162 725 3220 hoc
753 3161 863 3220 mel
887 3160 957 3218 de
985 3159 1227 3229 quolibet
1250 3160 1489 3227 homine,
1523 3160 1618 3216 sed
1648 3160 1716 3217 de
1744 3169 1916 3229 petra,
1947 3171 2096 3230 petra
2120 3177 2215 3218 au-

2322 1950 2735 2015 quantacunqne
2783 1945 3050 2000 scelerum
3119 1950 3549 2022 consuetudine,
3598 1955 3839 2010 misericor-

2322 2034 2465 2091 diam
2510 2052 2670 2107 posse
2727 2039 3022 2109 impetrare
3077 2040 3338 2113 divinam,
3396 2055 3453 2100 ut
3497 2062 3553 2103 ea
3594 2048 3839 2119 quotidiam

2322 2132 2571 2186 remissio
2603 2141 2943 2204 sequeretur,
2978 2134 3227 2191 viderent
3256 2150 3318 2192 se
3360 2153 3470 2194 rem
3508 2140 3669 2195 dicere
3694 2143 3841 2194 absur-

2323 2225 2447 2281 dam
2472 2236 2633 2298 atque
2660 2227 2966 2283 ridiculam.
2992 2229 3081 2285 Sic
3103 2230 3252 2285 enim
3278 2241 3573 2301 cogerentur
3589 2232 3728 2286 fateri
3748 2231 3842 2289 fieri

2322 2332 2483 2389 posse
2542 2328 2600 2373 ut
2645 2319 3089 2390 opulentissimus
3137 2320 3314 2389 homo,
3366 2324 3536 2385 decem
3587 2323 3843 2380 nummulis

2322 2411 2526 2467 diurnis
2550 2410 2601 2465 in
2622 2411 3002 2484 eleemosynas
3024 2412 3305 2483 impensis,
3330 2414 3617 2481 homicidia,
3643 2413 3832 2467 etadul-

2324 2505 2480 2571 teria,
2508 2514 2562 2558 et
2592 2501 2795 2559 nefaria
2827 2520 3055 2577 quaeque
3097 2506 3237 2561 facta
3283 2506 3581 2562 redimeret.
3630 2505 3764 2574 Quod
3805 2504 3834 2560 si

2322 2596 2770 2651 absurdissimum
2804 2607 2886 2652 est
2917 2597 3120 2663 dicere,
3141 2597 3387 2668 profecto
3427 2598 3472 2653 si
3496 2610 3729 2670 quteratur
3749 2611 3830 2666 qua

2322 2688 2498 2759 dignae
2520 2700 2647 2745 sunt
2662 2704 2759 2762 pro
2774 2691 3011 2759 peccatis
3033 2690 3399 2765 eleemosynze
3436 2691 3503 2747 de
3530 2694 3692 2761 quibus
3714 2690 3825 2744 etiam

2322 2779 2523 2837 Christi
2566 2795 2869 2852 prmcursor
2900 2782 2991 2836 ille
3031 2781 3265 2852 dicebat,
3331 2780 3516 2837 Facite
3541 2797 3647 2853 ergo
3680 2779 3821 2834 fructui

2320 2874 2513 2946 dignos
2536 2875 2887 2947 paenitentiae,
2920 2874 3272 2944 proculdubio
3301 2891 3414 2930 non
3460 2875 3809 2930 invenientareos

2321 2968 2504 3024 facere
2528 2969 2617 3039 qui
2648 2967 2815 3023 vitam
2849 2982 3003 3022 suam
3031 2982 3201 3038 usque
3228 2966 3297 3023 ad
3323 2978 3557 3024 mortem
3578 2966 3815 3039 quotidiani»

2320 3076 2441 3118 rum
2470 3060 2762 3117 criminum
2787 3063 3191 3132 perpetratione
3218 3060 3714 3117 confodiunt.Pritno
3734 3053 3821 3127 quia

2321 3156 2376 3211 in
2407 3154 2721 3210 auferendis
2763 3156 2927 3210 rebus
2957 3154 3149 3210 alienis
3173 3154 3333 3226 longe
3373 3156 3528 3229 plura
3551 3153 3765 3223 diripiunt,
3781 3163 3821 3203 et

619 3263 727 3311 tem
774 3262 893 3310 erat
927 3228 1197 3309 Christus.
1248 3252 1419 3318 Quam
1466 3250 1618 3307 multi
1658 3268 1788 3324 ergo
1833 3228 2098 3309 satiantur
2144 3254 2214 3312 de
2239 3228 2287 3293 ο
2318 3250 2515 3323 quibus
2543 3265 2640 3321 per
2670 3250 2861 3320 exigua
2887 3251 3217 3321 pauperibus
3247 3228 3532 3323 largiendo
3557 3249 3820 3305 Christumse

623 3344 784 3402 melle
826 3344 965 3401 isto!
1016 3344 1275 3410 clamant,
1309 3342 1545 3401 dicunt:
1596 3342 1773 3400 Suave
1823 3352 1924 3401 est.
1978 3344 2210 3402 Dicunt:

620 3436 763 3495 Nihil
783 3436 998 3505 melius,
1028 3435 1163 3493 nihil
1192 3434 1404 3493 dulcius
1435 3434 1664 3507 intelligi
1694 3436 1777 3493 vel
1802 3436 1908 3492 dici
1934 3438 2137 3508 potuit;
2162 3446 2218 3496 et

620 3540 802 3589 tamen
832 3532 1036 3589 inimici
1060 3531 1273 3591 Domini
1295 3530 1507 3588 mentiti
1535 3540 1663 3586 sunt
1691 3531 1764 3589 ei.
1812 3531 1948 3587 Nolo
1985 3533 2216 3601 amplius

621 3625 901 3682 immorari
942 3627 996 3682 in
1026 3632 1187 3683 rebus
1233 3626 1481 3685 dolendis
1515 3644 1527 3681 :
1559 3638 1869 3697 quanquam
1907 3626 2217 3683 terribiliter

626 3718 871 3786 psalmus
882 3719 948 3775 ad
964 3720 1064 3777 hoc
1079 3720 1260 3775 finitus
1275 3721 1369 3789 sit,
1387 3730 1564 3777 tamen
1581 3735 1610 3774 a
1633 3721 1740 3775 fine
1752 3722 1871 3789 ejus
1883 3722 2109 3777 obsecro
2120 3737 2216 3779 vos

632 3821 976 3865 recurramus
996 3808 1064 3865 ad
1088 3820 1249 3879 caput
1276 3828 1287 3862 :
1313 3809 1598 3868 Exsultate
1622 3810 1732 3867 Deo
1754 3812 1818 3865 ad
1820 3813 1986 3884 jutori
2004 3825 2210 3871 nostro.

1226 3921 1456 3979 CAPUT
1494 3923 1599 3978 CL.

624 4036 816 4095 Contra
844 4052 1019 4091 eorum
1040 4037 1422 4115 persuasionem
1453 4039 1539 4107 qui
1569 4047 1752 4115 putant
1778 4039 1876 4095 sibi
1915 4058 2017 4097 non
2066 4045 2216 4115 obfu-

693 4120 811 4165 tura
840 4122 1067 4180 peccata,
1118 4111 1171 4163 in
1198 4112 1536 4185 quibuscum
1587 4113 1937 4184 cleamoaynas
1986 4111 2213 4185 facerent

694 4186 1052 4252 perstiterunt;
1076 4198 1139 4237 ea:
1162 4184 1338 4241 eodem
1359 4183 1490 4238 libro
1517 4198 1629 4239 χχι.

697 4275 884 4335 Restat
909 4278 991 4333 eis
1020 4279 1359 4346 respondere
1380 4279 1469 4347 qui
1501 4276 1687 4333 dicunt
1713 4289 1922 4337 aeterno
1945 4279 2067 4351 igne
2094 4282 2215 4338 illos

626 4367 996 4423 tantummodo
1023 4381 1244 4423 arsuros
1269 4369 1359 4439 qui
1385 4369 1453 4425 de
1476 4368 1619 4442 [pro]
1644 4372 1874 4439 peccatis
1900 4374 2011 4427 suis
2035 4372 2213 4430 facere

625 4460 819 4532 dignas
847 4461 1225 4533 eleemosynas
1254 4463 1551 4532 negligunt,
1584 4474 1802 4533 propter
1823 4466 1952 4521 illud
1978 4468 2121 4537 quod
2142 4468 2217 4524 ait

624 4556 905 4624 apostolus
930 4554 1195 4613 Jacobus:
1226 4555 1495 4617 Judicium
1528 4565 1708 4612 autem
1749 4559 1869 4617 sine
1908 4560 2215 4618 misericor-

2320 3344 2387 3399 ad
2428 3343 2529 3397 hoc
2570 3358 2792 3413 pascere
2834 3343 3165 3413 existimant,
3204 3354 3263 3400 ut
3297 3344 3567 3401 licentiam
3594 3338 3824 3399 malefacto-

2319 3451 2438 3493 rum
2466 3436 2533 3491 ab
2554 3437 2647 3492 illo
2673 3436 2870 3493 emisse
2898 3438 2983 3493 vel
3008 3436 3250 3509 quotidie
3270 3439 3456 3509 potius
3474 3451 3634 3494 emere
3659 3431 3820 3490 creden-

2321 3538 2423 3599 tes,
2460 3530 2638 3586 securi
2668 3530 2937 3587 damnalia
2969 3529 3345 3606 [damnabilia]
3374 3543 3515 3588 tanta
3550 3526 3827 3588 committant.

2319 3625 2423 3692 Qui
2453 3626 2498 3679 si
2522 3638 2620 3695 pro
2646 3639 2751 3680 uno
2780 3623 2989 3681 scelere
3033 3626 3214 3681 omnia
3243 3623 3617 3683 distribuerant
3643 3620 3829 3689 indigen-

2321 3719 2464 3774 tibus
2490 3715 2747 3772 membris
2774 3716 3000 3785 Christi,
3034 3715 3141 3771 nisi
3182 3717 3499 3774 desisterent
3522 3730 3550 3770 a
3589 3713 3757 3767 talibus
3781 3707 3836 3762 fa-

2320 3812 2447 3878 ctis,
2488 3808 2739 3865 habendo
2775 3808 3121 3877 charitatem,
3170 3825 3291 3881 qua:
3318 3825 3415 3864 non
3442 3808 3542 3878 agit
3572 3816 3842 3876 perperam.

2322 3903 2525 3975 aliquid
2553 3903 2631 3958 eis
2661 3902 2917 3973 prodesse
2942 3918 3050 3959 non
3080 3913 3285 3975 posset.
3310 3902 3399 3971 Qui
3427 3914 3543 3975 ergo
3562 3898 3731 3968 dignas
3755 3908 3843 3965 pro

2320 3998 2432 4053 suis
2462 3996 2695 4066 peccatis
2723 3995 3098 4069 eleemosyaas
3146 3995 3294 4065 facit,
3318 3998 3460 4066 prius
3494 4007 3577 4048 eas
3607 3989 3842 4046 iacereia-

2322 4089 2455 4159 cipit
2483 4103 2511 4142 a
2542 4103 2601 4143 se
2632 4088 2770 4158 ipso.
2805 4088 3088 4159 Indignum
3118 4096 3205 4143 est
3225 4089 3367 4144 enim
3390 4098 3448 4143 ut
3468 4088 3518 4141 in
3540 4101 3592 4140 se
3612 4098 3706 4138 non
3726 4081 3840 4135 faciat

2322 4182 2412 4251 qui
2438 4181 2563 4236 facit
2592 4181 2646 4235 in
2672 4181 3003 4251 proximum,
3028 4195 3150 4237 cum
3180 4179 3368 4235 audiat
3396 4180 3649 4237 dicentem
3677 4175 3835 4229 Deum:

2324 4272 2525 4340 Diliges
2558 4274 2860 4341 proximum
2906 4281 3055 4327 tuum
3090 4280 3347 4343 tanquam
3379 4275 3624 4342 teipsutu.
3667 4270 3838 4334 Itemque

2323 4365 2503 4419 audiat
2530 4380 2542 4416 :
2575 4365 2829 4420 Miserere
2852 4366 3047 4420 anima:
3069 4375 3173 4421 tua:
3198 4365 3426 4435 placens
3457 4366 3584 4421 Duo.
3604 4364 3721 4418 lianc
3741 4364 3835 4412 ece-

2322 4471 2623 4529 mosynam,
2656 4456 2707 4511 id
2734 4468 2835 4525 est,
2874 4468 2931 4513 ut
2958 4457 3068 4513 Deo
3099 4456 3335 4527 placeat,
3369 4474 3490 4515 non
3515 4458 3837 4527 faciepsamms

2323 4568 2457 4619 sum,
2489 4552 2759 4622 quomodo
2780 4553 2976 4624 dignas
3008 4568 3107 4624 pro
3133 4553 3373 4623 peccatis
3404 4557 3529 4611 suis
3558 4556 3830 4618 eteemesynﬁ

623 4645 712 4702 dia
743 4645 820 4703 illi
839 4646 932 4717 qui
954 4662 1059 4704 non
1090 4648 1216 4707 fecit
1256 4648 1708 4706 misericordiam.
1742 4651 1843 4719 Qui
1888 4667 2016 4722 ergo
2061 4653 2211 4723 fecit,
2239 4625 2294 4695 D
2323 4646 2506 4703 facere
2542 4646 2805 4703 dicendus
2827 4647 2944 4703 est?
2991 4648 3074 4711 Ad
3102 4648 3205 4705 hoc
3235 4649 3380 4707 enim
3416 4662 3479 4706 et
3518 4649 3643 4707 illud
3665 4640 3833 4702 διξαὶ·

624 4739 896 4812 inquiunt.
962 4744 1209 4812 quamvis
1280 4759 1388 4800 non
1438 4746 1739 4802 correxerit
1800 4747 2038 4815 perditos
2100 4766 2216 4808 mo-

624 4847 734 4901 res,
763 4834 860 4891 sed
890 4834 1095 4893 nefarie
1122 4852 1185 4892 ac
1211 4838 1460 4908 nequiter
1483 4840 1624 4895 inter
1655 4842 1800 4909 ipsas
1824 4856 1948 4897 suas
1978 4843 2215 4902 eleemo-

621 4943 788 5002 synas
812 4929 1045 4997 vixerit,
1070 4943 1192 4985 cum
1215 4931 1585 4989 misericordia
1607 4931 1682 4987 illi
1707 4931 1943 4989 futurum
1960 4945 2045 4991 est
2067 4937 2215 5006 judi-

621 5026 795 5089 cium,
828 5033 882 5077 ut
902 5032 995 5081 aut
1015 5036 1125 5077 non
1151 5021 1433 5079 damnetur
1461 5026 1703 5094 omnino,
1734 5036 1827 5082 aut
1853 5036 1974 5097 post
1999 5029 2216 5100 aliquod

624 5125 836 5186 tempus
852 5130 883 5170 a
899 5116 1243 5173 damnatione
1259 5117 1545 5173 novissima
1566 5118 1846 5186 liberetur;
1870 5134 1969 5175 nec
1984 5121 2054 5175 ob
2071 5121 2218 5178 aliud

623 5210 938 5266 existimant
955 5208 1231 5266 Christum
1248 5210 1443 5265 delicto
1459 5220 1618 5281 atque
1634 5212 1877 5281 neglecto
1890 5210 1980 5284 [de
1997 5214 2112 5271 solo
2129 5214 2215 5271 di-

625 5302 769 5360 lectu
789 5312 951 5375 atque
966 5303 1234 5378 neglectu]
1257 5306 1724 5378 eleemosynarum
1742 5308 2121 5366 discretionem
2137 5311 2217 5366 in-

624 5402 708 5449 ter
724 5393 948 5450 dextros
963 5406 1019 5452 et
1035 5396 1286 5453 sinistros
1302 5409 1423 5453 esse
1446 5396 1735 5465 facturum,
1760 5414 1989 5469 quorum
2007 5399 2143 5456 alios
2160 5401 2217 5457 in

624 5500 879 5556 regnum,
900 5486 1039 5543 alios
1060 5487 1114 5543 in
1146 5488 1466 5559 supplicium
1496 5492 1673 5547 mittat
1695 5500 1981 5547 aeternum.
2026 5490 2094 5548 Ut
2119 5506 2215 5553 att-

625 5587 735 5633 tem
749 5578 1066 5649 quotidiana
1080 5580 1181 5636 sibi
1202 5582 1513 5652 opinentur,
1528 5599 1645 5653 quae
1667 5584 1847 5642 facere
1868 5586 2088 5642 omnino
2105 5601 2214 5642 non

620 5668 735 5742 09
755 5682 1000 5741 cessant;
1022 5674 1414 5747 qualiacunque
1439 5684 1496 5733 et
1519 5687 1937 5749 quantacunque
1953 5679 2086 5747 sint,
2118 5695 2216 5751 per

624 5765 1001 5836 eleemosynas
1023 5768 1220 5825 dimitti
1244 5785 1403 5839 posse
1433 5779 1679 5842 peccata,
1712 5772 2020 5829 orationem
2049 5789 2209 5843 quam

625 5860 808 5918 docuit
835 5864 950 5921 inse
978 5864 1259 5927 Dominus.
1290 5877 1346 5925 et
1369 5868 1793 5941 suﬂragatricem
1820 5868 1922 5926 sibi
1949 5869 2212 5928 adhibere

2326 4750 2475 4811 ptum
2503 4756 2517 4797 ;
2564 4740 2663 4806 Qui
2694 4740 2798 4796 sibi
2825 4740 3095 4812 malignus
3122 4749 3228 4810 est,
3259 4742 3346 4797 cui
3385 4741 3576 4801 bonus
3605 4738 3715 4799 erit?
3748 4735 3839 4789 Ora-

2327 4838 2505 4892 tiones
2536 4835 2731 4907 quippe
2771 4838 3026 4909 adjuvant
3072 4838 3468 4912 elecmosyntn.
3529 4841 3600 4898 Et
3636 4834 3842 4906 utiquetu-

2326 4928 2585 4985 tuendum
2623 4938 2707 4984 est
2735 4929 2878 4999 quod
2928 4929 3194 5001 legimus:
3245 4930 3366 4997 Fili,
3394 4932 3662 5001 peccasti,
3689 4943 3741 4982 ne
3760 4922 3843 4991 adji‘

2326 5024 2439 5080 cias
2461 5023 2681 5092 iterum,
2708 5032 2764 5078 et
2806 5022 2875 5078 de
2904 5024 3193 5094 praeteritis
3220 5024 3559 5095 deprecare,
3609 5036 3662 5081 ut
3701 5022 3773 5075 tibi
3803 5016 3851 5070 di-

2323 5117 2626 5173 mittantur.
2660 5117 2887 5187 Propter
2932 5117 3035 5191 hoc
3074 5132 3205 5189 ergo
3253 5120 3631 5191 eleemosyna:
3670 5112 3851 5171 facienda

2322 5220 2467 5279 sunt,
2521 5220 2579 5265 ut
2625 5224 2747 5267 cum
2801 5210 2871 5267 de
2916 5190 3209 5280 praeteritis
3251 5190 3519 5281 peccatis,
3560 5214 3859 5284 deprecanti".

2322 5304 2691 5373 exaudiamur,
2722 5318 2829 5360 non
2861 5314 2939 5369 ut,
2968 5304 3024 5359 in
3052 5305 3134 5359 eis
3171 5317 3623 5375 perseverantes,
3656 5304 3861 5360 lit-catuli,l

2322 5395 2695 5454 malefaciendi
2733 5411 2835 5455 nos
2878 5412 2975 5467 per
3020 5396 3403 5471 elsemosynas
3454 5413 3770 5472 comparare
3791 5408 3867 5448 cre-

2320 5490 2532 5549 damus.
2567 5489 2691 5546 ideo
2719 5499 2899 5547 autem
2926 5490 3190 5548 Dominus
3220 5502 3275 5548 et
3299 5492 3521 5549 dextris
3554 5494 3868 5559 eleemosyw

2317 5584 2387 5641 ab
2413 5586 2491 5641 eis
2516 5586 2705 5654 factas,
2734 5594 2788 5641 et
2815 5585 3051 5641 sinistris
3086 5601 3197 5641 non
3239 5584 3407 5643 factas
3436 5602 3509 5644 se
3543 5590 3876 5657 imputaturutl

2316 5692 2437 5735 esse
2464 5678 2733 5749 praedixit,
2773 5687 2831 5734 ut
2860 5678 2983 5735 hinc
3032 5677 3344 5735 ostenderet
3388 5691 3674 5747 quantum
3716 5676 3876 5731 valeant

2317 5770 2675 5841 eleemOsyme
2707 5770 2773 5825 ad
2797 5771 2970 5840 priora
3004 5770 3251 5838 delenda,
3283 5784 3387 5824 non
3419 5770 3502 5826 ad
3537 5783 3792 5842 perpetua
3816 5766 3883 5819 iat-

2318 5880 2461 5937 pune
2488 5865 2869 5922 committenda
2918 5872 3156 5935 peccata.
3191 5862 3346 5919 Tales
3384 5873 3593 5921 autem
3639 5864 3883 5922 eleemost'
