3986 6382
93 352 189 459 m

1300 371 1744 437 THESAUBUI.
1784 373 1939 431 CAP.
1981 374 2091 433 CI...

3246 378 3354 437 798

86 545 179 596 nu
204 546 310 590 non
338 528 557 589 dicendi
582 524 927 591 sentiscere,
954 521 1048 593 qui
1075 518 1241 575 vitam
1270 516 1459 573 nolunt
1480 531 1509 570 a
1527 530 1657 571 con-
1680 494 1737 560 Α
1762 489 1865 547 δθθ
1888 493 2063 596 ίΡξυω
2104 493 2248 552 9⁸⁸³⁸
2272 494 2653 596 ἀθαδθοξίίξοίξε
2701 495 3000 596 “monii,
3038 510 3160 596 quae
3194 496 3360 569 jussit

87 626 359 689 suetudine
386 623 651 680 scelerum
681 622 737 677 in
761 617 953 674 melius
980 622 1341 679 commutare,
1375 611 1499 681 quia
1528 618 1582 665 et
1606 610 1661 666 in

88 724 186 779 hoc
220 718 359 792 quod
393 717 488 782 ait,
520 713 749 784 Quando
774 711 866 768 uni
888 725 955 767 ex
982 706 1217 765 minimis
1248 706 1379 762 meis
1404 718 1509 759 non
1536 702 1667 759 feci-

85 817 198 882 stis,
231 812 362 869 mihi
385 825 493 867 non
518 808 747 875 fecistis,
778 805 1015 863 ostendit
1041 818 1135 865 eos
1155 816 1265 858 non
1296 800 1475 856 facere
1498 798 1663 855 etiam

85 906 294 979 quando
342 919 405 962 se
440 904 618 960 facere
674 901 1006 958 existimant.
1054 897 1115 954 Si
1164 896 1311 952 enim
1356 893 1663 951 Christiano

85 1001 338 1060 esurienti
366 1013 557 1070 panem
580 1008 829 1068 tanquam
852 992 1159 1052 Christiano
1178 992 1388 1059 darent,
1412 988 1663 1061 proiecto

82 1095 177 1152 sibi
202 1108 391 1165 panem
422 1091 666 1162 iustitiae,
695 1089 840 1162 quod
870 1090 986 1160 ipse
1022 1086 1273 1144 Christus
1299 1092 1402 1154 est,
1432 1098 1538 1139 non
1568 1097 1664 1139 ne-

82 1192 284 1257 garent,
318 1183 568 1254 quoniam
594 1182 738 1239 Deus
768 1197 877 1243 non
901 1180 990 1238 cui
1012 1178 1188 1247 detur,
1220 1176 1315 1234 sed
1344 1192 1453 1248 quo
1482 1177 1664 1231 animo

80 1279 233 1335 detur
262 1276 508 1333 attendit.
538 1276 637 1345 Qui
664 1290 794 1347 ergo
825 1273 1099 1331 Christum
1126 1270 1296 1343 diligit
1322 1269 1377 1326 in
1403 1268 1664 1325 Christia-

80 1388 175 1439 ne,
211 1373 314 1424 hoc
340 1370 521 1425 animo
541 1369 592 1425 ei
621 1367 841 1439 porrigit
864 1366 1290 1436 eieemosynam,
1314 1378 1420 1434 quo
1451 1361 1663 1417 accedit

77 1464 138 1519 ad
172 1461 472 1528 Christum,
520 1475 626 1517 non
683 1475 791 1531 quo
838 1458 953 1514 vult
994 1458 1248 1514 recedere
1289 1456 1584 1525 impunitus
1631 1470 1661 1511 a

75 1557 311 1612 Christo.
341 1555 516 1610 Tanto
540 1554 683 1609 enim
700 1553 871 1623 magis
889 1551 1116 1622 quisque
1138 1550 1339 1607 deserit
1362 1549 1658 1616 Christum,

76 1660 274 1722 quanto
302 1649 471 1719 magis
501 1647 679 1718 diligit
720 1645 863 1717 quod
905 1644 1175 1715 improbat
1216 1642 1482 1698 Christus.
1525 1641 1659 1697 Nam

72 1743 195 1813 quid
212 1741 407 1812 cuique
435 1739 660 1812 prodest
687 1738 826 1809 quod
856 1738 1177 1809 baptizatur,
1193 1737 1239 1792 si
1269 1750 1376 1792 non
1402 1734 1662 1805 iustiﬁca-

74 1836 194 1891 tur?
220 1834 413 1899 Nonne
449 1832 540 1904 qui
569 1831 738 1900 dixit,
794 1831 907 1887 Nisi
962 1829 1082 1901 quis
1131 1840 1352 1886 renatus
1396 1830 1554 1885 fuerit
1595 1844 1662 1885 ex

70 1942 204 1998 aqua
262 1936 318 1983 et
360 1926 567 1995 Spiritu
610 1922 842 1998 [sancto]
890 1938 999 1981 non
1049 1924 1273 1979 intrabit
1332 1925 1385 1979 in
1442 1938 1665 1994 regnum

69 2019 185 2087 Dei,
218 2019 335 2088 ipse
381 2016 544 2073 etiam
593 2016 752 2087 dixit,
809 2015 920 2071 Nisi
959 2014 1310 2071 abundaverit
1334 2015 1538 2085 justitia
1569 2030 1666 2071 ve-

65 2118 177 2169 stra
197 2126 363 2181 super
389 2109 699 2167 Scribarum
730 2117 782 2164 et
804 2108 1223 2174 Pharisaeorum,
1259 2109 1668 2180 nouintrabitis

63 2204 117 2260 in
143 2219 371 2273 regnum
394 2204 656 2260 caelorum
681 2201 707 2256 1
733 2201 843 2257 Cur
869 2201 1003 2258 illud
1026 2202 1267 2258 timendo
1291 2202 1443 2257 multi
1474 2210 1669 2258 curant

60 2297 369 2368 baptizari;
398 2304 455 2354 et
502 2296 607 2351 hoc
652 2310 758 2351 non
807 2295 1049 2352 timendo
1100 2308 1211 2350 non
1268 2294 1424 2349 multi
1474 2301 1666 2348 curant

57 2388 392 2463 iustiﬁcari?
450 2388 606 2444 Sicut
654 2401 784 2456 ergo
824 2401 933 2442 non
982 2386 1136 2442 fratri
1163 2399 1262 2439 suo
1306 2384 1439 2439 dicit
1496 2383 1660 2450 fatue,

58 2482 163 2553 qui
218 2494 340 2536 eum
374 2479 481 2534 hoc
530 2478 665 2534 dicit
708 2493 814 2534 non
855 2475 957 2547 ipsi
1006 2476 1351 2544 fraternitati,
1399 2475 1493 2530 sed
1544 2489 1668 2545 pec-

56 2582 193 2630 cato
237 2573 357 2642 ejus
386 2570 631 2627 infensus
660 2579 764 2639 est,
813 2570 1051 2641 alioquin
1093 2583 1221 2625 reus
1250 2570 1355 2624 erit
1401 2568 1665 2638 gehennae

58 2662 240 2735 ignis;
272 2664 343 2717 ita
368 2677 400 2718 e
423 2664 695 2718 contrario
708 2663 794 2735 qui
823 2662 1051 2733 porrigit
1078 2661 1481 2732 elcemosynam
1509 2658 1670 2715 Chri-

59 2757 277 2818 stiano,
304 2769 412 2809 non
460 2753 774 2810 Christiano
803 2755 1049 2825 porrigit,
1084 2753 1173 2824 qui
1199 2768 1306 2808 non
1330 2752 1383 2807 in
1408 2768 1475 2808 eo
1496 2753 1671 2824 diligit

62 2847 379 2913 Christum;
412 2861 518 2901 non
551 2856 729 2902 autem
757 2846 931 2917 diligit
956 2846 1231 2903 Christum
1273 2847 1362 2917 qui
1384 2844 1670 2916 justiﬁcari

60 2948 289 2998 recusat
319 2940 375 2995 in
405 2937 482 3014 [ι]
528 2938 775 3007 Christo;
835 2951 887 2995 et
942 2939 1395 3010 quemadmodum
1444 2940 1492 2995 si
1550 2940 1672 3013 quis

65 3043 487 3106 praeoccupatus
519 3031 681 3088 fuerit
708 3032 811 3087 hoc
841 3030 919 3104 [in
966 3030 1169 3104 aliquo]
1204 3031 1398 3087 delicto
1426 3040 1484 3086 ut
1520 3032 1672 3089 fratri

62 3143 171 3185 suo
205 3126 543 3194 dicati’atue,
574 3126 626 3181 id
678 3134 778 3191 est,
834 3140 940 3181 non
999 3126 1118 3195 ejus
1170 3134 1444 3195 peccatum
1481 3127 1671 3182 volens

61 3220 315 3286 auferre,
359 3219 693 3274 convicietur
740 3218 940 3289 injuste
988 3216 1348 3291 [convincitur
1392 3214 1661 3290 justitire],

60 3326 265 3384 parum
309 3319 392 3366 est
419 3310 499 3365 illi
532 3310 598 3364 ad
638 3310 741 3367 hoc
769 3310 1145 3367 redimendum
1177 3310 1555 3381 eleemosynas
1586 3310 1665 3364 ia-

60 3419 222 3472 cere,
255 3402 359 3459 nisi
389 3402 551 3457 etiam
577 3402 719 3471 quod
748 3403 821 3457 ibi
852 3402 1095 3471 sequitur
1139 3399 1439 3455 remedium
1479 3416 1675 3456 recon-

63 3495 368 3553 ciliationis
420 3494 693 3565 adjungat.
751 3492 828 3547 lbi
877 3493 1019 3548 enim
1074 3493 1363 3562 sequitur:
1407 3492 1463 3546 Si
1495 3491 1669 3563 [ergo]

58 3588 237 3643 otfers
267 3599 460 3640 munus
484 3594 631 3639 tuum
660 3582 726 3638 ad
749 3584 935 3649 altare,
968 3590 1024 3638 et
1052 3582 1123 3638 ibi
1150 3583 1461 3637 recordatus
1494 3582 1671 3637 fueris

58 3680 199 3750 quia
228 3678 395 3732 frater
424 3683 545 3730 tuus
576 3672 738 3729 habet
762 3672 965 3743 aliquid
994 3671 1286 3728 adversum
1320 3681 1399 3738 te,
1432 3672 1679 3741 relinque

60 3772 145 3828 ibi
196 3783 399 3826 munus
429 3777 579 3824 tuum
610 3767 677 3823 ad
722 3768 913 3833 altare,
960 3774 1014 3823 et
1053 3766 1192 3822 vade
1242 3767 1390 3837 prius
1438 3767 1677 3823 reconci-

54 3869 192 3927 liari
222 3867 375 3923 fratri
400 3876 515 3932 tuo,
545 3873 602 3922 et
631 3875 759 3920 tunc
782 3863 1006 3921 veniens
1046 3862 1241 3919 oﬂeres
1274 3878 1468 3918 munus
1502 3872 1674 3919 tuum.

52 3961 145 4018 lta
192 3973 386 4029 parum
414 3965 498 4012 est
542 3957 914 4027 eleemosynas
943 3956 1303 4025 quantasiibet
1352 3956 1527 4009 facere
1578 3970 1678 4024 pro

51 4062 403 4123 quocunque
431 4048 748 4113 scelere,'et
773 4046 827 4101 in
849 4048 1237 4102 consuetudine
1265 4047 1530 4101 scelerum
1561 4061 1682 4115 per-

54 4154 323 4201 manere.
356 4138 538 4194 Oratio
571 4151 700 4192 vcro
729 4137 1062 4207 quotidiana,
1114 4152 1273 4206 quam
1329 4137 1513 4190 docuit
1567 4137 1682 4203 ipse

56 4236 266 4301 Jesus,
299 4230 442 4287 unde
489 4237 543 4285 et
581 4228 858 4284 Dominica
914 4227 1223 4283 nominatur
1271 4227 1680 4300 [nuncupatur],

58 4328 231 4387 delet
263 4322 480 4395 quidem
511 4321 824 4393 quotidiana
873 4328 1091 4391 peccata
1131 4335 1251 4375 cum
1280 4320 1522 4391 quotidie
1552 4319 1685 4374 dioi-

61 4434 209 4480 tur:
246 4417 463 4473 Dimitte
487 4416 643 4472 nobis
692 4414 870 4469 debita
910 4423 1136 4481 nostra;
1183 4420 1343 4483 atque
1386 4410 1683 4485 [quoniam]

64 4516 125 4574 id
154 4510 309 4585 quod
340 4509 584 4579 sequitur
610 4521 716 4562 non
757 4506 932 4561 solum
982 4505 1200 4573 dicitur,
1236 4505 1332 4561 sed
1362 4505 1526 4559 etiam
1578 4506 1637 4557 ﬁt
1668 4522 1681 4559 :

64 4608 237 4665 Sicut
263 4610 318 4656 ct
343 4614 441 4655 nos
470 4598 785 4653 dimittimus
813 4596 1146 4653 debitoribus
1174 4598 1392 4651 nostris.
1426 4595 1533 4651 Sed
1556 4594 1682 4665 quia

1768 600 1864 641 eos
1890 587 2119 656 primum
2151 604 2246 658 pro
2280 589 2416 657 suis,
2457 590 2654 646 deinde
2676 604 2773 660 pro
2798 592 2979 662 populi
3008 590 3204 648 oiferre
3234 608 3359 663 pec-

1768 683 1921 741 catis.
1955 684 2087 739 Nam
2124 694 2180 742 et
2206 685 2323 757 ipsa
2352 687 2519 743 verba
2568 688 2711 744 tanti
2743 690 2987 757 magistri
3032 699 3086 745 et
3138 684 3360 745 Domini

1767 780 1939 835 nostri
1990 779 2274 850 vigilanter
2324 781 2580 837 intuenda
2624 790 2765 837 sunt.
2808 783 2924 838 Non
2967 782 3109 839 enim
3152 786 3246 851 ait,
3300 780 3357 839 Si

1767 873 2079 929 dimiseritis
2120 882 2340 943 peccata
2394 874 2724 942 hominibus,
2764 883 2820 931 et
2856 874 3017 931 Pater
3051 884 3231 930 vester
3269 873 3356 930 di-

1766 965 1945 1021 mittet
1972 964 2127 1020 vobis
2155 965 2546 1037 qualiacunque
2583 975 2835 1036 peccata;
2877 966 2971 1022 sed
3002 966 3077 1021 ait
3133 965 3357 1022 Peccata

1765 1066 1974 1124 vestra;
2014 1057 2379 1128 quotidianam
2418 1060 2618 1129 quippe
2655 1060 2955 1115 orationem
2995 1058 3263 1126 docebat,
3304 1065 3359 1114 et

1761 1151 2067 1222 iustiﬁcatis
2088 1152 2271 1222 utique
2293 1151 2570 1221 discipulis
2599 1153 2935 1224 loquebatur.
2960 1152 3098 1222 Quid
3120 1160 3203 1207 est
3226 1165 3360 1221 ergo

1766 1253 1986 1321 peccata
2015 1254 2212 1309 vestra,
2249 1245 2356 1301 nisi
2387 1254 2604 1316 peccata
2627 1247 2745 1302 sine
2773 1245 2966 1317 quibus
2998 1260 3096 1302 nec
3124 1261 3218 1301 vos
3248 1248 3359 1302 eri-

1767 1340 1856 1407 tis,
1889 1338 1979 1409 qui
2004 1337 2278 1407 justiﬁcati
2317 1346 2371 1393 et
2400 1338 2715 1393 sanctiﬁcati
2746 1339 2915 1393 estis?
2951 1337 3052 1394 Ubi
3090 1354 3221 1409 ergo
3255 1340 3356 1411 illi,

1765 1430 1857 1500 qui
1894 1444 1993 1500 per
2019 1430 2157 1486 hanc
2184 1429 2483 1485 orationem
2502 1430 2840 1486 occasionem
2858 1429 3343 1501 perpetrandorum

1766 1524 2005 1595 quotidie
2033 1524 2298 1579 scelerum
2328 1531 2596 1595 quaerunt,
2631 1522 2815 1577 dicunt
2843 1522 3129 1578 Dominum
3152 1524 3361 1597 signiﬁ-

1766 1630 1918 1674 casse
1941 1618 2105 1673 etiam
2141 1632 2335 1688 magna
2365 1625 2605 1688 peccata,
2640 1617 2892 1686 quoniam
2923 1631 3030 1671 non
3058 1618 3215 1685 dixit,
3272 1617 3361 1671 Di-

1767 1708 1943 1765 mittet
1966 1710 2120 1767 vobis
2150 1723 2335 1779 parva,
2368 1709 2462 1766 sed
2492 1718 2712 1779 peccata
2751 1718 2954 1775 vestra,
2998 1708 3072 1763 ibi
3104 1724 3202 1764 nos
3231 1723 3361 1765 con-

1768 1808 2065 1865 siderantes
2102 1808 2348 1878 qualibus
2374 1808 2710 1877 ioquebatur,
2752 1814 2807 1861 et
2846 1805 3125 1861 audientes
3156 1806 3358 1861 dictum

1772 1910 1985 1971 peccata
2011 1910 2214 1966 vestra,
2250 1900 2381 1956 nihil
2413 1900 2556 1955 aliud
2578 1898 2838 1954 debemus
2864 1896 3178 1953 existimare
3200 1913 3361 1969 quam

1772 2009 1953 2062 parva,
1990 1994 2247 2064 quoniam
2292 1993 2475 2048 talium
2514 1992 2625 2064 jam
2667 2006 2774 2047 non
2814 1999 2966 2045 erant
3004 2004 3217 2060 magna.
3265 1990 3365 2047 Ve-

1768 2096 2071 2142 rumtamen
2100 2101 2200 2143 nec
2236 2087 2351 2157 ipsa
2380 2100 2594 2156 magna,
2626 2099 2657 2139 a
2682 2084 2879 2155 quibus
2904 2084 3124 2139 omnino
3146 2084 3365 2139 mutatis

1770 2178 1823 2233 in
1853 2178 2046 2234 melius
2070 2179 2310 2233 moribus
2341 2176 2704 2233 recedendum
2740 2182 2842 2242 est,
2879 2174 3223 2229 dimittuntur
3249 2187 3366 2229 ora-

1770 2270 2025 2335 tionibus,
2070 2269 2169 2324 nisi
2209 2269 2303 2322 ﬁat
2330 2268 2471 2338 quod
2499 2267 2569 2322 ibi
2597 2266 2797 2321 dicitur
2826 2281 2842 2319 :
2874 2266 3029 2321 Sicut
3058 2278 3156 2319 nos
3186 2264 3365 2319 dimit-

1772 2363 1933 2416 timus
1958 2360 2292 2416 debitoribus
2323 2357 2543 2413 nostris.
2586 2356 2645 2413 Si
2688 2356 2830 2411 enim
2874 2355 3095 2410 minima
3124 2362 3365 2425 peccata,

1770 2454 1888 2509 sine
1916 2452 2114 2523 quibus
2147 2467 2253 2507 non
2286 2459 2369 2506 est
2405 2452 2569 2505 etiam
2594 2449 2704 2503 vita
2735 2444 3028 2517 iustorum,
3062 2447 3221 2501 aliter
3260 2462 3367 2503 non

1773 2545 2146 2615 remittuntur,
2180 2551 2383 2615 quanto
2406 2543 2575 2613 magis
2600 2540 2783 2596 multis
2810 2549 2866 2597 et
2887 2541 3093 2610 magnis
3130 2540 3369 2595 crimini-

1771 2639 1870 2694 bus
1908 2637 2155 2705 involuti,
2212 2637 2374 2692 etiam
2405 2635 2451 2690 si
2481 2649 2543 2690 ea
2586 2642 2900 2704 perpetrare
2931 2633 3204 2697 desinant,
3247 2631 3369 2687 nul-

1773 2738 1875 2791 iam
1917 2736 2301 2807 indulgentiam
2333 2742 2755 2803 consequuntur,
2807 2734 2853 2789 si
2881 2733 2948 2790 ad
2986 2732 3370 2789 remittendum

1777 2830 1899 2885 aliis
1940 2830 2086 2900 quod
2135 2830 2191 2886 in
2248 2843 2341 2901 eos
2402 2828 2630 2899 quisque
2673 2827 2976 2899 peccaverit
3014 2825 3371 2882 inexorabiles

1775 2924 1993 2991 fuerint,
2022 2938 2143 2979 cum
2173 2923 2315 2979 dicat
2357 2922 2636 2985 Dominus,
2687 2920 2742 2976 Si
2775 2928 2954 2974 autem
2998 2935 3105 2974 non
3146 2918 3372 2973 dimise-

1774 3017 1891 3072 ritis
1919 3016 2224 3071 hominibus
2255 3013 2545 3087 [peccata],
2576 3027 2749 3084 neque
2780 3014 2939 3068 Pater
2974 3019 3158 3067 vester
3193 3009 3373 3065 dimit-

1777 3116 1851 3163 tet
1892 3108 2066 3162 vobis.
2123 3106 2203 3161 Ad
2245 3106 2347 3161 hoc
2388 3106 2531 3161 enim
2572 3104 2717 3160 valet
2755 3104 2897 3175 quod
2938 3104 3099 3159 etiam
3140 3100 3372 3157 Jacobus

1775 3200 2049 3270 apostolus
2089 3198 2200 3265 ait,
2242 3196 2511 3254 Judicium
2554 3195 2793 3252 futurum
2834 3195 2951 3250 sine
3000 3191 3373 3250 misericordia

1768 3281 1844 3347 illi
1872 3294 1960 3361 qui
1992 3306 2095 3345 non
2122 3290 2310 3345 fecerit
2331 3288 2775 3343 misericordiam.
2809 3286 3009 3342 Venire
3039 3285 3239 3356 quippe
3270 3283 3369 3337 de-

1779 3385 1868 3442 bet
1917 3386 1967 3439 in
2010 3391 2243 3439 mentem
2271 3382 2434 3437 etiam
2474 3394 2663 3435 servus
2691 3379 2783 3435 ille
2808 3378 2895 3433 cui
2926 3375 3164 3433 debitori
3192 3374 3373 3430 domi-

1781 3493 1881 3532 nus
1912 3476 2187 3531 relaxavit
2222 3474 2409 3528 decem
2452 3471 2618 3526 millia
2650 3469 3000 3534 talentorum,
3043 3482 3163 3540 quae
3189 3474 3373 3538 postea

1775 3569 1939 3639 jussit
1982 3578 2039 3622 ut
2107 3565 2378 3634 redderet,
2454 3562 2579 3633 quia
2638 3576 2744 3616 non
2805 3561 3061 3615 misertus
3107 3566 3190 3613 est
3247 3571 3375 3611 con-

1782 3663 1923 3718 servi
1952 3662 2039 3731 qui
2071 3660 2119 3715 ei
2154 3656 2388 3714 debebat
2432 3664 2647 3711 centum
2692 3653 2965 3711 denarios.
3025 3653 3081 3707 in
3118 3650 3201 3709 his
3246 3662 3377 3719 ergo

1781 3757 1872 3827 qui
1932 3756 2023 3809 ﬁlii
2092 3762 2216 3810 sunt
2274 3749 2657 3824 promissionis
2708 3756 2764 3804 et
2815 3762 2942 3804 vasa
2992 3743 3377 3803 misericordias

1788 3850 1946 3922 ιοο
1976 3848 2118 3902 valet
2176 3845 2317 3917 quod
2348 3843 2423 3900 ait
2468 3842 2607 3898 idem
2648 3839 2943 3912 apostolus,
2983 3843 3379 3909 consequenter

1783 3944 2078 4012 adjungens
2114 3960 2128 3995 :
2162 3936 2546 4010 Superexultat
2598 3946 2774 3991 autem
2821 3932 3194 3989 misericordia
3236 3928 3380 4001 judi-

1785 4039 1867 4091 cio
1896 4033 2198 4105 [judicium]
2220 4076 2233 4099 ,
2268 4032 2519 4103 quoniam
2550 4040 2604 4085 et
2652 4030 2725 4083 illi
2758 4028 2850 4098 qui
2896 4034 3042 4083 tanta
3092 4023 3379 4079 sanctitate

1787 4130 2056 4194 vixerunt,
2108 4133 2167 4178 ut
2211 4125 2346 4177 alios
2383 4135 2595 4192 quoque
2646 4116 2982 4186 recipiantin
3037 4111 3382 4169 tabernacula

1789 4231 2008 4285 aeterna,
2061 4215 2255 4288 quibus
2306 4212 2464 4268 amici
2518 4210 2643 4266 iacti
2685 4217 2809 4265 sunt
2849 4207 2917 4262 de
2947 4218 3251 4261 mammona
3282 4202 3383 4257 ini-

1788 4311 2027 4383 quitatis,
2077 4319 2132 4363 ut
2176 4306 2311 4362 tales
2338 4312 2541 4373 essent,
2583 4299 2946 4359 misericordia
3000 4295 3211 4354 liberati
3260 4301 3386 4353 sunt

1790 4406 1859 4459 ab
1882 4417 1947 4457 eo
1974 4402 2063 4471 qui
2085 4399 2342 4471 justiﬁcat
2375 4396 2615 4468 impium,
2650 4394 2918 4464 imputans
2965 4388 3269 4447 mercedem
3300 4401 3383 4444 se-

1790 4493 2022 4550 cundum
2049 4491 2273 4563 gratiam
2303 4534 2317 4559 ,
2353 4504 2458 4544 non
2504 4485 2796 4542 secundum
2819 4483 3080 4539 debitum.
3106 4480 3163 4535 lu
3194 4494 3383 4536 eorum

1790 4590 1987 4659 quippe
2027 4600 2253 4642 numero
2294 4595 2374 4639 est
2403 4581 2717 4653 Apostolus,
2751 4578 2840 4651 qui
2880 4577 3050 4633 dicit:
3083 4576 3385 4635 Misericor-

68 4704 225 4757 ﬁunt
261 4704 503 4765 peccata,
536 4692 658 4747 ideo
686 4691 902 4757 dicitur,
948 4705 1053 4745 non
1110 4698 1170 4745 ut
1215 4690 1336 4747 ideo
1382 4690 1512 4744 ﬁant
1558 4660 1683 4759 quia
1710 4660 1932 4738 l)diam
1982 4686 2306 4737 consecutus
2356 4691 2497 4742 sum,
2542 4684 2599 4729 ut
2629 4672 2802 4728 ﬁdelis
2845 4684 3044 4727 essem.
3078 4667 3154 4726 ΙΙΙί
3206 4677 3385 4726 autem

69 4792 306 4850 dicitur.
335 4787 439 4843 Per
471 4786 607 4840 hanc
646 4784 791 4838 enim
821 4783 977 4839 nobis
1008 4782 1178 4839 voluit
1218 4782 1468 4838 Salvator
1497 4792 1685 4839 osten-

67 4884 217 4940 dere
241 4875 636 4949 quantumlibet
658 4872 802 4943 juste
832 4873 885 4928 in
913 4872 1072 4942 hujus
1099 4873 1223 4928 vita:
1253 4874 1485 4944 caligine
1525 4887 1686 4948 atque

68 4974 408 5035 inﬁrmitate
445 4971 714 5032 vivamus,
747 4980 854 5022 non
895 4965 1051 5021 nobis
1081 4964 1270 5022 deesse
1308 4976 1546 5035 peccata,
1591 4987 1687 5040 pro

66 5070 282 5143 quibus
308 5061 642 5119 dimittendis
673 5059 967 5116 debeamus
995 5072 1170 5126 orare,
1196 5065 1250 5112 et
1278 5058 1357 5114 eis
1386 5061 1475 5129 qui
1508 5061 1559 5114 in
1591 5077 1689 5117 nos

67 5162 338 5234 peccant,
379 5163 514 5211 utet
550 5152 707 5207 nobis
733 5152 1061 5222 ignoscatur,
1094 5150 1396 5220 ignoscere.
1430 5152 1546 5206 Non
1579 5153 1680 5208 ita-

67 5267 185 5325 que
219 5257 509 5319 propterea
550 5244 807 5299 Dominus
856 5242 953 5310 ait,
996 5240 1053 5298 Si
1100 5241 1414 5296 dimiseritis
1462 5252 1680 5311 peccata

66 5340 401 5401 hominibus
438 5335 672 5393 dimittet
688 5334 844 5391 vobis
874 5342 929 5390 et
951 5334 1110 5389 Pater
1132 5341 1314 5389 vester
1343 5342 1563 5404 peccata
1590 5348 1679 5390 ve-

66 5450 215 5503 stra,
254 5443 316 5489 ut
348 5433 416 5489 de
471 5431 575 5487 hac
621 5430 863 5486 oratione
909 5428 1099 5485 conﬁsi
1146 5428 1322 5485 securi
1370 5428 1682 5499 quotidiana

72 5533 304 5592 scelera
334 5526 655 5591 faceremus,
684 5525 771 5579 vel
796 5523 1051 5594 polentia,
1084 5537 1189 5593 qua
1221 5538 1325 5577 non
1369 5523 1683 5579 timeremus

68 5626 371 5685 hominum
400 5620 571 5690 leges,
601 5618 687 5674 vel
717 5618 934 5684 astutia,
959 5631 1061 5688 qua
1090 5618 1235 5686 ipsos
1258 5617 1505 5674 homines
1534 5618 1686 5673 falle-

70 5732 337 5785 rcmus,
374 5716 468 5770 sed
517 5721 575 5768 ut
625 5727 721 5782 per
760 5711 906 5766 illam
961 5709 1290 5766 disceremus
1331 5726 1438 5765 non
1497 5719 1685 5781 putare

70 5829 181 5870 nos
212 5822 339 5867 esse
374 5807 490 5863 sine
531 5805 782 5875 peccatis,
824 5802 986 5857 etiam
1029 5802 1074 5856 si
1130 5818 1159 5855 a
1191 5802 1504 5857 criminibus
1532 5815 1682 5856 esse-

72 5920 207 5966 mus
253 5903 543 5968 immunes,
584 5900 721 5955 sicut
759 5894 917 5953 etiam
963 5893 1096 5966 legis
1138 5895 1335 5951 veteris
1374 5897 1682 5953 sacerdotes

1793 4777 1880 4846 qui
1924 4774 2254 4844 recipiuntur
2279 4786 2308 4825 a
2341 4770 2535 4825 talibus
2582 4768 2635 4821 in
2684 4764 3028 4821 tabernacula
3056 4775 3279 4832 aeterna,
3308 4763 3387 4819 fa—

1796 4869 2012 4927 tendum
2044 4876 2125 4923 est
2170 4866 2310 4936 quod
2343 4880 2449 4920 non
2480 4864 2587 4918 sint
2633 4862 2717 4918 his
2747 4862 2985 4918 moribus
3042 4861 3274 4935 praediti,
3326 4865 3388 4915 ut

1795 4964 1873 5018 eis
1911 4959 2202 5016 liberandis
2248 4958 2363 5011 sine
2413 4955 2667 5025 suffragio
2715 4964 3024 5009 sanctorum
3075 4968 3173 5007 sua
3220 4949 3388 5017 possit

1801 5055 1908 5108 vita
1938 5052 2203 5115 sufﬁcere,
2219 5062 2281 5103 ac
2307 5062 2404 5118 per
2436 5048 2537 5102 hoc
2563 5046 2731 5102 multo
2756 5046 2985 5115 amplius
3015 5043 3069 5099 in
3100 5044 3178 5099 eis
3199 5057 3386 5112 super-

1784 5147 1990 5208 exuitat
2004 5140 2371 5199 misericordia
2386 5140 2585 5211 judicio
2602 5139 2921 5214 [judicium].
2938 5138 3047 5193 Nec
3069 5144 3245 5190 tamen
3269 5134 3389 5188 ideo

1789 5239 2057 5313 putandus
2115 5243 2199 5291 est
2247 5236 2528 5307 quisquam
2558 5233 3003 5291 sceleratissimus
3049 5243 3386 5299 nequaquam

1791 5336 1897 5391 vita
1927 5332 2011 5388 vel
2043 5332 2179 5386 bona
2210 5329 2294 5385 vel
2336 5327 2701 5384 tolerabiliore
2732 5335 2966 5382 mutatus
3001 5321 3166 5393 recipi
3198 5321 3250 5376 in
3302 5330 3383 5375 ta-

1790 5425 2078 5484 bernacula
2103 5432 2328 5487 aeterna,
2373 5421 2623 5492 quoniam
2657 5420 2944 5474 obsecutus
2988 5421 3071 5470 est
3098 5414 3296 5469 sanctis
3314 5414 3389 5470 de

1793 5532 2100 5576 mammona
2134 5516 2451 5585 iniquitatis,
2478 5515 2528 5569 id
2556 5522 2658 5582 est,
2687 5513 2759 5585 de
2783 5508 3027 5582 pecunia,
3053 5510 3135 5564 vel
3158 5508 3383 5576 divitiis,

1801 5630 1920 5684 qua:
1956 5612 2097 5667 male
2126 5611 2339 5664 fuerunt
2367 5608 2640 5678 acquisitm
2661 5624 2674 5674 ;
2699 5606 2806 5677 jam
2834 5604 2955 5678 [aut
2975 5603 3157 5676 etiam]
3179 5604 3220 5658 si
3250 5602 3388 5657 bene

1792 5722 1896 5761 non
1930 5716 2107 5760 tamen
2135 5702 2294 5768 veris,
2322 5700 2416 5755 sed
2446 5717 2577 5772 quas
2611 5699 2862 5773 iniquitas
2892 5708 3041 5769 putat
3076 5713 3194 5753 esse
3242 5695 3386 5750 divi-

1792 5802 1913 5866 tias,
1963 5796 2211 5868 quoniam
2253 5794 2423 5849 nescit
2466 5809 2583 5866 quas
2608 5795 2716 5849 sint
2745 5808 2885 5849 verte
2932 5791 3149 5847 diViliiL‘.
3191 5790 3386 5863 quibus

1790 5896 1866 5952 illi
1898 5893 2171 5951 abundant
2214 5890 2301 5961 qui
2349 5898 2403 5946 et
2430 5889 2564 5945 alios
2617 5889 2881 5960 recipiunt
2925 5886 2977 5944 in
3034 5884 3373 5943 tabernacula
