3986 6382
571 320 695 395 ³799

1676 335 1741 391 D.
1783 330 2101 391 EUGYPPII
2139 329 2429 388 ABBATIS
2465 327 2786 387 AFRICANI
3763 325 3841 384 800

585 459 815 510 uterne.
866 451 965 508 Est
1000 451 1180 524 itaque
1215 450 1430 522 quidam
1460 450 1584 506 vita:
1626 450 1840 518 modus,
1867 464 1968 506 nec
1998 460 2173 504 tamen
2199 449 2256 512 Α
2278 446 2455 518 potius
2478 461 2600 502 esse
2625 446 2935 514 vivendum,
2967 454 3026 502 ut
3066 446 3207 504 inter
3235 461 3333 504 eos
3374 446 3618 517 quisque
3638 449 3842 516 reperia-

589 543 771 612 malre,
817 544 983 601 uthis
1005 545 1094 615 qui
1142 559 1261 602 eam
1286 544 1470 599 vivunt
1515 543 1645 598 nihil
1695 544 1862 612 prosit
1891 543 1958 597 ad
1996 556 2174 612 capes-

590 639 819 695 sendum
869 655 1089 710 regnum
1120 640 1380 696 cmlorum
1420 640 1637 709 largitas
1686 641 2170 710 eleemosynarum,

591 731 785 800 quibus
831 729 989 784 etiam
1016 730 1283 800 justorum
1333 737 1665 787 sustentatur
1706 732 1906 800 inopia,
1939 739 1993 785 et
2043 730 2177 786 ﬁunt

591 823 749 876 amici
779 823 866 892 qui
893 822 947 876 in
976 823 1314 880 tabernacula
1343 833 1540 878 aeterna
1574 825 1898 894 suscipiant,
1940 838 2040 878 nec
2069 833 2175 876 tam

591 916 748 971 bonae
793 924 851 970 ut
897 916 965 971 ad
996 925 1197 972 tantam
1240 917 1619 974 beatitudinem
1650 916 2052 987 adipiscendam
2098 916 2178 971 eis

592 1007 709 1074 ipsa
739 1007 968 1062 sufficiat
999 1009 1101 1064 nisi
1132 1025 1315 1065 eorum
1347 1011 1550 1066 meritis
1570 1026 1706 1080 quos
1729 1011 1930 1065 amicos
1957 1008 2182 1064 fecerint

593 1097 1025 1157 misericordiam
1071 1115 1485 1174 consequantur.
1542 1106 1720 1160 Mirari
1780 1115 1956 1160 autem
2007 1104 2175 1170 soleo,

593 1190 754 1245 etiam
775 1192 914 1259 apud
938 1193 1211 1264 Virgilium
1258 1196 1478 1264 reperiri
1512 1197 1667 1250 istam
1705 1197 1914 1251 Domini
1963 1203 2181 1250 senten-

597 1279 724 1334 tiam
751 1280 839 1334 ubi
867 1281 976 1335 ait:
1013 1284 1194 1338 Facite
1237 1286 1390 1340 vobis
1420 1287 1621 1340 amicos
1642 1285 1708 1338 de
1749 1298 2054 1339 mammona
2082 1283 2181 1338 ini-

595 1372 834 1442 quitatis,
855 1380 911 1427 ut
930 1383 983 1430 et
1003 1375 1098 1443 ipsi
1115 1377 1376 1446 recipiant
1397 1392 1492 1431 vos
1520 1378 1573 1431 in
1597 1376 1936 1432 tabernacula
1959 1385 2180 1432 teterna.

596 1464 695 1520 Cui
715 1475 792 1520 est
810 1467 895 1520 illa
917 1468 1183 1525 simillima
1202 1490 1213 1523 :
1231 1470 1330 1537 Qui
1354 1471 1543 1540 recipit
1564 1472 1874 1541 prOphetam
1894 1473 1944 1526 in
1970 1471 2185 1526 nomine

597 1558 871 1629 pr0phette
897 1561 1197 1616 mercedem
1231 1563 1503 1632 prophetae
1530 1564 1773 1633 accipiet,
1798 1573 1851 1619 et
1879 1565 1967 1633 qui
1992 1564 2188 1633 recipit

591 1648 799 1724 justum
849 1653 899 1706 in
945 1655 1161 1710 nomine
1207 1655 1356 1724 justi,
1411 1657 1710 1711 mercedem
1755 1657 1885 1726 justi
1927 1656 2183 1723 accipiet;

597 1761 722 1801 nam
752 1761 873 1801 cum
906 1747 1119 1818 Elysios
1156 1765 1374 1819 campos
1407 1760 1560 1820 poeta
1590 1751 1678 1805 ille
1714 1751 2064 1815 describeret,
2098 1749 2218 1829 ubi,

2276 548 2363 596 tur
2385 539 2473 610 qui
2498 554 2595 610 pro
2623 540 2743 596 aliis
2769 541 3117 598 intercessuri
3153 550 3278 598 sunt
3306 539 3640 604 liberandis,
3670 555 3734 596 ne
3754 553 3833 598 tam

2275 634 2433 706 pauci
2460 636 2586 702 sint,
2620 642 2678 690 ut
2701 636 2810 690 cito
2848 635 2915 689 ad
2951 649 3232 690 numerum
3262 649 3446 700 suum,
3469 632 3563 689 vel
3593 633 3835 698 tricenam,

2276 731 2360 784 vel
2385 743 2728 799 sexagenum,
2765 731 2850 786 vel
2868 738 3158 786 centenum
3181 741 3514 798 unoquoque
3547 741 3730 782 eorum
3750 744 3836 794 per-

2277 822 2524 877 veniente
2555 823 2706 877 multi
2739 828 3075 886 remaneant,
3107 819 3200 891 qui
3226 819 3343 874 erui
3369 817 3485 888 jam
3513 816 3590 872 de
3613 818 3767 885 plenis
3790 819 3833 872 il-

2278 912 2452 968 lorum
2474 913 2867 971 intercessione
2895 928 3004 968 non
3033 912 3266 984 possint,
3290 919 3344 966 et
3373 911 3429 964 in
3455 911 3548 965 eis
3581 909 3833 964 inveniatur

2279 1007 2520 1079 quisquis
2541 1007 2642 1064 sibi
2664 1021 2816 1080 spem
2839 1006 3046 1063 fructus
3070 1005 3235 1061 alieni
3251 1004 3568 1061 temeritate
3589 1003 3828 1056 vanissima

2280 1102 2585 1176 pollicetur.

2871 1168 3100 1226 CAPUT
3138 1165 3268 1223 CLI.

2283 1293 2364 1350 De
2389 1301 2581 1350 aeterna
2609 1299 2656 1345 et
2693 1282 3102 1343 incommutabili
3132 1282 3426 1347 uoluntate;
3476 1295 3550 1335 ea:
3585 1281 3672 1335 lib.
3698 1281 3751 1335 de
3769 1279 3827 1335 Ci-

2854 1357 3014 1409 vitate
3040 1353 3137 1408 Dei
3163 1368 3297 1407 ml.

2360 1476 2520 1533 Multa
2551 1473 2683 1528 fiunt
2711 1466 2904 1544 [enim]
2925 1465 3140 1538 quidem
3172 1481 3201 1520 a
3225 1465 3381 1519 malis
3413 1473 3610 1520 contra
3637 1463 3823 1519 volunta-

2289 1581 2396 1627 tem
2426 1568 2543 1630 Dei,
2575 1564 2670 1620 sed
2694 1569 2858 1617 tanta:
2878 1567 2963 1615 est
2987 1558 3078 1613 ille
3105 1555 3384 1627 sapientia:
3417 1565 3685 1624 tantaque
3703 1555 3824 1608 virtu.

2289 1664 2383 1729 tis,
2414 1670 2471 1716 ut
2500 1663 2553 1714 in
2588 1670 2682 1713 eos
2713 1655 2911 1718 exitus,
2940 1653 3054 1707 sive
3083 1650 3236 1716 ﬁnes,
3263 1664 3399 1718 quos
3435 1649 3609 1703 bonos
3635 1658 3683 1703 et
3701 1647 3826 1717 justas

2292 1757 2409 1828 ipse
2431 1751 2721 1824 praescivit,
2745 1747 2970 1802 tendant
2997 1744 3174 1799 omnia
3209 1758 3332 1814 qua:
3359 1743 3625 1820 voluntati
3652 1741 3753 1810 ejus
3767 1741 3824 1793 vi-

595 1847 785 1908 putant
832 1839 1073 1895 habitare
1130 1842 1334 1896 animas
1389 1841 1688 1907 beatorum,
1740 1858 1845 1897 non
1891 1843 2062 1898 solum
2113 1842 2184 1897 ibi
2214 1837 2261 1898 B
2287 1851 2482 1908 dentur
2508 1847 2765 1908 adversa;
2795 1856 2858 1897 ac
2895 1854 2988 1909 per
3019 1838 3121 1892 hoc
3153 1851 3274 1891 cum
3319 1835 3466 1891 Deus
3508 1844 3706 1890 ωυιπε
3729 1831 3825 1888 dici.

593 1933 775 2004 posuit
806 1948 898 1988 eos
929 1935 1019 2003 qui
1062 1937 1292 2007 prepriis
1317 1936 1524 1992 meritis
1560 1937 1624 1990 ad
1657 1937 1772 1990 illas
1801 1936 1956 1992 sedes
1995 1951 2183 2005 perve-

595 2024 714 2080 nire
748 2035 1052 2094 potueruut,
1101 2028 1193 2083 sed
1224 2029 1406 2099 adjicit
1445 2029 1510 2083 ad
1542 2043 1658 2099 qua:
1691 2028 1892 2102 [atque]
1915 2029 2025 2082 ait:
2057 2028 2184 2095 Qui—

594 2131 702 2187 que
749 2120 831 2172 sui
861 2134 1127 2177 memores
1156 2123 1290 2177 alios
1337 2120 1514 2179 fe'cere
1558 2123 1836 2189 merendo,
1875 2124 1925 2178 id
1957 2132 2059 2187 est,
2091 2123 2183 2193 qui

595 2219 1007 2280 promeruerunt
1059 2212 1214 2278 alios,
1270 2228 1470 2284 eosque
1526 2215 1610 2269 sui
1656 2229 1926 2270 memores
1976 2229 2188 2284 prome-

595 2301 764 2358 rendo
810 2301 1073 2358 fecerunt.
1114 2304 1341 2358 Prorsus
1374 2315 1627 2376 tanquam
1679 2306 1759 2359 eis
1788 2305 2014 2368 diceret,
2045 2305 2188 2373 quod

602 2392 1070 2463 frequentaturore
1085 2395 1539 2468 Christianorum,
1555 2411 1676 2452 cum
1696 2412 1754 2452 se
1767 2398 1961 2467 cuique
1974 2405 2190 2452 sancto-

600 2496 716 2542 rum
750 2486 966 2541 humilis
1013 2486 1239 2557 quisque
1291 2488 1634 2544 commendat
1682 2497 1737 2543 et
1781 2489 1948 2544 dicit:
1983 2489 2191 2544 Memor

602 2579 706 2635 mei
738 2590 873 2644 esto;
925 2587 1087 2648 atque
1127 2588 1186 2634 ut
1228 2579 1283 2634 id
1327 2595 1449 2636 esse
1484 2581 1656 2650 possit
1686 2579 2044 2650 promerendo
2074 2579 2194 2634 effi-

602 2670 694 2725 cit.
738 2669 843 2724 Sed
870 2671 988 2740 quis
1013 2672 1114 2725 iste
1138 2671 1207 2726 sit
1234 2673 1448 2738 modus,
1479 2681 1534 2726 ct
1557 2687 1676 2742 quae
1700 2673 1807 2727 sint
1837 2673 1950 2740 ipsa
1976 2679 2194 2741 peccata

606 2774 727 2829 qua:
755 2759 826 2813 ita
857 2760 1156 2830 impediunt
1186 2763 1596 2831 perventionem
1634 2762 1700 2816 ad
1730 2777 1956 2832 regnum
1992 2762 2109 2827 Dei,
2137 2772 2197 2816 ut

605 2858 786 2907 tamen
812 2853 1108 2907 amicorum
1133 2861 1437 2909 sanctorum
1466 2848 1992 2924 meritis‘impetrent
2021 2853 2198 2908 indul—

606 2948 868 3018 gentiam,
887 2947 1257 3002 difficillimum
1287 2957 1370 3003 est
1391 2949 1652 3013 invenire,
1681 2947 2196 3017 periculosissimum

607 3037 856 3094 definire.
893 3039 1007 3108 Ego
1055 3048 1205 3093 certe
1249 3054 1417 3108 usque
1455 3039 1539 3092 ad'
1562 3040 1662 3092 hoc
1693 3049 1902 3106 tempus
1923 3053 2044 3092 cum
2077 3037 2200 3092 inde

611 3139 945 3196 Satagerem,
994 3130 1061 3182 ad
1125 3145 1311 3184 eorum
1381 3130 1686 3198 indaginem
1751 3130 2031 3198 pervenire
2094 3144 2199 3184 non

2286 1955 2373 2002 tur
2402 1941 2759 2005 voluntatem,
2795 1944 2850 1990 ut
2879 1933 3075 2005 quibus
3105 1931 3245 1986 lenis
3291 1939 3430 1996 erat,
3482 1929 3629 1984 verbi
3672 1930 3826 1998 gratia,

2285 2036 2539 2094 reddatur
2556 2034 2746 2098 iratus,
2767 2027 2843 2083 illi
2862 2026 3038 2096 potius
3059 2038 3220 2095 quam
3243 2021 3359 2092 ipse
3375 2030 3656 2083 mutantur,
3677 2030 3828 2074 etcum

2287 2124 2690 2202 quodammodo
2722 2129 2983 2177 mutatum
3015 2117 3070 2172 in
3129 2115 3216 2170 his
3261 2130 3377 2185 quae
3422 2111 3829 2184 patiunturinve-

2289 2224 2448 2278 niunt
2482 2235 2497 2272 :
2550 2217 2689 2272 sicut
2714 2221 2953 2269 mutatur
3000 2209 3084 2265 sol
3131 2207 3297 2263 oculis
3331 2208 3584 2271 sauciatis,
3609 2213 3663 2259 et
3689 2218 3835 2273 asper

2289 2311 2686 2387 quodammodo
2738 2322 2807 2363 ex
2866 2304 2980 2360 miti
3021 2314 3076 2358 et
3140 2317 3208 2357 ex
3255 2298 3532 2356 delectabili
3596 2297 3835 2352 molestus

2293 2407 2549 2470 efficitur,
2591 2416 2712 2457 cum
2761 2399 2880 2468 ipse
2904 2395 3046 2468 apud
3093 2394 3327 2462 seipsum
3363 2399 3565 2445 maneat
3587 2389 3726 2443 idem
3766 2389 3832 2455 qui

2294 2501 2417 2556 fuit.
2452 2496 2662 2552 Dicitur
2695 2493 2856 2548 etiam
2881 2489 3132 2543 voluntas
3156 2485 3276 2552 Dei,
3297 2499 3454 2555 quam
3480 2482 3599 2537 facit
3619 2482 3670 2535 in
3693 2479 3825 2534 cordi-

2294 2593 2396 2651 bus
2420 2586 2783 2646 obedientium
2815 2581 3086 2639 mandatis
3107 2579 3249 2647 ejus,
3277 2577 3347 2632 de
3376 2591 3478 2646 qua
3499 2575 3621 2628 dicit
3645 2573 3820 2641 Aposto-

2297 2687 2416 2744 lus:
2455 2685 2595 2738 Deus
2625 2688 2708 2736 est
2758 2676 2903 2732 enim
2933 2674 3026 2745 qui
3067 2680 3320 2742 operatur
3349 2668 3408 2723 in
3440 2666 3604 2734 nobis,
3631 2673 3674 2720 et
3694 2662 3816 2725 velle;

2300 2783 2441 2838 sicut
2463 2775 2674 2848 justitia
2695 2771 2817 2838 Dei,
2845 2783 2953 2824 non
2978 2767 3151 2822 solum
3184 2765 3310 2833 quia
3352 2763 3476 2830 ipse
3501 2760 3646 2830 justus
3674 2752 3810 2848 estdif

2299 2843 2585 2934 citur,vscd
2621 2863 2710 2918 illa
2753 2861 2914 2917 etiam
2962 2872 3121 2927 quam
3177 2854 3338 2908 homo
3387 2851 3474 2924 [in
3513 2845 3713 2916 homine],
3743 2843 3810 2911 qui

2302 2962 2373 3018 ab
2398 2961 2489 3015 illo
2515 2956 2835 3026 justifieatur
2865 2950 2990 3006 facit
3018 2967 3029 3002 :
3057 2948 3135 3004 sic
3161 2956 3213 3001 et
3233 2945 3327 3000 lex
3359 2944 3488 3012 ejus
3513 2950 3705 3004 vocatur,
3725 2949 3814 3005 qua

2302 3053 2479 3126 potius
2492 3047 2881 3113 esthominum,
2897 3041 2992 3098 sed
3011 3041 3076 3096 ab
3096 3041 3210 3108 ipso
3229 3037 3354 3092 data
3375 3030 3821 3109 [bominibuslmm

2310 3149 2493 3218 utique
2525 3141 2772 3199 homines
2800 3144 2956 3194 erant
2993 3133 3188 3205 quibus
3232 3131 3312 3184 ait
3337 3129 3536 3185 Jesus:
3569 3128 3616 3182 In
3655 3125 3744 3218 lege
3764 3136 3823 3218 ve-

611 3219 790 3289 potni,
822 3227 876 3272 et
905 3219 1146 3274 fortassis
1177 3228 1460 3288 propterea
1488 3220 1677 3285 latent,
1702 3235 1772 3274 ne
1807 3220 2042 3274 studium
2081 3236 2198 3291 pro-

2313 3215 2424 3300 stra
2441 3242 2698 3307 scriptum
2717 3240 2820 3300 est,
2834 3244 2956 3286 cum
2974 3229 3081 3283 alio
3099 3227 3222 3282 loco
3241 3225 3492 3294 legamus
3510 3239 3525 3278 :
3541 3221 3638 3276 Lex
3669 3215 3828 3284 Deiejus

614 3310 830 3369 ﬁciendi
877 3312 942 3368 ad
970 3314 1149 3368 omnia
1201 3314 1438 3368 cavenda
1487 3323 1704 3383 peccata
1750 3315 2038 3383 pigrescat,
2069 3330 2204 3385 quo-

615 3407 757 3463 niam
797 3406 842 3461 si
873 3408 1140 3462 scirentur
1191 3421 1312 3476 quae
1360 3408 1443 3461 vel
1493 3408 1672 3477 qualia
1712 3407 1821 3461 sint
1867 3406 2060 3462 delicta
2106 3422 2204 3477 pro

617 3500 812 3572 quibus
840 3500 1001 3554 etiam
1036 3499 1497 3566 permanentibus,
1525 3514 1625 3553 nec
1655 3508 1910 3570 provectu
1940 3499 2064 3552 vitae
2092 3514 2206 3554 me-

616 3593 767 3649 lioris
797 3593 1104 3662 assumptis,
1137 3593 1454 3647 intercessio
1509 3593 1580 3646 sit
1619 3590 1937 3662 inquirenda
1986 3601 2042 3646 et
2075 3607 2203 3662 spe-

617 3685 782 3741 randa
810 3683 1100 3753 justorum,
1133 3685 1210 3738 eis
1238 3698 1427 3737 secura
1455 3698 1516 3738 se
1542 3683 1835 3739 obvolvere
1858 3684 2091 3738 lmmana
2113 3699 2204 3740 se-

621 3776 787 3845 gnitia
818 3774 1137 3846 [segnities],
1163 3790 1263 3829 nec
1284 3777 1456 3830 evolvi
1488 3776 1684 3830 talibus
1706 3777 2121 3844 implicamentis
2144 3779 2207 3832 il-

622 3863 729 3918 lius
759 3865 972 3918 virtutis
1021 3865 1365 3934 expeditione
1413 3873 1646 3929 curaret,
1700 3865 1793 3920 sed
1838 3868 2208 3922 tantummodo

624 3964 891 4025 quaereret
918 3954 1144 4009 aliorum
1189 3956 1399 4012 meritis
1429 3956 1668 4023 liberari,
1709 3973 1846 4027 quos
1876 3959 2077 4014 amicos
2105 3960 2208 4014 sibi

623 4047 689 4105 de
712 4062 1012 4102 mammona
1036 4047 1329 4119 iniquitatis
1357 4051 1820 4120 eleemosynarum
1850 4051 2095 4121 largitate
2130 4054 2210 4109 fe-

623 4143 804 4199 cisset.
828 4141 979 4198 Nunc
1010 4158 1139 4199 vero
1169 4143 1296 4198 dum
1327 4144 1552 4200 venialis
1594 4143 1908 4214 iniquitatis,
1960 4145 2122 4200 etiam
2164 4145 2210 4202 si

621 4248 953 4309 perseveret,
978 4239 1256 4309 ignoratur
1282 4239 1494 4305 modus,
1538 4239 1781 4308 profecto
1807 4251 1862 4294 et
1891 4240 2128 4295 studium
2157 4240 2209 4295 in

626 4330 854 4385 meliora
884 4330 1224 4397 proficiendi,
1271 4331 1477 4385 orando
1514 4339 1568 4386 et
1612 4331 1865 4386 instando
1906 4331 2212 4402 vigilantius

625 4419 933 4486 adhibetur,
975 4429 1030 4474 et
1061 4420 1292 4474 faciendi
1323 4421 1390 4496 de
1413 4436 1716 4476 mammona
1750 4422 2055 4491 iniquitatis
2080 4437 2210 4477 san-

626 4523 745 4572 ctos
773 4513 973 4568 amicos
1003 4528 1130 4568 cura
1158 4528 1264 4567 non
1288 4515 1584 4582 spernitur.
1620 4513 1816 4569 Verum
1846 4513 1948 4568 ista
1965 4513 2212 4570 liberatio

625 4622 748 4679 quae
777 4606 835 4660 fit
863 4606 976 4663 sive
1002 4607 1116 4662 suis
1142 4608 1444 4677 quibusque
1492 4607 1846 4673 orationibus,
1889 4607 2005 4663 sive
2042 4607 2207 4663 inter-
2235 4604 2289 4665 D

625 4699 944 4757 cedentibus
994 4701 1226 4768 sanctis,
1277 4701 1332 4755 id
1377 4701 1509 4771 agit,
1553 4709 1611 4754 ut
1656 4701 1710 4754 in
1758 4699 1935 4770 ignem
1986 4701 2213 4771 quisque

626 4807 736 4850 non
761 4790 1001 4847 mittatur
1025 4803 1303 4861 mteruum,
1335 4808 1441 4849 non
1471 4801 1666 4849 utcum
1693 4795 1852 4849 fuerit
1872 4794 2068 4848 missus
2092 4805 2213 4864 post

625 4893 1097 4956 quantumcunque
1138 4886 1262 4941 inde
1318 4897 1533 4957 tempus
1578 4896 1818 4943 eruatur.
1849 4886 1983 4941 Nam
2029 4895 2082 4942 et
2134 4888 2213 4943 illi

625 4980 715 5050 qui
749 4987 937 5048 putant
962 4979 1041 5033 sic
1068 4977 1472 5047 intelligendum
1498 4995 1618 5035 esse
1644 4980 1788 5050 quod
1817 4981 2077 5049 scriptum
2103 4989 2209 5047 est,

626 5069 821 5125 afferre
859 5079 1056 5124 terram
1086 5069 1280 5123 bonam
1311 5070 1526 5125 uberem
1570 5070 1821 5137 fructum,
1863 5072 2020 5126 aliam
2054 5071 2214 5127 trice-

626 5176 775 5226 num,
801 5162 962 5215 aliam
994 5175 1342 5230 sexagenum,
1377 5163 1536 5217 aliam
1576 5165 1886 5229 eentenum,
1938 5175 1994 5218 ut
2043 5163 2214 5219 sancti

628 5268 725 5324 pro
757 5269 974 5310 suorum
1000 5255 1314 5311 diversitate
1343 5256 1677 5324 meritorum,
1712 5259 1803 5313 alii
1840 5259 2074 5314 tricenos
2106 5260 2216 5312 ho-

627 5348 800 5406 mines
833 5347 1084 5419 liberent,
1119 5349 1208 5404 alii
1241 5364 1560 5420 sexagenos,
1591 5336 1683 5407 alii
1708 5362 1990 5418 centenos,
2031 5354 2132 5407 hoc
2163 5353 2214 5407 in

628 5444 716 5500 die
759 5442 948 5513 judicii
995 5442 1230 5499 futurum
1275 5444 1536 5514 su5picari
1575 5446 1768 5514 solent,
1801 5463 1906 5502 non
1933 5455 2052 5517 post
2072 5447 2217 5517 judi-

630 5534 798 5591 cium.
829 5535 945 5603 Qua
967 5535 1220 5605 opinione
1242 5537 1459 5607 quidam
1482 5552 1602 5592 cum
1627 5536 1836 5592 videret
1856 5539 2104 5596 homines
2129 5541 2225 5595 im-

634 5628 930 5697 punitatem
985 5629 1088 5684 sibi
1147 5629 1555 5698 perversissime
1590 5628 1929 5700 pollicentes,
1969 5648 2034 5688 eo
2075 5634 2218 5706 quod

633 5733 826 5774 omnes
858 5722 962 5776 isto
983 5721 1142 5776 modo
1163 5720 1229 5774 ad
1260 5721 1633 5777 liberationem
1657 5722 1925 5790 pertinere
1953 5739 2110 5794 posse
2140 5727 2220 5780 vi.

637 5809 883 5885 deantur,
907 5812 1305 5888 elegantissime
1330 5813 1677 5887 respondisse
1705 5814 2016 5887 perhibetur
2035 5859 2050 5886 ,
2081 5817 2218 5879 bene

2309 3336 2363 3392 in
2394 3331 2556 3388 corde
2597 3326 2803 3396 ipsius:
2859 3320 3153 3378 secundum
3184 3317 3524 3373 voluntatem
3556 3315 3676 3366 hanc
3717 3322 3827 3379 quam

2308 3424 2452 3481 Deus
2475 3430 2729 3492 operatur
2759 3419 2812 3473 in
2838 3413 3145 3470 hominibus
3158 3409 3323 3466 etiam
3355 3409 3499 3464 velle
3525 3408 3718 3468 dicitur,
3736 3398 3834 3470 quod

2308 3531 2420 3573 non
2452 3516 2567 3583 ipse
2588 3513 2719 3577 vult,
2750 3507 2846 3564 sed
2868 3520 2997 3561 suos
3027 3504 3080 3559 id
3104 3502 3350 3557 volentes
3381 3499 3540 3562 facit;
3586 3499 3711 3552 sicut
3740 3495 3836 3583 dicio

2311 3617 2398 3664 tur
2423 3582 2766 3675 cognovisse,
2809 3597 2953 3670 quod
2994 3605 3051 3651 ut
3075 3601 3490 3666 cognosceretur
3515 3588 3632 3645 fecit
3657 3582 3838 3660 [facit]:

2311 3701 2506 3772 quibus
2534 3696 2899 3768 ignorabatur.
2932 3691 3117 3762 Neque
3142 3690 3288 3745 enim
3332 3687 3532 3742 dicente
3573 3681 3843 3772 Apostolo,

2312 3770 2462 3848 Nunc
2493 3798 2677 3844 autem
2709 3791 3096 3856 cognoscentes
3121 3781 3306 3844 Deum,
3335 3779 3432 3832 imo
3460 3773 3646 3843 cogniti
3673 3787 3699 3824 a
3727 3770 3849 3834 Deo,

2312 3883 2392 3938 fas
2423 3891 2505 3938 est
2532 3889 2591 3935 ut
2609 3878 2890 3934 credamus
2918 3873 3063 3945 quod
3096 3887 3192 3928 eos
3233 3882 3353 3927 tunc
3386 3865 3686 3938 cognoverit
3729 3864 3853 3917 Deus

2313 3971 2668 4044 praecognitos
2712 3978 2836 4023 ante
2890 3963 3330 4021 constitutionem
3376 3958 3587 4024 mundi,
3641 3953 3728 4010 sed
3754 3962 3850 4008 tunc

2315 4063 2634 4134 cognovisse
2662 4061 2838 4116 dictus
2864 4066 2970 4124 est,
3018 4055 3161 4126 quod
3203 4063 3334 4110 tunc
3379 4060 3440 4106 ut
3484 4053 3844 4121 cognosceretur

2315 4155 2514 4214 effecit.
2546 4154 2623 4208 De
2663 4152 2747 4206 his
2777 4149 3110 4206 locutionum
3140 4146 3314 4202 modis
3341 4145 3454 4215 jam
3484 4151 3540 4198 et
3561 4142 3616 4197 in
3651 4138 3842 4208 superio-

2315 4253 2465 4307 ribus
2494 4249 2648 4305 libris
2669 4246 2890 4303 mcmini
2913 4244 3264 4315 disputatum.
3285 4238 3602 4297 Secundum
3621 4251 3732 4304 ergo
3750 4232 3844 4285 hanc

2317 4344 2654 4399 voluntatem
2685 4353 2789 4411 qua
2843 4339 3011 4393 Deum
3043 4334 3185 4390 velle
3215 4333 3472 4397 dicimus,
3506 4328 3643 4400 quod
3665 4327 3769 4381 alios
3796 4319 3846 4375 ef-

2319 4437 2444 4493 fecit
2478 4435 2616 4491 velle
2647 4450 2676 4490 a
2701 4433 2894 4505 quibus
2914 4432 3090 4486 futura
3109 4428 3450 4491 nesciuntur,
3487 4429 3651 4482 multa
3673 4420 3757 4474 vult
3776 4429 3845 4469 nec

2319 4529 2465 4584 facit.
2501 4527 2666 4585 Multa
2689 4526 2832 4580 enim
2862 4523 3048 4578 volunt
3076 4521 3190 4576 fieri
3233 4519 3411 4575 sancti
3446 4518 3594 4588 ejus,
3623 4515 3674 4569 ab
3698 4511 3762 4566 illo
3783 4507 3840 4558 iu-

2315 4620 2513 4691 spirata
2535 4626 2718 4674 sancta
2741 4617 3040 4678 voluntate,
3078 4627 3178 4668 nec
3207 4612 3344 4666 fiunt
3371 4627 3388 4665 :
3444 4610 3596 4666 sicut
3631 4612 3751 4664 orant
3777 4611 3847 4667 ντο

2313 4712 2630 4783 quibusdam
2661 4710 2749 4780 pie
2781 4716 3100 4777 sancteque,
3136 4715 3191 4760 et
3221 4702 3364 4774 quod
3411 4711 3585 4758 orant
3623 4714 3715 4755 non
3747 4693 3850 4748 facit.

2313 4818 2435 4860 cum
2467 4803 2581 4871 ipse
2607 4802 2661 4856 in
2693 4803 2773 4856 eis
2800 4800 2942 4855 hanc
2970 4797 3160 4853 orandi
3201 4795 3554 4850 voluntatem
3587 4799 3754 4849 sancto
3776 4784 3856 4850 Spi-

2313 4898 2419 4956 ritu
2440 4911 2540 4952 suo
2571 4897 2783 4961 fecerit,
2817 4910 2880 4950 ac
2908 4908 3005 4962 per
3035 4891 3138 4946 hoc
3167 4889 3383 4961 quando
3410 4887 3718 4944 secundum
3744 4882 3857 4936 Deum

2315 4990 2526 5055 volunt,
2557 4997 2611 5043 et
2639 4995 2800 5042 orant
2827 4985 3025 5051 sancti,
3059 4993 3121 5038 ut
3147 4982 3374 5052 quisque
3400 4983 3481 5034 sit
3500 4981 3704 5044 salvus,
3731 4987 3865 5045 possu-

2320 5099 2441 5140 mus
2464 5083 2556 5138 illo
2586 5081 2748 5136 modo
2774 5077 3058 5134 locutionis
3078 5076 3285 5142 dicere,
3313 5074 3432 5128 vult
3458 5074 3615 5130 Deus
3644 5081 3696 5128 et
3719 5082 3802 5123 non
3820 5064 3867 5115 fa-

2308 5177 2414 5243 cit,
2440 5183 2499 5230 ut
2525 5175 2698 5244 ipsum
2735 5173 2979 5228 dicamus
3004 5169 3141 5224 velle
3186 5167 3278 5237 qui
3307 5174 3364 5220 ut
3393 5166 3582 5221 velint
3611 5166 3712 5219 iste
3747 5157 3869 5214 facit:

2320 5267 2614 5325 secundum
2661 5265 2807 5320 illam
2859 5277 2990 5319 vero
3038 5261 3372 5317 voluntatem
3420 5271 3594 5312 suam
3643 5267 3755 5326 qua
3793 5260 3875 5303 cum

2322 5362 2442 5434 ejus
2470 5359 2807 5432 prtescientia
2837 5356 3167 5427 sempiterna
3207 5363 3311 5419 est,
3342 5352 3608 5422 profecto
3638 5350 3693 5406 in
3717 5348 3826 5402 0(th
3847 5345 3882 5393 el

2324 5456 2379 5512 in
2412 5465 2553 5510 terra
2579 5452 2758 5508 omnia
2787 5461 3123 5520 quaecunque
3167 5444 3339 5500 voluit
3367 5459 3486 5499 non
3532 5442 3714 5497 solum
3741 5441 3884 5507 prate-

2323 5546 2425 5602 rita
2453 5545 2540 5600 vel
2563 5542 2870 5614 praesentia,
2914 5539 3008 5594 sed
3061 5539 3225 5594 etiam
3259 5534 3438 5592 futura
3481 5535 3608 5604 jam
3655 5531 3788 5587 fecit.
3816 5524 3887 5572 Ve-

2324 5653 2444 5695 rum
2472 5646 2759 5707 antequam
2785 5632 2966 5689 veniat
2993 5639 3227 5701 tempus,
3255 5641 3362 5698 quo
3403 5627 3600 5682 voluit
3657 5633 3714 5679 ut
3759 5620 3890 5674 ﬁeret.

2324 5729 2468 5801 quod
2520 5737 2645 5783 ante
2695 5736 2935 5796 tempora
2981 5723 3231 5779 universa
3280 5719 3575 5790 prmscivit
3630 5726 3786 5781 atque
3816 5708 3896 5762 dis-

2329 5823 2510 5895 posuit
2550 5819 2928 5895 dicimusgfiet
2952 5817 3166 5894 quando
3197 5815 3335 5875 Deus
3363 5811 3642 5873 voluerit.
3675 5811 3732 5870 Si
3755 5814 3900 5866 autem
