3986 6382
99 315 198 392 sor

1295 296 1962 376 THESAURUSICAP.’
1975 305 2156 367 CLIV.

3258 308 3377 372 802

98 448 201 489 non
247 427 425 488 solum
467 434 682 501 tempus
735 441 842 501 quo
878 428 1118 486 futurum
1147 437 1254 496 est,
1297 445 1486 486 verum
1509 429 1672 486 etiam
1701 430 1755 492 Α
1777 430 2004 496 minum,
2028 430 2166 484 sicut
2194 435 2342 484 tanto
2366 434 2492 484 ante
2517 426 2782 499 praedixit,
2808 426 2863 483 in
2892 426 3008 484 hoc‘
3035 429 3368 490 credendum

96 534 269 582 utrum
300 523 536 579 futurum
567 522 640 578 sit
668 523 1002 593 ignoramus,
1031 522 1281 587 dicimus,
1315 523 1427 590 ﬁet,
1462 522 1508 576 si
1533 521 1673 576 Deus

101 617 365 674 voluerit:
402 631 510 672 non
539 617 662 686 quia
698 616 840 672 Deus
890 631 1082 671 novam
1129 615 1458 670 voluntatem
1516 627 1676 684 quam

98 727 200 766 non
233 710 420 766 habuit
439 719 568 764 tunc
591 709 834 774 habebit,
858 709 954 765 sed
977 712 1099 779 quia
1132 708 1185 764 id
1215 708 1356 776 quod
1379 723 1444 762 ex
1461 708 1678 762 aeterni-

97 813 201 860 tate
234 805 287 858 in
321 802 438 872 ejus
507 802 826 858 immutabili
876 814 1233 873 praeparatum
1279 812 1363 857 est
1403 800 1679 855 voluntate

97 907 219 951 tunc
243 895 363 950 erit.
401 895 478 951 De
502 894 692 950 eadem
725 896 999 950 voluntate
1034 893 1130 949 Dei
1159 909 1226 950 ex
1257 893 1393 964 psal.
1418 908 1485 948 cx
1512 909 1528 946 :
1567 891 1679 946 Ma-

96 1003 196 1058 gna
247 1001 412 1055 Opera
462 986 699 1052 Domini,
740 988 1007 1057 exquisita
1052 985 1106 1041 in
1161 1001 1348 1042 omnes
1379 986 1683 1039 voluntates

95 1082 231 1152 ejus.
263 1081 801 1151 Scrutare,exquire,
829 1082 1058 1151 vestiga,
1090 1079 1135 1134 si
1166 1089 1339 1150 potes,
1365 1093 1552 1135 omnes
1582 1092 1682 1133 vo-

97 1173 328 1228 luntates
353 1173 591 1240 Domini,
623 1173 676 1228 in
729 1173 982 1228 omnibus
1023 1187 1238 1243 semper
1281 1187 1471 1243 magna
1520 1187 1684 1242 opera

94 1265 214 1333 ejus
251 1262 513 1318 invenies.
543 1262 700 1318 Nulla
734 1265 876 1320 enim
909 1263 1159 1320 voluntas
1193 1265 1463 1334 potentior
1493 1273 1576 1320 est
1605 1264 1688 1334 ip-

95 1358 208 1412 sius
235 1356 523 1423 voluntati,
567 1366 758 1412 contra
782 1372 944 1427 quam
995 1371 1118 1417 cum
1157 1355 1362 1426 aliquid
1392 1355 1507 1411 ﬁeri
1535 1356 1685 1423 sinit,

93 1447 524 1504 misericordiam
566 1461 717 1502 suam
752 1447 1122 1518 iustitiamque
1152 1447 1504 1505 demonstrat.
1537 1447 1689 1504 Sicut

93 1542 240 1598 enim
269 1543 380 1596 vult
401 1551 457 1596 ut
478 1541 640 1597 homo
667 1557 774 1596 non
792 1550 1000 1612 peccet,
1025 1542 1100 1596 ita
1126 1542 1242 1596 vult
1267 1542 1538 1611 peccatori
1563 1557 1688 1612 par-

93 1647 222 1689 cere
248 1641 308 1687 ut
329 1642 638 1688 revertatur
659 1643 715 1688 et
737 1633 902 1688 vivat.
933 1633 1009 1687 Ita
1037 1633 1198 1688 etiam
1233 1633 1345 1686 vult
1369 1633 1420 1688 in
1456 1635 1690 1703 peccatis

92 1735 534 1797 perseverantem
565 1728 776 1798 punire,
815 1735 873 1782 ut
921 1727 1145 1796 iustitiae
1182 1727 1475 1796 potentiam
1505 1737 1692 1782 contu-

1778 523 2208 592 sperandumque
2237 524 2526 587 convertit,
2558 532 2713 578 acute
2733 521 2834 577 sibi
2870 526 3232 592 argumentari
3283 527 3371 582 vi-

1778 612 1971 669 dentur
1994 615 2251 670 adversus
2279 631 2566 686 corporum
2598 615 3071 680 resurrectionem,
3115 626 3171 673 et
3217 619 3366 674 dieeo

1780 721 1839 761 re
1868 709 2010 776 quod
2044 708 2095 761 in
2128 708 2290 762 tertio
2333 708 2401 763 de
2435 708 2643 778 Repub.
2694 708 2786 762 lib.
2838 723 2866 760 a
2909 706 3171 764 Cicerone
3218 726 3371 766 com-

1781 807 2138 854 memoratum
2170 809 2274 854 est.
2303 799 2435 854 Nam
2468 815 2589 855 cum
2616 799 2901 855 Herculem
2921 809 2975 855 et
2997 801 3282 856 Romulum
3308 817 3378 859 ex

1782 889 2029 946 omnibus
2069 890 2420 963 [hominibus]
2447 892 2578 947 deos
2628 907 2748 948 esse
2794 892 2967 949 factos
3008 905 3376 962 asseveraret,

1783 998 2008 1051 quorum
2043 999 2146 1038 non
2177 999 2428 1055 c0rpora,
2464 985 2656 1056 inquit,
2694 998 2820 1042 sunt
2875 989 2928 1042 in
2958 992 3153 1046 coelum
3208 992 3378 1058 elata,

1787 1093 1962 1148 neque
1987 1078 2129 1134 enim
2161 1090 2352 1134 natura
2385 1090 2662 1150 pateretur
2686 1092 2741 1136 ut
2765 1083 2815 1136 id
2840 1085 2981 1153 quod
3003 1095 3146 1141 esset
3169 1099 3199 1139 e
3230 1094 3374 1141 terra

1787 1169 1886 1222 nisi
1911 1170 1961 1223 in
1979 1180 2119 1224 terra
2139 1181 2411 1236 maneret;
2433 1171 2549 1226 haec
2572 1182 2654 1227 est
2676 1188 2864 1243 magna
2884 1174 3018 1229 ratio
3037 1177 3382 1244 sapientium,

1786 1275 2012 1331 quorum
2040 1261 2298 1318 Dominus
2330 1264 2478 1318 novit
2517 1265 2890 1332 cogitationes,
2943 1268 3193 1335 quoniam
3225 1282 3380 1323 vanze

1788 1363 1932 1408 sunt.
1975 1351 2032 1408 Si
2061 1354 2252 1408 animae
2283 1357 2653 1410 tantummodo
2674 1371 2938 1420 essemus,
2969 1359 3138 1425 idest,
3158 1362 3272 1415 sine
3297 1361 3386 1415 ul-

1789 1445 1843 1500 lo
1871 1459 2100 1516 corpore
2122 1447 2360 1516 spiritus,
2391 1458 2447 1502 et
2483 1447 2538 1502 in
2577 1450 2716 1503 caelo
2773 1447 3078 1504 habitantes
3099 1493 3115 1519 ,
3160 1463 3378 1508 terrena

1793 1539 2047 1592 animalia
2077 1539 2432 1604 nesciremus,
2468 1539 2732 1608 nobisque
2765 1539 3000 1595 futurum
3030 1557 3151 1597 esse
3181 1543 3389 1598 diceres

1791 1640 1898 1702 tur,
1934 1641 1990 1686 ut
2019 1632 2249 1687 terrenis
2281 1633 2599 1703 corporibus
2641 1633 2944 1688 animandis
2991 1636 3226 1704 quodam
3261 1639 3378 1691 vin-

1793 1725 1917 1780 culo
1943 1725 2170 1780 mirabili
2201 1734 2561 1781 necteremur.
2619 1725 2808 1782 Nonne
2839 1727 3008 1782 multo
3050 1727 3244 1782 fortius
3294 1744 3402 1789 ar:

92 1834 226 1873 max
249 1835 356 1873 non
383 1819 579 1874 evadat
609 1838 621 1874 :
655 1834 719 1875 ac
741 1820 818 1874 sic
843 1817 1102 1889 quidquid
1125 1817 1416 1888 delegeris,
1447 1833 1480 1872 o
1509 1819 1691 1884 homo,
1725 1823 1773 1885 Β
1798 1827 2240 1888 gumentaremur
2285 1817 2337 1872 id
2384 1819 2610 1875 credere
2652 1828 2966 1875 recusantes
2997 1829 3051 1874 et
3090 1820 3394 1876 diceremus

89 1924 208 1964 non
239 1910 414 1966 deerit
449 1910 560 1966 Deo
589 1911 733 1966 unde
770 1927 922 1967 suam
967 1912 1034 1966 de
1063 1920 1114 1966 te
1145 1912 1414 1981 compleat
1441 1911 1694 1966 volunta-

92 2011 238 2058 tem.
270 2001 404 2058 Sive
435 2005 588 2075 ιοι
624 2017 755 2075 ergo
779 2003 1040 2075 justiﬁcet
1077 2003 1322 2074 impium,
1358 2003 1473 2060 sive
1508 2015 1698 2075 arguat

85 2097 339 2167 pigrum,
370 2097 487 2152 sive
528 2107 808 2167 exspectet
850 2099 1160 2164 adversum,
1193 2114 1291 2155 seu
1334 2099 1551 2156 deserat
1603 2116 1699 2170 pu-

86 2189 393 2259 niendum,
443 2207 657 2262 semper
705 2193 1015 2251 misericors
1060 2205 1164 2260 est,
1224 2209 1440 2266 semper
1486 2195 1697 2266 justus,

83 2295 327 2350 semper
361 2283 720 2354 omnipotens.

689 2397 919 2453 CAPUT
959 2398 1114 2454 CLII.

76 2502 186 2560 De
209 2507 530 2582 possessione
548 2520 756 2582 ceterum
784 2509 1112 2566 beatitudinis
1138 2511 1471 2578 Sanctorum,
1501 2525 1549 2568 et
1585 2529 1704 2582 per-

202 2579 374 2646 petuis
401 2579 672 2648 suppliciis
693 2581 995 2650 impiorum,
1029 2598 1093 2636 ea:
1113 2583 1291 2637 eodem
1321 2585 1451 2638 libro
1476 2579 1608 2640 xxn'.

173 2692 524 2765 Quapropter
551 2707 610 2752 ut
648 2707 843 2754 cetera
884 2709 992 2756 tam
1042 2702 1206 2756 multa
1255 2713 1593 2772 praeteream,
1637 2703 1711 2760 si-

81 2794 198 2842 cut
222 2787 440 2842 nuncin
470 2787 687 2844 Christo
726 2791 974 2848 videmus
1020 2795 1232 2864 impleri
1278 2795 1423 2866 quod
1465 2796 1713 2866 promisit

81 2878 347 2934 Abrahae
376 2878 582 2946 dicens,
631 2881 691 2936 In
714 2884 922 2938 semine
967 2893 1058 2940 tuo
1088 2885 1482 2942 benedicentur
1521 2901 1714 2944 omnes

80 2981 301 3039 gentes
328 2989 342 3026 :
376 2972 448 3026 ita
478 2973 620 3043 quod
649 2975 823 3031 eidem
852 2977 1046 3032 semini
1077 2980 1196 3047 ejus
1236 2979 1484 3049 promisit
1516 2980 1713 3049 imple-

83 3069 288 3134 bitur,
329 3067 415 3123 ubi
442 3070 536 3137 ait,
557 3086 652 3140 per
674 3072 1008 3144 prophetam,
1037 3073 1336 3146 Resurgent
1360 3078 1450 3146 qui
1474 3085 1632 3134 erant
1659 3079 1714 3134 in

101 3160 518 3228 monumentis,
539 3172 593 3218 et
616 3165 757 3232 quod
780 3166 872 3232 ait,
899 3165 1224 3223 Eritcmlum
1249 3183 1466 3235 novum,
1490 3180 1543 3225 et
1568 3181 1713 3225 terra

79 3264 274 3316 nova,
304 3261 357 3306 et
391 3262 658 3309 nouerunt
693 3270 959 3314 memores
988 3259 1248 3328 priorum,
1291 3276 1391 3316 nec
1412 3261 1706 3317 ascenderit

78 3345 150 3397 in
186 3358 292 3398 cor
322 3343 594 3413 ipsorum;
617 3346 711 3402 sed
738 3348 975 3404 laetitiam
998 3359 1053 3405 et
1073 3353 1499 3409 exsultationem
1551 3354 1707 3408 inve-

75 3437 264 3491 nient
288 3435 339 3490 in
367 3451 427 3492 ea
457 3456 468 3490 :
503 3438 639 3494 Ecce
659 3454 760 3509 ego
793 3440 984 3496 {nciam
1033 3443 1331 3500 Jerusalem
1381 3446 1714 3500 exsultatio-

77 3541 265 3594 nem,
301 3536 357 3581 et
377 3531 630 3598 populum
654 3546 835 3588 meum
864 3533 1124 3601 laetitiam,
1155 3544 1210 3590 et
1235 3535 1520 3592 exsultabo
1545 3537 1596 3591 in
1619 3536 1712 3593 Je-

75 3619 387 3686 rusalem,
439 3629 494 3676 et
539 3621 765 3678 laetabor
807 3623 862 3678 in
902 3625 1105 3694 populo
1136 3640 1282 3694 meo,
1316 3635 1372 3682 et
1421 3629 1560 3682 ultra
1603 3642 1710 3682 non

76 3714 366 3769 audietur
391 3714 445 3769 in
475 3729 536 3771 ea
573 3730 678 3772 vox
710 3717 887 3772 ﬂetus.
921 3717 992 3774 Et
1022 3735 1118 3789 per
1141 3721 1308 3776 alium
1340 3720 1660 3792 prophetam
1693 3762 1709 3789 ,

72 3804 262 3874 quod
293 3807 672 3873 praenuntiavit
699 3809 886 3865 (licens
916 3809 1091 3866 eidem
1118 3811 1416 3882 prophetae,
1490 3811 1546 3867 In
1581 3821 1718 3868 tem-

67 3911 251 3969 pore
279 3897 372 3952 illo
392 3900 685 3955 salvabitur
707 3903 937 3973 populus
961 3914 1106 3972 tuus,
1127 3907 1303 3962 omnis
1331 3909 1420 3976 qui
1457 3908 1712 3964 inventus

63 3988 284 4044 fuerit
311 3989 540 4056 scriptus
570 3990 623 4043 in
653 3991 810 4058 libro,
847 4001 903 4047 et
928 3996 1082 4049 multi
1111 3995 1495 4052 dormientium
1524 3998 1578 4052 in
1602 4005 1712 4052 ter-

61 4095 188 4136 ποτε
229 4076 452 4144 pulvere
479 4078 626 4148 (sive
653 4090 713 4135 ut
741 4083 958 4152 quidam
990 4086 1325 4155 interpretati
1356 4100 1503 4154 sunt,
1552 4104 1720 4159 agge-

59 4187 160 4228 re
201 4171 226 4239 )
261 4179 575 4241 exsurgent,
610 4172 666 4227 bi
694 4173 747 4228 in
769 4175 933 4230 vitam
963 4186 1246 4246 aeternam,
1269 4189 1325 4234 et
1349 4180 1400 4233 bi
1433 4179 1487 4234 in
1517 4194 1720 4249 oppro-

63 4262 305 4320 brium
354 4271 408 4317 et
456 4263 829 4322 confusionem
880 4277 1162 4325 aeternam.
1213 4269 1280 4326 Et
1324 4272 1430 4326 alio
1474 4272 1594 4326 loco
1624 4288 1721 4343 per

64 4355 376 4414 eumdem
410 4357 727 4427 prophetam
753 4359 1069 4431 :Accipient
1096 4378 1319 4434 regnum
1349 4367 1523 4421 sancti
1553 4368 1722 4422 Altis-

64 4448 248 4509 simi
280 4446 444 4521 [Dei],
478 4461 531 4507 et
556 4451 875 4510 obtinebunt
905 4455 1033 4511 illud
1066 4472 1236 4527 usque
1278 4459 1332 4514 in
1377 4461 1637 4516 saeculum
1669 4469 1724 4516 et

66 4557 301 4614 usque
323 4543 376 4598 in
406 4547 660 4602 sacculum
691 4549 1036 4608 steculorum.
1091 4551 1152 4606 Et
1207 4553 1365 4623 paulo
1411 4564 1572 4625 post:
1613 4555 1720 4612 Re-
1747 4579 1804 4642 Β

67 4650 316 4710 gnum,
340 4637 528 4707 inquit,
546 4638 665 4709 ejus
691 4657 919 4714 regnum
942 4645 1332 4715 sempiternum
1363 4665 1377 4714 ;
1409 4657 1464 4703 et
1483 4648 1586 4703 alia
1603 4665 1724 4720 quae

68 4728 172 4784 ad
208 4726 324 4783 hoc
352 4729 672 4798 pertinentia
695 4732 747 4787 in
780 4734 918 4789 libro
948 4736 1211 4792 vicesimo
1240 4739 1417 4808 posui,
1449 4741 1563 4796 sive
1604 4757 1725 4812 quas

68 4836 230 4880 non
263 4822 436 4889 posui,
461 4829 515 4877 et
540 4830 718 4879 tamen
760 4824 813 4880 in
861 4827 1064 4882 eisdem
1109 4829 1305 4886 litteris
1345 4833 1546 4902 scripta
1576 4843 1722 4890 sunt.

77 4911 369 4970 Venient
393 4921 448 4968 et
477 4913 591 4970 haec
613 4917 752 4972 sicut
796 4918 895 4971 ista
941 4930 1237 4987 venerunt,
1292 4939 1410 4993 quae
1454 4925 1726 4983 increduli

67 5023 234 5068 non
273 5008 532 5077 putabant
557 5025 680 5067 esse
707 5020 955 5068 ventura.
988 5011 1133 5067 Idem
1178 5015 1378 5085 quippe
1407 5016 1549 5074 Deus
1581 5028 1728 5075 utra-

69 5120 233 5179 que
291 5103 562 5174 promisit,
593 5114 820 5179 utraque
867 5117 1088 5164 ventura
1119 5123 1241 5165 esse
1272 5111 1537 5179 praedixit,
1571 5127 1728 5182 quem

70 5197 560 5273 perhorrescunt
599 5201 821 5256 numina
865 5202 1398 5272 paganorum,etiam
1424 5210 1563 5259 teste
1594 5204 1727 5261 Por-

68 5295 179 5367 ριι
193 5290 333 5364 yrio
355 5291 694 5350 nobilissimo
711 5294 1032 5368 philosopho
1056 5312 1385 5368 paganorum
1407 5296 1723 5372 [ipsorum].

715 5406 946 5467 CAPUT
983 5409 1158 5469 CLIII.

71 5510 328 5563 contra
374 5503 627 5574 sapientes
673 5505 874 5568 mundi,
905 5506 991 5574 qui
1023 5515 1208 5573 putant
1241 5517 1443 5564 terrena
1470 5507 1734 5564 hominum

179 5588 430 5654 corpora
452 5576 742 5654 ad__cmleste
765 5577 1116 5631 habitaculum
1138 5595 1240 5633 non
1267 5597 1414 5649 posse
1437 5583 1734 5654 transferri,

178 5661 275 5702 ea:
303 5646 485 5699 eodem
514 5648 645 5702 libro
669 5663 802 5702 χχιι.

184 5754 320 5814 Sed
353 5754 603 5814 videlicet
625 5760 868 5815 homines
899 5759 1045 5815 docti
1075 5767 1237 5832 atque
1287 5765 1562 5836 sapientes
1602 5782 1737 5824 con-

69 5865 210 5911 tra
269 5847 385 5904 vim
417 5857 580 5906 tanta
609 5852 962 5918 auctoritatis,
1011 5867 1131 5924 quae
1175 5856 1354 5912 omnia
1403 5872 1604 5928 genera
1639 5861 1736 5917 lto-

1798 1919 2044 1964 naturam
2073 1925 2181 1963 non
2217 1910 2323 1978 pati
2353 1918 2411 1962 ut
2441 1925 2527 1965 res
2562 1911 2877 1980 incorporea
2925 1910 3218 1979 ligamento
3270 1926 3391 1966 cor-

1800 2017 1965 2074 poreo
1987 2004 2320 2059 vinciretur?
2353 2003 2418 2057 Et
2447 2013 2626 2058 tamen
2656 2004 2813 2074 plena
2847 2013 2929 2060 est
2956 2014 3100 2060 terra
3133 2016 3396 2076 vegetan-

1801 2094 1940 2149 tibus
1963 2093 2156 2148 animis
2188 2094 2382 2164 quibus
2408 2095 2522 2150 haec
2561 2095 2802 2151 membra
2836 2105 3050 2151 terrena
3103 2097 3239 2152 miro
3288 2095 3399 2152 sibi

1801 2186 1963 2241 modo
1991 2201 2232 2241 connexa
2264 2197 2318 2240 et
2347 2187 2626 2256 implicita.
2658 2186 2768 2242 Cur
2798 2203 2946 2258 ergo,
2977 2189 3169 2243 eodem
3199 2189 3394 2243 volen-

1806 2287 1858 2333 te
1888 2279 2022 2343 Deo,
2046 2279 2138 2348 qui
2163 2280 2288 2334 fecit
2322 2281 2424 2334 boc
2456 2281 2678 2346 animal,
2723 2298 2826 2336 non
2878 2283 3073 2351 poterit
3123 2293 3400 2338 terrenum

1804 2382 2000 2436 corpus
2024 2369 2074 2421 in
2105 2369 2327 2424 cmleste
2353 2384 2548 2439 corpus
2577 2371 2774 2435 attolli,
2800 2371 2845 2424 si
2876 2373 3086 2426 animus
3132 2375 3280 2428 omni
3336 2387 3402 2429 ac

1808 2458 2027 2531 [omnia
2056 2460 2170 2513 bace
2209 2470 2423 2515 terrena
2459 2461 2895 2534 transcendens]
2941 2479 3040 2534 per
3096 2467 3197 2520 boc
3235 2467 3402 2520 etiam

1809 2551 2020 2606 caelesti
2052 2566 2277 2620 corpore
2304 2555 2682 2622 praestabilior,
2716 2564 2932 2611 terreno
2961 2557 3174 2627 corpori
3221 2558 3399 2625 potuit

1811 2641 2045 2712 illigari?
2077 2644 2158 2698 An
2185 2652 2396 2699 terrena
2429 2646 2690 2714 particula
2724 2655 2829 2701 tam
2871 2649 3062 2717 exigua
3097 2647 3269 2719 potuit
3299 2648 3405 2703 ali-

1811 2735 1938 2805 quid
1969 2735 2179 2790 caelesti
2207 2751 2437 2807 corpore
2465 2738 2656 2793 melius
2685 2737 2825 2808 apud
2857 2754 2917 2794 se
2947 2748 3159 2808 tenere,
3191 2747 3248 2794 ut
3281 2754 3406 2794 sen-

1813 2841 1930 2884 sum
1971 2829 2195 2885 haberet
2236 2839 2291 2886 et
2328 2831 2591 2900 vitam,et
2618 2848 2738 2887 eam
2774 2833 3098 2888 sentientem
3143 2842 3306 2904 atque
3329 2833 3408 2887 vi-

1813 2933 2027 2978 ventem
2056 2924 2437 2994 dedignabitur
2454 2927 2651 2982 cmlum
2673 2926 2969 2996 suscipere,
2991 2937 3082 2982 aut
3103 2935 3409 2996 susceptam

1816 3031 1923 3070 non
1949 3017 2148 3086 poterit
2177 3019 2468 3085 sustinere,
2500 3035 2621 3074 cum
2644 3019 2712 3074 de
2741 3035 2800 3075 re
2829 3019 3025 3074 sentiat
3045 3029 3100 3074 et
3125 3020 3269 3073 vivat
3300 3020 3402 3073 ista

1816 3109 2040 3166 meliore
2071 3105 2230 3181 quam
2263 3119 2346 3166 est
2387 3126 2585 3183 corpus
2604 3127 2767 3168 omne
2814 3111 3082 3168 caeleste?
3127 3110 3236 3166 Sed
3291 3111 3411 3166 ideo

1741 3204 1788 3269 ο
1817 3215 1961 3256 nunc
1999 3217 2103 3258 non
2132 3202 2223 3268 ﬁt,
2252 3204 2374 3273 quia
2404 3205 2641 3260 nondum
2672 3214 2756 3260 est
2799 3214 3034 3276 tempus,
3067 3218 3174 3274 quo
3203 3203 3256 3258 id
3289 3203 3412 3258 ﬁeri

1809 3293 2016 3362 voluit,
2043 3297 2132 3364 qui
2163 3295 2265 3350 hoc
2294 3297 2438 3366 quod
2480 3296 2714 3352 videndo
2739 3297 2849 3366 jam
2881 3297 3056 3361 viluit,
3090 3297 3259 3350 multo
3304 3295 3412 3350 mi-

1816 3385 2042 3441 rabilius
2072 3401 2232 3456 quam
2267 3387 2400 3441 illud
2427 3387 2569 3457 quod
2599 3388 2667 3443 ab
2698 3389 2817 3443 istis
2863 3402 2970 3442 non
3000 3387 3237 3441 creditur
3267 3386 3411 3441 fecit.

1815 3477 1926 3532 Cur
1948 3477 2091 3532 enim
2125 3493 2230 3532 non
2287 3479 2663 3534 vehementius
2693 3478 3024 3534 admiramur
3053 3478 3403 3547 incorporeos

1819 3573 2046 3638 animos,
2073 3573 2281 3630 caelesti
2326 3588 2556 3644 corpore
2585 3575 2824 3644 potiores
2847 3615 2863 3641 ,
2919 3573 3151 3628 terrenis
3201 3556 3402 3641 illigari

1819 3666 2157 3735 corporibus,
2215 3681 2376 3737 quam
2426 3682 2678 3736 corpora,
2725 3667 2851 3722 licet
2897 3677 3133 3732 terrena,
3189 3663 3410 3721 sedibus

1820 3759 2064 3828 quamvis
2093 3759 2428 3826 ctelestibus,
2465 3768 2642 3816 tamen
2670 3759 2968 3830 corporeis,
2998 3759 3300 3824 sublimari,
3331 3759 3414 3815 ni-

1820 3849 1864 3904 si
1893 3851 2016 3920 quia
2049 3851 2150 3906 boc
2169 3852 2356 3908 videre
2381 3854 2763 3908 consuevimus
2792 3861 2847 3907 et
2889 3851 2990 3907 hoc
3042 3867 3249 3916 sumus,
3283 3852 3416 3907 illud

1822 3955 1952 3994 vero
1982 3942 2221 3996 nondum
2250 3957 2458 4008 sumus,
2493 3957 2594 3998 nec
2621 3942 2912 4011 aliquando
2939 3941 3114 3996 adhuc
3143 3941 3416 3995 vidimus?

1823 4030 1955 4086 Nam
1987 4030 2256 4101 proiecto,
2291 4033 2470 4088 sobria
2499 4034 2708 4088 ratione
2743 4032 3013 4097 consulta,
3071 4031 3418 4085 mirabilioris

1822 4135 1944 4175 esse
1973 4120 2136 4174 divini
2178 4121 2358 4189 Operis
2409 4121 2698 4191 reperitur,
2746 4120 3178 4189 incorporalibus
3230 4133 3418 4188 corpo-

1825 4211 1958 4266 ralia
2015 4211 2421 4282 quodammodo
2467 4222 2715 4269 attexere
2740 4251 2757 4279 ,
2794 4227 2952 4282 quam
3002 4211 3127 4267 licet
3165 4211 3380 4266 diversa
3403 4249 3419 4279 ,

1824 4305 1950 4375 quia
1982 4305 2069 4360 illa
2097 4307 2360 4373 cmlestia,
2398 4307 2500 4363 ista
2530 4307 2828 4377 terrestria,
2855 4315 3030 4362 tamen
3079 4320 3309 4376 corpora
3363 4314 3418 4363 et

1825 4410 2074 4466 corpora,
2121 4398 2380 4468 copulare
2433 4397 2755 4471 [copulari];
2804 4398 2899 4456 sed
2952 4398 3056 4455 hoc
3099 4399 3420 4456 incredibile

1827 4489 1988 4544 luerit
2015 4489 2330 4560 aliquando.
2399 4560 2631 4620 CAPUT
2669 4560 2827 4618 CLIV

1835 4649 1914 4706 De
1940 4653 2307 4726 resurrectione
2363 4655 2563 4721 carnis,
2613 4671 2769 4726 quam
2823 4654 3033 4723 quidam
3087 4657 3279 4712 mundo
3315 4673 3420 4714 crs-

2048 4725 2198 4778 dente
2216 4741 2320 4780 non
2346 4726 2558 4780 credunt
2582 4743 2603 4792 ;
2628 4725 2696 4781 ea:
2720 4726 2895 4781 eodem
2915 4727 3047 4783 libro
3075 4743 3204 4784 xxtt.

1905 4837 2047 4895 Ecce
2070 4838 2183 4908 iam
2241 4839 2471 4896 credidit
2531 4840 2764 4896 mundus
2807 4839 3082 4896 sublatum
3112 4843 3421 4899 'terrenum

1836 4932 2041 4989 Christi
2068 4948 2264 5002 corpus
2289 4934 2340 4988 in
2372 4933 2596 5000 ccelum,
2645 4936 3103 4991 resurrectionem
3142 4935 3320 4990 carnis
3370 4942 3422 4992 el

1837 5025 2210 5080 ascensionem
2232 5025 2285 5080 in
2299 5039 2559 5095 supernas
2584 5024 2765 5092 sedes,
2787 5027 3122 5097 paucissimis
3142 5040 3423 5080 remanen-

1838 5116 1980 5170 tibus
1999 5126 2160 5186 atque
2193 5117 2554 5186 stupentibus,
2585 5119 2672 5174 vel
2709 5117 2902 5183 doctis,
2927 5119 3008 5173 vel
3029 5117 3280 5172 indoctis.
3301 5115 3423 5172 Jam

1837 5207 2183 5265 crediderunt
2207 5207 2349 5263 docti
2381 5218 2435 5264 et
2457 5208 2681 5266 indocti.
2697 5208 2754 5265 Si
2777 5226 2890 5266 rem
2913 5206 3227 5264 credibilem
3251 5207 3422 5263 credi-

1838 5299 2277 5369 derunt,videant
2289 5317 2448 5372 quam
2464 5301 2570 5358 sint
2582 5303 2759 5359 stolidi
2774 5302 2863 5372 qui
2879 5315 2983 5354 non
2999 5299 3246 5355 credunt.
3261 5299 3319 5355 Si
3333 5314 3422 5354 au-

1837 5401 1945 5451 tem
1973 5409 2060 5449 res
2089 5393 2420 5450 incredibilis
2447 5394 2649 5449 credita
2678 5402 2780 5459 est,
2803 5392 2966 5448 etiam
3001 5391 3102 5446 hoc
3129 5391 3314 5460 utique
3344 5392 3423 5446 in.

1839 5487 2102 5542 credibile
2129 5495 2236 5551 est,
2276 5487 2353 5540 sic
2373 5486 2639 5540 creditum
2663 5499 2782 5541 esse
2805 5483 2950 5554 quod
2977 5483 3298 5539 incredibile
3315 5492 3423 5540 est:

1841 5579 1968 5634 Haec
1994 5578 2154 5648 igitur
2181 5577 2288 5631 duo
2338 5573 2699 5643 incredillilia,
2728 5575 3178 5632 resurrectionem
3217 5575 3423 5633 scilicet

1841 5676 2008 5726 nostri
2029 5670 2268 5740 corporis
2292 5669 2344 5724 in
2370 5679 2655 5735 aeternum,
2685 5677 2741 5724 et
2768 5683 2882 5726 rem
2913 5677 3022 5724 tam
3050 5667 3422 5725 incredibilem

1840 5765 2096 5819 mundum
2127 5777 2249 5820 esse
2277 5762 2632 5830 crediturum,
2659 5762 2800 5818 idem
2830 5761 2972 5819 Deus
2993 5771 3276 5833 antequam
3329 5759 3422 5823 vel

1842 5873 2005 5917 unum
2025 5858 2216 5916 borum
2233 5847 2405 5930 ﬁeret,
2436 5856 2597 5916 ambo
2614 5857 2790 5914 futura
2812 5870 2934 5916 esse
2949 5856 3223 5930 prccdixit.
3241 5853 3418 5914 Unum
