3986 6382
635 320 745 380 803

1743 322 1809 379 υ.
1841 280 2167 382 sucrpru
2204 317 2496 378 ABBATIS
2532 320 2859 380 AFRICANI
3782 305 3861 381 tu

634 439 864 523 duorum
891 443 1286 503 incredibilium
1325 439 1437 511 jam
1466 441 1687 499 factum
1732 440 1905 517 {esse}
1947 442 2216 506 videmus,
2247 440 2303 504 Α
2324 439 2719 513 languentibus,
2751 442 2803 496 in
2829 439 2913 496 via
2935 450 3098 509 quam
3140 435 3360 492 fuerant
3388 436 3675 492 "multari
3701 441 3854 508 pOSiles

637 534 866 604 utquod
892 544 1009 591 erat
1055 531 1366 591 incredibile
1417 533 1666 590 crederet
1708 536 1976 601 mundus,
2032 549 2129 589 cur
2168 531 2224 588 id

634 627 782 701 quod
814 630 1079 700 reliquum
1104 635 1189 684 est
1215 627 1553 699 desperatur,
1589 636 1647 684 ut
1677 628 1841 685 etiam
1890 628 1994 684 hoc
2042 627 2223 683 veniat

635 722 779 793 quod
804 722 1117 778 incredibile
1143 721 1377 778 credidit
1426 722 1678 789 mundus,
1722 722 1865 778 sicut
1913 722 2023 791 jam
2074 718 2225 775 venit

635 816 772 887 quod
803 817 1048 872 similiter
1067 815 1381 872 incredibile
1409 815 1530 884 fuit,
1556 826 1613 872 ut
1640 831 1752 872 rem
1784 824 1891 871 tam
1922 812 2207 871 incredibi-

636 906 737 963 lem
767 906 1015 964 crederet
1044 908 1299 977 mundus,
1329 907 1765 979 quandoquidem
1806 909 1908 964 hoc
1937 916 2223 976 utrumque

633 996 971 1070 incredibile,
992 1016 1221 1073 quorum
1254 1003 1497 1060 videmus
1527 1019 1715 1070 unum,
1771 1004 1998 1060 alterum
2044 1000 2225 1059 credi-

632 1106 773 1160 mus,
805 1094 859 1149 in
889 1094 1094 1151 eisdem
1127 1096 1324 1154 litteris
1357 1097 1671 1165 praedictum
1703 1098 1797 1166 sit,
1826 1112 1922 1168 per
1944 1112 2079 1169 quas
2107 1108 2224 1152 cre-

632 1182 768 1241 didit
792 1185 1069 1243 mundus?
1590 1224 1605 1239 ι

1210 1250 1437 1317 CAPUT
1482 1260 1637 1316 CLV.

634 1371 788 1441 Quod
808 1380 864 1426 ut
879 1375 1100 1428 mundus
1127 1374 1181 1428 in
1201 1371 1461 1429 Christum
1474 1376 1724 1444 crederet,
1741 1375 1945 1430 virtutis
1964 1374 2123 1444 fuerit
2141 1375 2224 1429 di—

704 1445 857 1519 uinis,
878 1460 982 1498 non
1012 1446 1372 1519 persuasionis
1390 1446 1648 1518 humanae,
1676 1456 1724 1502 et
1754 1446 1819 1502 de
1847 1447 2063 1503 Romuli
2086 1447 2224 1519 falsa

702 1514 989 1587 divinitate,
1012 1512 1087 1572 ex
1109 1515 1286 1570 eadem
1315 1512 1445 1571 libro
1476 1532 1611 1572 xm.

714 1629 785 1685 Et
806 1631 920 1702 ipse
952 1632 1142 1689 modus
1166 1647 1274 1705 quo
1302 1633 1534 1690 mundus
1561 1633 1804 1701 credidit,
1835 1634 1882 1690 si
1913 1634 2225 1691 considere-

634 1728 745 1791 tur,
785 1722 1152 1783 incredibilior
1200 1727 1485 1784 invenitur.
1537 1728 1842 1785 ineruditos
1912 1728 2227 1784 liberalibus

2326 531 2381 590 in
2409 533 2602 589 ordine
2623 532 3052 590 innumerabiles
3068 530 3269 585 morbis
3294 528 3461 585 variis
3490 528 3793 598 laborantes,
3812 544 3849 586 ιι

2324 627 2708 683 ambulantium
2733 632 2895 697 super
2912 639 3007 681 eos
3036 626 3223 679 umbra
3254 625 3518 679 transiret
3545 624 3848 680 continuass-

2325 719 2492 777 lutem
2523 721 2701 777 solere
2726 722 2993 791 recipere,
3050 727 3106 777 et
3157 720 3258 774 alia
3312 719 3488 774 multa
3538 720 3775 790 stupenda
3814 724 3845 777 is

2326 816 2527 873 Christi
2580 817 2798 873 nomine
2830 830 2941 886 per
2987 830 3081 872 eos
3131 811 3271 870 facta
3319 813 3495 887 [sunt
3549 814 3753 886 signa],
3787 833 3845 885 po-

2326 920 2530 968 stremo
2591 910 2753 966 etiam
2826 911 3073 966 mortuos
3152 908 3530 964 resurrexisse
3605 910 3841 963 cernebant

2324 1002 2456 1071 Qus
2528 1000 2664 1057 sicut
2735 1000 2803 1072 [si
2858 999 2937 1072 ut]
2978 1000 3228 1068 leguntur
3298 1009 3453 1071 gesta
3534 1010 3653 1054 esse
3712 1014 3842 1055 conce-

2325 1092 2482 1161 dunt,
2547 1107 2675 1149 ecce
2741 1099 2820 1147 tot
2887 1090 3222 1147 incredibilia
3281 1089 3459 1145 tribus
3523 1089 3629 1143 illis
3678 1089 3839 1143 incredi-

2326 1184 2524 1242 hilibus
2554 1184 2825 1253 addimus,
2857 1194 2913 1241 et
2960 1194 3019 1239 ut
3057 1183 3314 1239 credatur
3342 1197 3518 1238 unum
3576 1183 3833 1246 incredibile,

2325 1280 2468 1351 quod
2492 1279 2559 1335 de
2589 1278 2766 1335 carnis
2794 1277 3194 1335 resurrectione
3217 1284 3379 1346 atque
3408 1276 3469 1331 in
3501 1274 3688 1331 calum
3709 1288 3835 1329 tm.

2324 1375 2478 1431 sione
2524 1373 2744 1439 dicitur,
2791 1373 3083 1429 multorum
3133 1369 3547 1427 incredibilium
3610 1368 3834 1425 testimonia

2326 1479 2470 1527 tanta
2496 1471 2862 1541 congerimus,
2912 1466 3239 1524 stuendum
3287 1465 3354 1520 ad
3407 1460 3723 1520 credendum
3756 1463 3833 1516 iter

2327 1562 2494 1619 renda
2526 1562 2721 1618 duritia
2747 1560 3056 1617 incredulos
3074 1558 3361 1615 ﬂectimus.
3394 1555 3459 1613 Si
3488 1562 3614 1612 vero
3642 1564 3721 1625 per
3746 1554 3832 1623 Apo-

2325 1656 2494 1713 stolos
2543 1653 2763 1721 Christi,
2799 1662 2857 1710 ut
2883 1654 2963 1711 eis
2989 1650 3303 1709 crederetur
3348 1649 3830 1706 resuﬂcctlonemu—

2326 1765 2432 1820 que
2471 1748 2845 1805 ascensionem
2891 1744 3309 1817 praedicantibus
3358 1742 3561 1799 Christi
3607 1743 3743 1798 etiam
3771 1740 3831 1794 ista

632 1818 928 1890 disciplinis
958 1831 1012 1879 et
1041 1823 1260 1879 omnino
1288 1832 1545 1895 quantum
1575 1823 1641 1878 ad
1670 1824 1899 1879 istorum
1937 1822 2217 1911 doctrinas
2255 1846 2306 1909 Β
2330 1818 2583 1900 {uincula
2618 1842 2757 1897 ι-πιε
2800 1853 2941 1907 esse,
2995 1853 3101 1894 ηοη
3132 1836 3383 1903 credunt,
3417 1836 3523 1891 hoc
3548 1834 3688 1890 nobis
3721 1844 3832 1887 ηοω

633 1911 824 1967 attinet
852 1913 1146 1983 impolitos,
1169 1929 1276 1971 non
1307 1915 1508 1985 peritos
1531 1915 2025 1984 grammatica,non
2045 1928 2224 1969 arma-

634 2012 718 2061 tos
773 2003 1072 2072 dialectica,
1128 2022 1234 2062 non
1293 2006 1561 2063 rhetorica
1627 2006 1874 2072 inﬂatos,
1936 2005 2229 2077 piscatores

634 2090 881 2149 Christus
920 2110 1041 2150 cum
1084 2095 1293 2151 retibus
1338 2096 1483 2165 ﬁdei,
1525 2095 1592 2152 ad
1637 2111 1785 2151 mare
1828 2096 1990 2167 hujus
2046 2096 2230 2153 saeculi

640 2186 997 2257 paucissimos
1037 2187 1204 2243 misit.
1251 2178 1423 2260 Atque
1454 2189 1528 2244 ita
1576 2204 1643 2245 ex
1678 2188 1825 2244 omni
1872 2203 2071 2259 genere
2121 2196 2228 2243 tam

634 2277 835 2334 multos
882 2278 1078 2349 pisces,
1128 2288 1182 2334 et
1212 2288 1361 2337 tanto
1392 2280 1752 2338 mirabiliores
1802 2292 2005 2353 quanto
2045 2282 2223 2337 rario-

635 2383 746 2437 res,
780 2370 939 2425 etiam
967 2372 1111 2442 ipsos
1145 2372 1496 2445 philosophos
1525 2374 1687 2444 cepit.
1736 2374 1956 2430 Duobus
2002 2374 2112 2429 illis
2144 2374 2229 2430 in-

632 2462 1010 2529 credibilibus,
1038 2463 1085 2520 si
1132 2465 1333 2535 placet,
1364 2466 1474 2523 imo
1503 2465 1627 2537 quia
1669 2465 1885 2538 placere
1927 2466 2109 2531 debet,
2137 2467 2232 2523 ad-

632 2552 821 2610 damus
854 2555 957 2611 hoc
988 2555 1229 2613 tertium.
1252 2557 1371 2613 Jam
1394 2574 1524 2631 ergo
1551 2559 1654 2615 tria
1682 2569 1807 2615 sunt
1850 2558 2219 2626 incredibilia,

633 2664 755 2718 quae
784 2660 965 2707 tamen
996 2649 1135 2708 facta
1159 2663 1309 2710 sunt.
1349 2654 1672 2711 incredibile
1699 2664 1783 2711 est
1824 2652 2099 2709 Christum
2147 2667 2231 2709 rc-

633 2740 937 2796 surrexisse
985 2743 1038 2796 in
1084 2757 1292 2812 carne,
1334 2754 1388 2801 et
1416 2746 1469 2799 in
1520 2743 1715 2801 caelum
1754 2743 2061 2799 ascendisse
2109 2757 2230 2797 cum

635 2843 829 2898 carne;
854 2832 1169 2889 incredibile
1191 2844 1275 2889 est
1296 2835 1553 2890 mundum
1583 2850 1697 2891 rem
1718 2841 1830 2890 tam
1860 2832 2230 2889 incredibilem

635 2924 961 2993 credidisse;
983 2920 1293 2983 incredibile
1309 2935 1393 2983 est
1407 2918 1654 2983 homines
1669 2925 1961 2998 ignobiles,
1996 2924 2047 2978 in
2058 2923 2227 2992 (imos,

636 3016 1019 3085 paucissimos,
1052 3017 1356 3087 imperitos,
1401 3035 1516 3075 rem
1548 3031 1655 3073 tam
1704 3017 2075 3073 incredibilem
2124 3028 2231 3069 tam

643 3106 940 3164 eliicaciter
981 3109 1207 3179 mundo,
1232 3119 1287 3165 et
1331 3111 1385 3165 in
1430 3111 1523 3166 illo
1572 3111 1736 3166 etiam
1769 3109 1978 3176 doctis,
2015 3122 2234 3180 persua-

637 3192 766 3255 dere
819 3201 1080 3270 potuisse.
1113 3198 1316 3257 Horum
1350 3201 1513 3257 trium
1551 3200 1943 3257 incredibilium
1990 3201 2229 3270 primum

638 3288 830 3345 nolunt
874 3288 964 3345 isti
993 3306 1115 3346 cum
1144 3290 1340 3362 quibus
1389 3293 1595 3363 agimus
1627 3290 1849 3347 credere
1879 3308 1893 3357 ;
1932 3290 2229 3346 secundum

639 3391 925 3453 coguntur,
957 3392 1013 3439 et
1057 3398 1282 3440 eernere
1309 3384 1450 3457 quod
1482 3399 1591 3440 non
1616 3450 1619 3453 ι
1644 3382 1922 3439 inveniunt
1966 3372 2105 3439 unde
2159 3386 2230 3438 sit

637 3474 861 3557 factum,
892 3477 939 3532 si
992 3494 1100 3533 non
1145 3478 1375 3536 credunt
1432 3480 1670 3535 tertium.
1714 3477 2063 3533 Resurrectio
2110 3491 2229 3532 cer-

637 3576 693 3624 te
714 3566 1065 3633 Christi,etin
1091 3571 1287 3626 coelum
1308 3586 1431 3627 cum
1449 3571 1677 3627 carnein
1703 3586 1805 3642 qua
1824 3569 2121 3625 resurrexit
2145 3583 2227 3623 as-

636 3661 842 3728 censio,
870 3668 984 3715 toto
1006 3662 1119 3731 jam
1149 3662 1351 3718 mundo
1397 3658 1719 3732 praedicatur
1762 3670 1816 3718 et
1853 3661 2112 3717 creditur.
2168 3659 2229 3715 Si

616 3751 910 3808 credibilis
939 3770 1047 3810 non
1077 3765 1181 3823 est,
1209 3756 1351 3811 unde
1380 3765 1493 3812 toto
1514 3765 1783 3811 terrarum
1815 3755 1947 3811 orbe
1972 3754 2085 3824 jam
2113 3768 2232 3809 cre-

640 3839 751 3898 dita
780 3843 901 3898 est?
931 3844 976 3899 si
1002 3845 1155 3900 multi
1186 3844 1414 3912 nobiles,
1444 3848 1720 3913 sublimes,
1755 3845 1897 3900 docti
1921 3859 2039 3900 eam
2068 3858 2129 3899 se
2153 3843 2231 3899 vi-

640 3930 783 3993 disse
806 3936 1099 4007 ,dixerunt,
1134 3948 1189 3994 et
1209 3938 1350 4011 quod
1372 3940 1623 3996 viderunt
1644 3938 1927 3996 diiiamare
1949 3947 2228 4007 curarunt,

637 4030 718 4087 eis
767 4032 1027 4088 mundum
1067 4032 1364 4090 credidisse
1413 4048 1520 4089 non
1557 4024 1749 4090 mirum
1798 4040 1909 4099 est,
1956 4030 2053 4087 sed
2099 4031 2233 4087 istos

637 4121 813 4180 adhuc
836 4123 1058 4182 credere
1087 4126 1233 4182 nolle
1260 4127 1551 4196 perdurum
1582 4134 1700 4192 est;
1734 4125 2004 4192 siautem,
2038 4130 2098 4179 ut
2140 4138 2233 4178 ve-

641 4231 761 4271 rum
803 4224 908 4285 est,
943 4217 1125 4288 paucis
1175 4212 1422 4273 obscuris
1467 4217 1707 4272 minimis
1751 4214 1984 4272 indoctis
2013 4228 2131 4269 eam
2171 4226 2231 4269 se

639 4308 840 4364 vidisse
884 4310 1183 4366 dicentibus
1230 4319 1284 4365 et
1301 4310 1678 4378 scribentibus
1711 4308 1941 4364 credidit
1972 4308 2228 4375 mundus,

640 4415 736 4458 cur
760 4404 912 4473 pauci
934 4398 1340 4459 obstinatissimi
1368 4403 1458 4473 qui
1487 4410 1886 4467 remanserunt,
1931 4400 2036 4471 ipsi
2071 4415 2230 4453 mun-

639 4491 711 4547 do
734 4492 844 4563 jam
896 4495 1140 4551 credenti
1170 4490 1346 4549 adhuc
1378 4508 1548 4564 usque
1602 4509 1708 4549 non
1738 4493 2010 4548 credunt?
2074 4490 2232 4563 102

640 4583 741 4651 Qui
780 4596 1058 4656 propterea
1108 4601 1333 4642 numero
1382 4586 1575 4655 exiguo
1624 4584 1958 4655 ignobilium,
2011 4583 2227 4637 intimo-

638 4689 759 4732 rum
788 4674 1221 4749 [inﬁrmoran
1252 4676 1627 4749 imperitorum
1672 4674 1951 4729 hominum
1978 4672 2226 4741 credidit,

640 4774 765 4845 quia
810 4772 865 4826 in
896 4781 1002 4827 tam
1027 4773 1523 4843 contemptibilibus
1556 4769 1783 4826 testibus
1823 4767 1992 4822 multo
2020 4767 2231 4822 mirabi-

637 4867 743 4925 lius
772 4865 1023 4922 divinitas
1050 4883 1111 4923 se
1134 4869 1246 4937 ipsa
1272 4866 1578 4937 persuasit;
1603 4862 1816 4933 eloquia
1844 4874 2075 4931 namque
2106 4876 2228 4928 per-

637 4959 982 5017 suadentium
1007 4998 1022 5025 ,
1051 4975 1169 5027 quae,
1194 4959 1447 5013 dicebant
1473 4958 1629 5021 mira,
1655 4955 1873 5011 fuerunt
1901 4954 2065 5017 facta,
2119 4964 2226 5008 non

635 5054 823 5108 verba.
856 5051 955 5119 Qui
987 5050 1128 5106 enim
1155 5050 1434 5105 Christum
1467 5050 1520 5104 in
1552 5063 1716 5105 carne
1749 5044 2123 5103 resurrexisse
2171 5054 2228 5100 et

639 5156 761 5198 cum
790 5142 881 5197 illa
931 5143 986 5197 in
1026 5142 1223 5198 cmlum
1256 5140 1567 5197 ascendisse
1598 5155 1703 5194 non
1751 5138 2019 5203 viderant,
2076 5135 2129 5191 id
2166 5152 2227 5193 se

637 5235 837 5292 vidisse
883 5235 1252 5301 narrantibus,
1311 5248 1417 5289 non
1461 5231 1803 5302 loquentibus
1850 5238 2083 5294 tantum,
2131 5228 2225 5282 sed

634 5329 798 5384 etiam
824 5329 1049 5385 miriﬁca
1070 5328 1395 5384 facientibus
1421 5326 1595 5397 signa,
1625 5324 1940 5381 credebant.
1971 5321 2231 5377 Homines

633 5418 833 5489 quippe
861 5434 997 5491 quos
1026 5421 1178 5476 unius
1206 5420 1289 5476 vel
1322 5428 1381 5474 ut
1408 5419 1634 5473 multum
1662 5417 1888 5472 duarum
1920 5414 2223 5485 linguarum

633 5509 802 5567 fuisse
830 5523 1111 5579 noverant,
1166 5522 1393 5584 repente
1442 5511 1637 5580 linguis
1686 5508 1928 5563 omnium
1980 5505 2221 5576 gentium

632 5601 912 5674 loquentes
965 5604 1283 5661 mirabiliter
1312 5602 1625 5660 audierunt.
1676 5598 1940 5655 Claudum
1988 5598 2056 5651 ab
2096 5596 2224 5652 ube-

631 5696 783 5752 ribus
806 5699 990 5753 matris
1030 5700 1095 5753 ad
1125 5713 1313 5755 eorum
1368 5696 1593 5753 verbum
1642 5695 1696 5747 in
1744 5692 1948 5747 Christi
1996 5690 2217 5747 nomine

634 5795 757 5854 post
778 5788 1130 5858 quadraginta
1162 5803 1332 5843 annos
1350 5788 1674 5843 incolumem
1702 5782 2032 5847 constitisse,
2057 5780 2218 5836 suda-

634 5870 715 5931 ria
734 5874 803 5933 de
826 5878 1144 5949 corporibus
1191 5891 1376 5934 eorum
1428 5875 1606 5933 ablata
1653 5869 1912 5932 sanandis
1954 5867 2219 5941 proluit“

2332 1936 2533 2008 grande
2562 1934 2875 1991 miraculum
2898 1931 3117 1997 suillcit,
3145 1929 3291 1999 quod
3320 1943 3445 1984 cum
3475 1936 3718 1983 terrarum
3735 1923 3834 1979 orbis

2333 2030 2451 2087 sine
2475 2010 3166 2084 ullismiraculisncredidit.
3220 2024 3539 2078 Recolamus
3582 2020 3726 2075 etiam
3768 2016 3833 2069 hoc

2334 2124 2473 2192 ioco,
2507 2122 2640 2178 illud
2665 2121 2809 2193 quod
2834 2120 2903 2175 de
2927 2118 3144 2174 Romuli
3174 2115 3374 2172 credita
3390 2113 3651 2170 divinitate
3678 2108 3836 2165 Tullia

2332 2217 2650 2275 admiratur.
2684 2214 2861 2270 Verba
2884 2214 2999 2283 ejus
3024 2219 3083 2266 ut
3110 2210 3309 2279 scripta
3335 2216 3451 2263 sunt
3476 2206 3727 2260 inseram:
3754 2199 3839 2253 Mt-

2331 2312 2413 2382 gis
2441 2318 2545 2379 est,
2577 2308 2769 2376 inquit,
2801 2309 2854 2362 in
2892 2305 3119 2360 Romulo
3142 2299 3490 2357 admirandum
3517 2292 3645 2365 quod
3672 2288 3840 2347 caeteri

2334 2405 2425 2477 qui
2456 2403 2541 2459 dei
2570 2401 2690 2476 [dii]
2726 2416 2795 2457 ex
2821 2398 3127 2454 hominibus
3151 2394 3278 2451 facti
3295 2406 3405 2450 esse
3422 2390 3670 2453 dicuntur,
3689 2382 3836 2437 minus

2333 2502 2558 2561 eruditis
2592 2499 2869 2555 hominum
2901 2494 3114 2551 saeculis
3146 2492 3383 2558 fuerunt,
3407 2497 3464 2542 ut
3487 2479 3699 2554 fingendi
3740 2491 3832 2547 pro:

2333 2596 2486 2653 clivis
2514 2601 2658 2650 esset
2685 2591 2851 2655 ratio,
2873 2603 2997 2643 cum
3020 2583 3257 2654 imperiti
3300 2579 3455 2635 facile
3485 2575 3548 2631 ad
3574 2570 3825 2628 credendum

2332 2689 2757 2761 impellerentur,
2791 2682 3004 2739 Romuli
3032 2688 3211 2735 autem
3234 2683 3453 2733 aetatem
3481 2669 3639 2727 minus
3662 2664 3726 2763 bis

2334 2758 2587 2857 tingentis
2608 2782 2782 2845 annis,
2810 2778 2919 2847 jam
2943 2770 3253 2831 inveteratis
3277 2767 3478 2825 litteris
3506 2774 3642 2835 atque
3671 2758 3811 2854 doctri-

2334 2878 2418 2933 nis
2440 2874 2786 2943 omniumque
2816 2866 3255 2941 [somniumque],
3288 2861 3389 2917 illo
3448 2857 3635 2925 antiquo
3666 2863 3710 2943 et
3750 2860 3807 2898 w-

2336 2972 2476 3027 cuita
2500 2938 2776 3024 hominum
2806 2938 2913 3019 vita
2940 2973 3125 3016 errore
3149 2955 3389 3020 sublato,
3425 2951 3582 3006 fuisse
3606 2938 3809 3001 cernimus.

2338 3026 2407 3119 iit
2434 3061 2593 3133 paulo
2623 3066 2744 3129 post
2771 3056 2837 3112 de
2865 3052 3056 3110 eodem
3084 3047 3316 3105 Romulo
3357 3046 3439 3099 ita
3478 3039 3691 3133 loquitur,
3718 3026 3815 3129 muti

2337 3154 2403 3211 ad
2436 3132 2577 3210 hunc
2608 3149 2843 3223 pertinet
2865 3159 3104 3202 sensum.
3136 3141 3214 3223 Ex
3231 3152 3339 3210 quo
3366 3132 3584 3202 intelligi
3610 3132 3819 3223 potesnnm'

2258 3238 2307 3316 α
2340 3250 2478 3322 quit,
2514 3210 2792 3317 permultis
2816 3239 2973 3294 annis
2994 3244 3117 3291 ante
3139 3222 3439 3289 ilomerum
3461 3227 3609 3284 fuisse

2337 3306 2562 3404 mulum,
2587 3345 2645 3392 ut
2667 3335 2777 3405 jam
2810 3329 2988 3388 doctis
3019 3324 3330 3384 hominibus
3358 3336 3424 3377 ac
3451 3314 3729 3405 temporibus
3744 3306 3823 3405 ipsis
3924 3384 3925 3389 η

2332 3396 2560 3493 eruditis
2583 3428 2649 3483 ad
2667 3396 2991 3498 'ﬁngendum
3018 3420 3107 3475 vix
3133 3415 3429 3488 quidquam
3459 3418 3591 3467 esset
3634 3399 3734 3459 loci.
3758 3396 3823 3450 Αυ-
3924 3456 3925 3459 η

2334 3526 2550 3598 tiquitas
2576 3521 2718 3579 enim
2768 3516 2975 3587 recepit
3004 3511 3210 3569 fabulas
3256 3508 3413 3598 ﬁctas
3460 3502 3606 3560 etiam
3652 3501 3829 3598 nouauit

2333 3586 2492 3691 quam
2520 3611 2787 3670 incondite
2813 3628 2829 3679 ;
2862 3608 2979 3663 haec
3008 3615 3138 3661 tetas
3179 3611 3362 3657 autem
3385 3597 3492 3668 jam
3528 3586 3714 3647 exculta
3738 3592 3831 3691 prs:

2333 3680 2522 3769 sertim
2546 3706 2773 3764 eludens
2796 3716 2956 3760 omne
2984 3697 3129 3771 quod
3156 3694 3271 3751 ﬁeri
3300 3708 3403 3748 non
3444 3692 3627 3759 potest,
3663 3680 3835 3771 respuit-

2338 3792 2487 3861 Unus
2502 3817 2533 3858 e
2549 3813 2774 3857 numero
2791 3788 3229 3852 doctissimorum
3249 3783 3500 3841 hominum
3516 3775 3738 3839 ἰάεωιῖυε
3751 3766 3841 3865 ε¹ξ⁶

2333 3895 2715 3970 quentissimus
2766 3890 3005 3947 omnium
3047 3885 3117 3940 Μ.
3162 3882 3228 3938 Τ.
3268 3878 3455 3939 Cicero,
3490 3855 3847 3970 propterea—di)-

2333 3946 2407 4050 Eu
2459 3990 2792 4046 divinitatem
2834 3980 3047 4038 Romuli
3091 3972 3399 4032 mirabiliter
3444 3960 3695 4023 creditam,
3733 3946 3842 4022 φιοά

2334 4082 2542 4141 erudita
2580 4080 2690 4150 jam
2743 4085 2983 4143 tempora
3023 4069 3238 4125 fuerunt
3290 4076 3407 4134 qua:
3463 4054 3839 4150 ialsitatc'mjucc

2333 4133 2635 4247 reciperent
2664 4133 2988 4226 fabularum.
3021 4163 3129 4221 Sed
3156 4133 3316 4216 valde
3359 4149 3634 4211 ridiculum
3665 4134 3772 4247 issi]

2336 4230 2548 4329 ii'omuli
2572 4268 2701 4324 falsa
2735 4264 3017 4321 divinitate
3059 4274 3179 4314 cum
3214 4255 3282 4310 de
3311 4250 3528 4308 Christo
3549 4230 3839 4345 loquimur

2334 4560 2466 4608 aetas
2492 4548 2603 4618 jam
2643 4546 2810 4600 fuisse
2841 4536 3101 4596 doctrinis
3150 4534 3360 4589 dicatur
3404 4529 3637 4591 exculta,

2258 4637 2312 4697 D
2337 4646 2453 4701 ﬁeri
2486 4610 2591 4698 non
2627 4647 2802 4710 potest
2830 4650 2991 4692 omne
3012 4636 3311 4701 respueret,
3351 4634 3566 4707 quanto
3604 4615 3725 4686 magis

2339 4708 2847 4797 scxcentosvannos,
2882 4725 3047 4796 ipsius
3079 4731 3319 4790 tempore
3349 4708 3838 4801 Ciceronis

2339 4788 2656 4899 qucvpostea
2682 4821 2783 4878 sub
2812 4788 3053 4890 Augusto
3079 4788 3239 4883 atqlie
3263 4808 3518 4874 Τδδεΐῖοο
3549 4788 3842 4899 cnidius???

2338 4887 2525 4993 liliqu
2573 4887 2925 4987 temporibus,
2975 4905 3433 4967 resurrectionem
3493 4897 3669 4955 carnis

2335 4979 2497 5089 atqite
2527 5015 2581 5071 in
2610 4979 2804 5069 omium
2826 5006 3223 5067 ascensionem,
3259 5008 3527 5067 tanquam
3563 4994 3615 5049 id
3641 4979 3850 5089 quod‘ﬁtll

2335 5076 2442 5170 non
2470 5118 2646 5183 potest
2680 5120 2833 5162 mens
2862 5103 3096 5158 humana
3122 5097 3263 5153 ferre
3294 5107 3402 5148 non
3439 5095 3649 5161 posset,
3678 5076 3851 5187 cladem;

2329 5223 2432 5279 que
2471 5174 2549 5260 ab
2597 5200 2815 5257 auribus
2858 5194 3222 5262 cordibusque
3266 5193 3606 5281 respueret,
3655 5174 3745 5281 nisi
3770 5174 3858 5281 ’ξιξ

2328 5272 2447 5357 fieri
2480 5296 2717 5370 potuisse
2734 5281 2897 5363 atque
2925 5287 3123 5343 factam
3154 5296 3273 5340 esse
3292 5277 3567 5336 divinitas
3594 5272 3749 5370 ipsis:

2328 5362 2498 5461 tatis,
2516 5392 2602 5449 vel
2648 5362 2948 5445 divinitatis
2986 5380 3187 5436 veritas
3236 5386 3289 5433 et
3349 5366 3721 5428 contestantia
3759 5362 3865 5461 miri-

2328 5455 2570 5545 euior'um
2599 5483 2747 5552 signa
2770 5478 3156 5541 monstrarent,
3184 5468 3241 5525 ul
3270 5464 3618 5522 terrentibus
3638 5467 3690 5513 et
3711 5455 3864 5555 conm.-

2328 5578 2625 5637 dicentibus
2649 5582 2753 5630 tam
2782 5570 2964 5627 multis
3000 5574 3214 5635 tamque
3258 5557 3476 5630 magnis
3534 5554 3872 5637 persecutionr

2326 5674 2427 5732 bus
2455 5668 2763 5743 praecedens
2794 5666 2847 5720 in
2870 5660 3107 5725 Christo,
3138 5653 3334 5712 deinde
3375 5653 3432 5705 in
3466 5646 3692 5705 caeteris
3731 5636 3789 5693 ad
3810 5642 3875 5743 iit?

2332 5736 2737 5825 vum-suaculum
2768 5766 3018 5816 secutura
3048 5747 3392 5812 resurrectio,
3427 5754 3614 5817 atque
3650 5736 3878 5797 immoti?

2324 5859 2449 5920 litas
2460 5858 2659 5926 carnis,
2691 5860 2746 5913 et
2765 5849 3079 5921 ﬁdelissime
3096 5840 3405 5902 crederetur
3429 5844 3499 5894 et
3538 5827 3877 5908 praedicam“
