3986 6382
1330 392 1769 458 τηεδλυιωι.
1806 393 1964 453 CAP.
2000 391 2186 453 CLIX.

134 527 416 599 intrepide,
437 536 495 584 et
522 540 619 597 per
641 527 830 582 urbem
863 530 1021 581 terra
1045 522 1370 594 pullulatura
1403 518 1703 580 fecundius,
1732 516 1788 575 Δ
1814 527 1932 569 eam
1961 511 2379 586 magnitudinem
2408 520 2569 582 quam
2600 520 2708 565 non
2737 504 2944 577 habuit,
2985 509 3201 579 quando
3244 510 3298 563 in
3324 524 3390 565 ea

136 638 253 679 cum
277 623 327 677 in
377 628 674 691 martyrum
704 618 965 690 sanguine
1011 624 1308 673 tereretur.
1367 613 1709 684 Legebantur

133 718 269 774 enim
300 715 566 783 praeconia
594 712 949 783 praeedentia
973 710 1373 781 prophetarum,
1417 716 1710 763 concurre«

132 810 256 866 bant
276 817 485 863 ostenta
509 808 785 873 virtutum,
812 814 868 861 et
894 805 1312 875 persuadebatur
1339 803 1539 858 vet-itas
1570 812 1709 855 nova

130 900 522 969 consuetudini,
574 915 682 954 non
738 897 1007 954 contraria
1056 896 1288 965 rationi,
1338 894 1512 949 donec
1564 891 1710 948 orbis

130 1001 305 1059 terrai,
335 993 426 1063 qui
454 991 875 1063 persequebatur
900 991 1096 1055 furore,
1129 996 1449 1059 sequeretur
1476 984 1601 1041 fide.

704 1104 932 1163 CAPUT
959 1100 1142 1160 CLVI.

130 1220 208 1278 De
235 1219 491 1277 miraculis
515 1238 628 1291 quae
656 1230 711 1275 ut
741 1219 963 1275 mundus
985 1221 1038 1274 in
1068 1217 1269 1291 Christo
1291 1216 1518 1269 crederet
1564 1216 1708 1291 facta

196 1302 334 1356 sunt,
365 1302 412 1348 et
442 1283 553 1361 ﬁeri
578 1294 768 1348 mundo
787 1292 1023 1347 credente
1038 1306 1141 1344 non
1165 1289 1421 1354 desinunt,
1448 1301 1510 1340 ea:
1532 1283 1710 1339 eodem

197 1367 327 1421 libro
358 1380 486 1420 χιιι.

195 1478 322 1553 Cur,
353 1478 619 1550 inquiunt,
657 1492 799 1534 nunc
827 1476 919 1534 illa
949 1476 1206 1533 miracula
1234 1489 1354 1547 quae
1406 1468 1710 1542 praedicatis

128 1575 265 1630 facta
298 1588 415 1630 esse
442 1588 547 1630 non
594 1572 767 1629 ﬁunt?
800 1573 1027 1629 Possem
1066 1570 1281 1642 quidem
1313 1568 1491 1623 dicere
1521 1579 1711 1621 neces-

128 1666 268 1723 saria
298 1666 461 1721 fuisse
491 1666 800 1737 priusquam
830 1660 1080 1719 crederet
1110 1660 1363 1727 mundus,
1400 1658 1465 1713 ad
1516 1657 1620 1712 hoc
1651 1663 1711 1711 ut

128 1759 370 1815 crederet
396 1758 644 1813 mundus.
678 1756 930 1828 Quisquis
957 1754 1131 1811 adhuc
1161 1751 1397 1823 prodigia
1424 1759 1483 1806 ut
1523 1752 1710 1805 credat

128 1849 364 1922 inquirit,
418 1862 669 1919 magnum
714 1847 952 1916 estipse
997 1845 1320 1917 prodigium,
1372 1844 1463 1914 qui
1510 1840 1711 1897 mundo

128 1942 381 1999 credente
402 1956 507 1997 non
533 1942 725 1997 credit.
756 1939 955 1996 Verum
984 1939 1088 1994 hoc
1114 1937 1236 1993 ideo
1266 1937 1468 2003 dicunt,
1514 1944 1571 1990 ut
1608 1950 1710 1992 nec

129 2040 259 2087 tunc
287 2031 374 2087 illa
405 2031 665 2088 miracula
696 2032 833 2087 facta
863 2030 1024 2087 fuisse
1050 2031 1359 2087 credantur.
1391 2027 1546 2085 Unde
1576 2042 1705 2098 ergo

127 2130 277 2178 tanta
308 2121 414 2179 ﬁde
462 2122 711 2179 Christus
742 2124 1127 2195 usquequaque
1156 2126 1404 2178 cantatur
1432 2120 1484 2176 in
1516 2119 1713 2175 cmlum

126 2229 249 2271 cum
276 2230 437 2271 carne
462 2215 746 2272 sublatus?
779 2214 934 2272 Unde
991 2214 1325 2285 temporibus
1378 2209 1608 2269 eruditis
1661 2220 1717 2266 et

125 2325 289 2365 omne
320 2310 459 2380 quod
493 2311 605 2367 lieri
638 2326 743 2367 non
773 2315 955 2381 potest
988 2308 1372 2379 respuentibus
1421 2307 1538 2362 sine
1590 2305 1717 2360 ullis

126 2402 402 2457 miraculis
453 2403 673 2457 nimium
717 2403 1033 2458 mirabiliter
1098 2400 1433 2457 incredibilia
1491 2397 1720 2455 credidit

128 2492 405 2547 mundus?
434 2496 516 2549 An
545 2492 683 2548 forte
714 2494 995 2550 credibilia
1023 2493 1212 2559 fuisse,
1245 2501 1300 2547 et
1344 2492 1467 2547 ideo
1513 2490 1720 2545 credita

124 2600 257 2641 esse
287 2578 479 2641 dicturi
504 2584 675 2641 sunt?
702 2600 798 2642 cur
828 2586 929 2656 ipsi
973 2602 1104 2657 ergo
1134 2600 1241 2640 non
1275 2583 1549 2640 credunt?
1591 2581 1722 2638 Bre-

134 2676 220 2733 vis
246 2676 409 2747 igitur
436 2684 520 2733 est
552 2690 732 2734 nosua
764 2679 1087 2750 complexio,
1128 2685 1220 2733 aut
1275 2675 1605 2732 incredibilis
1635 2672 1712 2729 rei

129 2784 257 2839 quae
288 2784 395 2823 non
427 2769 732 2838 videbatur,
789 2769 891 2826 alia
950 2769 1315 2839 incredibilia,
1371 2782 1489 2839 quae
1540 2774 1718 2821 tamen

126 2862 335 2918 ﬁebant
364 2872 419 2918 et
443 2861 799 2929 videbantur,
835 2864 1079 2919 fecerunt
1106 2862 1294 2930 fidem;
1328 2868 1419 2917 aut
1446 2869 1592 2917 certe
1634 2874 1725 2917 res

123 2960 230 3015 ista
265 2954 382 3031 [ita]
413 2958 716 3027 credibilis,
766 2965 824 3013 ut
855 2959 1014 3016 nullis
1065 2959 1261 3029 quibus
1306 2956 1725 3029 persuaderetur

124 3050 406 3106 miraculis
438 3050 727 3120 indigeret,
764 3052 990 3107 istorum
1021 3050 1243 3105 nimiam
1275 3049 1552 3121 redarguit
1599 3043 1731 3105 infi-'

124 3143 427 3198 delitatem.
460 3142 574 3199 Hoc
618 3143 685 3199 ad
733 3142 1062 3200 refellendos
1094 3144 1417 3199 vanissimos
1466 3143 1719 3198 dixerim.

123 3231 265 3289 Nam
317 3232 457 3289 facta
507 3250 628 3291 esse
659 3234 825 3291 multa
868 3236 1128 3291 miracula
1172 3251 1291 3306 quae
1336 3240 1726 3293 attestarentur

123 3328 209 3384 illi
237 3330 325 3384 uni
360 3330 545 3401 grandi
576 3331 887 3403 salubrique
914 3299 1325 3403 miraculo-quo
1362 3330 1613 3389 Christus
1665 3332 1721 3387 in
1748 3299 1798 3365 α

124 3424 330 3479 caelum
356 3436 476 3478 cum
510 3438 671 3480 carne
726 3425 779 3480 in
825 3441 929 3495 qua
978 3424 1278 3481 resurrexit
1328 3425 1590 3492 ascendit,
1631 3441 1728 3481 ne-

122 3532 261 3587 gare
291 3532 396 3573 non
429 3532 737 3588 possumus.
784 3517 840 3573 In
884 3517 1087 3576 eisdem
1127 3519 1327 3590 quippe
1366 3517 1729 3573 veracissimis

123 3608 287 3666 libris
318 3621 509 3666 cuncta
534 3613 837 3681 conscripta
869 3619 1017 3676 sunt,
1058 3617 1111 3665 et
1151 3626 1271 3679 quae
1321 3608 1459 3665 facta
1499 3617 1647 3676 sunt,
1676 3614 1733 3664 et

123 3713 353 3775 prepter
397 3702 537 3775 quod
588 3700 917 3759 credendum
950 3700 1088 3757 facta
1117 3710 1263 3758 sunt.
1301 3700 1427 3757 Haec
1468 3710 1526 3756 ut
1568 3700 1729 3755 fidem

125 3795 377 3851 facerent
412 3796 783 3861 innotuerunt,
816 3794 929 3849 haec
962 3810 1056 3863 per
1103 3788 1265 3849 iidem
1293 3809 1451 3863 quam
1480 3792 1731 3849 fecerunt

125 3888 307 3947 multo
336 3890 532 3947 clarius
558 3892 920 3946 innotescunt.
944 3884 1221 3959 Leguntur
1249 3887 1449 3960 quippe
1480 3887 1533 3943 in
1557 3902 1730 3959 popu-

128 3984 207 4039 lis
226 3994 288 4037 ut
313 3984 628 4050 credantur,
660 4000 761 4039 nec
809 3985 863 4039 in
890 3984 1102 4055 pupulis
1156 3992 1334 4039 tamen
1376 3982 1477 4038 nisi
1528 3980 1731 4039 credita

138 4075 476 4145 legerentur.
506 4073 637 4127 Nam
668 4073 828 4128 etiam
858 4088 1001 4128 nunc
1050 4074 1181 4128 liunt
1224 4071 1478 4127 miracula
1527 4072 1583 4126 in
1616 4072 1733 4141 ejus

136 4168 389 4231 nomine,
413 4164 525 4221 sive
543 4180 637 4236 per
659 4174 991 4220 sacramenta
1020 4163 1155 4234 ejus,
1186 4163 1298 4218 sive
1324 4179 1416 4233 per
1436 4163 1732 4228 orationes,

130 4257 231 4314 vel
263 4257 552 4313 memorias
573 4264 879 4312 sanctorum
910 4252 1047 4324 ejus,
1077 4250 1173 4309 sed
1214 4268 1322 4308 non
1366 4252 1560 4308 eadem
1606 4252 1721 4308 cla-

129 4352 304 4410 ritate
354 4350 714 4414 illustrantur,
758 4358 815 4404 ut
846 4354 989 4405 tanta
1031 4354 1228 4420 quanta
1258 4348 1345 4402 illa
1376 4346 1544 4419 gloria
1582 4344 1737 4403 ditia-

130 4443 587 4503 mentur.Canon
631 4439 832 4512 quippe
875 4455 1148 4496 sacrarum
1196 4440 1519 4506 litterarum,
1572 4453 1733 4507 quem

131 4536 424 4593 deﬁnitum
454 4550 574 4591 esse
600 4535 901 4604 oportebat,
942 4530 1028 4587 illa
1082 4530 1209 4588 facit
1254 4532 1451 4602 ubique
1499 4531 1735 4601 recitari,

133 4640 199 4688 et
224 4630 503 4685 memoriae
546 4634 860 4684 cunctorum
906 4624 1171 4681 inhaerere
1222 4625 1562 4706 populorum.
1609 4622 1735 4680 Ilaec

1817 607 2091 678 discipulis
2119 606 2174 662 in
2205 621 2311 678 qua
2340 606 2444 661 illis
2472 611 2589 661 erat
2616 613 2776 659 notus
2801 602 3066 673 apparuit,
3094 608 3153 657 ut
3190 602 3390 671 longis-

1830 699 1984 756 simis
2012 701 2125 755 fieri
2152 701 2318 770 possit
2342 699 2582 770 aequalis.
2612 698 2669 753 Si
2689 706 2866 751 autem
2891 696 3182 750 dixerimus
3201 692 3269 749 ad
3297 692 3395 749 do-

1810 792 1994 851 minici
2047 796 2289 864 corporis
2340 792 2558 848 modum
2607 791 2768 847 etiam
2824 802 3156 860 quorumque
3193 787 3393 857 majora

1814 900 2045 956 corpora
2075 886 2394 957 redigenda,
2423 884 2624 956 peribit
2645 884 2712 939 de
2741 884 3027 939 multorum
3073 880 3393 951 corporibus

1812 979 2120 1050 plurimum,
2173 994 2296 1035 cum
2355 981 2470 1051 ipse
2518 993 2617 1035 nec
2653 978 2900 1049 capillum
2941 976 3235 1048 periturum
3272 988 3395 1029 esse

1812 1073 2138 1142 promiserit.
2156 1073 2341 1127 Restat
2357 1087 2486 1143 ergo
2504 1080 2560 1126 ut
2585 1084 2737 1127 suam
2761 1069 2987 1139 recipiat
3002 1069 3227 1139 quisque
3246 1080 3396 1122 metr

1813 1179 2015 1233 suram,
2040 1180 2199 1235 quam
2228 1166 2315 1245 ve‘l
2346 1166 2530 1221 habuit
2557 1166 2609 1219 in
2629 1154 2930 1235 iuventute,
2964 1164 3128 1218 etiam
3154 1162 3199 1217 al
3228 1174 3395 1217 senex

1814 1259 1885 1315 sit
1914 1268 2173 1327 mortuus,
2207 1260 2291 1315 vel
2325 1260 2502 1316 fuerat
2548 1260 2851 1326 habiturus,
2891 1259 3055 1315 etiam
3084 1259 3129 1313 si
3160 1265 3244 1313 est
3272 1264 3399 1313 ante

1815 1352 2119 1410 defunctus.
2165 1355 2321 1427 103
2366 1356 2543 1424 Atque
2592 1354 2723 1410 illud
2767 1352 2909 1425 quod
2956 1347 3401 1407 commemoravit

1814 1446 2104 1517 Apostolus
2129 1447 2199 1504 de
2240 1460 2488 1503 mensura
2538 1445 2711 1503 aetatis
2767 1445 3116 1517 plenitudinis
3171 1442 3396 1511 Christi,

1818 1551 1906 1595 aut
1936 1551 2153 1611 propter
2192 1540 2335 1595 aliud
2384 1539 2747 1610 intelligamus
2775 1539 2974 1594 dictum
3014 1550 3158 1603 esse,
3208 1533 3260 1590 id
3290 1540 3397 1602 est,

1814 1643 1874 1689 ut
1896 1634 1969 1688 illi
1994 1634 2157 1703 capiti
2182 1633 2237 1689 in
2263 1634 2472 1705 populis
2491 1631 2815 1687 Christianis
2835 1629 3127 1686 accedente
3151 1626 3394 1683 omnium

1815 1722 2142 1797 perfectione
2194 1726 2559 1782 membrorum
2608 1722 2781 1779 artatis
2826 1722 2944 1793 ejus
2968 1732 3220 1776 mensura
3253 1728 3405 1774 com-

1814 1818 2024 1887 pleatur
2042 1834 2057 1883 ;
2078 1826 2168 1872 aut
2190 1816 2237 1872 si
2260 1818 2362 1873 hoc
2381 1817 2450 1873 de
2473 1815 2869 1873 resurrectione
2884 1826 3169 1883 corporum
3195 1810 3398 1866 dictum

1739 1897 1792 1959 Β
1816 1920 1921 1975 est,
1944 1912 2023 1965 sic
2075 1911 2407 1981 accipiamus
2454 1911 2677 1977 dictum,
2720 1917 2910 1964 utnec
2964 1904 3100 1962 infra
3133 1918 3231 1961 nec
3260 1904 3400 1959 ultra

1815 2005 2104 2075 juvenilem
2160 2004 2387 2061 formam
2444 2010 2733 2074 resurgant
2770 2012 2999 2072 corpora
3040 2008 3402 2065 mortuorum,

1816 2097 1913 2153 sed
1943 2097 1998 2151 in
2029 2098 2144 2167 ejus
2170 2105 2325 2153 {etate
2350 2106 2405 2153 et
2436 2098 2629 2153 robore
2660 2110 2832 2165 usque
2858 2094 2924 2149 ad
2951 2103 3108 2165 quam
3135 2089 3406 2147 Christum

1819 2188 1908 2243 hic
1958 2191 2266 2257 pervenisse
2318 2190 2687 2261 cognovimus.
2735 2185 2899 2242 Circa
2949 2184 3165 2254 triginta
3209 2181 3409 2252 quippe

1820 2294 1991 2336 annos
2019 2280 2341 2336 deiinierunt
2372 2296 2491 2337 esse
2520 2281 2681 2334 etiam
2713 2277 2893 2333 saeculi
2926 2274 3086 2343 hujus
3112 2270 3408 2327 doctissimi

1823 2374 2074 2431 homines
2100 2376 2460 2445 juventutem,
2486 2390 2604 2445 qua:
2627 2386 2750 2429 eum
2780 2372 2940 2428 fuerit
2967 2366 3146 2440 spatio
3188 2367 3411 2438 proprio

1823 2466 2127 2531 terminata,
2162 2466 2284 2522 inde
2307 2466 2419 2537 jam
2451 2466 2725 2521 hominem
2751 2466 2805 2519 in
2827 2462 3150 2518 detrimenta
3190 2471 3414 2529 vergere

1824 2561 2082 2631 gravioris
2105 2576 2167 2617 ac
2197 2562 2387 2617 senilis
2409 2565 2603 2627 mtatis,
2637 2568 2691 2615 et
2734 2559 2858 2615 ideo
2901 2571 3009 2613 non
3050 2568 3171 2611 esse
3208 2552 3411 2608 dictum

1824 2650 1880 2707 in
1902 2666 2208 2709 mensuram
2228 2656 2489 2725 corporis,
2518 2654 2602 2709 vel
2632 2651 2688 2708 in
2722 2664 3029 2707 mensuram
3055 2656 3297 2715 staturte,
3317 2641 3411 2699 sed

1826 2743 1879 2801 in
1910 2760 2211 2803 mensuram
2242 2750 2415 2804 aetatis
2440 2746 2786 2819 plenitudinis
2814 2742 3038 2800 Christi.

2363 2860 2602 2934 ,capur
2641 2857 2866 2916 CLvnt.

1831 2953 2015 3025 Qualis
2042 2955 2377 3029 intelligenda
2407 2960 2471 3029 sit
2501 2955 2839 3029 conformatio
2864 2958 3159 3029 sanctorum
3183 2946 3253 3001 ad
3282 2944 3416 3001 ima-

2067 3022 2236 3104 ginen't
2264 3029 2390 3083 Filii
2414 3026 2545 3093 Dei;
2575 3022 2639 3082 ea:
2668 3028 2845 3081 eodem
2873 3022 3001 3077 libro
3034 3035 3164 3076 χιιι.

1898 3146 2033 3205 Illud
2064 3147 2225 3204 etiam
2263 3142 2405 3215 quod
2446 3141 2542 3207 ait,
2576 3137 2992 3196 Praedestiuatos
3021 3130 3180 3208 [ﬁeri]
3209 3131 3419 3188 confor-

1827 3256 1943 3299 mes
1969 3237 2213 3310 imaginis
2240 3236 2362 3293 Filii
2392 3234 2509 3298 Dei,
2557 3238 2735 3303 potest
2759 3238 2815 3285 et
2848 3224 3147 3284 secundum
3192 3222 3421 3279 interio-

1830 3353 1945 3394 rem
1968 3335 2244 3390 hominem
2280 3327 2530 3398 intelligi,
2564 3325 2707 3381 unde
2748 3321 2903 3379 nobis
2945 3321 3049 3375 alio
3088 3319 3209 3374 loco
3245 3316 3373 3373 dicit
3407 3333 3420 3368 :

1832 3426 2009 3483 Nolite
2046 3421 2374 3481 conformari
2422 3416 2549 3473 huic
2587 3415 2806 3481 saeculo,
2840 3410 2934 3469 sed
2974 3408 3340 3467 relormamini
3370 3406 3424 3463 in

1834 3521 2073 3577 novitate
2124 3516 2320 3571 mentis
2372 3521 2584 3567 vestrae.
2644 3509 2744 3565 Ubi
2784 3522 2913 3578 ergo
2964 3504 3321 3560 reformamur
3358 3515 3427 3555 ne

1835 3607 2238 3666 conlurmemur
2278 3604 2403 3660 huic
2432 3599 2655 3669 saeculo,
2687 3598 2762 3654 ibi
2790 3590 3189 3653 conformamur
3213 3590 3307 3647 Dei
3333 3586 3425 3647 Fi-

1835 3706 1929 3762 lio.
1951 3702 2138 3760 Potest
2162 3710 2215 3756 et
2252 3696 2331 3753 sic
2354 3692 2548 3764 accipi,
2572 3702 2631 3748 ut
2660 3686 3113 3764 quemadmodum
3157 3686 3311 3741 nobis
3338 3682 3428 3740 ille

1835 3795 2189 3860 mortalitate,
2223 3791 2295 3846 ita
2324 3804 2424 3845 nos
2450 3784 2525 3843 illi
2551 3784 2848 3843 efficiamur
2868 3778 3271 3837 immortalitate
3299 3790 3428 3833 con-

1836 3894 2061 3961 formes,
2108 3888 2251 3963 quod
2283 3884 2501 3958 quidem
2550 3890 2607 3940 et
2654 3880 2728 3948 ad
2762 3879 2935 3951 ipsam
2978 3875 3429 3936 resurrectionem

1837 4000 2124 4056 corporum
2171 3981 2424 4053 pertinet.
2480 3977 2539 4033 Si
2588 3985 2766 4032 autem
2814 3974 2975 4031 etiam
3016 3973 3069 4027 in
3102 3969 3188 4025 his
3230 3965 3428 4032 verbis,

1838 4054 1945 4149 qua
1972 4072 2143 4130 forma
2176 4080 2546 4128 resurrectura
2595 4070 2705 4122 sint
2754 4078 2982 4135 corpora
3010 4076 3196 4116 sumus
3241 4054 3429 4114 admo-

1838 4170 1958 4238 niti,
1991 4165 2127 4222 sicut
2154 4164 2242 4219 illa
2274 4174 2546 4228 mensura,
2579 4158 2650 4212 ita
2693 4164 2750 4212 et
2786 4156 2888 4210 ista
2925 4149 3282 4209 conformatio
3321 4164 3429 4205 non

1838 4252 2153 4329 quantitatis
2201 4247 2546 4321 intelligenda
2598 4256 2705 4315 est,
2745 4243 2841 4300 sed
2891 4240 3084 4301 atatis.
3126 4240 3431 4312 Resurgent

1839 4352 2020 4422 itaque
2046 4363 2232 4403 omnes
2263 4355 2367 4400 tam
2421 4341 2598 4414 magni
2646 4355 2895 4411 corpore,
2946 4353 3104 4408 quam
3136 4336 3220 4392 vel
3252 4342 3425 4404 erant,

1840 4444 1927 4499 vel
1952 4440 2117 4498 futuri
2147 4446 2303 4495 erant
2331 4446 2491 4491 astate
2519 4433 2767 4507 juvenili,
2800 4430 3045 4502 quamvis
3092 4428 3226 4484 nihil
3254 4428 3431 4483 oberit

1840 4538 2002 4593 etiam
2046 4532 2092 4589 si
2137 4532 2239 4588 erit
2272 4527 2555 4593 infantilis,
2606 4525 2690 4583 vel
2730 4522 2914 4580 senilis
2961 4519 3203 4591 corporis
3236 4517 3427 4575 forma.

1840 4629 1931 4686 ubi
1974 4644 2073 4685 nec
2102 4626 2319 4694 mentis,
2363 4638 2462 4679 nec
2492 4621 2661 4693 ipsius
2700 4616 2943 4688 corporis
2983 4615 3090 4671 ulla
3132 4612 3433 4671 remanebit

132 4733 323 4780 autem
350 4722 652 4792 ubicunque
684 4719 837 4787 fiunt,
871 4718 939 4773 ibi
964 4717 1204 4774 sciuntur
1242 4718 1331 4772 vix
1383 4702 1413 4771 a
1463 4724 1569 4771 tota
1619 4710 1733 4786 ipsa
1762 4690 2145 4780 Dinﬁrmitas.
2179 4690 2331 4775 Unde
2362 4690 2528 4771 etiam
2553 4710 2599 4768 si
2627 4711 2744 4782 quis
2781 4710 2836 4765 in
2876 4723 2943 4765 eo
2981 4706 3225 4779 corporis
3264 4704 3429 4762 modo

134 4816 385 4882 civitate,
416 4812 499 4868 vel
528 4825 851 4882 quocunque
905 4808 1358 4864 commanentium
1410 4808 1551 4864 loco.
1598 4807 1733 4865 Nam

133 4909 465 4983 plerumque
495 4904 655 4961 etiam
682 4900 755 4957 ibi
788 4896 1092 4971 paucissimi
1142 4901 1318 4955 sciunt
1360 4900 1734 4971 ignorantibus

134 5000 380 5064 caeteris,
412 5000 643 5053 maxime
666 4994 713 5051 si
743 5008 935 5065 magna
967 4993 1034 5048 sit
1057 4991 1265 5058 civitas,
1309 5000 1361 5047 et
1392 4991 1605 5062 quando
1634 4992 1733 5048 ali-

136 5094 198 5151 bi
238 5091 466 5161 aliisque
513 5095 823 5152 narrantur,
852 5102 957 5140 non
988 5092 1132 5139 tanta
1158 5099 1220 5139 ea
1257 5083 1599 5139 commendat
1638 5099 1732 5140 au-

136 5183 408 5252 ctoritas,
464 5188 524 5239 ut
552 5184 670 5239 sine
721 5178 1039 5238 difficultate
1083 5177 1166 5233 vel
1225 5177 1560 5233 dubitatione
1622 5194 1740 5235 cre-

138 5282 367 5348 dantur,
401 5272 643 5350 quamvis
670 5268 988 5331 Christianis
1028 5262 1279 5329 iid'elibus
1310 5286 1341 5328 a
1368 5268 1616 5329 fidelibus
1658 5270 1737 5328 in-

140 5375 423 5431 dicentur.

708 5439 935 5497 CAPUT
974 5439 1178 5497 CLVII.

144 5565 232 5619 An
264 5560 333 5613 ad
366 5554 617 5611 Dominici
643 5556 872 5629 corporis
901 5555 1113 5608 modum
1144 5552 1739 5629 omniumumorluorum

260 5640 613 5685 resurrectura
636 5623 741 5681 sint
766 5640 1027 5696 corpora;
1061 5640 1123 5680 ea:
1148 5627 1325 5680 eodem
1352 5623 1481 5679 libro
1509 5640 1643 5681 χχιι.

226 5741 475 5801 Christus
506 5741 558 5798 in
602 5757 663 5798 ea
691 5754 938 5796 mensura
980 5738 1224 5809 corporis
1267 5740 1320 5795 in
1363 5753 1466 5810 qua
1495 5746 1741 5795 mortuus

147 5833 287 5913 [est]
317 5835 631 5902 resurrexit,
654 5850 755 5891 nec
781 5833 858 5889 fas
881 5840 961 5889 est
989 5831 1191 5902 dicere,
1233 5848 1353 5889 cum
1386 5833 1739 5891 resurrectio-

147 5931 245 5990 nis
267 5929 509 5991 omnium
538 5936 641 5989 tem
650 5943 747 6003 pus
767 5928 1000 6001 venerit,
1031 5939 1367 5988 accessuram
1382 5927 1596 6004 corpori
1612 5924 1732 6002 ejus

1839 4817 1891 4874 in
1922 4830 2032 4886 quo
2074 4813 2360 4868 defunctus
2398 4817 2483 4863 est
2523 4813 2955 4861 resurrecturum
2994 4815 3430 4873 unumquemque

1837 4907 2135 4973 contendit,
2168 4919 2274 4960 non
2301 4909 2384 4959 est
2410 4912 2533 4955 cum
2565 4897 2659 4953 illo
2699 4896 2969 4953 laboriosa
2998 4894 3429 4954 contradictione

1837 4996 2204 5073 pugnandum.

2378 5080 2608 5141 CAPUT
2646 5079 2826 5138 CLIX.

1845 5189 1924 5244 An
1964 5188 2017 5242 in
2059 5200 2152 5241 suo
2182 5198 2306 5238 sexu
2328 5178 2683 5235 resuscitanda
2719 5188 2871 5246 atque
2897 5189 3138 5246 mensura
3167 5178 3283 5227 sunt
3311 5188 3434 5227 cor-

2081 5268 2210 5328 pora
2249 5254 2589 5326 feminarum;
2621 5262 2685 5305 ea:
2712 5244 2886 5303 eodem
2912 5244 3041 5300 libro
3073 5257 3211 5300 xx".

1916 5367 2167 5426 Nonnulli
2217 5373 2436 5438 propter
2496 5361 2599 5418 hoc
2653 5359 2794 5431 quod
2826 5358 3027 5413 dictum
3078 5369 3198 5426 est,
3252 5355 3433 5414 Donec

1847 5475 2191 5520 occurramus
2214 5472 2403 5514 omnes
2432 5456 2483 5511 in
2522 5452 2693 5510 virum
2717 5448 3009 5521 perfectum
3041 5449 3094 5504 in
3122 5463 3429 5505 mensuram

1827 5557 2024 5612 astatis
2062 5550 2404 5623 plenitudinis
2452 5546 2693 5613 Christi,
2735 5554 2789 5599 et
2825 5542 3131 5599 conformes
3184 5541 3434 5612 imaginis

1848 5646 1971 5704 Filii
1998 5644 2114 5709 Dei,
2137 5658 2238 5698 nec
2268 5640 2322 5695 in
2352 5654 2483 5696 sexu
2515 5636 2746 5692 femineo
2767 5642 3163 5691 resurrecturas
3205 5630 3435 5686 feminas

1851 5738 2092 5801 credunt,
2115 5734 2207 5792 sed
2232 5736 2284 5790 in
2313 5731 2450 5788 virili
2482 5745 2670 5786 omnes
2692 5728 2860 5798 aiunt,
2886 5727 3137 5799 quoniam
3172 5726 3316 5781 Deus
3345 5738 3435 5780 so-

1850 5836 1962 5893 lum
1995 5834 2166 5891 virum
2197 5808 2323 5889 fecit
2350 5847 2416 5887 ex
2440 5830 2592 5895 limo,
2624 5825 2877 5882 feminam
2906 5840 2973 5880 ex
2996 5824 3138 5888 viro;
3171 5822 3266 5880 sed
3297 5812 3429 5876 mihi

1853 5924 2043 5991 melius
2070 5942 2260 6001 sapere
2286 5920 2534 5984 videntur
2571 5920 2662 5994 qui
2691 5930 2974 5990 utrumque
3010 5930 3199 5976 sexum
3245 5926 3432 5973 resur-
