3986 6382
563 371 669 430 807

1642 372 1708 432 D.
1746 371 2071 433 EUGYPPH
2108 373 2400 436 ABBATIS
2434 375 2764 440 AFRICANI
3735 401 3819 461 sos

560 472 1112 545 recturumnon
1127 465 1401 544 dubitant;
1425 468 1544 544 Non
1563 488 1707 545 enim
1731 491 1898 548 libido
1927 493 2002 548 ibi
2034 495 2160 567 erit,
2191 496 2246 558 Α
2267 503 2414 552 certe
2438 497 2625 554 volens
2648 497 2785 554 sicut
2805 502 3016 569 poterat
3037 485 3284 560 deﬁnire
3308 501 3526 574 Cicero,
3550 515 3718 568 tantus
3743 532 3816 570 au-

561 597 682 653 qute
710 582 1043 639 confusionis
1072 591 1156 640 est
1180 596 1338 639 causa
1371 599 1388 636 :
1422 597 1546 638 nam
1575 593 1884 657 priusquam
1927 603 2148 657 peccas-

560 685 684 734 sent
726 676 855 732 nudi
882 685 1053 741 erant,
1080 685 1136 732 et
1188 691 1297 732 non
1338 677 1828 748 confundebantur,
1867 682 1948 736 vir
1986 691 2043 737 et
2069 683 2152 738 fe-

559 769 728 825 mina.
759 768 1085 838 Corporibus
1109 783 1238 840 ergo
1269 769 1376 825 illis
1399 771 1524 825 vitia
1553 772 1932 840 detrahentur,
1960 784 2151 831 natura

559 864 899 931 servabitur;
944 878 1050 919 non
1085 874 1168 920 est
1212 875 1393 920 autem
1426 867 1612 922 vitium
1659 884 1819 925 sexus
1866 871 2148 938 femineus,

557 957 653 1011 sed
681 966 893 1022 natura,
940 971 1062 1025 qua:
1094 967 1218 1013 tunc
1257 960 1473 1029 quidem
1522 968 1576 1016 et
1619 975 1647 1014 a
1694 964 2003 1031 concubitu,
2035 973 2090 1019 ct
2119 979 2148 1018 a

554 1058 709 1120 partu
748 1050 1000 1105 immunis
1029 1052 1170 1106 erit:
1220 1063 1378 1109 erunt
1423 1063 1601 1110 tamen
1635 1058 1874 1112 membra
1916 1056 2148 1113 feminea

554 1158 665 1197 non
695 1145 1094 1200 accommodata
1135 1148 1256 1202 usui
1287 1149 1481 1214 veteri,
1514 1151 1606 1204 sed
1639 1149 1817 1233 decori
1850 1166 2010 1217 novo,
2041 1165 2148 1221 quo

550 1250 657 1290 non
687 1235 954 1292 alliciatur
996 1238 1312 1308 aspicientis
1345 1242 1806 1312 concupiscentia,
1850 1258 1971 1314 qum
2002 1245 2148 1301 nulla

550 1328 676 1394 erit,
703 1329 797 1383 sed
827 1329 920 1384 Dei
949 1330 1197 1386 laudetur
1218 1334 1483 1402 sapientia
1521 1343 1681 1404 atque
1710 1336 2020 1406 clementia,
2055 1338 2147 1406 qui

549 1429 606 1478 et
627 1421 769 1491 quod
799 1437 906 1477 non
932 1431 1087 1478 erant
1116 1423 1264 1492 fecit,
1313 1433 1368 1480 et
1416 1425 1664 1482 liberavit
1717 1443 1747 1481 a
1801 1431 2149 1498 corruptione

551 1513 692 1582 quod
728 1513 878 1570 fecit.
924 1514 994 1570 Ut
1043 1516 1186 1570 enim
1235 1516 1288 1570 in
1319 1518 1547 1573 exordio
1586 1517 1800 1588 generis
1832 1518 2050 1574 humani
2079 1519 2149 1576 de

551 1601 718 1657 latere
747 1604 848 1658 viri
871 1603 1191 1661 dormientis
1237 1616 1386 1662 costa
1435 1608 1672 1664 detracta
1721 1609 1918 1665 femina
1974 1611 2145 1677 ﬁeret,

549 1693 822 1749 Christum
850 1704 904 1750 et
931 1695 1227 1750 Eccle~iam
1252 1697 1341 1752 tali
1373 1698 1511 1753 facto
1533 1699 1645 1769 jam
1681 1709 1805 1755 tunc
1838 1699 2146 1771 prophetari

547 1789 848 1857 oportebat.
881 1789 1054 1858 Sopor
1082 1789 1280 1859 quippe
1312 1791 1402 1846 ille
1442 1793 1540 1846 viri
1573 1809 1718 1847 mors
1765 1801 1883 1848 erat
1923 1793 2146 1862 Christi,

2256 597 2378 644 ctor
2405 590 2678 660 ipsorum:
2703 591 2847 647 Mens
2873 592 3117 663 quadam
3148 601 3255 663 est,
3288 598 3483 669 inquit,
3515 603 3684 660 soluta
3701 617 3746 662 et
3765 609 3813 664 li-

2257 679 2383 735 hera
2406 722 2422 748 ,
2455 693 2663 738 secreta
2711 683 2778 738 ab
2817 686 2963 740 omni
3000 688 3344 745 concretione
3391 694 3630 760 mortali,
3667 703 3811 758 omnia

2254 774 2495 828 sentiens
2542 785 2598 830 et
2642 791 2884 845 movens,
2918 778 3145 850 ipsaque
3175 781 3400 850 praedita
3450 796 3604 842 motu
3645 796 3807 863 sempi-

2255 872 2438 922 terno.
2476 865 2590 922 Hoc
2610 878 2789 924 autem
2815 872 3015 940 reperit
3040 872 3094 926 in
3115 873 3372 930 doctrinis
3394 892 3705 948 magnorum
3724 888 3808 956 phi-

2253 957 2627 1028 losophorum.
2660 961 2728 1017 Ut
2760 961 2921 1032 igitur
2963 965 3259 1020 secundum
3305 969 3454 1037 ipsos
3484 969 3688 1041 laquar,
3710 994 3806 1046 quo-

2253 1049 2415 1104 modo
2436 1053 2638 1123 aliquid
2669 1054 2753 1110 vel
2782 1056 2911 1110 latet
2943 1056 3124 1111 omnia
3144 1059 3501 1128 sentientem,
3528 1066 3612 1118 vel
3640 1067 3802 1123 irrevo-

2253 1141 2498 1198 cabiliter
2541 1143 2676 1216 fugit
2723 1149 2902 1201 omnia
2948 1152 3292 1204 moventem?
3340 1152 3503 1209 Unde
3542 1156 3646 1225 jam
3686 1162 3803 1217 etiam

2251 1234 2478 1303 quarstio
2505 1237 2592 1289 illa
2623 1239 2876 1294 solvenda
2916 1250 3016 1306 est,
3059 1257 3178 1312 quae
3204 1243 3481 1300 difﬁcilior
3511 1246 3706 1304 videtur
3727 1267 3800 1307 ca-

2253 1326 2407 1392 teris,
2463 1327 2551 1382 ubi
2577 1332 2835 1399 qlltt'ritur
2860 1346 2981 1386 cum
3029 1347 3156 1389 caro
3200 1337 3397 1390 mortui
3427 1337 3663 1396 hominis
3682 1344 3799 1398 etia

2250 1421 2476 1476 alterius
2515 1423 2573 1476 fit
2597 1425 2826 1480 viventis
2855 1440 3004 1495 caro,
3030 1429 3114 1482 cui
3143 1428 3321 1498 potius
3349 1445 3547 1486 eorum
3584 1434 3634 1488 in
3659 1450 3797 1491 resur-

2251 1512 2491 1568 rectione
2519 1514 2793 1570 reddatur.
2824 1516 2881 1572 Si
2914 1517 3058 1572 enim
3101 1520 3372 1588 quispiam
3401 1523 3675 1579 confectus
3693 1525 3794 1583 fame

2250 1613 2411 1676 atque
2460 1610 2773 1679 compulsus
2829 1620 3078 1667 vescatur
3125 1612 3494 1670 cadaveribus
3550 1617 3792 1687 hominum,

2250 1698 2392 1769 quod
2420 1701 2618 1755 malum
2646 1702 2927 1772 aliquoties
2951 1703 3234 1773 accidisse,
3261 1717 3316 1761 ct
3337 1717 3496 1764 vetus
3520 1718 3722 1768 testatur
3739 1714 3794 1766 lii.

2252 1789 2419 1847 storia
2453 1800 2508 1846 et
2539 1803 2846 1850 nostrorum
2878 1804 3179 1866 temporum
3211 1797 3449 1854 infelicia
3481 1805 3794 1871 experimenta

546 1878 702 1948 cujus
725 1879 995 1935 exanimis
1026 1881 1078 1934 in
1103 1896 1263 1937 cruce
1287 1883 1571 1951 pendentis
1595 1885 1731 1939 latus
1760 1886 1946 1942 lancea
1970 1887 2147 1957 perfo-
2174 1889 2224 1953 Β
2250 1883 2580 1952 docuerunt,
2608 1902 2736 1941 num
2766 1889 3050 1959 quisquam
3077 1891 3318 1945 veridica
3365 1894 3572 1950 ratione
3615 1908 3792 1952 conten-

547 1984 720 2029 ratum
744 1984 846 2041 est,
870 1984 1031 2046 atque
1061 1977 1186 2032 inde
1213 1980 1434 2048 sanguis
1464 1989 1516 2035 et
1545 1996 1682 2050 aqua
1711 1982 1984 2052 profluxit,
2019 1997 2142 2052 quae

546 2075 884 2121 sacramenta
913 2083 1034 2123 esse
1063 2070 1308 2124 novimus
1338 2072 1531 2139 quibus
1560 2073 1856 2128 aedificatur
1878 2074 2139 2129 Ecclesia.

545 2155 681 2212 Nam
710 2158 813 2213 hoc
839 2160 999 2214 etiam
1024 2160 1190 2215 verbo
1220 2161 1496 2231 Scriptura
1525 2179 1618 2218 usa
1647 2175 1751 2230 est,
1788 2166 1876 2220 ubi
1910 2182 2016 2221 nou
2060 2166 2142 2221 le-

543 2247 685 2319 gitur
713 2250 981 2316 formavit,
1004 2263 1095 2308 aut
1121 2253 1295 2320 finxit,
1328 2254 1422 2309 sed
1447 2256 1734 2312 aedificavit
1772 2274 1890 2313 eam
1922 2259 1976 2314 in
2017 2275 2141 2315 mu—

543 2341 764 2412 lierem;
812 2346 957 2401 unde
1003 2354 1060 2401 et
1117 2348 1411 2416 Apostolus
1467 2350 1647 2404 dicit:
1705 2349 2142 2408 Edificationem

544 2439 785 2507 corporis
805 2438 1033 2515 Christi,
1057 2442 1198 2511 quod
1227 2450 1310 2496 est
1333 2441 1594 2498 Ecclesia.
1621 2444 1876 2498 Creatura
1905 2455 1989 2500 est
2012 2457 2143 2517 ergo

544 2527 640 2584 Dei
668 2528 886 2596 femina,
930 2530 1070 2585 sicut
1115 2532 1216 2599 vir,
1259 2534 1353 2589 sed
1406 2544 1465 2588 ut
1503 2533 1572 2590 de
1619 2534 1736 2589 viro
1774 2537 1925 2592 fieret
1966 2539 2143 2593 unitas

541 2622 915 2677 commendata
940 2623 1064 2696 [est]
1086 2642 1100 2690 ;
1125 2634 1182 2678 ut
1201 2637 1380 2681 autem
1403 2627 1497 2681 illo
1514 2627 1675 2681 modo
1697 2627 1850 2685 fieret
1868 2629 2141 2699 Christus,

541 2722 600 2769 ut
629 2714 831 2769 dictum
883 2725 990 2782 est,
1046 2727 1100 2772 et
1153 2718 1394 2773 Ecclesia
1447 2719 1669 2788 figurata
1699 2729 1802 2776 est.
1859 2722 1960 2789 Qui
2011 2737 2141 2792 ergo

540 2815 828 2877 utrumque
852 2823 1040 2864 sexum
1071 2810 1326 2877 instituit,
1359 2821 1643 2884 utrumque
1675 2815 1949 2872 restituet.
1981 2815 2141 2871 Deni-

538 2912 645 2969 que
689 2899 806 2969 ipsc
834 2899 990 2957 Jesus
1022 2901 1382 2973 interrogatus
1413 2917 1443 2958 a
1487 2905 1819 2975 Sadducreis,
1849 2907 1942 2976 qui
1974 2921 2140 2978 nega-

536 2991 670 3046 bant
711 2994 1206 3050 resurrectionem:
1261 2995 1429 3064 Cujus
1484 3007 1690 3066 septem
1753 2998 1977 3053 fratrum
2037 3000 2143 3056 erit

539 3096 684 3134 uxor
709 3096 870 3150 quam
915 3084 1114 3152 singuli
1151 3084 1493 3139 habuerunt?
1525 3087 1648 3141 dum
1697 3089 1930 3157 quisque
1949 3102 2140 3148 eorum

537 3169 707 3224 vellet
756 3171 995 3226 defuncti
1048 3187 1258 3243 semen,
1301 3175 1441 3230 sicut
1497 3177 1582 3232 lex
1622 3191 1952 3249 praeceperat
1990 3181 2138 3237 exei-

2249 1975 2340 2032 det
2361 1986 2530 2032 totum
2554 1979 2822 2051 digestum
2848 1980 3014 2037 fuisse
3037 1997 3132 2052 per
3155 1983 3294 2039 imos
3312 1997 3540 2055 meatus,
3563 1989 3678 2043 nihil
3699 1991 3791 2045 inde

2250 2070 2304 2125 in
2331 2071 2446 2141 ejus
2471 2087 2689 2128 carnem
2726 2085 2987 2129 mutatum
3018 2085 3180 2147 atque
3203 2091 3541 2144 conversum,
3571 2096 3676 2136 cum
3703 2083 3792 2151 ipsa

2246 2163 2446 2218 macies
2476 2179 2599 2234 quae
2628 2164 2745 2231 fuit,
2787 2172 2842 2219 et
2886 2182 2994 2220 non
3024 2175 3130 2236 est,
3175 2169 3310 2224 satis
3339 2170 3525 2226 indicet
3564 2189 3672 2240 qua:
3701 2174 3793 2227 illis

2245 2255 2396 2311 escis
2444 2256 2774 2311 detrimenta
2824 2258 3073 2329 suppleta
3127 2258 3275 2314 sint?
3313 2260 3416 2314 1am
3445 2263 3606 2332 itaque
3629 2262 3783 2330 aliqua
3930 2255 3931 2314 ξ

2244 2349 2405 2417 paulo
2427 2359 2547 2402 ante
2571 2349 2812 2419 praemisi
2843 2366 2963 2420 quas
2991 2349 3059 2404 ad
3091 2351 3254 2406 istum
3279 2367 3469 2422 quoque
3494 2353 3670 2407 nodum
3691 2361 3784 2406 sot-
3930 2363 3931 2438 χ

2245 2438 2480 2494 vendum
2520 2440 2702 2496 valere
2752 2440 3049 2498 debebunt.
3100 2443 3368 2511 Quidquid
3405 2444 3534 2499 enim
3575 2447 3786 2499 carnium

2243 2532 2491 2587 exhausit
2511 2531 2705 2599 fames,
2735 2535 2917 2603 utique
2942 2534 2994 2589 in
3025 2551 3187 2591 auras
3213 2547 3298 2591 est
3335 2537 3644 2603 exhalatutu,
3670 2538 3782 2591 unde

2242 2626 2475 2682 diximus
2502 2629 2926 2696 omnipotentem
2975 2629 3146 2684 Deum
3176 2645 3335 2700 posse
3384 2646 3625 2686 revocare
3668 2629 3774 2700 quod

2242 2719 2395 2791 fugit.
2434 2721 2710 2778 lleddetur
2734 2737 2864 2793 ergo
2893 2737 3020 2779 caro
3045 2725 3134 2778 illa
3159 2724 3362 2780 homini
3387 2726 3446 2780 in
3475 2742 3572 2796 quo
3599 2741 3772 2781 esseta-

2241 2829 2304 2870 ro
2333 2814 2563 2870 humana
2595 2816 2845 2886 primitus
2868 2819 3052 2888 coepit,
3083 2818 3152 2872 ab
3175 2819 3268 2874 illo
3290 2820 3497 2890 quippe
3532 2819 3760 2873 alterotan-

2241 2923 2401 2980 quam
2435 2922 2622 2965 mutuo
2667 2920 2880 2979 sumpta
2929 2912 3232 2981 deputanda
3284 2925 3396 2980 est,
3429 2930 3549 2984 qua:
3585 2917 3754 2967 sicutzs

2240 3001 2476 3057 alienum
2500 3003 2549 3057 ei
2577 3003 2906 3058 redhibenda
2931 3014 3035 3070 eSt,
3062 3005 3203 3060 unde
3219 3015 3438 3075 sumpta
3464 3017 3559 3065 est.
3579 3008 3654 3061 Sua
3669 3017 3762 3057 vero

2241 3093 2319 3148 illi
2359 3110 2518 3165 quem
2554 3093 2725 3150 fames
2759 3096 3083 3151 exiuanicrit
3111 3095 3554 3168 [exinaniverat],
3576 3101 3628 3151 ab
3645 3112 3692 3151 eo
3708 3094 3771 3163 qui

2241 3196 2420 3256 potest
2441 3188 2605 3242 etiam
2628 3188 2879 3244 exhalata
2907 3204 3168 3245 revocare
3196 3191 3482 3256 reddetur,
3515 3189 3714 3262 quamvis
3735 3195 3774 3238 et

539 3268 656 3315 tare
690 3277 703 3315 :
737 3261 967 3328 Erratis,
1026 3263 1217 3334 inquit,
1261 3267 1568 3325 nescientes
1617 3271 1925 3341 Scripturas
1965 3289 2139 3345 neque
2166 3264 2212 3328 C
2242 3279 2288 3333 si
2333 3280 2585 3334 omnibus
2613 3280 2842 3349 perisset
2869 3281 3066 3348 modis,
3105 3297 3207 3338 nec
3237 3283 3345 3337 ulla
3367 3284 3486 3353 ejus
3516 3261 3773 3337 materiesin

537 3354 789 3410 virtutem
823 3355 954 3423 Dei;
987 3364 1043 3412 et
1082 3371 1202 3414 cum
1233 3360 1382 3417 locus
1408 3373 1553 3420 esset
1584 3373 1640 3419 ut
1673 3365 1899 3434 diceret,
1930 3367 2007 3424 De
2032 3384 2133 3438 qua

535 3445 679 3500 enim
711 3461 797 3502 me
816 3447 1179 3520 interrogatis,
1199 3452 1281 3506 vir
1302 3454 1408 3507 erit
1428 3454 1587 3509 etiam
1613 3457 1753 3527 ipsa,
1778 3473 1882 3512 non
1907 3457 2132 3526 mulier;

535 3551 640 3592 non
668 3535 813 3611 [hoc]
844 3540 1000 3606 dixit,
1027 3541 1123 3597 sed
1150 3543 1286 3599 dixit
1317 3563 1328 3597 :
1357 3546 1413 3600 ln
1434 3550 1834 3606 resurrectione
1863 3551 2008 3607 enim
2038 3567 2134 3608 ne-

533 3642 640 3698 que
670 3631 890 3697 nubent,
917 3649 1091 3704 neque
1121 3650 1318 3692 uxores
1342 3638 1559 3706 ducent,
1591 3640 1687 3696 sed
1720 3652 1846 3696 sunt
1872 3643 2010 3699 sicut
2039 3661 2135 3699 an-

535 3721 643 3791 geli
680 3723 772 3778 Dei
805 3725 859 3779 in
885 3728 1049 3783 caelo.
1082 3728 1341 3798 :Equales
1373 3733 1554 3801 utique
1585 3735 1786 3804 angelis
1815 3735 2134 3792 immortali-

539 3822 648 3868 tate
688 3829 752 3869 ac
782 3815 1055 3886 felicitate,
1086 3835 1193 3876 non
1224 3837 1388 3879 carne
1425 3826 1564 3880 sicut
1591 3842 1692 3880 nec
1714 3829 2130 3897 resurrectione,

535 3919 639 3975 qua
671 3921 776 3962 non
809 3908 1153 3980 indiguerunt
1192 3914 1392 3983 angeli,
1444 3918 1696 3986 quoniam
1738 3934 1837 3974 nec
1877 3921 2014 3976 mori
2043 3937 2130 3991 po-

535 4006 773 4056 tuerunt.
807 4001 1030 4072 Nuptias
1058 4019 1186 4076 ergo
1229 4007 1486 4065 Dominus
1533 4011 1737 4068 futuras
1767 4015 1978 4084 negavit
2007 4030 2132 4072 esse

533 4092 588 4146 in
638 4096 1056 4160 resurrectione,
1092 4115 1197 4154 non
1237 4100 1500 4184 feminas;
1536 4116 1593 4160 et
1651 4105 1725 4161 ibi
1771 4110 2007 4179 negavit,
2040 4109 2132 4166 ubi

532 4183 652 4241 talis
681 4189 908 4257 quzestio
942 4193 1280 4265 vertebatur,
1323 4208 1380 4252 ut
1407 4213 1526 4254 eam
1567 4209 1760 4271 negato
1781 4216 1914 4258 sexu
1943 4204 2132 4261 mulie-

533 4278 615 4333 bri
640 4282 898 4338 celeriore
927 4283 1192 4342 facilitate
1240 4288 1583 4359 dissolveret,
1627 4296 1672 4347 si
1712 4309 1834 4348 eum
1877 4295 1948 4348 ibi
1991 4311 2131 4365 pra:-

533 4384 785 4426 nosceret
829 4389 936 4429 non
978 4376 1248 4445 futurum;
1291 4380 1399 4434 imo
1428 4383 1589 4438 etiam
1623 4383 1858 4439 futurum
1884 4401 2005 4442 esse
2036 4388 2129 4443 fir-

533 4466 698 4518 mavit
725 4465 975 4536 dicendo,
1011 4485 1124 4525 non
1152 4472 1375 4538 nubent,
1429 4477 1575 4544 quod
1603 4477 1669 4530 ad
1697 4477 1924 4535 feminas
1964 4482 2130 4550 perti-

531 4566 647 4621 net,
691 4573 790 4614 nec
817 4576 1012 4618 uxores
1060 4564 1282 4630 ducent,
1324 4567 1467 4636 quod
1499 4569 1566 4623 ad
1601 4571 1764 4625 viros.
1800 4572 1968 4627 Erunt
2000 4588 2129 4643 ergo

2240 3370 2367 3427 ullis
2399 3382 2605 3427 naturae
2635 3371 2792 3444 104
2831 3373 3056 3429 latebris
3111 3376 3465 3431 remansisset
3486 3375 3631 3440 unde,
3657 3374 3777 3425 vellet

2239 3478 2358 3522 eam
2384 3476 2666 3536 repararet
2690 3467 3065 3536 Omnipotens.
3111 3466 3219 3522 Sed
3263 3477 3482 3537 prOpter
3510 3465 3779 3521 sententiam

2238 3558 2500 3621 veritatis,
2527 3573 2631 3626 qua
2660 3557 2864 3613 dictum
2896 3569 3001 3630 est,
3048 3557 3289 3629 Capillus
3311 3559 3500 3629 capitis
3531 3557 3675 3612 vestri
3698 3569 3779 3608 non

2237 3651 2454 3720 peribit,
2486 3651 2775 3705 absurdum
2803 3661 2887 3707 est
2915 3659 2975 3705 ut
3003 3659 3274 3722 putemus,
3308 3667 3425 3707 cum
3464 3647 3668 3719 capillus
3707 3647 3783 3700 ho-

2237 3744 2398 3799 minis
2431 3745 2604 3814 perire
2621 3759 2729 3800 non
2752 3744 2945 3814 possit,
2978 3754 3155 3800 tantas
3180 3760 3371 3801 carnes
3393 3745 3520 3799 fame
3556 3742 3780 3810 depastas

2238 3845 2398 3905 atque
2425 3845 2777 3905 consumptas
2825 3839 3005 3907 perire
3033 3839 3294 3908 potuisse.
3335 3838 3515 3904 Quibus
3550 3833 3777 3889 omnibus

2236 3946 2337 3999 pro
2363 3943 2550 3988 nostro
2573 3933 2794 3989 modulo
2831 3933 3188 3989 consideratis
3221 3944 3372 4003 atque
3397 3931 3640 3990 tractatis,
3674 3927 3785 3981 hate
3929 3901 3931 4048 4

2234 4039 2446 4081 summa
2484 4028 2790 4094 conficitur,
2823 4026 2950 4082 utin
2976 4028 3378 4082 resurrectione
3395 4025 3561 4082 carnis
3579 4023 3634 4078 in
3653 4033 3788 4077 teter-

2235 4135 2362 4174 num
2408 4134 2502 4175 eas
2555 4135 2840 4176 mensuras
2899 4120 3095 4175 habeat
3143 4135 3432 4189 corporum
3487 4116 3784 4189 magnitudo,

2233 4227 2367 4284 quas
2391 4213 2624 4269 habebat
2648 4213 3018 4284 perficienda),
3045 4214 3160 4269 sive
3183 4213 3443 4283 perfectas
3466 4213 3702 4281 cujusque
3720 4210 3786 4263 in-

2232 4305 2343 4360 dita
2357 4307 2599 4374 corporis
2628 4305 3108 4375 ratiojuventutis,
3135 4305 3187 4360 in
3221 4306 3590 4362 membrorum
3611 4314 3780 4372 quoque

2231 4399 2476 4453 omnium
2495 4396 2724 4454 modulis
2748 4413 2988 4467 congruo
3014 4397 3213 4453 decore
3233 4409 3478 4462 servato,
3505 4396 3636 4467 quod
3658 4394 3782 4449 decus

2232 4497 2290 4543 ut
2329 4499 2575 4543 servetur
2605 4490 2650 4543 si
2680 4489 2882 4560 aliquid
2915 4489 3190 4560 demptum
3235 4488 3399 4543 fuerit
3433 4488 3685 4543 indecenti
3706 4484 3774 4536 ali-

2231 4583 2318 4637 cui
2346 4583 2637 4651 granditati
2667 4584 2720 4638 in
2767 4593 2921 4654 parte
2968 4583 3145 4652 aliqua
3198 4583 3542 4651 constitutas,
3576 4579 3679 4652 quod
3701 4588 3767 4646 pet

531 4663 654 4720 qua:
686 4651 771 4706 vel
819 4653 1019 4710 nubere
1058 4656 1146 4714 hic
1176 4660 1370 4728 solent,
1408 4660 1490 4733 vel
1521 4662 1725 4720 ducere
1766 4681 1983 4734 uxores,
2025 4669 2120 4725 sed
2150 4661 2206 4724 D
2230 4679 2400 4728 totum
2427 4684 2728 4743 spargatur,
2759 4651 2818 4729 ut
2843 4690 3020 4744 neque
3061 4651 3115 4728 id
3150 4685 3360 4744 pereat,
3391 4685 3454 4729 et
3476 4651 3777 4744 congruentia

530 4741 603 4797 ibi
633 4740 734 4797 hoc
757 4758 861 4799 non
894 4746 1109 4804 facient.

1110 4859 1339 4918 CAPUT
1379 4863 1540 4921 CLX.

533 4948 683 5034 Quod
693 5023 704 5037 Ι
719 4952 774 5005 in
789 5024 799 5037 Ι
807 4954 1542 5037 resurrectione“mortuorum
1586 5034 1596 5037 _
1611 4971 1800 5037 natura
1847 4980 2120 5037 corporum

596 5022 901 5107 quibuslibet
953 5026 1116 5107 modis
1158 5028 1527 5107 dissipatorum
1577 5034 1632 5088 in
1673 5022 1947 5107 integrum.
1974 5054 2118 5093 revo-

597 5095 768 5148 canda
798 5095 893 5161 sit;
921 5111 985 5148 ea:
1010 5096 1184 5151 eodem
1211 5095 1339 5154 libro
1363 5117 1492 5157 xxu.

597 5207 753 5262 Absit
781 5207 1005 5282 [autem]
1041 5221 1100 5267 ut
1123 5213 1192 5268 ad
1219 5216 1593 5272 resuscitanda
1634 5233 1860 5290 corpora
1880 5223 2118 5294 vitasque

524 5298 799 5355 reddenda
841 5317 948 5357 non
980 5305 1146 5373 possit
1189 5308 1578 5377 omnipmentia
1619 5312 1892 5368 Creatoris
1938 5315 2117 5372 omnia

526 5405 778 5448 revocare
805 5409 924 5463 quze
963 5396 1045 5449 vel
1074 5396 1282 5465 bestias,
1313 5401 1397 5456 vel
1422 5401 1559 5471 ignis
1583 5403 1887 5474 absumpsit
1916 5405 1968 5461 in
1999 5408 2118 5476 pul-

527 5496 711 5540 verem
741 5487 1046 5542 cineremve
1083 5490 1403 5562 collapsum,
1433 5494 1522 5548 vel
1552 5494 1608 5548 in
1647 5495 1927 5552 humorem
1965 5499 2114 5554 solu-

527 5583 669 5640 tum,
719 5579 804 5632 vel
854 5580 907 5633 in
955 5596 1115 5637 auras
1175 5595 1258 5639 est
1307 5586 1654 5652 exbalatum;
1698 5591 1838 5644 absit
1880 5601 1938 5646 ut
1971 5592 2120 5650 sinus

525 5667 668 5722 ullus
700 5681 1076 5743 secretumque
1123 5687 1327 5733 naturae
1369 5678 1443 5733 ita
1483 5679 1706 5749 recipiat
1744 5684 1948 5752 aliquid
1991 5687 2119 5740 sub-

525 5766 755 5837 tractum
817 5768 1063 5823 sensibus
1119 5773 1356 5839 nostris,
1410 5775 1773 5831 utOomnium
1843 5777 2116 5837 Creatoris

525 5860 622 5907 aut
638 5859 1000 5925 cognitionem
1023 5860 1207 5933 lateat,
1227 5875 1316 5921 aut
1339 5867 1558 5940 eﬂ‘ugiat
1576 5879 1914 5941 potestatem.
1941 5873 2113 5935 Deum
2163 5927 2193 5954 ,

2225 4765 2457 4834 partium
2490 4761 2689 4834 ubique
2729 4775 2997 4836 teneatur,
3049 4781 3154 4820 non
3207 4776 3291 4821 est
3319 4767 3626 4822 absurdum
3651 4773 3698 4817 ut
3718 4759 3788 4815 ali-

2225 4857 2354 4928 quid
2389 4857 2512 4913 inde
2539 4858 2701 4913 etiam
2733 4868 2958 4913 staturas
2986 4859 3235 4929 corporis
3271 4856 3396 4912 addi
3437 4874 3606 4928 posse
3641 4852 3792 4910 creda-

2225 4963 2371 5014 mus,
2395 4965 2516 5004 cum
2542 4949 2795 5004 omnibus
2824 4949 3086 5018 partibus,
3118 4959 3176 5004 ut
3200 4949 3464 5004 decorem
3498 4947 3792 5008 custodiant,

2221 5039 2275 5096 id
2300 5040 2676 5098 distribuitur:
2714 5041 2855 5112 quod
2881 5043 2926 5097 si
2954 5043 3255 5098 euormiter
3294 5042 3349 5095 in
3378 5057 3497 5096 una
3529 5048 3690 5105 esset,
3715 5038 3796 5092 uti-

2222 5149 2329 5207 que
2362 5150 2468 5190 non
2498 5135 2735 5191 deceret.
2768 5137 2876 5190 Aut
2917 5134 2962 5189 si
2994 5134 3338 5190 contenditur
3365 5134 3422 5189 in
3473 5150 3544 5191 ea
3571 5141 3803 5206 quemque

2225 5239 2432 5286 statura
2457 5232 2704 5303 corporis
2745 5239 3174 5286 resurrecturum
3219 5247 3364 5296 esse,
3408 5231 3472 5288 in
3501 5249 3611 5303 qua
3644 5229 3805 5286 defun-

2223 5335 2343 5382 ctus
2365 5336 2467 5390 est,
2496 5341 2602 5381 non
2632 5324 2946 5396 pugnaciter
2974 5324 3334 5380 resistendum
3359 5333 3470 5390 est,
3503 5334 3709 5380 tantum
3735 5320 3807 5375 ab-

2225 5419 2296 5473 sit
2324 5420 2500 5474 omnis
2529 5417 2862 5483 deformitas,
2893 5418 3075 5472 omnis
3103 5418 3414 5484 infirmitas,
3451 5420 3646 5473 omnis
3673 5414 3812 5471 tardi-

2224 5518 2324 5572 tas,
2369 5509 2654 5578 omnisque
2685 5509 2988 5578 corruptio,
3033 5516 3086 5561 et
3115 5509 3159 5563 si
3187 5509 3314 5579 quid
3362 5508 3520 5564 aliud
3557 5507 3689 5565 illud
3728 5517 3815 5560 non

2225 5604 2384 5658 decet
2422 5617 2645 5672 regnum
2688 5602 2742 5656 in
2773 5616 2880 5671 quo
2909 5601 3323 5656 resurrectionis
3345 5609 3401 5655 et
3440 5597 3813 5671 promissionis

2225 5695 2319 5751 lilii
2349 5697 2583 5766 aequales
2622 5703 2782 5750 erunt
2825 5695 3031 5765 angelis
3063 5695 3177 5764 Dei,
3217 5695 3263 5748 si
3294 5709 3398 5748 non
3427 5709 3704 5766 corpore,
3727 5705 3818 5747 non

2221 5797 2398 5853 aetate,
2431 5798 2578 5844 certe
2610 5788 2883 5843 felicitate.
2912 5790 3245 5844 llestituetur
3288 5803 3415 5856 ergo
3453 5788 3734 5860 quidquid
3763 5786 3820 5840 de

2220 5878 2536 5950 corporibus
2565 5879 2723 5942 vivis,
2747 5880 2830 5937 vel
2859 5889 2980 5951 post
3003 5888 3229 5936 mortem
3251 5877 3318 5936 de
3331 5879 3716 5939 cadaveribus
3743 5890 3822 5950 pe-
