3986 6382
147 401 250 461 809
1327 428 1757 494 THESAURUS.
1795 440 1950 500 CAP.
1991 445 2196 506 CLXII.

145 521 250 590 riit,
278 532 333 579 et
355 523 513 582 simul
539 540 659 585 cum
699 545 766 588 eo
804 535 946 605 quod
974 535 1028 592 in
1066 540 1328 610 sepulcris
1368 553 1626 607 remansit
1653 554 1704 609 in
1732 561 1780 618 Α
1810 573 1908 614 nec
1935 577 2106 618 comm

141 616 391 687 spiritalis
417 623 658 692 corporis
681 629 969 684 novitatem
991 646 1057 687 ex
1090 635 1333 693 animalis
1355 647 1598 711 corporis
1622 662 1715 702 ve-

140 716 335 764 tustate
363 722 622 768 mutatum
665 731 908 790 resurget
953 724 1354 797 incorruptione
1399 744 1560 806 atque
1605 741 1707 795 im-

138 799 464 857 mortalitate
486 807 758 876 vestitum,
784 812 879 866 sed
906 822 961 868 et
989 817 1034 869 si
1067 818 1148 872 vel
1179 833 1306 876 casu
1333 823 1507 895 aliquo
1538 832 1704 899 gravi,

134 891 220 944 vel
250 891 584 953 inimicorum
616 900 944 961 immanitate
968 917 1136 965 totum
1165 916 1377 980 penitus
1401 932 1711 980 conteratur

131 996 185 1051 in
211 985 504 1053 pulverem,
540 998 700 1061 atque
731 995 782 1048 in
810 1011 988 1065 auras,
1031 1005 1114 1057 vel
1145 1005 1196 1058 in
1220 1021 1385 1076 aquas
1408 1012 1707 1082 dispersum

129 1085 384 1141 quantum
416 1079 534 1133 fieri
562 1090 760 1148 potest,
786 1102 1044 1156 nusquam
1065 1105 1187 1149 esse
1227 1097 1273 1150 si
1314 1107 1505 1156 natura
1529 1107 1708 1162 omnia
1785 1124 1787 1126 ·

127 1166 279 1220 ιιιιΙΙο
300 1169 460 1224 modo
488 1172 726 1229 subtrahi
760 1181 956 1245 poterit
987 1185 1385 1254 omnipotentia:
1407 1192 1698 1266 Creatoris,

127 1256 225 1311 sed
253 1261 476 1328 capillus
505 1264 560 1318 in
591 1281 656 1321 eo
680 1269 870 1337 capitis
910 1287 1014 1327 non
1046 1278 1259 1343 peribit.
1305 1281 1420 1338 Erit
1442 1299 1570 1354 ergo
1595 1256 1706 1357 spi;

120 1350 248 1405 ritui
279 1353 489 1409 subdita
517 1371 644 1413 caro
672 1361 947 1429 spiritalis,
971 1367 1065 1421 sed
1092 1377 1269 1426 tamen
1298 1387 1425 1429 caro
1463 1391 1569 1432 non
1596 1379 1705 1448 spi—

119 1443 256 1498 ritus
286 1461 301 1499 :
333 1447 469 1501 sicut
502 1453 651 1505 carni
679 1454 920 1511 subditus
946 1457 1048 1513 fuit
1069 1464 1422 1536 spiritusipse
1444 1472 1701 1540 carnalis,

117 1531 215 1587 sed
250 1544 422 1592 tamen
450 1541 672 1608 spiritus
702 1560 809 1601 non
837 1562 981 1604 caro.
1012 1551 1178 1622 Cujus
1202 1559 1280 1612 rei
1311 1559 1572 1617 habemus
1603 1579 1699 1619 ex-

115 1625 482 1694 perimentum
513 1631 565 1685 in
589 1645 789 1691 nostra:
814 1653 984 1707 patriae
1014 1643 1379 1704 deformitate.
1410 1649 1525 1706 Non
1553 1654 1697 1709 enim

3289 485 3396 546 810

2115 581 2276 625 onere
2303 568 2768 655 [commemorare]
2787 600 2874 643 me
2900 589 3060 663 piget,
3103 600 3396 663 conﬁtente

1818 649 2141 725 Porphyrio,
2187 670 2345 732 atque
2379 664 2434 721 id
2465 673 2696 728 oraculis
2737 678 2957 738 deorum
2997 702 3216 748 suorum
3263 712 3394 766 pro-

1818 741 1940 766 ,ην
2084 751 2095 762 .
2177 764 2183 766 Α
2280 757 2293 766 .

3040 741 3043 742 ν
3074 741 3216 748 -___.
3263 741 3391 766 ,ηνκ

1817 741 1946 801 bare
1974 751 2244 822 cupiente,
2277 757 2391 827 ipsa
2421 766 2634 822 numina
2663 773 3075 838 perhorrescunt
3095 803 3108 838 :
3127 803 3286 857 quem
3313 795 3393 850 sic

1817 836 1898 857 I---
1925 841 1937 857 Ι
1955 856 1960 857 ν
2016 843 2047 857 ‘-
2144 855 2149 857 ·
2415 855 2436 857 “

1816 836 2074 907 laudavit,
2099 855 2158 899 ut
2180 863 2300 904 eum
2328 862 2384 907 et
2413 855 2581 912 Deum
2611 860 2822 921 Patrem
2865 878 2919 926 et
2943 836 3393 945 regemjvocaret.

1813 927 1968 985 Absit
1994 935 2136 989 enim
2160 948 2218 993 ut
2235 942 2312 996 sic
2341 944 2687 1020 intelligenda
2709 956 2816 1012 sint
2840 974 2960 1030 quae
2984 927 3232 1034 p'rredixit
3259 991 3393 1042 quo-

1813 1023 1974 1079 modo
2003 1029 2187 1086 volunt
2211 1032 2268 1088 bi
2296 1038 2384 1105 qui
2417 1038 2520 1096 hoc
2539 1059 2659 1100 cum
2691 1053 2888 1108 mundo
2910 1071 3015 1111 non
3042 1063 3394 1121 crediderunt

1811 1115 1952 1182 quod
1982 1122 2240 1178 mundum
2285 1129 2612 1189 crediturum
2653 1152 2774 1194 esse
2805 1145 3071 1211 praedixit.
3104 1149 3212 1205 Cur
3239 1156 3384 1210 enim

1809 1221 1915 1262 non
1935 1212 2110 1278 potius
2125 1216 2196 1270 ita
2210 1219 2346 1274 sicut
2365 1225 2662 1286 crediturus
2681 1241 2830 1291 tanto
2848 1249 2972 1296 ante
2993 1245 3281 1311 praedictus
3304 1261 3390 1305 est

1808 1303 2059 1370 mundus,
2089 1322 2194 1362 non
2222 1310 2359 1369 sicut
2386 1320 2696 1385 paucissimi
2732 1331 2990 1400 garriunt,
3013 1336 3103 1406 qui
3138 1339 3239 1395 hoc
3263 1355 3386 1398 cum

1805 1395 2008 1450 mundo
2036 1400 2176 1467 quod
2199 1405 2502 1463 crediturus
2531 1395 2817 1481 praedictus
2847 1431 2931 1477 est
2955 1395 3176 1486 credere
3197 1434 3384 1491 nolue-

1802 1486 1966 1540 runt?
1990 1486 2046 1542 Si
2074 1492 2214 1548 enim
2245 1505 2530 1566 propterea
2563 1503 2744 1562 dicunt
2780 1512 2888 1567 alio
2917 1518 3079 1574 modo
3100 1535 3220 1578 esse
3250 1540 3372 1582 cre-

1801 1575 1997 1646 denda,
2029 1597 2115 1647 ne,
2147 1585 2192 1638 si
2217 1586 2448 1644 dixerint
2481 1607 2615 1648 vana
2638 1612 2756 1654 esse
2774 1606 3096 1676 conscripta,
3129 1613 3378 1683 injuriam

111 1718 408 1774 secundum
440 1735 680 1792 carnem,
729 1729 828 1784 sed
877 1734 1056 1802 utique
1101 1739 1395 1795 secundum
1448 1745 1695 1822 spiritum

111 1811 355 1866 carnales
383 1825 556 1882 erant,
581 1818 772 1887 quibus
801 1825 876 1877 ait
897 1824 1186 1894 Apostolus
1212 1847 1225 1883 :
1268 1831 1386 1887 Non
1420 1811 1568 1902 potui
1599 1853 1693 1893 vo-

107 1897 193 1954 bis
219 1901 368 1972 loqui
395 1907 546 1974 quasi
575 1910 926 1983 spiritalibus,
959 1918 1053 1972 sed
1083 1922 1234 1988 quasi
1258 1897 1582 1982 carnalibus.
1616 1930 1681 1985 Et
1711 1944 1759 2003 Β

105 1993 276 2052 homo
306 1999 587 2070 spiritalis,
640 2005 719 2060 sic
763 2009 815 2063 in
868 2011 967 2066 hac
1004 2014 1109 2068 vita
1140 2016 1356 2086 dicitur,
1401 2031 1455 2075 ut
1507 2032 1685 2080 tamen

101 2101 336 2158 corpore
369 2094 545 2151 adhuc
572 2101 804 2155 carnalis
832 2103 920 2172 sit,
944 2115 998 2160 et
1026 2108 1206 2164 videat
1238 2112 1395 2166 aliam
1427 2115 1598 2186 legem
1629 2120 1682 2174 in

98 2183 362 2239 membris
390 2188 502 2241 suis
528 2202 911 2260 repugnantem
929 2196 1035 2266 legi
1065 2201 1259 2255 mentis
1287 2219 1423 2258 suae.
1448 2205 1566 2261 Erit
1586 2221 1682 2262 au-

97 2281 211 2328 tem
242 2279 402 2332 etiam
429 2294 656 2351 corpore
683 2287 943 2355 spiritalis
970 2305 1092 2347 cum
1124 2294 1311 2349 eadem
1340 2312 1466 2352 caro
1492 2301 1570 2355 sic
1598 2317 1684 2356 re-

89 2366 338 2420 surrexit
367 2377 423 2422 ut
453 2371 548 2425 liat
573 2375 716 2441 quod
745 2377 1004 2446 scriptum
1056 2390 1138 2436 est
1167 2398 1183 2436 :
1225 2385 1534 2443 Seminatur
1561 2404 1681 2446 cor-

87 2468 206 2523 pus
228 2458 480 2525 animale,
505 2475 747 2533 resurget
773 2481 966 2536 corpus
978 2473 1239 2540 spiritale.
1262 2479 1392 2543 Quae
1411 2481 1484 2534 sit
1500 2491 1680 2538 autem

84 2553 153 2601 et
173 2561 333 2613 quam
353 2564 541 2621 magna
563 2556 816 2623 spiritalis
837 2564 1074 2631 corporis
1097 2570 1283 2636 gratia,
1300 2572 1422 2640 quia
1445 2576 1678 2630 nondum

83 2637 249 2691 venit
294 2639 350 2694 in
394 2645 842 2717 experimentum,
883 2668 1072 2710 vereor
1113 2673 1181 2713 ne
1226 2666 1563 2721 temerarium
1604 2669 1674 2724 sit

79 2740 260 2783 omne
285 2733 427 2800 quod
450 2735 517 2790 de
543 2736 631 2791 illa
658 2742 926 2808 profertur
946 2747 1239 2817 eloquium.
1262 2782 1334 2795 -
1361 2755 1439 2810 De
1460 2760 1679 2814 novitate

77 2821 328 2888 corporis
367 2826 652 2896 spiritalis,
695 2832 747 2885 in
773 2850 873 2901 qua
901 2848 1200 2894 sanctorum
1228 2860 1347 2898 caro
1371 2851 1673 2906 mutabitur.

76 2909 178 2965 Ea:
204 2914 381 2968 eodem
410 2919 539 2972 libro
570 2920 634 2976 de
662 2922 878 2983 Civitate
905 2928 1007 2985 Dei
1022 2948 1154 2989 xxn.
1178 2939 1391 2995 -—Cum
1415 2943 1530 2998 haec
1552 2959 1677 3014 pro-

74 3005 282 3062 missio
324 3012 701 3087 complebitur,
755 3022 882 3090 quid
921 3026 1163 3082 erimus?
1206 3035 1391 3100 quales
1430 3039 1673 3095 erimus?

71 3110 210 3165 quae
239 3098 378 3154 bona
402 3101 457 3156 in
486 3103 582 3160 illo
611 3123 778 3180 regno
805 3120 1076 3186 accepturi
1094 3137 1309 3192 sumus,
1339 3131 1672 3201 quandoqui-

69 3189 212 3246 dem
240 3191 456 3252 Christo
475 3201 738 3259 moriente
764 3219 862 3276 pro
895 3212 1050 3268 nobis
1075 3217 1182 3273 tale
1211 3218 1320 3288 jam
1351 3223 1542 3292 pignus
1581 3240 1671 3280 ac-

65 3280 366 3348 cepimus?
394 3284 574 3351 Qualis
616 3293 719 3348 erit
747 3295 966 3364 spiritus
1011 3301 1266 3375 hominis,
1298 3311 1502 3366 nullum
1543 3330 1662 3370 om-

66 3371 218 3426 nino
242 3372 446 3430 habens
483 3379 696 3450 vitium,
729 3399 830 3441 nec
857 3389 957 3444 sub
983 3406 1089 3460 quo
1113 3395 1311 3466 jaceat,
1341 3416 1442 3457 nec
1470 3406 1557 3460 cui
1587 3422 1670 3463 ce-

68 3459 213 3528 dat,
255 3478 354 3518 nec
381 3478 567 3524 contra
611 3474 754 3538 quod
800 3459 1377 3546 saltemilaudabiliter
1428 3494 1664 3566 dimicet,

62 3555 432 3623 pacatissima
469 3561 668 3619 virtute
706 3570 1009 3634 perfectus!
1060 3576 1260 3634 Rerum
1312 3585 1384 3638 ibi
1429 3590 1669 3646 omnium

58 3653 310 3715 quanta,
352 3665 510 3719 quam
549 3657 816 3727 speciosa,
855 3677 1014 3731 quam
1043 3679 1190 3724 certa
1231 3673 1453 3732 scientia
1487 3723 1501 3747 ,
1549 3681 1670 3739 sine

56 3750 276 3794 errore
310 3740 488 3813 aliquo
518 3746 607 3801 vel
643 3748 849 3820 labore,
878 3754 967 3809 ubi
997 3757 1092 3813 Dei
1136 3762 1396 3830 sapientia
1431 3769 1498 3824 de
1547 3771 1667 3841 ipso

53 3841 186 3884 suo
227 3830 375 3888 fonte
416 3837 708 3908 potabitur,
756 3857 876 3900 cum
907 3860 1115 3906 summa
1161 3853 1416 3914 felicitate
1458 3871 1513 3916 et
1549 3867 1667 3922 sine

50 3920 192 3976 ulla
214 3921 562 3995 difficultate!
594 3932 760 3997 Quale
797 3938 899 3990 erit
946 3953 1139 4010 corpus
1168 3947 1311 4012 quod
1357 3951 1666 4011 omnimodo

46 4012 301 4080 spiritui
327 4017 620 4085 subditum,
641 4033 695 4075 et
722 4038 788 4078 eo
813 4028 1144 4087 sufficienter
1174 4037 1518 4109 vivificatum,
1547 4047 1666 4100 nul—

47 4102 148 4158 lis
177 4101 450 4160 alimoniis
475 4109 764 4179 indigebit!
811 4116 927 4172 Non
956 4122 1098 4176 enim
1130 4126 1382 4196 animale,
1413 4101 1516 4188 sed,
1554 4139 1664 4207 spi-

43 4191 245 4250 ritale
275 4194 394 4265 erit,
428 4196 630 4256 habens
659 4204 876 4272 quidem
901 4213 1100 4280 carnis,
1131 4219 1225 4276 sed
1266 4220 1385 4278 sine
1411 4225 1518 4282 ulla
1544 4191 1663 4286 car-

44 4282 195 4341 nali
223 4289 568 4358 corruptione
587 4293 961 4358 substantiam.

661 4409 890 4469 CAPUT
927 4414 1106 4474 CLXI.

42 4485 148 4543 De
186 4489 481 4573 Ρετυίεεκία
509 4502 844 4597 quarumdam
884 4510 973 4574 qui
999 4518 1420 4597 resurrectionem
1461 4530 1653 4597 carnis,

130 4575 300 4597 nunm
345 4574 469 4597 uno”
490 4582 595 4597 III-III
635 4581 787 4597 .-οαιμ
835 4585 896 4597 --Α
954 4589 966 4597 .
985 4596 988 4597 ,
1007 4590 1018 4597 .

129 4575 322 4628 quam,
341 4563 470 4618 sicut
488 4569 789 4636 praedictum
826 4563 918 4646 est,
949 4563 1536 4665 totus‘hizléliii'ékciiiﬁ

133 4644 404 4699 pugnant.

132 4743 350 4801 Verum
392 4747 462 4804 de
509 4753 674 4811 animi
703 4757 860 4816 bonis
888 4763 1081 4832 quibus
1132 4782 1253 4855 post
1306 4776 1444 4835 hanc
1490 4782 1652 4840 vitam

34 4837 422 4896 beatissimus
445 4843 768 4919 perfruetur,
802 4867 906 4908 non
933 4870 963 4908 a
991 4837 1149 4914 nobis
1168 4848 1506 4927 dissentiunt
1535 4877 1654 4945 phi-

34 4929 288 4999 lOSOphi
319 4931 526 4988 nobiles
553 4952 566 4992 :
600 4936 668 4992 de
702 4943 878 4998 carnis
893 4951 1285 5010 resurrectione
1298 4964 1650 5036 contendunt,

34 5019 210 5075 hanc
238 5030 498 5090 quantum
532 5039 756 5096 possunt
777 5044 994 5105 negant.
1027 5039 1132 5095 Sed
1160 5047 1442 5108 credentes
1469 5019 1652 5124 multi:

34 5121 331 5184 negantes
372 5121 721 5187 paucissimos
767 5127 1127 5200 reliquerunt;
1165 5145 1220 5191 et
1259 5140 1328 5194 ad
1355 5121 1650 5218 Christum,

34 5205 146 5276 qui
186 5202 298 5258 hoc
331 5209 470 5274 quod
513 5209 630 5266 istis
656 5214 871 5273 videtur
912 5223 1226 5295 absurdum,
1257 5228 1313 5283 in
1342 5246 1437 5287 sua
1467 5202 1651 5292 resur:

34 5297 318 5355 rectione
339 5305 674 5371 monstravit,
705 5306 852 5364 fideli
871 5312 1034 5368 corde
1073 5322 1318 5376 conversi
1345 5332 1472 5380 sunt
1504 5327 1648 5385 docti

34 5402 94 5449 et
134 5390 381 5459 indocti,
409 5396 677 5465 sapientes
701 5404 884 5458 mundi
910 5416 964 5462 et
993 5408 1328 5481 insipientes.
1360 5417 1472 5476 lloc
1501 5424 1644 5479 enim

34 5487 241 5544 credit
274 5490 527 5560 mundus,
569 5495 709 5563 quod
756 5500 1001 5566 praedixit
1023 5506 1182 5576 Deus,
1216 5513 1306 5581 qui
1354 5517 1514 5573 etiam
1543 5520 1644 5578 hoc

34 5579 344 5652 praedixit,
368 5583 508 5651 quod
535 5585 673 5642 hanc
700 5603 813 5644 rem
851 5597 1080 5652 mundus
1110 5579 1284 5659 fuerat
1316 5610 1637 5670 crediturus.

34 5674 250 5743 Neque
299 5673 442 5728 enim
472 5675 617 5733 Petri
666 5679 990 5758 [Porphyrii]
1013 5692 1313 5765 maleficiis,
1351 5715 1469 5756 eam
1519 5719 1639 5761 cum

34 5763 220 5825 Laude
246 5765 587 5826 credentium
614 5779 764 5830 tanto
792 5785 918 5835 ante
943 5763 1306 5850 pramuntiare
1334 5798 1641 5864 compulsus

34 5869 153 5922 ζει.
191 5856 293 5918 ille
305 5865 391 5918 est
403 5861 547 5920 enim
562 5863 726 5935 Deus,
760 5884 921 5939 quem
939 5873 1080 5931 sicut
1098 5875 1210 5947 jam
1222 5879 1334 5938 dixi
1359 5856 1640 5956 aliquoties

649 5999 708 6044 ι..
744 5984 937 6052 LXII.

1799 1667 1995 1725 faciant
2024 1674 2102 1727 illi
2132 1676 2262 1747 Deo,
2291 1681 2377 1735 cui
2407 1691 2512 1738 tam
2543 1702 2790 1758 magnum
2829 1695 3111 1762 perhibent
3140 1667 3380 1764 testimo-

1797 1762 1969 1830 nium,
2000 1774 2200 1824 tantam
2229 1787 2451 1842 prorsus
2483 1779 2554 1846 ei,
2605 1783 2690 1838 vel
2739 1786 2900 1842 etiam
2947 1793 3246 1859 graviorem
3298 1801 3376 1858 fa-

1796 1855 1946 1909 ciunt
1992 1859 2241 1928 injuriam
2289 1868 2335 1921 si
2392 1870 2548 1926 aliter
2594 1874 2779 1934 dicunt
2829 1855 2972 1939 esse—
3007 1886 3372 1964 intelligenda,

1785 1959 1892 2000 non
1931 1948 2071 2005 sicut
2099 1955 2331 2011 mundus
2357 1974 2420 2014 ea
2449 1963 2675 2021 credidit
2697 1983 2854 2037 quem
2882 1975 3208 2034 crediturum
3251 1999 3372 2042 esse

1787 2035 2066 2109 laudavit,
2130 2044 2248 2114 ipse
2297 2054 2588 2122 promisit,
2643 2035 2758 2128 ipse
2812 2068 3123 2137 complevit.
3175 2072 3371 2132 Verum

1788 2124 1937 2199 [Cur]
1961 2132 2102 2187 enim
2133 2150 2240 2191 non
2285 2150 2460 2208 potest
2497 2145 2676 2205 facere
2705 2161 2759 2205 ut
2788 2168 3031 2227 resurgat
3057 2174 3184 2218 caro
3211 2175 3264 2219 et
3295 2168 3371 2222 vi-

1784 2225 1874 2268 vat
1897 2217 1949 2272 in
1986 2230 2270 2294 aeternum,
2301 2244 2367 2284 an
2397 2245 2678 2303 propterea
2717 2246 3040 2302 credendum
3073 2267 3179 2306 non
3208 2264 3290 2310 est
3319 2257 3370 2313 id

1783 2317 1906 2359 eum
1935 2323 2052 2365 esse
2075 2315 2359 2383 facturum,
2385 2325 2506 2391 quia
2553 2330 2754 2386 malum
2784 2343 2868 2388 est
2909 2347 3066 2408 atque
3094 2343 3367 2414 indignum

1786 2393 1888 2414 ,ιμ
1919 2397 1941 2414 η
2048 2401 2060 2414 .
2111 2403 2122 2414 .
2317 2411 2325 2414 .

1783 2393 1941 2450 Deo?
1969 2401 2063 2455 sed
2092 2403 2158 2458 de
2185 2411 2572 2479 omnipotentia
2604 2418 2721 2486 ejus
2750 2437 2852 2490 qua
2881 2433 2954 2480 tot
2976 2393 3029 2481 et
3055 2393 3370 2492 tantatofacit

1781 2485 2135 2559 incredibilia,
2160 2493 2274 2564 jam
2303 2502 2468 2558 multa
2495 2504 2745 2566 diximus.
2797 2513 2854 2569 Si
2902 2518 3088 2576 volunt
3128 2523 3369 2584 invenire

1780 2579 1922 2645 quod
1951 2585 2289 2654 omnipotens
2317 2608 2424 2649 non
2475 2609 2670 2669 potest,
2727 2602 2927 2663 habent
2977 2627 3220 2683 prorsus,
3267 2636 3369 2690 ego

1780 2670 1953 2729 dicam
1982 2693 1997 2730 :
2028 2678 2242 2738 Meutiri
2265 2701 2371 2742 non
2401 2701 2597 2759 potest.
2629 2696 2920 2756 Credamus
2945 2670 3073 2776 ergo
3101 2670 3242 2779 quod

1778 2769 1915 2832 test,
1967 2784 2073 2826 non
2121 2777 2391 2835 credendo
2439 2786 2582 2853 quod
2631 2804 2737 2845 non
2791 2806 2982 2861 potest.
3007 2769 3137 2858 'Non
3187 2805 3365 2876 itaque

1777 2860 2064 2920 credentes
2108 2871 2249 2938 quod
2282 2877 2496 2932 mentiri
2549 2885 2747 2951 possit,
2799 2889 3023 2946 credant
3069 2909 3191 2952 esse
3245 2899 3359 2957 fac-

1779 2959 1984 3024 turum,
2030 2962 2173 3029 quod
2214 2979 2273 3019 se
2318 2966 2584 3027 facturum
2609 2989 2730 3032 esse
2756 2985 3025 3048 promisit,
3057 2996 3111 3041 et
3133 2991 3215 3044 sic
3241 3006 3362 3048 cre-

1773 3042 1937 3113 dant,
1994 3049 2131 3107 sicut
2174 3054 2229 3109 id
2275 3060 2503 3117 credidit
2547 3042 2778 3126 mundus
2825 3089 2983 3142 quem
3032 3079 3358 3140 crediturum

1772 3136 2056 3206 praedixit,
2117 3159 2275 3211 quem
2332 3152 2660 3212 crediturum
2710 3176 2830 3217 esse
2877 3166 3145 3238 laudavit,
3195 3189 3358 3243 quem

1770 3225 2098 3286 crediturum
2129 3249 2249 3290 esse
2294 3243 2557 3314 promisit,
2590 3263 2746 3317 quem
2778 3256 3073 3315 credidisse
3115 3260 3226 3330 jam
3272 3281 3359 3321 os-

1689 3323 1734 3384 ρ
1764 3315 1955 3371 tendit.
1987 3319 2100 3376 lloc
2149 3335 2328 3383 autem
2371 3334 2570 3389 malum
2606 3315 2745 3396 esse
2792 3345 2934 3400 unde
2981 3315 3357 3412 demonstrant

1769 3406 2224 3489 [demonStravitt]
2242 3420 2264 3472 7
2282 3436 2388 3476 ηοη
2408 3427 2510 3480 erit
2526 3428 2634 3484 illic
2650 3433 2758 3488 ulla
2788 3441 3083 3510 corruptio,
3108 3406 3250 3513 quod
3263 3406 3356 3504 est

1768 3504 2009 3569 corporis
2038 3508 2257 3563 malum.
2302 3513 2377 3568 De
2401 3519 2589 3574 ordine
2629 3523 3014 3585 elementorum
3039 3535 3150 3602 jam
3175 3537 3355 3609 dispu-

1767 3593 2022 3662 tavimus,
2049 3598 2117 3653 de
2146 3602 2264 3657 aliis
2285 3603 2559 3664 hominum
2586 3615 2911 3685 conjecturis
2934 3626 3064 3680 satis
3087 3628 3348 3704 diximus,

1766 3693 1966 3751 quanta
2012 3688 2081 3744 sit
2110 3690 2286 3749 futura
2327 3694 2383 3750 in
2421 3713 2647 3772 corpore
2697 3707 3088 3782 incorruptibili
3121 3688 3349 3781 facilitas

1765 3787 1964 3843 motus,
1987 3780 2055 3837 de
2074 3789 2352 3852 praesentis
2372 3792 2526 3849 bona:
2555 3799 2875 3859 valetudinis
2897 3815 3344 3883 temperamento,

1764 3881 1884 3937 qum
1914 3874 2096 3943 utique
2124 3879 2268 3934 nullo
2299 3885 2458 3940 modo
2499 3889 2576 3944 illi
2622 3899 2983 3964 comparanda
3012 3913 3096 3958 est
3123 3905 3348 3963 immor-

1764 3959 1978 4027 talitati,
2003 3963 2054 4018 in
2077 3967 2212 4023 libro
2239 3976 2396 4029 tertio
2422 3976 2630 4035 decimo
2657 3959 2810 4053 satis,
2841 3998 2898 4042 ut
2925 3993 3142 4061 opinor,
3167 4008 3346 4053 osten-

1763 4048 1962 4108 dimus.
1994 4055 2198 4128 Legam
2225 4069 2496 4133 Superiora
2537 4075 2718 4140 operis
2762 4077 2941 4147 hujus,
2993 4087 3082 4151 qui
3115 4088 3205 4144 vel
3238 4105 3340 4146 non

1763 4141 2034 4213 legerunt,
2058 4151 2143 4205 vel
2165 4154 2348 4211 volunt
2379 4165 2619 4218 recolere
2638 4168 2788 4234 quod
2819 4141 3086 4241 legerunt.

2317 4267 2542 4327 CAPUT
2579 4274 2782 4333 CLXII.

1764 4348 2029 4416 Quomodo
2054 4353 2337 4445 Porphyrii
2364 4364 2784 4445 deﬁnitio_ipsius
2815 4373 3057 4436 Platonis
3085 4388 3333 4445 sententia

2085 4429 2378 4486 destruatur
2394 4451 2414 4501 ;
2429 4429 2504 4489 ex
2522 4429 2700 4494 eodem
2722 4444 2850 4499 libro
2881 4429 3016 4505 xiii.

1831 4514 1937 4571 Sed
1967 4517 2294 4592 Porphyrius
2333 4529 2428 4594 ait,
2461 4531 2724 4603 inquiunt,
2756 4547 2817 4593 ut
2839 4540 2996 4597 beata
3038 4546 3109 4601 sit
3133 4551 3332 4619 anima,

1757 4617 1952 4675 corpus
1989 4623 2110 4666 esse
2163 4629 2321 4673 omne
2367 4619 2692 4691 fugiendum.
2743 4629 2882 4686 Nihil
2935 4649 3063 4706 ergo
3115 4645 3336 4708 prodest

2423 4683 2449 4691 ν
2789 4683 2800 4684 ,
2845 4683 2882 4686 __
2939 4683 3061 4706 --σν
3115 4683 3336 4708 rm..."

1680 4683 1932 4768 D(quia
1986 4703 2387 4778 incorruptibile
2433 4716 2666 4775 diximus
2714 4722 2947 4781 futurum
3003 4734 3240 4809 corpus)
3291 4743 3336 4798 si

1757 4790 1934 4845 anima
1966 4793 2115 4852 beata
2147 4814 2250 4854 non
2281 4803 2401 4869 erit,
2427 4807 2527 4860 nisi
2547 4823 2702 4866 omne
2723 4827 2918 4884 corpus
2941 4819 3202 4892 effugerit.
3229 4828 3334 4886 Sed

1752 4881 1864 4951 jam
1894 4895 1946 4939 et
1978 4889 2100 4944 hinc
2128 4893 2176 4944 in
2209 4893 2344 4949 libro
2369 4911 2665 4958 memorato
2688 4881 2941 4975 quantum
2969 4919 3205 4984 oportuit
3228 4921 3332 4975 dis-

1757 4976 1956 5039 putavi.
1982 4977 2175 5033 Verum
2201 4983 2286 5038 hic
2310 5001 2472 5041 unum
2488 4990 2611 5048 inde
2635 5002 2835 5055 tantum
2856 5013 3327 5068 commemorabo:

1757 5066 2009 5121 emendet
2027 5069 2192 5126 libros
2223 5089 2348 5132 suos
2377 5080 2599 5139 istorum
2613 5091 2850 5150 omnium
2874 5100 3128 5169 magister
3155 5103 3327 5175 Plato,

1756 5161 1810 5208 et
1859 5156 2003 5214 dicat
2056 5175 2238 5219 eorum
2293 5169 2454 5238 deos,
2505 5184 2561 5231 ut
2600 5180 2739 5237 beati
2769 5186 2908 5255 sint,
2962 5156 3061 5246 sua
3103 5156 3328 5264 corpora

2894 5243 2906 5255 ,
2975 5243 3060 5246 ω-
3110 5243 3328 5264 ---τη-

1753 5243 2033 5316 fugituros,
2068 5251 2119 5307 id
2149 5265 2251 5320 est,
2281 5274 2401 5316 esse
2430 5269 2742 5340 morituros,
2780 5291 2913 5346 quos
2935 5279 2990 5334 in
3020 5284 3328 5345 coelestibus

1733 5339 2069 5405 corporibus
2102 5345 2236 5402 dixit
2261 5349 2516 5423 inclusos,
2554 5363 2745 5429 quibus
2790 5374 2972 5424 tamen
3002 5371 3135 5429 deus
3162 5392 3192 5432 a
3221 5394 3326 5450 quo

1751 5422 1873 5450 θυαε
1908 5441 2020 5450 ---μα

2571 5422 2583 5429 .
2850 5422 3322 5450 κτη“ν---·Ψ·υ

1749 5422 1876 5481 facti
1904 5441 2046 5500 sunt,
2081 5451 2184 5504 quo
2222 5455 2438 5508 possent
2476 5464 2595 5506 esse
2623 5456 2798 5508 securi
2837 5457 3322 5538 immortalitatem,

1749 5517 1799 5538 μ
1951 5523 1963 5534 .
2065 5528 2076 5538 .
2131 5529 2142 5538 .

3097 5517 3123 5518 η
3139 5517 3316 5538 ------,

1747 5517 1801 5572 id
1823 5530 1923 5588 est,
1949 5523 2001 5578 in
2029 5528 2232 5585 eisdem
2259 5542 2574 5606 corporibus
2590 5554 2845 5603 aeternam
2860 5560 3316 5628 permansionem,

1746 5628 1853 5670 non
1884 5633 2067 5676 eorum
2095 5636 2279 5682 natura
2311 5632 2362 5685 id
2395 5637 2549 5707 105
2576 5638 2826 5710 habente,
2860 5647 2954 5703 sed
2977 5664 3077 5705 suo
3093 5659 3320 5714 consilio

1745 5711 2091 5778 prmvalente,
2131 5721 2395 5790 promisit,
2441 5728 2527 5780 ubi
2558 5728 2720 5786 etiam
2761 5734 2895 5791 illud
2943 5743 3135 5797 evertit
3179 5748 3320 5815 quod

1743 5799 1946 5870 dicunt,
1970 5808 2221 5875 quoniam
2234 5820 2316 5867 est
2335 5813 2704 5892 impossibilis,
2727 5823 2849 5881 ideo
2866 5835 3318 5894 resurrectionem

1744 5898 1924 5954 carnis
1971 5915 2073 5957 non
2130 5918 2250 5961 esse
2287 5909 2648 5972 credendam.-
2695 5919 3052 5990 Apertissime
3097 5928 3314 6001 quippe,

2829 6036 2907 6097 26
