3986 6382
467 374 574 432 815
1559 356 1625 412 1).
1666 349 1992 410 EUGYPPll
2031 340 2326 405 ABBATIS
2365 340 2693 402 AFRICANI
3667 338 3776 420 sic

469 495 598 570 quia
645 505 757 549 non
804 490 886 546 eis
929 483 1159 555 indiguit
1185 487 1248 536 ut
1274 477 1488 534 videret
1516 476 1819 542 absentem,
1848 489 1955 530 non
1986 473 2043 528 ei:

2195 496 2226 542 lt
2251 487 2419 542 Deum
2444 499 2540 554 per
2568 482 2705 538 hanc
2731 479 2920 535 faciem
2948 476 3307 549 corporalem,
3337 475 3428 532 ubi
3461 481 3606 532 sunt
3631 478 3769 536 oculi

470 567 603 645 usus
647 595 732 642 est
778 582 844 637 ad
887 577 1113 634 videnda
1162 573 1471 644 praesentia,
1499 584 1619 638 qua:
1651 579 1831 624 tamen
1868 567 2044 635 spiritt

2197 581 2474 651 orpnrales
2512 594 2609 633 nos
2635 576 2848 632 visuros
2878 587 2998 628 esse
3025 572 3330 638 credamus,
3363 585 3537 640 quem
3575 570 3770 639 spiritu

467 683 656 741 videre
684 685 883 751 posset,
922 671 1133 730 etiamsi
1173 671 1291 725 illos
1321 668 1612 732 clauderet,
1641 667 1776 721 sicut
1803 665 1935 719 vidit
1961 664 2041 720 ab-

2189 675 2290 730 ;ine
2320 673 2717 729 intermissione
2738 668 3062 724 videbimus.
3095 666 3209 722 Nisi
3239 666 3386 720 enim
3410 672 3576 719 esset
3604 663 3763 720 etiam

469 777 643 836 sentia
672 773 762 829 ubi
791 785 910 825 cum
941 768 1020 823 eis
1049 767 1164 836 ipse
1193 779 1300 818 non
1331 769 1465 818 erat.
1490 760 1646 815 Absit
1671 773 1799 826 ergo
1827 766 1885 811 ut
1913 756 2043 811 dica-

2192 764 2440 822 nterioris
2481 763 2712 819 hominis
2739 761 2924 828 facies,
2956 774 3066 814 non
3100 757 3308 813 diceret
3343 755 3496 811 idem
3533 757 3766 824 Aposto-

468 888 592 931 mus
615 869 736 924 illos
764 871 977 919 sanctos
1005 862 1058 915 in
1085 859 1174 914 illa
1203 858 1310 913 vita
1337 855 1504 912 Deum
1531 854 1727 909 clausis
1754 851 1924 906 OCllliS
1951 864 2059 904 non
2169 858 2278 925 ius,
2301 859 2412 914 No5
2440 868 2615 912 amem
2642 854 2878 911 reveiala
2907 851 3040 906 facie
3061 850 3288 921 gloriam
3322 847 3553 902 Domini
3581 861 3765 915 specu.

471 967 703 1027 visuros,
733 972 892 1029 quem
942 952 1135 1024 spiritu
1182 964 1397 1015 semper
1436 947 1715 1012 videbunt,
1747 943 1840 998 sed
1879 949 2045 996 utrum

2189 961 2339 1006 antes
2379 951 2432 1005 iu
2463 949 2705 1004 eamdem
2747 947 3035 1017 imaginem
3065 941 3526 997 transformamur
3558 937 3634 992 de
3661 939 3763 1007 glo-

469 1054 748 1116 videbunt,
773 1060 826 1105 et
853 1063 949 1119 per
977 1046 1165 1100 OCUiOS
1189 1041 1432 1111 corporis
1455 1053 1577 1095 cum
1604 1051 1697 1092 COS
1727 1041 1940 1103 apertos
1965 1033 2060 1086 ha-
2163 1042 2241 1096 ria
2277 1044 2328 1096 in
2357 1041 2604 1111 gloriam.
2651 1047 2903 1107 tanquam
2935 1051 2964 1090 a
2996 1034 3208 1089 Domini
3253 1031 3477 1101 spiritu.
3532 1030 3651 1084 Nec
3678 1029 3763 1084 aii-

468 1147 692 1210 bebunt,
717 1143 840 1199 inde
867 1140 1092 1212 quaestio
1121 1145 1224 1194 est.
1245 1135 1303 1191 Si
1334 1134 1478 1189 enim
1505 1139 1710 1186 tantum
1738 1135 1984 1198 poterunt
2006 1126 2059 1180 in
2162 1139 2247 1187 ter
2280 1131 2633 1202 intelligimus
2674 1127 2815 1198 quod
2862 1126 2916 1181 in
2958 1125 3167 1196 psalmo
3202 1123 3414 1178 canitur
3450 1140 3466 1176 :
3509 1122 3760 1176 Accedite

469 1250 699 1307 corpore
739 1231 989 1305 spiritali,
1022 1244 1086 1284 eo
1132 1228 1293 1283 modo
1338 1227 1524 1293 utique
1565 1223 1727 1278 etiam
1775 1220 1876 1288 ipsi
1919 1216 2060 1272 oculi
2165 1222 2235 1277 ad
2266 1237 2387 1277 eum
2419 1232 2475 1276 et
2510 1216 2911 1282 illuminamiui,
2944 1224 2999 1271 et
3042 1214 3208 1269 facies
3248 1223 3455 1268 vestrae
3496 1227 3614 1265 non
3653 1226 3759 1265 eru-

470 1302 782 1399 spiritales,
797 1332 1054 1394 quantum
1098 1327 1326 1392 possunt
1372 1317 1462 1373 isti
1508 1315 1695 1386 quales
1725 1327 1864 1368 nunc
1892 1311 2058 1367 habe-
2162 1313 2405 1370 besceut.
2430 1313 2561 1368 Fide
2582 1312 2779 1383 quippe
2799 1306 3068 1364 acceditur
3090 1305 3157 1360 ad
3181 1305 3373 1372 Deum,
3399 1318 3573 1374 quam
3596 1302 3756 1357 cordis

472 1397 617 1487 nius,
647 1415 1003 1488 proculdubio
1032 1429 1128 1484 per
1156 1428 1250 1468 eos
1294 1412 1435 1465 Deus
1472 1408 1640 1463 videri
1690 1421 1795 1462 non
1839 1403 2057 1474 poterit.
2165 1415 2380 1463 constat
2408 1421 2551 1471 esse,
2581 1419 2688 1460 non
2718 1401 2982 1472 corporis.
3015 1398 3121 1456 Sed
3149 1399 3272 1469 quia
3297 1397 3555 1469 Spiritale
3577 1409 3755 1464 corpus

470 1487 662 1578 Longe
683 1507 863 1577 itaque
891 1504 1111 1560 alterius
1152 1510 1310 1559 erunt
1337 1499 1622 1570 potentiae,
1653 1499 1698 1553 si
1740 1512 1836 1567 per
1863 1509 1956 1551 eos
1982 1494 2062 1549 vi-
2166 1499 2438 1553 nescimus
2478 1504 2708 1566 quantos
2747 1492 2968 1547 habebit
3017 1503 3266 1546 accessus
3310 1487 3432 1559 (de
3476 1501 3542 1541 re
3574 1488 3752 1555 quippe

475 1577 692 1657 debitur
719 1599 1038 1668 incorporea
1081 1596 1171 1650 illa
1218 1603 1409 1649 natura
1458 1607 1578 1662 quae
1615 1605 1720 1645 non
1759 1588 2062 1644 continetur
2165 1587 2442 1657 inexperta
2491 1587 2821 1656 loquimur);
2851 1583 2944 1638 ubi
2983 1582 3161 1652 aliqua
3189 1596 3309 1651 qua:
3341 1580 3504 1634 aliter
3541 1577 3752 1645 intell‘gi

475 1693 619 1758 loco,
652 1691 750 1747 sed
782 1691 983 1760 ubique
1023 1694 1136 1756 tota
1185 1694 1288 1743 est.
1319 1687 1432 1742 Non
1480 1685 1623 1740 enim
1669 1683 1791 1754 quia
1836 1681 2062 1736 dicimus
2169 1685 2439 1749 nequeant
2476 1677 2778 1732 divinarum
2824 1674 3212 1741 scripturarum
3248 1685 3356 1725 non
3401 1670 3660 1735 occurrit,
3697 1679 3744 1724 et

475 1785 647 1840 Deum
677 1783 816 1839 etin
853 1782 993 1838 ctelo
1035 1794 1155 1836 esse
1199 1788 1254 1834 et
1301 1778 1356 1833 in
1405 1786 1544 1832 terra
1573 1774 1711 1845 (ipse
1751 1774 1947 1845 quippe
1985 1771 2063 1826 ait
2168 1771 2433 1827 succurrit
2475 1769 2787 1836 auctoritas,
2820 1780 3044 1822 necesse
3076 1773 3157 1820 est
3186 1773 3246 1818 ut
3273 1763 3554 1834 contingat
3580 1763 3634 1816 in
3665 1776 3748 1815 no-

471 1891 570 1947 per
591 1875 902 1947 prophetam
932 1891 945 1927 :
971 1872 1179 1928 leum
1196 1880 1251 1926 et
1273 1878 1473 1926 terram
1500 1883 1599 1939 ego
1625 1867 1874 1937 impleo),
1899 1865 2058 1918 aliam
2093 1854 2143 1915 Β
2169 1867 2252 1923 bis
2301 1865 2444 1936 quod
2494 1866 2686 1934 legitur
2732 1863 2788 1917 in
2839 1861 2978 1916 libro
3031 1858 3363 1928 Sapientire:
3399 1857 3743 1927 Cogitationes

472 1974 681 2037 partem
727 1964 922 2020 dicturi
969 1978 1154 2020 sumus
1193 1975 1314 2017 eum
1362 1961 1417 2014 in
1464 1959 1604 2014 caelo
1648 1957 1876 2023 habere,
1909 1964 1963 2010 et
2004 1955 2060 2011 in
2168 1959 2475 2015 mortalium
2525 1956 2722 2012 timidae
2765 1963 2821 2010 et
2859 1955 3079 2010 incertae
3124 1951 3480 2021 providentiae
3529 1960 3739 2005 nostrae.

474 2069 622 2115 terra
656 2059 845 2123 aliam.
885 2056 980 2111 sed
1029 2063 1172 2110 ῑοῑιιε
1220 2054 1275 2109 in
1321 2052 1461 2107 00810
1491 2059 1595 2116 θεῖ.
1627 2057 1768 2104 milis
1797 2049 1851 2101 in
1881 2055 2058 2111 terra;
2172 2049 2533 2107 Ratiocinatio
2580 2047 2778 2118 quippe
2810 2046 2900 2100 illa
2932 2042 3399 2115 philosophorum,
3441 2057 3536 2113 qua
3565 2042 3735 2110 dispu-

477 2163 588 2203 non
614 2146 834 2202 alternis
863 2145 1228 2216 temporibus,
1256 2142 1350 2197 sed
1381 2150 1666 2210 utrumque
1696 2138 1885 2204 simul,
1917 2135 2062 2207 quod
2169 2151 2286 2198 tant
2318 2143 2391 2196 ita
2421 2140 2617 2196 mentis
2647 2147 2866 2208 aSpectu
2899 2135 3256 2205 intelligibilia
3283 2134 3456 2198 rideri,
3487 2141 3538 2186 et
3566 2145 3720 2186 sensu

478 2239 628 2296 “una
651 2246 840 2294 natura
865 2237 1163 2307 corporalis
1186 2242 1381 2306 Ροῑεδῑ·
1412 2233 1506 2289 Vis
1533 2234 1714 2302 itaque
1741 2230 2064 2300 ρτωροιιθη-
2171 2235 2412 2305 corporis
2442 2231 2738 2297 sensibilia,
2786 2229 2842 2284 id
2874 2237 2956 2284 est
2985 2226 3288 2297 corporalia
3318 2235 3369 2278 ut
3402 2237 3492 2278 nec
3527 2219 3708 2277 intelli-

477 2334 583 2390 tior
616 2331 892 2388 oculorum
940 2331 1047 2385 erit
1086 2330 1302 2385 illorum
1348 2342 1455 2382 non
1502 2333 1561 2382 ut
1605 2323 1783 2380 acrius
1823 2321 2062 2390 videant,
2173 2326 2353 2397 sibilia
2384 2340 2480 2395 per
2508 2338 2725 2394 corpus,
2771 2335 2872 2376 nec
2893 2319 3197 2389 corporalia
3230 2333 3320 2388 per
3347 2317 3557 2386 seipsam
3579 2326 3724 2368 meus

477 2436 635 2494 quam
663 2421 878 2492 quidam
904 2412 1255 2490 perhibentur
1284 2417 1470 2473 videre
1497 2423 1776 2485 serpentes
1802 2412 1885 2467 vel
1912 2411 2051 2480 aqui-

2173 2424 2351 2478 valeat
2393 2420 2611 2486 intueri,
2655 2417 2701 2472 si
2732 2425 2912 2487 posset
2952 2412 3051 2486 [et]
3083 2412 3239 2466 nobis
3280 2426 3400 2465 esse
3438 2407 3731 2472 certissima,

478 2514 568 2568 lae.
591 2511 937 2580 Quantalibet
956 2509 1098 2564 enim
1120 2507 1414 2564 acrimonia
1435 2505 1691 2562 cernendi
1720 2503 1907 2560 eadem
1933 2516 2052 2573 quo«

2175 2515 2421 2586 profecto
2448 2519 2656 2568 certum
2685 2517 2832 2564 esset
2860 2521 2955 2578 per
2985 2504 3172 2560 oculos
3202 2503 3447 2573 corporis
3473 2501 3622 2556 etiam
3644 2498 3732 2566 spi-

480 2620 588 2678 ίιιιθ
614 2603 898 2670 animalia:
927 2601 1061 2657 nihil
1098 2600 1243 2655 aliud
1275 2608 1498 2670 Possum
1526 2597 1714 2652 Videre
1741 2609 1899 2665 quam
1943 2608 2067 2648 (³01⁵-
2176 2606 2348 2663 ritalis
2395 2603 2541 2658 nullo
2583 2599 2744 2656 modo
2792 2611 2952 2669 posse
2997 2595 3182 2650 videre
3229 2593 3426 2648 Deum.
3473 2591 3573 2646 Sed
3602 2590 3734 2644 istam

479 2711 647 2767 pora:
675 2695 770 2751 sed
799 2702 859 2749 ut
885 2693 1100 2749 videant
1129 2701 1184 2747 et
1211 2689 1586 2761 incorporalia.
1619 2688 1687 2742 Et
1714 2686 1938 2741 fortasse
1967 2684 2053 2738 ist:

2177 2694 2667 2756 ratiocinationem;
2713 2698 2766 2744 et
2793 2701 2919 2743 vera
2961 2686 3122 2750 ratio,
3169 2693 3222 2739 et
3251 2682 3558 2752 prophetica
3587 2679 3606 2750 [
3631 2680 3731 2733 irri-

481 2791 652 2846 virtus
681 2803 873 2858 magna
901 2785 1159 2843 cernendi
1183 2784 1307 2840 data
1344 2783 1503 2838 fuerit
1521 2782 1588 2836 ad
1613 2781 1799 2835 horam
1824 2777 1984 2831 etiam
2017 2774 2055 2828 ir

2180 2782 2295 2854 det]
2324 2781 2520 2837 inridet
2565 2778 2873 2834 auctoritas.
2933 2775 3064 2842 Quis
3095 2775 3235 2829 enim
3275 2773 3353 2826 ita
3389 2773 3463 2827 sit
3502 2781 3730 2824 aversus:

480 2880 589 2937 ίειο
618 2878 832 2935 moria“
875 2890 1102 2947 corpore
1142 2874 1317 2930 οουιίε
1361 2874 1534 2929 sane“
1564 2869 1664 2925 νῖΐί
1707 2868 1827 2932 δοῦν
1860 2862 2074 2935 quando
2182 2893 2314 2935 vero
2340 2886 2398 2932 ut
2427 2877 2607 2932 dicere
2631 2873 2827 2928 audeat
2856 2873 3024 2927 Deum
3055 2870 3354 2941 corporalia
3390 2869 3495 2924 ista
3526 2864 3732 2922 nescire?

481 2973 561 3028 ait
587 2971 655 3027 ad
688 2972 858 3028 Deum
887 2987 902 3024 :
938 2971 995 3026 in
1021 2969 1275 3026 obauditu
1302 2969 1446 3021 auris
1491 2964 1772 3020 audiebam
1800 2969 1852 3014 te
1883 2957 2068 3026 prius,
2181 2969 2434 3040 Nunquid
2466 2982 2596 3039 ergo
2626 2981 2822 3035 corpus
2847 2964 3011 3020 habet
3042 2980 3136 3034 per
3164 2962 3317 3032 cujus
3349 2964 3542 3018 oculos
3563 2977 3613 3016 ε,
3636 2973 3728 3030 pos.

482 3077 627 3120 nunc
654 3071 831 3118 autem
859 3062 1045 3118 oculus
1071 3074 1222 3114 meus
1257 3057 1404 3113 videt
1436 3064 1508 3123 te,
1535 3060 1820 3123 propterea
1852 3044 2076 3116 despexi
2187 3064 2260 3120 είι
2307 3063 2624 3118 addiscere?
2678 3060 2875 3116 deinde
2924 3059 3065 3130 quod
3115 3059 3184 3114 de
3241 3058 3512 3129 propheta
3559 3057 3718 3112 Heu-5w

482 3155 883 3224 memetipsum,
911 3162 967 3206 et
994 3149 1227 3205 distabui
1260 3157 1315 3204 et
1339 3146 1601 3202 azstimavi
1648 3157 1736 3198 me
1782 3149 1980 3195 terram
2023 3153 2054 3192 e

2189 3155 2352 3225 paulo
2381 3161 2506 3208 ante
2547 3152 2805 3219 diximus,
2848 3167 3027 3206 nonne
3064 3151 3195 3205 satis
3228 3149 3436 3204 iudicat
3476 3151 3617 3204 etiam
3638 3147 3720 3217 spi-

481 3246 741 3304 cinerem.
770 3243 1023 3311 Quamvis
1052 3241 1183 3296 nihil
1215 3239 1303 3294 hic
1332 3237 1616 3308 prohibeat
1647 3233 1859 3289 oculum
1889 3227 2069 3286 cordis
2099 3219 2149 3284 C
2183 3219 2298 3306 ξηιλ
2327 3264 2431 3304 non
2465 3261 2561 3317 per
2585 3261 2783 3315 corpus
2809 3243 3111 3315 corporalia
3136 3259 3296 3314 posse
3321 3244 3509 3298 cem”
3547 3238 3724 3309 Quando

481 3338 728 3408 intelligi,
750 3336 820 3392 de
855 3334 1048 3403 quibus
1083 3332 1252 3387 oculis
1279 3331 1353 3384 ait
1385 3327 1674 3398 Apostolus
1701 3342 1716 3380 :
1747 3321 2076 3378 llluminatos
2184 3343 2332 3399 enim
2364 3355 2554 3396 servus
2581 3343 2668 3397 me
2697 3353 2922 3394 munem
2951 3335 3182 3406 accep",
3215 3335 3403 3404 utique
3429 3331 3727 3403 corporaliter
3803 3340 3808 3348 -

484 3431 672 3487 oculos
689 3427 893 3484 habere
915 3425 1092 3482 cordis
1116 3422 1280 3479 vestri
1308 3439 1321 3475 :
1349 3421 1478 3491 ipsis
1505 3431 1685 3476 autem
1707 3415 1883 3474 videri
1905 3416 2075 3472 Deum
2182 3443 2399 3507 gestum
2431 3442 2534 3500 est,
2576 3431 2718 3503 quod
2757 3439 2937 3485 tamen
2980 3426 3240 3497 propheta
3281 3441 3388 3480 non
3432 3441 3520 3496 per
3543 3435 3728 3491 corpus,

485 3536 610 3579 cum
639 3521 932 3586 Videbitur:
976 3519 1311 3575 Chii-“ianus
1355 3515 1574 3584 θωϋίείι
1604 3529 1782 3579 nemos
1807 3516 1895 3585 ςυῑ
1939 3513 2075 3568 ﬁde'
2185 3525 2283 3582 sed
2329 3540 2426 3594 per
2451 3523 2700 3594 spiritum
2730 3521 2885 3576 vidit.
2925 3519 3076 3574 Sicut
3105 3533 3234 3587 ergo
3271 3524 3477 3571 constat
3514 3527 3730 3583 corpora-

484 3615 611 3671 liter
637 3613 834 3680 aceipit
855 3611 997 3680 quod
1015 3611 1091 3664 ait
1106 3610 1248 3665 Deus
1277 3608 1369 3663 ille
1402 3609 1692 3676 magister:
1719 3606 1868 3661 Beati
1891 3605 2076 3661 mundi
2180 3618 2263 3673 lia
2291 3616 2478 3672 videre
2505 3613 2776 3684 spiritum,
2806 3610 2934 3681 quid
2965 3609 3012 3664 εί
3042 3618 3187 3663 iunia
3219 3608 3322 3663 ει-ίι
3352 3607 3562 3677 porcum
3589 3602 3729 3672 ερίτί.

487 3701 654 3757 corde
703 3700 954 3769 quoniam
997 3699 1099 3764 ipsi
1145 3697 1381 3767 [Deum]
1427 3697 1703 3750 videbunt.
1753 3696 1859 3750 Sed
1899 3704 2061 3750 utrum

2181 3706 2311 3762 talis
2337 3705 2602 3776 corporis,
2650 3713 2710 3758 ut
2746 3716 2974 3771 corpore
3002 3700 3247 3756 videatur
3270 3710 3318 3755 et
3340 3696 3574 3768 spiritus?
3610 3693 3719 3762 Spi-

489 3793 658 3851 etiam
694 3787 1063 3857 corporalibus
1110 3787 1183 3840 ibi
1211 3787 1380 3841 oculis
1421 3786 1695 3850 videatur,
1745 3785 1849 3840 hoc
1879 3789 1934 3840 in
1973 3788 2077 3844 ista
2181 3799 2325 3855 ritus
2353 3799 2497 3853 enim
2526 3804 2609 3852 es;
2639 3795 2803 3863 Deus,
2835 3792 3032 3850 deinde
3055 3793 3222 3847 unum
3250 3791 3440 3860 quidem
3463 3800 3601 3842 suam
3625 3796 3718 3854 qua

489 3882 788 3954 qumstione
819 3889 1115 3932 versamus.
1141 3875 1273 3930 Illud
1302 3875 1444 3930 enim
1471 3875 1621 3945 107
1645 3873 1788 3944 quod
1812 3876 2063 3946 scriptum

2178 3905 2332 3946 inunc
2371 3889 2505 3946 vivit
2543 3889 2596 3943 in
2635 3901 2887 3958 corpore,
2928 3893 2983 3941 et
3017 3884 3134 3939 haec
3161 3891 3374 3940 terrena
3399 3879 3621 3935 membra
3644 3889 3731 3930 ve-

489 3982 597 4040 081,
657 3973 720 4028 Ει
747 3969 953 4026 videbit
979 3968 1153 4023 omnis
1180 3982 1307 4022 caro
1335 3967 1568 4024 salutare
1599 3967 1692 4022 Dei
1718 3985 1734 4035 ;
1786 3969 1906 4026 sine
1935 3970 2077 4029 illius
2178 3991 2332 4054 gem],
2361 3983 2593 4053 facitque
2622 3981 2858 4036 viventia
2916 3977 3172 4034 interiore
3204 3991 3366 4033 sensu
3404 3975 3612 4045 quisque
3637 3985 3731 4025 non

491 4067 702 4142 [ullius]
733 4063 876 4123 nodo
925 4063 1253 4129 difficultatis
1293 4061 1373 4118 sic
1420 4063 1644 4134 intelligi
1676 4073 1873 4134 potest,
1924 4081 1987 4122 ac
2028 4068 2065 4122 si

2182 4090 2287 4146 sper
2311 4088 2600 4144 corporeos
2637 4073 2823 4128 oculos
2852 4072 3022 4137 novit,
3054 4069 3284 4124 aliorum
3325 4081 3455 4123 vero
3483 4066 3607 4119 vitas
3633 4074 3735 4116 cum

491 4161 692 4217 dictum
727 4159 906 4226 fuerit,
939 4165 996 4214 et
1020 4157 1221 4213 videbit
1248 4154 1425 4211 omnis
1457 4156 1617 4214 homo
1642 4156 1912 4214 Christum
1957 4159 2075 4227 Dei,
2178 4166 2294 4224 sint
2321 4165 2613 4221 invisibiles
2636 4178 2732 4234 per
2758 4177 2955 4232 corpus
2984 4161 3155 4216 videt,
3199 4158 3336 4215 Nam
3366 4158 3512 4214 unde
3536 4153 3735 4211 viventia

492 4254 583 4324 qui
608 4253 789 4321 utique
815 4252 868 4306 in
891 4249 1273 4320 corporevisus
1288 4256 1467 4315 est,et
1491 4249 1544 4303 in
1565 4263 1792 4318 corpore
1812 4249 2079 4306 videbitur
2179 4257 2546 4313 discernimus
2574 4271 2602 4311 a
2628 4271 2738 4311 non
2777 4253 3081 4310 vivemibus
3108 4267 3360 4321 corpora,
3405 4251 3513 4306 nisi
3553 4258 3734 4317 corpora

493 4343 708 4413 quando
734 4342 890 4397 vivos
915 4351 970 4398 et
995 4351 1237 4397 mortuos
1261 4340 1546 4410 iudicabit.
1570 4341 1723 4409 Quod
1752 4351 1930 4398 autem
1961 4343 2078 4413 ipse
2118 4400 2122 4405 ,
2181 4350 2349 4406 simul
2386 4351 2627 4420 virusque
2658 4349 2962 4415 videamus,
3007 4361 3138 4418 quas
3167 4347 3267 4401 nisi
3319 4360 3420 4415 per
3474 4355 3649 4414 corpus
3677 4341 3732 4393 ri.

495 4436 568 4492 sit
592 4435 828 4489 salutare
863 4433 982 4500 Dei,
1025 4434 1195 4487 multa
1227 4442 1352 4488 sunt
1381 4444 1435 4489 et
1473 4435 1577 4489 alia
1606 4435 1915 4491 testimonia
1944 4437 2080 4492 scri-
2112 4441 2117 4445 ’
2185 4444 2322 4499 dere
2372 4457 2475 4498 non
2527 4456 2811 4512 possumus
2837 4440 2862 4494 7
2887 4441 3024 4495 vitas
3069 4447 3247 4494 autem
3297 4437 3418 4491 sine
3449 4435 3722 4505 corporibus,

494 4533 772 4595 pturarum
797 4540 813 4589 ;
838 4525 934 4580 sed
975 4523 1275 4580 evidentius
1304 4526 1597 4580 venerandi
1629 4525 1773 4582 illius
1802 4528 1947 4582 senis
1986 4526 2072 4582 Si-
2105 4594 2154 4605 _
2185 4533 2471 4605 corporeis
2510 4533 2685 4590 oculis
2708 4547 2814 4588 ηοη
2843 4532 3108 4587 videmus,
3142 4529 3520 4596 Quamobrem
3550 4527 3640 4581 ﬁeri
3660 4535 3724 4590 po-

495 4616 706 4672 meonis
757 4616 922 4670 verba
968 4615 1267 4682 declarant,
1316 4615 1404 4686 qui
1464 4631 1587 4670 cum
1629 4616 1886 4673 infantem
1927 4618 2069 4673 Chri-

2160 4614 2302 4681 'test
2368 4622 2630 4693 valdeque
2680 4622 2937 4678 credibile
2981 4631 3100 4689 est,
3145 4620 3226 4675 sic
3271 4634 3369 4674 nos
3410 4634 3540 4675 esse
3581 4618 3734 4672 visuros

496 4721 638 4767 3mm
690 4709 988 4778 πθθβίεδθι
1029 4710 1082 4764 in
1122 4723 1313 4765 mimus
1342 4723 1468 4764 5035
1500 4728 1512 4762 ε
1546 4710 1718 4778 Nunc.
1768 4711 1962 4782 inquit.
2003 4711 2084 4767 di-
2191 4714 2467 4770 mundana
2511 4724 2640 4769 tunc
2665 4728 2890 4784 corpora
2916 4714 3041 4770 coeli
3071 4710 3196 4767 novi
3237 4720 3293 4767 et
3326 4721 3494 4767 terra:
3521 4724 3673 4770 novae,
3695 4711 3737 4757 ut

497 4803 689 4868 ωίιιῖεο
748 4800 996 4869 Domine,
1047 4815 1259 4857 servum
1316 4813 1463 4857 tuum
1515 4803 1814 4858 secundum
1860 4803 2086 4861 verbum
2194 4809 2368 4866 Deum
2399 4807 2600 4878 ubique
2629 4816 2971 4879 praesentem,
3024 4814 3080 4862 et
3113 4805 3364 4860 universa
3396 4805 3570 4859 etiam
3595 4811 3745 4866 corpoo

498 4906 652 4954 tuum
679 4897 734 4950 in
763 4909 916 4964 pace,
965 4895 1212 4964 quoniam
1254 4895 1504 4951 viderunt
1547 4898 1688 4952 oculi
1714 4896 1821 4952 mei
1852 4898 2086 4954 salutare
2189 4903 2332 4958 ralia
2356 4902 2769 4973 gubernantem,
2809 4916 2901 4970 per
2930 4914 3156 4969 corpora
3196 4913 3316 4966 qua:
3348 4896 3750 4968 gestabimus,el

497 4999 669 5046 tuum.
719 4987 855 5043 Illud
900 4987 1060 5041 etiam
1092 4987 1234 5055 quod
1273 4989 1366 5053 ait,
1403 4989 1576 5058 Supra
1603 4997 1930 5044 memoratus
1957 4989 2083 5059 Job,
2193 5010 2322 5065 quae
2373 4995 2808 5064 conspiciemus,
2866 5006 3294 5064 quaquaversum
3353 4991 3551 5045 oculos
3605 4987 3749 5041 duxe-

498 5081 640 5136 sicut
680 5081 732 5135 in
764 5079 1160 5150 exemplaribus
1198 5094 1318 5150 quae
1349 5095 1413 5134 ex
1444 5081 1674 5138 Hebrteo
1722 5092 1846 5139 sunt
1875 5084 2085 5139 inveni—
2198 5088 2393 5155 rimus,
2423 5089 2723 5144 clarissima
2750 5085 3132 5156 perspicuitate
3179 5083 3490 5147 videamus,
3525 5095 3627 5135 non
3649 5076 3755 5130 sicut

500 5185 590 5228 ίυτ
621 5191 634 5226 ³
669 5175 736 5227 Et
784 5175 838 5228 ίη
879 5187 1040 5229 came
1082 5187 1202 5227 mea
1231 5173 1424 5227 Videbo
1468 5173 1676 5242 Deum;
1729 5179 2085 5234 resurrectio-
2197 5195 2345 5234 nunc
2373 5179 2659 5234 invisibilia
2691 5179 2783 5234 Dei
2815 5193 2909 5248 per
2939 5192 3002 5231 ea
3032 5190 3152 5246 quae
3179 5175 3317 5230 facta
3358 5183 3491 5229 sunt
3520 5170 3754 5226 intellecta

498 5281 624 5321 nem
654 5264 873 5334 quidem
915 5265 1095 5320 carnis
1123 5265 1238 5320 sine
1265 5265 1428 5320 dubio
1465 5267 1823 5336 prophetarit,
1857 5285 1962 5325 non
1997 5278 2082 5325 ta-
2191 5271 2625 5341 conspiciuntur,
2645 5285 2740 5340 per
2760 5269 3037 5340 speculum
3060 5269 3113 5322 in
3137 5269 3448 5337 aenigmate,
3470 5277 3602 5321 etex
3619 5269 3757 5331 parte,

500 5371 624 5412 men
647 5357 804 5423 dixit,
830 5370 925 5426 per
953 5370 1168 5410 carnem
1198 5371 1403 5422 meam;
1426 5357 1568 5425 quod
1599 5359 1815 5427 quidem
1844 5359 1890 5413 si
1908 5359 2081 5415 dixis-
2197 5361 2292 5417 ubi
2324 5363 2440 5431 plus
2459 5361 2514 5416 in
2536 5360 2694 5416 nobis
2713 5361 2857 5416 valet
2885 5359 3020 5414 fides
3048 5373 3155 5429 qua
3175 5356 3475 5422 credimus,
3518 5365 3671 5424 quam
3697 5361 3760 5400 re-

498 5458 604 5518 set,
629 5460 810 5519 posset
838 5450 975 5504 Deus
995 5448 1238 5504 Christus
1268 5449 1515 5519 intelligi,
1540 5450 1630 5519 qui
1659 5465 1756 5520 per
1784 5466 1999 5508 carnem
2024 5454 2072 5509 in

2196 5470 2321 5512 rum
2343 5455 2702 5526 corporalium
2724 5455 2955 5524 species,
2983 5467 3143 5523 quam
3175 5465 3271 5521 per
3299 5451 3490 5505 oculos
3516 5445 3756 5503 cernimus

498 5557 661 5598 carne
701 5542 973 5597 videbitur
1003 5557 1184 5596 :nunc
1225 5556 1353 5597 vero
1384 5550 1558 5610 potest
1598 5551 1650 5596 et
1691 5544 1772 5599 sic
1813 5546 1986 5616 accipi
2030 5548 2084 5604 in
2193 5547 2554 5618 corporales:
2586 5546 2682 5602 sed
2727 5545 2869 5602 sicut
2909 5544 3152 5600 homines
3184 5542 3328 5597 inter
3351 5556 3492 5612 quos
3537 5538 3752 5593 viventes

499 5648 663 5688 carne
696 5649 812 5689 mea
867 5633 1061 5689 videbo
1100 5633 1268 5688 Deum
1312 5633 1654 5706 [salvatorem
1702 5636 1926 5709 meum],
1973 5641 2086 5696 aesi
2197 5650 2489 5711 motusque
2533 5639 2723 5696 vitales
2774 5647 3085 5695 exserentes
3138 5631 3504 5708 [exercentes]
3539 5631 3758 5686 vivimus,

500 5725 746 5790 dixisset,
777 5726 831 5780 in
861 5741 1022 5780 carne
1052 5740 1167 5780 mea
1208 5740 1302 5780 ero
1332 5742 1450 5781 cum
1481 5728 1674 5784 videbo
1701 5729 1888 5785 Deum.
1919 5731 1984 5785 Et
2015 5733 2086 5788 il-
2201 5753 2332 5794 mox
2345 5747 2402 5792 ut,
2429 5737 2718 5806 aspicimus
2741 5749 2845 5789 non
2869 5733 3143 5789 credimus
3166 5731 3369 5795 vivere,
3399 5727 3501 5782 sed
3520 5724 3760 5783 videmUS,

499 5812 596 5871 Iud
621 5815 765 5882 quod
793 5818 871 5874 ait
897 5816 1214 5888 Apostolus,
1268 5816 1425 5876 Facie
1447 5820 1514 5878 ad
1547 5819 1757 5888 faciem,
1810 5839 1913 5880 non
1942 5826 2087 5896 cogit
2127 5849 2178 5942 -ι
2203 5841 2326 5888 cum
2365 5841 2552 5885 eorum
2588 5827 2752 5884 vitam
2801 5826 2918 5884 sine
2957 5822 3276 5896 corporibus
3324 5819 3510 5878 videre
3557 5824 3768 5885 nequea-
