3986 6382
215 327 322 384 817

1385 305 1758 369 THESAURU
1768 304 1831 363 S.
1869 299 2026 359 CAP.
2064 298 2292 356 CLXVI.

3385 303 3489 365 818

212 459 363 512 mus,
394 457 552 516 quam
588 449 766 499 tamen
810 439 865 494 in
894 435 973 494 eis
1015 447 1112 506 per
1139 446 1368 504 corpora
1398 440 1599 488 remota
1649 427 1796 485 omni
1823 427 1878 486 Α
1901 418 2011 475 Ero
2037 417 2252 516 illorum
2274 415 2441 516 Dens,
2463 422 2520 472 et
2546 415 2645 486 ipsi
2668 421 2828 471 erunt
2853 414 2984 470 mihi
3013 415 3343 516 plebs,_nisi,
3375 415 3488 516 ligo

213 538 564 609 ambiguitate
601 533 989 604 conspicimus.
1043 529 1120 583 Ita
1158 540 1490 598 quacumque
1541 521 1800 592 spiritalia

213 628 305 686 ilia
334 630 532 684 lumina
571 641 859 696 corporum
897 623 1204 678 nostrarum
1255 617 1688 674 circumferimus
1719 614 1800 669 iu-

214 735 537 791 corporeum
583 719 752 775 Deum
786 717 966 772 omnia
999 721 1302 784 regentem,
1333 711 1495 766 etiam
1546 723 1640 777 per
1684 721 1800 762 cor-

214 826 348 883 pora
364 811 758 868 contuebimur.
774 809 881 864 Aut
901 821 1029 876 ergo
1051 807 1128 861 sic
1149 820 1243 875 per
1264 803 1386 858 illos
1407 801 1592 857 oculos
1622 798 1698 856 sic
1725 799 1802 854 vi-

216 903 430 960 debitur
453 904 614 970 Deus,
647 909 706 957 ut
734 898 932 970 aliquid
965 897 1196 952 habeant
1223 895 1275 949 in
1306 902 1450 948 tanta
1482 890 1802 947 excellentia

216 995 388 1052 menti
435 995 629 1060 simile,
672 1007 778 1063 quo
815 999 871 1046 et
912 990 1232 1058 incorporea
1285 994 1472 1041 natura
1522 994 1799 1047 cernatur,

216 1087 360 1158 quod
401 1087 521 1141 ullis
557 1084 841 1154 exemplis,
878 1081 996 1138 sive
1039 1080 1427 1150 scripturarum
1481 1074 1804 1132 testimoniis

217 1180 546 1244 divinarum,
590 1177 678 1232 vel
710 1175 955 1241 difficile,
1013 1175 1101 1229 vel
1150 1169 1478 1240 impossibile
1505 1176 1589 1222 est
1622 1176 1805 1222 osten-

217 1273 379 1337 dere;
405 1269 663 1340 autquod
693 1276 778 1324 est
805 1267 871 1322 ad
905 1263 1313 1335 intelligendum
1345 1261 1574 1324 facilius,
1606 1259 1678 1314 ita
1704 1273 1803 1313 no-

218 1363 306 1418 bis
351 1362 492 1416 Deus
531 1360 636 1415 erit
680 1368 839 1414 notus
883 1366 1044 1428 atque
1089 1354 1429 1424 cormpicuus,
1479 1359 1540 1405 ut
1563 1349 1806 1404 videatur

218 1453 418 1524 Spiritu
449 1466 479 1506 a
505 1450 732 1521 singulis
759 1450 914 1506 nobis
935 1450 987 1504 in
1019 1447 1244 1519 singulis
1275 1444 1450 1509 nobis,
1473 1443 1716 1499 videatur
1738 1441 1806 1497 ab

220 1545 396 1600 altero
427 1543 481 1599 in
510 1543 705 1609 altero,
729 1543 978 1598 videatur
1005 1543 1058 1597 in
1088 1541 1286 1610 seipso,
1316 1539 1559 1594 videatur
1585 1537 1637 1592 in
1666 1535 1806 1592 caelo

222 1649 365 1692 novo
411 1645 465 1689 et
502 1643 644 1690 terra
675 1649 809 1691 nova
831 1675 848 1700 ,
878 1643 1037 1704 atque
1071 1633 1123 1687 in
1166 1633 1311 1687 omni
1339 1647 1458 1702 quae
1485 1640 1611 1687 tunc
1649 1628 1809 1685 fuerit

222 1735 503 1791 creatura;
531 1724 780 1780 videatur
820 1733 876 1780 et
913 1740 1009 1794 per
1051 1738 1278 1794 corpora
1321 1723 1373 1779 in
1405 1724 1551 1778 omni
1579 1735 1805 1792 corpore
1849 1781 1854 1787 ,

1902 525 1999 567 ero
2036 511 2179 566 unde
2220 512 2500 578 satientur,
2530 524 2632 581 ego
2675 524 2768 565 ero
2791 525 3140 582 quaecumque
3163 513 3231 567 ab
3258 511 3486 568 homini-

1902 603 2002 658 bus
2054 603 2280 659 honeste
2321 603 2698 659 desiderantur
2742 602 3180 674 [desiderentur],
3231 605 3389 675 108
3435 614 3490 661 et

1902 693 2030 761 vita,
2063 704 2116 750 et
2141 695 2308 761 salus,
2340 704 2394 751 et
2425 697 2620 762 victus,
2643 704 2697 750 et
2721 697 2897 766 c0pia,
2921 706 2974 751 et
2995 697 3183 767 gloria,
3214 705 3268 751 et
3292 697 3488 762 honor,

1903 791 1958 837 et
1987 796 2111 850 pax,
2147 791 2201 838 et
2229 783 2407 838 omnia
2435 784 2615 838 bona?
2644 785 2734 840 Sic
2759 784 2898 840 enim
2924 795 2978 840 et
3002 785 3129 839 illud
3158 793 3304 841 recte
3331 782 3490 839 intel-

1903 874 2086 943 ligitur
2123 876 2269 946 quod
2298 877 2369 930 ait
2394 877 2701 944 Apostolus,
2737 877 2803 932 Ut
2826 877 2894 932 sit
2922 877 3063 932 Deus
3089 878 3266 932 omnia
3292 877 3346 931 in
3373 890 3490 930 om-

1905 964 2090 1020 nibus.
2124 965 2243 1034 lpse
2274 965 2397 1022 ﬁnis
2441 967 2545 1022 erit
2586 967 2977 1022 desideriorum
3026 977 3353 1034 nostrorum,
3401 967 3492 1037 qui

1906 1056 2022 1111 sine
2064 1056 2168 1112 ﬁne
2197 1057 2488 1124 videbitur,
2520 1058 2635 1113 sine
2662 1058 2875 1113 fastidio
2898 1057 3185 1124 amabitur,
3227 1056 3342 1112 sine
3372 1057 3492 1111 fati-

1907 1151 2121 1222 gatione
2170 1152 2508 1217 laudabitur;
2561 1153 2662 1207 hoc
2707 1169 2921 1218 munus,
2957 1151 3066 1207 'hic
3108 1152 3350 1219 allectus,
3405 1151 3494 1205 hic

1906 1256 2059 1302 actus
2079 1245 2320 1318 profecto
2349 1248 2452 1302 erit
2493 1248 2762 1316 omnibus,
2796 1249 2938 1304 sicut
2965 1248 3081 1319 ipsa
3112 1248 3220 1303 vita
3244 1262 3490 1304 commu-

1908 1337 1994 1393 nis
2024 1349 2252 1394 aeterna.
2282 1338 2551 1394 Cmterum
2576 1339 2667 1409 qui
2689 1340 2852 1395 futuri
2877 1341 2983 1396 sint
3009 1339 3315 1410 promeritis
3354 1352 3494 1408 prte-

1907 1429 2164 1495 miorum,
2219 1429 2378 1484 etiam
2425 1429 2622 1499 gradus
2665 1430 2928 1485 honorum
2975 1440 3136 1500 atque
3174 1429 3490 1500 gloriarum,

1908 1521 2030 1592 quis
2049 1528 2132 1575 est
2160 1520 2384 1574 idoneus
2405 1519 2660 1589 cogitare,
2688 1530 2885 1590 quanto
2911 1521 3080 1592 magis
3101 1519 3318 1576 dicere?
3340 1519 3496 1584 Quod

1908 1620 2088 1667 tamen
2109 1610 2272 1667 futuri
2301 1611 2410 1665 sint
2427 1625 2530 1665 non
2555 1620 2636 1665 est
2657 1611 3057 1681 ambigendum,
3080 1620 3240 1682 atque
3255 1611 3308 1667 id
3331 1610 3495 1666 etiam

1911 1702 2066 1759 beata
2089 1702 2180 1756 illa
2207 1701 2394 1756 civitas
2422 1717 2673 1771 magnum
2699 1701 2752 1756 in
2783 1717 2844 1758 se
2869 1703 3067 1758 bonum
3096 1703 3325 1770 videbit,
3349 1702 3494 1772 quod

223 1833 565 1890 quocumque
592 1818 790 1874 fuerint
819 1793 1077 1888 εριιζηδιίε
1110 1818 1353 1889 corporis
1375 1818 1516 1872 οευιί
1546 1816 1661 1872 acie
1687 1831 1809 1886 per-
1838 1809 1887 1872 Β
1912 1795 2062 1890 nulli
2080 1793 2343 1890 superiori
2387 1793 2526 1890 ullus
2571 1793 2794 1890 inferior
2825 1793 3126 1890 invidebit,
3171 1795 3309 1849 sicut
3351 1807 3494 1848 nunc

224 1915 475 1971 veniente
496 1915 708 1970 directi.
737 1915 1003 1970 Patebunt
1039 1915 1200 1968 etiam
1224 1912 1579 1983 cogitationes
1609 1920 1809 1966 nostrae

224 2005 456 2062 invicem
480 2007 634 2061 nobis
663 2021 678 2060 :
711 2014 836 2060 tunc
861 2005 1004 2060 enim
1029 2005 1332 2074 implebitur
1353 2004 1497 2074 quod
1518 2003 1808 2072 Apostolus

225 2111 348 2153 cum
365 2097 590 2154 dixisset
612 2113 625 2151 :
648 2097 823 2153 Nolite
839 2106 964 2154 ante
988 2105 1197 2166 tempus
1221 2095 1512 2167 quidquam
1530 2094 1804 2165 judicare;

227 2203 353 2246 mox
395 2190 599 2245 addidit
640 2207 653 2243 :
706 2191 885 2246 Donec
921 2191 1102 2246 veniat
1145 2190 1404 2246 Dominus
1445 2199 1500 2246 et
1544 2190 1814 2245 illuminet

227 2279 542 2337 abscondita
572 2280 945 2350 tenebrarum,
987 2293 1038 2338 et
1068 2282 1433 2338 manifestahit
1459 2281 1813 2351 cogitationes

229 2373 434 2442 cordis,
468 2383 520 2431 et
559 2384 683 2431 tunc
714 2376 828 2431 laus
850 2376 954 2431 erit
980 2376 1270 2444 unicuique
1290 2389 1321 2428 a
1345 2374 1480 2430 Deo.

769 2495 994 2551 CAPUT
1051 2495 1281 2550 CLXVI.

231 2599 314 2659 De
352 2610 545 2658 atterna
581 2605 830 2674 felicitate
860 2606 1091 2660 Civitatis
1119 2603 1235 2670 Dei,
1280 2604 1600 2674 Sabbatoque
1639 2619 1819 2675 perpe-

438 2685 553 2742 tuo,
583 2693 646 2731 ea:
666 2677 846 2732 eodem
865 2679 995 2732 libro
1025 2693 1136 2732 xxu
1165 2678 1228 2731 de
1257 2675 1473 2731 Civitate
1501 2675 1618 2729 Dei.

304 2787 516 2853 Quanta
545 2790 650 2844 erit
680 2789 770 2844 illa
799 2789 1054 2858 felicitas,
1101 2789 1193 2846 ubi
1224 2789 1431 2845 nullum
1463 2788 1568 2846 erit
1597 2789 1819 2859 malum,

232 2877 440 2935 nullum
486 2879 672 2934 latebit
713 2879 947 2947 bonum,
999 2879 1277 2935 vacabitur
1319 2881 1416 2936 Dei
1456 2880 1707 2936 laudibus
1733 2882 1824 2950 qui

232 2971 336 3027 erit
363 2971 541 3025 omnia
572 2970 625 3024 in
657 2970 941 3027 omnibus!
975 2971 1107 3027 Nam
1148 2970 1276 3042 quid
1306 2972 1454 3027 aliud
1495 2980 1708 3043 agatur,
1735 2972 1825 3028 ubi

233 3075 412 3130 neque
459 3062 566 3116 ulla
607 3060 811 3116 desidia
841 3062 1143 3117 cessabitur
1172 3078 1350 3133 neque
1379 3062 1487 3116 ulla
1533 3063 1825 3132 indigentia

237 3151 596 3219 laborabitur,
645 3152 830 3208 nescio
864 3171 877 3206 :
906 3153 1201 3208 admoneor
1250 3155 1414 3209 etiam
1454 3165 1644 3210 sancto
1679 3155 1824 3209 Can-

237 3242 368 3313 tico,
397 3245 486 3299 ubi
515 3245 635 3316 lego
662 3246 748 3301 vel
777 3245 938 3302 audio
968 3264 981 3301 :
1011 3247 1158 3304 Beati
1180 3250 1270 3318 qui
1300 3247 1544 3302 habitant
1573 3247 1627 3300 in
1659 3247 1822 3303 domo

237 3343 329 3389 tua
367 3333 670 3406 [Domine];
715 3333 770 3389 in
809 3337 1007 3392 saecula
1057 3338 1374 3394 saeculorum
1420 3338 1712 3393 laudabunt
1749 3347 1823 3394 te.

239 3423 429 3481 Omnia
457 3426 698 3481 membra
741 3434 797 3480 et
838 3428 1045 3484 viscera
1070 3429 1491 3498 incorruptibilis
1539 3431 1822 3498 corporis,

238 3534 360 3592 qua:
379 3532 520 3576 nunc
534 3521 782 3576 videmus
803 3535 900 3590 per
915 3535 1046 3577 usus
1067 3522 1412 3578 necessitatis
1443 3523 1624 3578 varios
1646 3522 1829 3578 distri-

238 3612 390 3680 buta,
440 3613 693 3683 quoniam
740 3622 869 3668 tunc
912 3628 1020 3669 non
1065 3614 1172 3669 erit
1213 3614 1326 3683 ipsa
1375 3614 1690 3682 necessitas,
1732 3615 1826 3669 sed

239 3707 400 3778 plena
422 3716 574 3762 certe
599 3708 861 3763 securitas
885 3706 1002 3780 [sed
1030 3709 1211 3777 plena,
1241 3715 1411 3775 certa,
1435 3707 1670 3780 secura,]
1693 3723 1830 3764 sem-

241 3798 455 3871 piterna
503 3798 780 3853 felicitas:
814 3799 1101 3868 proficient
1151 3799 1400 3853 laudibus
1454 3799 1572 3854 Dei.
1629 3797 1830 3854 Omnes

243 3888 446 3958 quippe
476 3889 554 3942 illi
575 3889 646 3944 de
679 3889 873 3958 quibus
895 3889 1010 3958 jam
1041 3903 1159 3944 sum
1189 3888 1422 3958 locutus,
1470 3889 1561 3958 qui
1591 3903 1733 3944 nunc
1753 3889 1831 3944 la—

244 3985 364 4034 tent
395 3979 687 4033 harmoniae
721 3982 1020 4048 corporalis
1049 3983 1259 4037 numeri
1294 3998 1401 4036 non
1444 3983 1709 4047 latebunt,
1743 3984 1829 4036 in-

247 4069 520 4123 trinsecus
550 4079 604 4123 et
629 4071 966 4126 extrinsecus
1013 4087 1112 4140 per
1154 4073 1398 4141 corporis
1426 4082 1621 4126 cuncta
1651 4073 1833 4138 dispo-

250 4159 362 4223 siti,
390 4168 444 4214 et
472 4175 592 4214 cum
624 4162 837 4216 caeteris
867 4163 1030 4218 rebus
1051 4179 1172 4232 qua:
1203 4165 1275 4218 ibi
1306 4179 1512 4234 magna:
1540 4174 1700 4234 atque
1727 4166 1826 4219 mi-

250 4252 454 4310 rabiles
474 4253 817 4322 videbuntur,
835 4255 1130 4309 rationales
1158 4264 1367 4310 mentes
1387 4255 1440 4310 in
1465 4257 1596 4310 tanti
1619 4256 1836 4311 artificis

250 4340 488 4408 laudem,
519 4342 853 4397 rationabilis
883 4343 1302 4414 pulchritudinis
1327 4344 1687 4401 delectatione
1714 4360 1837 4400 suc-

249 4437 484 4494 cendent
515 4435 869 4508 [succedent].
903 4437 1002 4504 Qui
1039 4447 1218 4493 motus
1259 4438 1370 4493 illic
1415 4439 1602 4494 talium
1644 4453 1836 4508 corpo—

249 4542 372 4587 rum
404 4527 508 4583 sint
529 4528 695 4582 futuri
727 4536 929 4584 temere
959 4529 1185 4584 definire
1213 4543 1320 4584 non
1345 4529 1539 4593 audeo,
1570 4530 1713 4598 quod
1742 4544 1836 4584 ex-

250 4620 490 4692 cOgitare
517 4634 623 4674 non
650 4620 824 4674 valeo.
856 4620 1058 4676 Tamen
1085 4630 1140 4676 et
1170 4630 1366 4689 motus,
1393 4631 1450 4676 et
1478 4629 1670 4688 status,
1697 4622 1836 4678 sicut

250 4713 370 4784 ipsa
413 4713 624 4782 species
659 4713 858 4768 decens
901 4714 1007 4770 erit
1050 4715 1370 4785 quicumque
1413 4714 1516 4770 erit
1566 4715 1655 4771 ubi
1691 4715 1836 4785 quod

252 4817 363 4860 non
409 4803 624 4858 decebit
670 4818 776 4857 non
816 4803 940 4858 erit.
980 4801 1140 4860 Certe
1181 4806 1266 4860 ubi
1304 4806 1449 4862 volet
1492 4806 1732 4876 spiritus,
1766 4807 1837 4862 ibi

255 4893 360 4951 erit
391 4894 640 4962 protinus
665 4907 885 4962 corpus,
911 4908 1012 4949 nec
1037 4895 1183 4950 volet
1208 4896 1412 4964 aliquid
1450 4898 1670 4967 spiritus
1695 4899 1838 4968 quod

254 4996 360 5039 nec
387 4983 632 5052 spiritum
661 4983 833 5052 possit
859 4984 1153 5040 decernere
1181 4984 1418 5055 [decere]
1449 5001 1666 5056 corpus.
1698 4989 1839 5045 Vera

255 5070 332 5128 ibi
360 5071 528 5141 gloria
554 5072 658 5126 erit
681 5073 770 5126 ubi
817 5073 1081 5127 laudantis
1111 5086 1212 5127 nec
1250 5087 1433 5129 errore
1471 5077 1700 5146 quisque
1741 5091 1842 5133 nec

256 5161 566 5216 adulatione
604 5161 932 5218 laudabitur.
965 5162 1136 5218 Verus
1168 5163 1360 5229 honor,
1401 5166 1491 5234 qui
1521 5169 1647 5221 nulli
1680 5184 1842 5237 nega-

256 5253 404 5310 bitur
433 5254 611 5325 digno,
637 5257 767 5311 nulli
799 5257 1073 5313 deferetur
1100 5256 1337 5328 indigno,
1366 5259 1458 5314 sed
1492 5275 1590 5315 nec
1625 5261 1691 5314 ad
1715 5277 1838 5317 eum

256 5345 464 5401 ambiet
489 5346 771 5420 [ambiget]
808 5350 947 5405 ullus
978 5350 1248 5420 indignus,
1283 5350 1374 5406 ubi
1404 5353 1582 5407 nullus
1613 5353 1838 5421 permit-

259 5443 407 5492 tetur
434 5450 554 5492 esse
597 5438 702 5493 nisi
731 5439 940 5509 dignus.
972 5442 1110 5497 Vera
1143 5457 1264 5512 pax,
1311 5443 1398 5498 ubi
1442 5444 1571 5498 nihil
1602 5444 1834 5509 adversi,

260 5542 366 5585 nec
399 5543 428 5583 a
466 5530 667 5598 seipso,
725 5546 825 5585 nec
863 5534 930 5587 ab
981 5534 1088 5588 alio
1127 5536 1353 5606 quisque
1401 5536 1670 5606 patietur:
1699 5553 1838 5607 prae-

260 5618 430 5675 mium
473 5619 680 5676 virtutis
736 5623 839 5676 erit
887 5624 999 5693 ipse
1043 5628 1133 5695 qui
1181 5628 1438 5684 virtutem
1493 5630 1639 5685 dedit
1686 5631 1842 5700 eique

261 5711 342 5766 sei
353 5725 524 5778 psum,
560 5727 667 5782 quo
709 5714 899 5769 melius
927 5722 984 5770 et
1012 5716 1186 5785 majus
1213 5720 1344 5774 nihil
1377 5721 1545 5790 possit
1569 5736 1690 5777 esse
1719 5736 1844 5792 pro-

266 5801 433 5860 misit.
459 5801 594 5871 Quid
615 5814 699 5865 est
719 5805 861 5864 enim
882 5806 1023 5866 aliud
1046 5809 1186 5879 quod
1212 5825 1308 5879 per
1329 5813 1650 5884 PrOphetam
1670 5814 1839 5885 dixit,

1911 1903 2018 1944 non
2049 1886 2284 1941 invident
2311 1884 2655 1955 archangelis
2686 1885 2864 1955 angeli
2892 1885 3094 1950 caateri,
3122 1894 3371 1952 tanquam
3400 1896 3499 1936 no-

1913 1979 1973 2034 lit
2001 1994 2122 2035 esse
2149 1977 2514 2047 unusquisque
2546 1978 2686 2047 quod
2731 1993 2836 2031 non
2875 1977 3102 2046 accepit,
3152 1975 3397 2044 quamvis
3429 1975 3501 2030 sit

1913 2069 2262 2142 pacatissimo
2284 2069 2586 2124 concordia:
2607 2067 2820 2123 vinculo
2849 2068 2921 2136 ei,
2967 2067 3057 2135 qui
3080 2066 3287 2136 accepit
3305 2064 3502 2120 obstri-

1915 2172 2050 2229 ctus,
2080 2177 2240 2233 quam
2281 2176 2380 2218 nec
2420 2161 2472 2215 in
2511 2175 2739 2230 corpore
2769 2159 2882 2214 vult
2926 2160 3117 2214 oculus
3144 2173 3269 2213 esse
3296 2155 3388 2226 qui
3416 2165 3501 2210 est

1916 2257 2132 2328 digitus,
2177 2269 2296 2309 cum
2338 2255 2640 2308 membrum
2685 2263 2974 2321 utrumque
3015 2251 3292 2306 contineat
3340 2249 3506 2303 totius

1919 2347 2098 2402 carnis
2147 2353 2331 2414 pacata
2376 2358 2658 2414 compago.
2689 2343 2780 2398 Sic
2822 2342 3004 2411 itaque
3048 2341 3268 2395 habebit
3305 2340 3504 2393 donum

1921 2440 2058 2494 alius
2105 2439 2209 2493 alio
2239 2437 2438 2502 minus,
2483 2445 2543 2491 ut
2583 2435 2685 2492 hoc
2710 2450 2925 2506 quoque
2961 2434 3159 2489 donum
3204 2431 3400 2486 habeat
3437 2445 3507 2485 ne

1924 2529 2056 2586 velit
2083 2528 2336 2598 amplius,
2371 2541 2472 2583 nec
2495 2526 2616 2582 ideo
2640 2528 2865 2582 liberum
2895 2524 3178 2581 arbitrium
3209 2537 3318 2577 non
3343 2519 3508 2576 habe-

1928 2623 2085 2686 bunt,
2116 2622 2240 2690 quia
2272 2627 2495 2690 percata
2522 2634 2616 2674 eos
2644 2619 2912 2674 delectare
2941 2631 3045 2672 non
3074 2619 3348 2684 poterunt,
3395 2626 3509 2665 ma-

1927 2713 2008 2784 gis
2036 2712 2232 2782 quippe
2266 2712 2369 2766 erit
2405 2711 2631 2766 liberum
2664 2726 2694 2764 a
2721 2707 3076 2764 delectatione
3106 2703 3386 2777 peccandi,
3421 2715 3507 2754 us-

1929 2819 2034 2873 que
2073 2804 2142 2859 ad
2185 2803 2603 2859 delectationem
2644 2817 2750 2856 non
2793 2800 3051 2871 peccandi
3079 2794 3509 2854 indeclinabilem

1931 2896 2234 2952 liberatum.
2293 2894 2426 2949 Nam
2477 2894 2707 2964 primum
2749 2892 2975 2948 liberum
3022 2889 3326 2954 arbitrium,
3370 2883 3511 2954 quod

1932 2988 2135 3045 homini
2162 2989 2344 3042 datum
2363 2996 2465 3054 est,
2484 2985 2698 3057 quando
2727 2987 2955 3054 primum
2973 2991 3186 3039 creatus
3205 2988 3287 3036 est
3313 2986 3510 3037 rectus,

1932 3078 2105 3150 potuit
2136 3093 2240 3133 non
2283 3092 2528 3146 peccare,
2562 3077 2656 3132 sed
2687 3079 2859 3146 potuit
2890 3087 2941 3130 et
2972 3089 3218 3146 peccare.
3264 3071 3378 3126 lloc
3416 3081 3514 3121 au-

1933 3180 2042 3227 tem
2073 3171 2424 3226 novissimum
2450 3185 2515 3225 eo
2554 3169 2824 3239 potentius
2852 3167 2974 3233 erit,
3018 3183 3126 3238 quo
3151 3177 3376 3235 peccare
3405 3175 3514 3216 non

1927 3264 2144 3336 poterit.
2172 3264 2372 3319 Verum
2401 3265 2504 3317 hoc
2524 3278 2737 3333 quoque
2767 3263 2860 3316 Dei
2885 3276 3108 3316 munere
3131 3273 3238 3315 non
3261 3272 3370 3313 suae
3395 3269 3515 3325 pos-

1925 3356 2180 3412 sibilitate
2209 3365 2416 3409 naturae
2449 3374 2460 3409 :
2489 3355 2631 3408 aliud
2660 3361 2745 3409 est
2786 3356 2932 3408 enim
2978 3367 3102 3408 esse
3139 3353 3340 3416 Deum,
3372 3348 3517 3403 aliud

1925 3444 2243 3515 participem
2292 3444 2420 3506 Dei;
2469 3444 2610 3498 Deus
2654 3453 2844 3498 natura
2887 3457 3112 3513 peccare
3165 3456 3270 3496 non
3317 3447 3518 3507 potest,

1927 3537 2198 3604 particeps
2220 3549 2350 3589 vero
2381 3535 2473 3588 Dei
2502 3535 2570 3588 ab
2602 3533 2694 3588 illo
2715 3532 2911 3602 accipit
2933 3542 2988 3586 ut
3013 3546 3236 3601 peccare
3264 3544 3370 3585 non
3394 3542 3517 3598 pos-

1929 3627 2021 3684 sit.
2053 3627 2320 3683 Servandi
2357 3633 2536 3679 autem
2565 3625 2760 3694 gradus
2798 3633 2953 3678 erant
2979 3622 3141 3678 divini
3172 3620 3434 3684 muneris,
3463 3627 3518 3674 ut

1932 3719 2162 3788 primum
2189 3717 2409 3772 daretur
2435 3716 2662 3770 liberum
2694 3714 2999 3780 arbitrium,
3029 3729 3135 3784 quo
3159 3727 3270 3768 non
3298 3725 3518 3781 peccare

1933 3811 2095 3865 homo
2117 3818 2315 3878 posset,
2350 3809 2700 3863 novissimum
2744 3821 2850 3876 quo
2882 3821 3105 3875 peccare
3141 3819 3249 3858 nou
3294 3810 3518 3872 posset;

1931 3908 2091 3970 atque
2118 3899 2247 3954 illud
2277 3898 2342 3952 ad
2371 3897 2786 3967 comparandum
2831 3899 3123 3961 meritum,
3157 3896 3259 3950 hoc
3287 3893 3354 3948 ad
3385 3892 3518 3948 reci-

1933 3989 2186 4060 piendum
2215 3990 2492 4058 praemium
2515 3989 2842 4058 pertineret;
2869 3988 2962 4041 sed
2989 3988 3111 4056 quia
3153 3986 3391 4054 peccavit
3422 3984 3520 4038 ista

1935 4089 2123 4134 natura
2151 4094 2270 4132 cum
2304 4093 2526 4146 peccare
2558 4079 2745 4147 potuit,
2774 4077 3005 4146 largiore
3033 4077 3205 4145 gratia
3244 4076 3519 4140 liberatur,

1935 4180 1996 4225 ut
2033 4169 2100 4224 ad
2141 4183 2257 4223 eam
2312 4170 2640 4237 perducatur
2684 4169 3012 4235 libertatem,
3053 4168 3106 4221 in
3151 4182 3254 4236 qua
3299 4182 3521 4235 peccare

1937 4277 2044 4318 non
2097 4262 2286 4332 possit.
2347 4263 2498 4316 Sicut
2550 4261 2695 4316 enim
2755 4262 2927 4329 prima
2979 4261 3355 4315 immortalitas
3402 4261 3505 4315 fuit

1937 4368 2098 4424 quam
2131 4352 2408 4423 peccando
2436 4353 2605 4408 Adam
2632 4353 2885 4422 perdidit,
2919 4367 3076 4421 posse
3102 4369 3209 4408 non
3237 4353 3393 4418 mori,
3419 4369 3523 4409 no-

1939 4445 2159 4501 vissima
2201 4445 2324 4510 erit,
2371 4459 2478 4498 non
2510 4458 2670 4515 posse
2699 4445 2835 4499 mori
2867 4445 2978 4502 :ita
3020 4445 3246 4513 primum
3293 4445 3522 4500 liberum

1939 4536 2214 4591 arbitrium
2245 4551 2404 4605 posse
2427 4550 2533 4590 non
2558 4550 2804 4605 peccare,
2851 4537 3201 4591 novissimum
3230 4551 3337 4591 non
3363 4552 3524 4606 posse

1941 4643 2184 4698 peccare.
2212 4628 2303 4682 Sic
2332 4627 2475 4684 enim
2505 4627 2614 4682 erit
2644 4626 3009 4682 inamissibilis
3037 4627 3283 4682 voluntas
3313 4629 3525 4697 pietatis

1940 4730 1994 4777 et
2038 4721 2324 4791 mquitatis,
2375 4720 2646 4790 quomodo
2689 4727 2772 4775 est
2819 4721 3110 4777 felicitatis.
3165 4721 3296 4777 Nam
3341 4723 3525 4793 utique

1939 4815 2232 4885 peccando,
2273 4829 2374 4870 nec
2416 4815 2690 4883 pietatem,
2730 4827 2831 4869 nec
2867 4813 3179 4871 felicitatem
3225 4818 3517 4885 tenuimus,

1943 4907 2272 4962 voluntatem
2292 4919 2424 4959 vero
2454 4904 2726 4960 felicitatis
2753 4920 2853 4960 nec
2882 4906 3088 4974 perdita
3113 4906 3370 4961 felicitate
3399 4921 3524 4974 per-

1943 4996 2196 5052 didimus.
2242 4996 2402 5051 Certe
2433 4995 2572 5050 Deus
2614 4996 2730 5064 ipse
2771 4995 3012 5064 nunquid
3056 4996 3309 5065 quoniam
3355 4993 3523 5064 [quia]

1949 5102 2172 5158 peccare
2203 5101 2309 5141 non
2347 5095 2539 5154 potest,
2590 5086 2711 5141 ideo
2741 5085 2966 5141 liberum
2997 5084 3275 5139 arbitrium
3323 5083 3524 5138 habere

1945 5178 2221 5247 negandus
2261 5178 2378 5232 est?
2427 5179 2542 5233 Erit
2588 5193 2715 5248 ergo
2751 5178 2897 5234 illius
2939 5179 3187 5240 civitatis,
3228 5184 3284 5230 et
3317 5190 3425 5230 una
3468 5177 3523 5230 in

1942 5268 2216 5334 omnibus,
2248 5277 2304 5323 et
2332 5269 2712 5338 inseparabilis
2738 5271 2792 5325 in
2815 5267 3040 5339 singulis
3065 5268 3309 5322 voluntas
3331 5267 3524 5333 libera,

1942 5361 2011 5416 ab
2035 5363 2180 5415 omni
2204 5360 2345 5415 malo
2371 5361 2609 5428 liberata,
2646 5370 2701 5416 et
2722 5360 2939 5430 impleta
2970 5359 3116 5414 omni
3144 5359 3307 5424 bono,
3339 5359 3523 5414 fruens

1944 5453 2319 5507 indeficienler
2387 5463 2712 5508 mternorum
2773 5450 3104 5520 jucunditate
3165 5451 3522 5522 gaudiorum,

1945 5542 2109 5597 oblita
2160 5543 2460 5612 culparum,
2513 5544 2680 5598 oblita
2710 5558 3009 5612 poenarum,
3057 5559 3158 5600 nec
3197 5545 3319 5599 ideo
3349 5555 3524 5600 tamen

1945 5648 2059 5691 suae
2114 5633 2445 5689 liberationis
2498 5634 2684 5700 oblita,
2743 5644 2801 5688 ut
2839 5635 3109 5691 liberatori
3150 5651 3250 5692 suo
3300 5653 3408 5692 non
3458 5636 3526 5691 sit

1944 5734 2117 5798 grata.
2173 5725 2442 5793 Quantum
2472 5740 2602 5795 ergo
2628 5725 2818 5782 attinet
2850 5730 2917 5782 ad
2957 5729 3238 5784 scientiam
3286 5729 3526 5783 rationa-

1949 5818 2078 5888 lem,
2130 5831 2338 5877 memor
2365 5817 2757 5889 praeteritorum
2784 5819 2945 5878 etiam
2975 5821 3240 5880 malorum
3281 5835 3524 5892 suorum,
