3986 6382
482 379 587 443 819
1567 380 1634 440 D.
1675 376 1998 439 EUGYPPII
2037 371 2694 449 ABBATISL‘AFRIGANI
3666 380 3771 445 3‘30

479 512 737 595 quantum
765 529 945 582 autem
974 524 1041 582 ad
1068 524 1405 596 experientis
1432 539 1674 595 sensum,
1706 540 1930 597 prorsus
1959 523 2063 580 im-
2095 525 2149 584 Δ
2173 534 2324 577 mero
2353 523 2783 615 generationum.
2816 521 2995 583 Denas
3024 525 3220 615 quippe
3259 528 3462 589 habere
3491 534 3774 605 reperiun-

479 632 712 676 memor,
763 617 897 675 Nam
951 626 1008 676 et
1048 618 1409 692 peritissimus
1452 620 1711 687 medicus,
1763 620 1900 676 sicut
1949 629 2065 677 arte
2171 620 2277 680 tur,
2338 612 2462 667 hinc
2490 616 2600 684 jam
2640 614 2779 671 sicut
2817 612 3485 688 Evangelista'liattbaeus
3516 623 3775 683 determi-

480 709 743 780 sciuntur,
774 724 961 767 omnes
998 710 1115 768 fere
1159 711 1379 768 morbos
1418 712 1660 783 corporis
1701 711 1879 779 novit,
1926 712 2070 769 sicut

480 813 660 869 autem
704 818 933 875 corpore
983 805 1326 873 sentiuntur,
1376 803 1639 875 plurimos
1682 804 1876 873 nescit,
1930 819 2069 875 quos

481 896 600 968 ipse
627 912 731 953 non
754 911 944 971 passus
970 906 1072 954 est.
1108 897 1176 954 Ut
1208 911 1341 970 ergo
1368 897 1612 953 scientiae
1647 897 1913 954 malorum
1942 899 2066 955 dum

481 1000 625 1055 sunt,
671 1002 773 1043 una
805 1003 908 1063 qua
956 989 1247 1061 potentiam
1280 989 1478 1046 mentis
1519 1005 1627 1048 non
1655 990 1853 1060 latent,
1894 991 2066 1049 altera

481 1095 585 1152 qua
629 1081 960 1155 experientis
1012 1080 1262 1139 sensibus
1313 1082 1581 1139 inhazrent
1620 1084 1814 1157 (aliter
1867 1085 2066 1157 quippe

478 1171 722 1227 sciuntur
746 1172 873 1228 vitia
904 1173 1084 1233 omnia
1128 1189 1225 1248 per
1256 1173 1534 1245 sapientiae
1565 1174 1882 1241 doctrinam,
1908 1174 2065 1231 aliter

480 1276 577 1333 per
619 1262 919 1336 insipientis
962 1264 1252 1337 pessimam
1294 1266 1515 1338 vitam);
1558 1265 1630 1323 ita
1681 1276 1735 1327 et
1764 1267 2064 1327 obliviones

478 1354 742 1411 malorum
790 1356 910 1413 dum
956 1366 1084 1415 sunt
1130 1357 1312 1430 (aliter
1358 1373 1423 1415 ea
1453 1373 1687 1431 namque
1730 1359 2066 1419 obliviscitur

479 1448 721 1507 eruditus
750 1456 803 1506 et
829 1449 1041 1519 doctus,
1069 1450 1227 1509 aliter
1255 1461 1512 1524 expertus
1539 1462 1594 1509 et
1624 1454 1867 1525 passus);
1899 1454 1990 1511 ille
2018 1454 2067 1513 si

478 1542 724 1613 peritiam
762 1544 1016 1619 negligat,
1050 1546 1153 1602 iste
1182 1545 1229 1602 si
1254 1546 1473 1603 miseria
1512 1556 1712 1605 careat.
1758 1548 2066 1607 Secundum

478 1636 617 1691 hanc
659 1635 984 1694 oblivionem
1025 1653 1185 1713 quam
1232 1641 1533 1710 posteriore
1572 1640 1695 1697 loco
1728 1642 1905 1712 posui,
1957 1657 2068 1700 non

479 1736 635 1784 erunt
665 1744 935 1787 memores
962 1731 1134 1789 sancti
1164 1731 1562 1801 praeteritorum
1593 1734 1860 1791 malorum
1880 1751 1893 1788 :
1913 1748 2067 1792 care-

478 1822 612 1878 bunt
640 1823 782 1878 enim
811 1823 1059 1883 omnibus
1109 1824 1329 1900 [malis],
1362 1826 1435 1883 ita
1466 1836 1522 1882 ut
1548 1828 1765 1899 penitus
1785 1828 2089 1888 deleantur.

2170 712 2283 773 nat,
2320 714 2429 762 tres
2472 716 2657 763 aetates
2704 724 2871 781 usque
2910 710 2977 765 ad
3008 710 3207 769 Christi
3235 715 3649 788 subsequuntur
3677 720 3765 779 ad-

2172 801 2411 865 ventum,
2435 810 2553 866 quae
2578 795 2802 871 singulae
2827 798 2979 855 denis
3007 809 3062 859 et
3082 805 3357 873 quaternis
3388 811 3761 877 generationi~

2169 884 2269 941 bus
2298 888 2651 959 explicantur,
2700 889 2768 945 ab
2798 890 3070 948 Abraham
3110 908 3279 965 usque
3316 896 3384 951 ad
3417 897 3597 955 David
3627 918 3762 973 uua,

2168 976 2335 1033 altera
2375 977 2502 1035 inde
2538 994 2708 1052 usque
2752 980 2819 1036 ad
2860 984 3387 1055 transmigrationem
3444 988 3500 1044 in
3548 990 3769 1066 Babylo-

2168 1070 2333 1136 niam,
2386 1072 2545 1127 tertia
2578 1072 2703 1128 inde
2746 1086 2914 1146 usque
2941 1075 3009 1130 ad
3038 1076 3315 1133 carnalem
3344 1078 3558 1136 Christi
3591 1085 3768 1142 nativi-

2171 1169 2361 1219 tatem.
2389 1162 2553 1218 Fiunt
2579 1162 2759 1235 itaque
2785 1179 2973 1224 omnes
2993 1166 3230 1239 quinque
3262 1185 3275 1221 :
3302 1168 3467 1226 Sexta
3504 1188 3659 1228 nunc
3679 1176 3767 1246 agi

2173 1263 2278 1323 tur,
2335 1255 2481 1312 nullo
2520 1256 2925 1327 generationum
2970 1272 3198 1314 numero
3234 1261 3513 1317 metienda
3560 1275 3765 1335 propter

2169 1343 2225 1400 id
2248 1344 2392 1416 quod
2421 1345 2623 1401 dictum
2653 1354 2738 1402 est
2764 1362 2780 1401 :
2805 1345 2920 1402 Non
2951 1355 3035 1403 est
3065 1355 3304 1406 vestrum
3331 1351 3478 1407 scire
3506 1360 3761 1427 tempora,

2169 1451 2291 1507 quae
2316 1436 2476 1494 Pater
2499 1438 2678 1511 posuit
2699 1438 2753 1494 in
2784 1452 2880 1495 sua
2900 1448 3187 1510 potestate.
3212 1439 3339 1499 Post
3356 1441 3499 1500 hanc
3526 1455 3763 1520 tanquam

2168 1525 2221 1583 in
2252 1526 2339 1584 die
2385 1530 2615 1600 septimo
2644 1531 2947 1601 requiescet
2977 1533 3150 1618 Deus,
3192 1547 3317 1589 cum
3344 1535 3605 1595 eumdem
3636 1539 3761 1601 diem

2168 1619 2477 1691 septimum,
2532 1622 2675 1693 quod
2704 1637 2804 1679 nos
2825 1623 3030 1680 erimus
3076 1619 3229 1699 [Post
3256 1625 3396 1685 hanc
3425 1637 3679 1698 tanquam
3714 1632 3760 1695 in

2172 1711 2261 1769 die
2306 1714 2538 1784 septimo
2590 1714 2893 1783 requiescet
2949 1716 3093 1773 Deus
3141 1732 3262 1773 cum
3320 1719 3578 1777 eumdem
3629 1723 3758 1783 diem

2173 1802 2460 1874 septimum
2486 1804 2750 1876 quod‘nos
2779 1804 3024 1881 erimus].
3050 1808 3104 1862 in
3127 1823 3185 1865 se
3213 1810 3331 1885 ipso
3357 1810 3469 1871 Deo
3492 1811 3651 1869 faciet
3674 1830 3747 1871 re-

478 1915 546 1971 de
570 1915 821 1971 Sensibus
848 1931 1056 1973 eorum.
1103 1894 1180 1975 is'a
1212 1894 1389 1974 tamen
1414 1894 1655 1991 potentia
1684 1921 1921 1979 scientia
1946 1937 2066 1994 qua:
2095 1911 2144 1973 Β
2168 1895 2466 1994 Quiesce":
2496 1894 2573 1950 De
2604 1894 2725 1951 isus
2764 1911 2929 1994 p°_'_'°
2972 1899 3220 1957 “talibus
3248 1902 3476 1974 Singulis
3503 1920 3640 1962 nunc
3665 1906 3736 1963 ἀί·

479 2020 672 2075 magna
718 2006 772 2062 in
802 2007 880 2065 eis
925 2008 1050 2073 erit,
1091 2023 1199 2065 non
1244 2009 1419 2066 solum
1463 2024 1561 2067 sua
1610 2012 1921 2082 praeterita,
1966 2014 2067 2071 sed

481 2098 643 2153 etiam
674 2097 1049 2158 damnatorum
1077 2115 1173 2159 eos
1202 2102 1529 2175 sempiterna
1561 2103 1779 2161 miseria
1807 2118 1915 2163 non
1938 2105 2069 2162 late-

480 2191 577 2248 bit.
600 2192 852 2267 Alioquin
871 2194 916 2250 si
939 2208 999 2251 se
1024 2193 1190 2253 fuisse
1218 2195 1452 2253 miseros
1480 2196 1738 2255 nescituri
1763 2206 1912 2267 sunt,
1934 2212 2071 2272 quo-

480 2284 664 2355 modo,
713 2286 855 2345 sicut
892 2286 968 2343 ait
1002 2286 1266 2358 psalmus,
1314 2283 1711 2348 Miseri'cordias
1758 2289 1973 2347 Domini
2009 2291 2068 2349 in

479 2388 739 2441 aeternum
765 2384 1094 2444 cantabunt?
1134 2385 1253 2454 Quo
1279 2385 1491 2443 cantico
1530 2385 1587 2441 in
1622 2386 1849 2459 gloriam
1878 2386 2070 2459 gratim

479 2474 703 2547 Christi,
728 2475 882 2547 cujus
910 2475 1398 2549 sanguineliberati
1420 2491 1630 2543 sumus,
1657 2476 1793 2535 nihil
1811 2477 1916 2535 erit
1937 2492 2066 2549 pro-

479 2566 621 2627 fecto
648 2566 723 2623 illi
747 2567 1037 2639 jucundius
1081 2566 1304 2625 civitati.
1344 2567 1424 2625 Ibi
1466 2568 1815 2640 perficietur:
1842 2568 2062 2640 Vacate,

478 2667 534 2715 et
562 2659 777 2728 Videte,
825 2660 1081 2731 quoniam
1117 2673 1219 2731 ego
1258 2673 1379 2716 sum
1423 2660 1586 2729 Deus,
1619 2660 1763 2732 quod
1804 2662 1909 2717 erit
1935 2675 2068 2719 vero

480 2749 774 2809 maximum
815 2749 1115 2809 Sabbatum
1159 2765 1267 2807 non
1313 2750 1519 2809 habens
1559 2766 1843 2824 vesperam
1867 2794 1885 2821 ,
1924 2752 2069 2823 quod

480 2841 755 2899 mandavit
794 2842 1237 2917 [commendavit]
1282 2844 1539 2901 Dominus
1571 2845 1627 2901 in
1663 2845 1852 2914 primis
1882 2846 2065 2916 operi-

480 2935 581 2992 bus
601 2936 806 3005 mundi,
840 2936 933 2995 ubi
971 2937 1202 3009 legitur:
1238 2937 1305 2995 Et
1333 2937 1603 3011 requievit
1640 2939 1783 2996 Deus
1822 2939 1910 2997 die
1945 2953 2070 3010 sep-

481 3028 610 3085 timo
646 3031 719 3087 ab
742 3030 996 3087 omnibus
1025 3031 1278 3100 operibus
1318 3032 1433 3088 suis
1459 3047 1582 3103 quae
1620 3031 1773 3099 fecit,
1816 3042 1870 3089 et
1898 3034 2069 3091 bene-

482 3118 624 3174 dixit
664 3120 809 3179 Deus
850 3121 996 3178 diem
1032 3122 1361 3192 septimum,
1408 3132 1462 3180 et
1507 3124 1863 3183 sanctiﬁcavit
1907 3140 2069 3195 eum,

482 3210 607 3279 quia
632 3209 690 3267 in
714 3224 780 3267 eo
817 3210 1084 3281 requievit
1110 3211 1180 3268 ab
1216 3212 1469 3270 omnibus
1493 3213 1749 3282 operibus
1770 3215 1909 3282 suis,
1946 3231 2069 3287 quas

483 3299 754 3361 inchoavit
779 3300 922 3361 Deus
944 3301 1140 3363 facere.
1172 3303 1298 3362 Dies
1322 3304 1465 3361 enim
1495 3305 1754 3375 septimus
1776 3307 1941 3365 etiam
1968 3324 2071 3368 nos

482 3392 584 3462 ipsi
610 3393 833 3467 erimus,
880 3394 1095 3468 quando
1138 3395 1258 3467 eius
1296 3395 1557 3454 fuerimus
1600 3398 1978 3459 benedictione
2012 3410 2070 3461 et

481 3485 908 3545 sanctiﬁcatione
949 3487 1095 3561 pleni
1123 3497 1289 3561 atque
1317 3490 1537 3561 perfecti
1573 3490 1831 3563 [refecti],
1873 3494 1948 3550 ibi
1977 3509 2071 3551 va~

481 3583 665 3633 cantes
689 3576 996 3647 videbimus
1018 3580 1274 3651 quoniam
1301 3581 1419 3652 ipse
1439 3590 1522 3637 est
1548 3581 1713 3649 Deus,
1735 3582 1881 3652 quod
1910 3584 2071 3641 uobis

481 3685 582 3726 nos
600 3672 704 3740 ipsi
732 3687 855 3731 esse
875 3673 1149 3732 voluimus
1168 3674 1387 3745 quando
1417 3675 1487 3731 ab
1508 3675 1603 3731 illo
1632 3677 1945 3745 cecidimus,
1971 3692 2069 3734 au-

482 3762 690 3820 dientes
712 3778 742 3819 a
771 3763 1066 3821 seductore
1087 3783 1103 3821 :
1125 3764 1294 3821 Eritis
1321 3767 1464 3823 sicut
1487 3765 1594 3831 dii;
1626 3774 1680 3822 et
1706 3768 2068 3826 recedentesa

483 3868 613 3910 vero
644 3853 778 3920 Deo,
826 3868 935 3925 quo
976 3854 1206 3913 faciente
1236 3855 1311 3911 dii
1350 3870 1595 3912 essemus
1631 3858 1749 3923 ejus
1781 3859 2071 3928 participa-

484 3944 654 4015 tione,
678 3959 789 4001 non
824 3944 1155 4005 desertione.
1193 3945 1333 4014 Quid
1362 3947 1509 4003 enim
1547 3946 1665 4002 sine
1702 3948 1795 4004 illo
1821 3949 2066 4019 fecimus,

483 4037 589 4097 nisi
620 4039 763 4109 quod
791 4038 851 4123 in
871 4038 953 4095 ira
979 4039 1099 4109 ejus
1117 4038 1439 4105 defecimus,
1468 4054 1496 4093 a
1521 4055 1629 4107 quo
1646 4042 1831 4099 refecti
1860 4052 1915 4099 et
1938 4060 2056 4113 κη.

481 4133 557 4189 tia
586 4132 795 4203 majore
819 4130 1072 4203 perfecti,
1100 4132 1415 4190 vacabimus
1441 4132 1495 4188 in
1525 4143 1804 4204 aeternum,
1819 4136 2069 4192 videntes

480 4226 605 4295 quia
630 4228 749 4295 ipse
766 4233 853 4285 est
873 4226 1033 4291 Deus,
1060 4240 1167 4295 quo
1187 4226 1331 4296 pleni
1358 4226 1561 4283 erimus
1584 4226 1799 4296 quando
1823 4227 1939 4297 ipse
1960 4230 2069 4284 erit

480 4318 660 4375 omnia
699 4318 755 4377 in
780 4317 1056 4375 omnibus.
1100 4318 1233 4373 Nam
1263 4326 1320 4375 et
1346 4318 1463 4387 ipsa
1488 4334 1655 4389 opera
1687 4319 1827 4375 bona
1855 4330 2061 4390 nostra,

481 4408 703 4480 quando
729 4408 903 4476 ipsius
930 4409 1110 4480 potius
1135 4410 1511 4479 intelliguntur
1526 4427 1649 4470 esse
1671 4429 1829 4483 quam
1857 4422 2059 4483 nostra,

483 4510 612 4559 tunc
637 4502 882 4563 nobisad
909 4503 1017 4561 hoc
1042 4502 1335 4561 Sabbatum
1359 4504 1761 4575 adipiscendum
1791 4508 2059 4578 imputan-

483 4603 594 4661 tur,
614 4595 736 4665 quia
757 4595 808 4657 si
834 4595 990 4655 nobis
1011 4609 1076 4651 ea
1104 4595 1451 4653 tribuerimns
1484 4599 1697 4654 servilia
1724 4610 1903 4669 erunt,
1937 4616 2060 4658 cum

2172 1988 2401 2059 ligenter
2450 1988 2671 2059 longum
2700 1997 2784 2045 est
2824 1990 3125 2064 disputare,
3178 1994 3295 2052 haec
3328 2005 3506 2054 tamen
3536 2000 3751 2073 septima

2170 2080 2273 2137 erit
2318 2080 2612 2137 Sabbatum
2639 2090 2884 2138 nostrum
2912 2082 3064 2155 cujus
3092 2085 3217 2141 ﬁnis
3248 2102 3355 2143 non
3384 2090 3479 2147 erit
3510 2107 3744 2167 vespera,

2168 2172 2263 2230 sed
2308 2172 2620 2229 Dominicus
2672 2172 2820 2241 dies,
2882 2174 3029 2230 velut
3080 2184 3308 2239 octavus
3356 2188 3576 2237 alemus
3631 2182 3724 2255 qui

2169 2263 2369 2320 Christi
2396 2264 2792 2321 resurrectione
2832 2272 3075 2321 sacratus
3101 2273 3206 2333 est,
3227 2275 3479 2331 aeternam
3506 2285 3605 2325 non
3632 2286 3714 2326 so-

2170 2354 2280 2411 lum
2301 2353 2543 2424 spiritus,
2569 2368 2761 2410 verum
2786 2353 2946 2411 etiam
2977 2356 3223 2426 corporis
3249 2358 3479 2428 requiem
3495 2361 3730 2431 βαΰζει-

2169 2461 2317 2504 rans.
2350 2446 2433 2503 ibi
2461 2445 2775 2503 vacabimus
2796 2454 2855 2504 et
2875 2448 3200 2519 videbimus,
3226 2450 3519 2508 videbimus
3546 2462 3599 2509 et
3614 2468 3739 2510 ama-

2171 2539 2373 2611 bimus,
2407 2539 2713 2601 amabimus
2740 2549 2797 2598 et
2823 2541 3198 2611 laudabimus;
3247 2559 3380 2604 ecce
3416 2548 3557 2618 quod
3578 2550 3741 2606 eritis

2170 2631 2297 2702 line,
2325 2634 2443 2689 sine
2464 2633 2597 2691 tino.
2639 2633 2772 2690 Nam
2799 2637 2921 2706 quis
2953 2637 3098 2693 alius
3133 2646 3319 2695 noster
3356 2650 3443 2696 est
3481 2640 3616 2709 ﬁnis,
3650 2642 3734 2699 nisi

2170 2727 2453 2798 pervenire
2474 2727 2544 2786 ad
2571 2743 2794 2800 regnum
2822 2728 2977 2800 cujus
3002 2729 3181 2789 uultus
3206 2738 3295 2789 est
3321 2731 3487 2789 finis!

2605 2865 2764 2938 109
2799 2862 3030 2922 eaeor
3066 2864 3316 2923 cnxvn.

2173 2976 2443 3047 Quomodo
2472 2977 2611 3033 dicat
2644 2975 2927 3036 Matt/usus
2968 2979 3337 3039 Centurioucm
3380 2982 3456 3037 ad
3486 2981 3721 3040 Dentium

2140 3098 2154 3113 ,
2240 3049 2512 3127 accessisse
2527 3065 2620 3119 pro
2644 3066 2802 3127 puero
2828 3066 3080 3127 suntcum
3098 3050 3444 3127 Lucas_dicat
3468 3056 3600 3127 quod
3622 3057 3724 3109 anti-

2242 3135 2330 3200 eos
2349 3120 2419 3173 ad
2445 3135 2574 3200 sum.
2592 3122 2807 3200 miserit,
2830 3137 2900 3177 ea;
2935 3122 3068 3178 ﬁbra
3095 3137 3132 3177 ll
3161 3122 3230 3176 de
3256 3120 3527 3180 Conscns'u
3553 3141 3731 3200 cvange-

2243 3191 2508 3260 iistarum,
2538 3190 2693 3251 titulo
2716 3207 2813 3251 xx.

2094 3292 2142 3357 C
2250 3303 2539 3359 Videamus
2576 3312 2756 3361 utrum
2800 3304 2905 3360 sibi
2949 3304 3021 3361 de
3046 3317 3206 3362 servo
3251 3304 3595 3364 Centurionis
3617 3307 3733 3363 lat-

2172 3393 2344 3451 tbmus
2372 3394 2657 3466 Lucaeque
2698 3396 3058 3452 consentiant.
3085 3395 3375 3455 lauimus
3404 3400 3545 3456 enim
3584 3398 3739 3469 dicit,

2170 3489 2414 3546 Accessit
2442 3489 2510 3545 ad
2549 3502 2673 3545 eum
2711 3489 2957 3546 centurio
2981 3530 2998 3559 ,
3035 3504 3231 3561 rogans
3261 3506 3387 3548 eum
3429 3500 3482 3550 et
3526 3492 3737 3559 dicens,

2170 3581 2311 3638 Puer
2336 3595 2491 3639 meus
2531 3581 2676 3652 jacet
2722 3584 2779 3638 in
2826 3582 2989 3638 domo
3015 3582 3378 3655 paralyticos;
3426 3585 3509 3640 cui
3547 3584 3742 3639 videtur

2170 3688 2476 3744 repugnare
2504 3673 2648 3743 quod
2693 3673 2771 3728 ait
2801 3673 2981 3730 Lucas
3011 3690 3027 3727 :
3067 3674 3136 3732 Et
3161 3688 3285 3729 cum
3309 3675 3528 3730 audisset
3552 3675 3618 3729 de
3652 3675 3738 3730 Je-

2168 3777 2255 3829 sn,
2290 3763 2436 3819 misit
2461 3763 2529 3818 ad
2558 3778 2682 3819 eum
2704 3764 2946 3820 seniores
2965 3763 3298 3831 Judaeorum,
3320 3777 3508 3834 rogans
3533 3776 3652 3818 eum
3671 3772 3729 3818 ns

2169 3856 2383 3911 veniret
2410 3864 2465 3910 et
2504 3864 2723 3912 sanaret
2761 3871 2979 3911 servum
3007 3856 3146 3927 eius.
3176 3856 3247 3913 At
3276 3856 3367 3923 ili,
3394 3871 3511 3911 cum
3554 3855 3724 3909 venis-

2166 3956 2288 4003 sent
2311 3942 2377 4003 ad
2404 3948 2609 4015 losum,
2638 3948 2902 4020 rogabant
2938 3964 3063 4005 eum
3091 3950 3324 4007 sollicite
3343 3995 3356 4021 ,
3380 3949 3623 4006 dicentes
3647 3948 3735 4004 ei:

2167 4039 2305 4106 Quia
2333 4040 2530 4110 dignus
2556 4050 2641 4096 est
2665 4050 2725 4095 ut
2764 4041 2869 4099 hoc
2896 4042 2945 4097 ei
2977 4041 3101 4114 {illi}
3137 4050 3383 4112 praestes,
3414 4042 3582 4113 diligit
3604 4041 3737 4096 enim

2167 4134 2394 4191 Gentem
2426 4142 2667 4190 nostram
2692 4179 2709 4202 ,
2739 4144 2793 4190 et
2818 4136 3158 4207 Synagogam
3206 4136 3325 4206 ipse
3352 4134 3633 4191 aediﬁcavit
3656 4147 3742 4189 no-

2166 4226 2251 4282 bis
2280 4244 2297 4282 :
2326 4226 2484 4282 Jesus
2522 4234 2702 4283 autem
2734 4226 2846 4282 ibat
2875 4242 2998 4282 cum
3048 4227 3180 4283 illis.
3218 4228 3289 4282 Et
3337 4242 3463 4284 cum
3506 4227 3611 4298 iam
3652 4242 3743 4282 non

2166 4320 2326 4391 longe
2350 4329 2494 4377 esset
2521 4334 2551 4375 a
2578 4321 2759 4388 domo,
2806 4319 2955 4375 misit
2998 4320 3065 4374 ad
3093 4334 3216 4376 eum
3246 4322 3503 4377 centurio
3548 4322 3739 4385 amicos,

2164 4412 2351 4469 dicens
2389 4429 2403 4466 :
2436 4412 2691 4479 Domine,
2728 4412 2839 4467 noli
2869 4412 3073 4477 vexari,
3105 4427 3213 4466 non
3237 4412 3384 4467 enim
3420 4425 3555 4467 sum
3584 4412 3739 4482 dignus

2166 4511 2227 4557 ut
2247 4505 2348 4559 sub
2368 4512 2565 4559 tectum
2583 4517 2762 4557 meum
2785 4503 2974 4558 intres.
2994 4502 3223 4573 Propter
3242 4503 3386 4573 quod
3412 4512 3475 4558 et
3498 4504 3727 4571 mcipsm

2169 4610 2279 4651 non
2324 4609 2441 4650 sum
2475 4595 2672 4666 dignus
2696 4594 2988 4651 arbitratus
3019 4602 3080 4649 ut
3123 4595 3365 4651 venirem
3420 4596 3498 4652 ad
3553 4606 3627 4660 te;
3659 4590 3735 4649 sed

481 4683 555 4743 de
591 4683 825 4746 Sabbato
844 4684 1089 4745 dicatur:
1121 4686 1295 4745 Omne
1315 4703 1455 4759 opus
1481 4691 1677 4746 servile
1708 4707 1815 4747 non
1854 4692 2065 4751 facietis
2093 4671 2151 4736 Ι)
2174 4688 2262 4743 dic
2288 4687 2497 4755 verbo,
2527 4697 2582 4742 et
2613 4686 2891 4743 sanabitur
2928 4701 3063 4757 puer
3085 4700 3262 4743 meus.
3292 4685 3351 4742 Si
3380 4687 3542 4743 enim
3574 4688 3640 4741 ita
3662 4684 3744 4739 hoc

478 4779 536 4834 in
562 4791 656 4839 eo.
678 4777 904 4848 Propter
929 4778 1071 4849 quod
1094 4793 1189 4849 per
1214 4781 1556 4838 Ezechielem
1584 4784 1901 4854 prophetam
1926 4786 2068 4842 dici-
2169 4784 2378 4855 gestum
2418 4789 2523 4849 est,
2572 4780 2846 4851 quomodo
2889 4780 2991 4836 erit
3038 4795 3223 4837 verum
3274 4780 3425 4851 quod
3488 4781 3751 4838 Mattheus

479 4881 568 4935 tur
590 4888 609 4931 :
634 4870 707 4929 Et
727 4870 963 4931 Sublata
987 4886 1111 4929 mea
1137 4871 1264 4929 dedi
1291 4874 1370 4929 eis
1399 4874 1453 4929 in
1484 4875 1696 4947 signum
1728 4879 1871 4934 inter
1898 4894 1985 4936 me
2008 4889 2064 4937 et
2172 4871 2401 4928 narrat?
2428 4872 2672 4929 Accessit
2698 4871 2767 4927 ad
2796 4886 2919 4927 eum
2940 4871 3159 4941 quidam
3178 4870 3472 4945 Centurio,
3510 4888 3631 4931 cum
3655 4874 3751 4943 ipse

478 4967 621 5027 inter
644 4981 761 5036 eos,
794 4972 856 5021 ut
890 4967 1111 5033 scirent,
1136 4966 1263 5035 quia
1288 4975 1393 5037 ego
1420 4967 1680 5026 Dominus
1706 4970 1795 5042 qui
1827 4971 2067 5029 sanctiﬁ-
2172 4979 2281 5020 non
2307 4963 2613 5030 accesserit,
2658 4964 2754 5021 sed
2789 4963 2995 5018 amicos
3039 4963 3294 5019 miserit?
3341 4965 3461 5021 nisi
3491 4966 3757 5037 diligenter

478 5070 545 5114 co
566 5071 661 5116 eos
684 5053 957 5127 {refecti}:
984 5055 1088 5112 hoc
1124 5057 1360 5127 perfecte
1386 5061 1711 5130 vacabimus,
1744 5070 1802 5119 et
1827 5066 2065 5134 perfecte
2171 5056 2513 5112 advertentes
2538 5054 2917 5125 intelligamus,
2960 5053 3272 5110 Matthaum
3302 5069 3415 5111 non
3460 5054 3757 5112 omnimodo

478 5148 780 5206 videbimus
801 5149 929 5219 quia
954 5148 1073 5219 ipse
1092 5158 1179 5205 est
1199 5149 1338 5205 Deus
1361 5150 1485 5224 [hoc
1511 5155 1746 5223 perfecte
1768 5163 1895 5213 tunc
1923 5158 2066 5217 scie-
2171 5149 2469 5206 deseﬂlisse
2508 5149 2759 5203 ιιεῖιεῑυηι
2816 5162 3023 5203 morem
3070 5147 3353 5219 ιοηυεηᾶίο
3420 5148 3551 5205 Νοη
3599 5150 3757 5206 εοιυπι

478 5253 603 5297 mus
625 5240 841 5310 quando
865 5240 1100 5310 perfecte
1129 5240 1455 5310 vocabimus,
1489 5253 1543 5299 et
1572 5246 1809 5315 perfecte
1849 5248 2059 5306 videbi-
2163 5243 2309 5299 enim
2333 5241 2513 5297 dicere
2533 5240 2767 5296 solemus
2790 5239 3086 5295 accessi'sae
3116 5238 3374 5310 aliquem,
3408 5240 3592 5295 etiam
3628 5250 3761 5297 ante-

477 5347 617 5399 mus,
648 5333 775 5403 Quia
801 5333 917 5403 ipse
946 5342 1031 5391 est
1072 5332 1261 5407 Deus].
1290 5334 1411 5406 Ipse
1439 5338 1600 5391 etiam
1639 5353 1895 5394 numerus
1926 5350 2059 5397 aeta-
2167 5348 2327 5405 quam
2374 5332 2657 5403 perveniat
2701 5331 2830 5387 illuc
2854 5374 2867 5399 ,
2901 5346 3009 5401 quo
3035 5331 3235 5387 dicitur
3260 5333 3597 5390 accessisse.
3624 5331 3762 5389 Unde

480 5433 593 5482 tum
616 5426 779 5485 veluti
801 5426 1032 5497 dierum,
1063 5429 1421 5487 sisecundnm
1448 5444 1544 5487 eos
1566 5434 1821 5490 articulos
1851 5442 2062 5505 tempo-
2166 5429 2328 5483 etiam
2359 5426 2591 5481 dicimus
2618 5467 2633 5495 ,
2669 5441 2856 5496 parum
2888 5425 3135 5495 accessit,
3164 5425 3251 5482 vel
3302 5426 3549 5483 multum
3596 5440 3771 5517 access

477 5519 551 5577 ris
592 5529 933 5592 computetur
976 5520 1069 5593 qui
1094 5524 1148 5578 in
1176 5523 1458 5593 scripturis
1484 5522 1738 5581 videntur
1781 5530 2052 5599 expressi,
2160 5522 2249 5587 sit,
2270 5536 2335 5577 eo
2358 5534 2464 5591 quo
2489 5520 2693 5590 appetit
2710 5522 3224 5591 pervenire:verum
3246 5520 3407 5575 etiam
3441 5522 3629 5591 ipsam
3655 5536 3764 5591 per-

477 5609 581 5665 iste
610 5610 969 5669 sabbatismus
990 5612 1294 5671 evidentius
1323 5616 1619 5687 apparebit,
1650 5618 1900 5688 quoniam
1930 5634 2057 5689 sep-
2158 5614 2488 5679 ventionem,
2518 5612 2672 5681 cujus
2716 5613 3075 5683 adipiscendae
3103 5626 3262 5668 causa
3293 5614 3608 5679 acceditur,
3642 5614 3763 5669 dici-

478 5700 645 5759 timus
662 5704 935 5761 invenitur
963 5715 1021 5761 ut
1050 5707 1218 5775 prima
1251 5719 1403 5776 tetas,
1430 5717 1681 5779 tanquam
1705 5712 1909 5781 primus
1937 5712 2057 5769 dies
2161 5727 2279 5767 mus
2330 5711 2649 5781 plerumque
2680 5712 2894 5778 iactam,
2929 5713 3031 5768 etsi
3059 5727 3182 5767 eum
3212 5710 3278 5767 ad
3305 5727 3475 5782 quem
3524 5712 3766 5783 pervenit

478 5791 549 5847 sit
573 5793 644 5849 ab
676 5795 872 5865 Adam,
910 5811 1079 5867 usque
1108 5799 1174 5853 ad
1205 5800 1483 5855 diluvium.
1530 5802 1771 5858 Secunda
1803 5803 1925 5858 inde
1957 5818 2048 5859 us-
2160 5818 2267 5859 non
2292 5802 2473 5856 videat
2515 5801 2605 5856 ille
2652 5803 2738 5872 qui
2767 5804 3039 5873 pervenit,
3089 5816 3206 5858 cum
3235 5816 3332 5871 per
3360 5804 3616 5863 amicum
3651 5818 3763 5872 per-

478 5899 583 5955 que
610 5884 674 5941 ad
696 5885 965 5945 Abraham
997 5905 1101 5945 non
1128 5892 1432 5961 :cqualitate
1476 5903 1789 5967 temporum,
1822 5897 1917 5955 sed
1947 5913 2049 5954 nu-
2166 5894 2319 5954 venit
2369 5895 2436 5951 ad
2478 5893 2741 5965 aliquem,
2801 5895 2950 5963 cujus
2998 5895 3048 5952 ei
3094 5893 3241 5951 favor
3278 5899 3360 5950 est
3404 5894 3765 5953 necessarius
