3986 6382
266 449 365 506 821

1443 434 1877 499 THESAURUS.
1917 439 2074 500 CAP.
2113 441 2391 502 CLXVIII.

3458 450 3565 509 83$

266 563 422 634 Quod
454 564 524 619 ita
554 560 727 620 tenuit
751 558 1109 630 consuetudo,
1133 561 1195 614 ut
1220 555 1383 615 etiam
1410 554 1522 627 iam
1549 556 1711 627 vulgo
1737 569 1865 625 per-
1889 554 1945 618 Α
1972 558 2211 628 quinque
2241 557 2431 616 millia.
2484 558 2705 631 Accepit
2752 573 2881 635 ergo
2927 576 3099 635 panes
3126 563 3285 624 Jesus
3310 607 3326 635 ,
3357 574 3413 624 et
3440 548 3579 629 cum,

182 734 185 737 _
268 664 524 714 ventores
575 653 955 723 appellentur,
1009 651 1103 721 qui
1143 649 1445 722 potentium
1494 646 1866 719 quorumlibet

270 760 523 820 tanquam
576 746 975 804 inaccessibiles
1002 744 1211 800 animos
1233 782 1251 811 ,
1300 756 1397 812 per
1424 740 1864 797 convenientium

268 855 619 915 personarum
663 840 1128 910 interpositionem
1158 837 1468 895 ambitionis
1495 845 1614 892 arte
1657 834 1865 905 pertin-

268 954 421 1014 gant.
471 944 531 1001 Si
587 957 719 1013 ergo
764 942 881 1015 ipsa
931 940 1212 1012 perventio
1270 939 1469 995 usitate
1520 936 1717 991 dicitur
1767 948 1867 1005 per

270 1036 410 1092 alios
433 1034 569 1103 ﬁeri,
601 1043 806 1107 quanto
832 1036 1001 1106 magis
1040 1046 1291 1090 accessus
1318 1046 1415 1102 per
1451 1029 1589 1085 alios
1620 1026 1734 1083 ﬁeri
1766 1040 1866 1096 ρος

270 1137 418 1201 test,
452 1132 541 1201 qui
576 1131 897 1201 plerumque
947 1129 1084 1185 intra
1130 1128 1535 1199 perventionem
1582 1128 1866 1189 remanet,

271 1223 491 1294 quando
520 1222 997 1294 putueritquisque
1025 1220 1313 1292 plurimum
1336 1216 1552 1289 quidem
1584 1213 1865 1281 accedere,

272 1316 373 1373 sed
394 1328 573 1372 tamen
596 1331 702 1371 non
734 1316 965 1385 potuerit
997 1312 1318 1385 pervenire?
1345 1310 1459 1366 Non
1481 1321 1610 1377 ergo
1637 1306 1872 1363 absurde

273 1410 589 1477 Matthams,
639 1411 800 1467 etiam
849 1409 989 1480 quod
1043 1408 1202 1479 vulgo
1253 1414 1437 1478 posset
1493 1400 1738 1473 intelligi,
1772 1413 1873 1471 per

274 1502 411 1561 alios
442 1504 584 1560 facto
609 1518 832 1561 accessu
879 1503 1215 1559 centurionis
1244 1502 1311 1556 ad
1356 1499 1638 1555 Dominum
1662 1539 1676 1565 ,
1716 1509 1871 1551 cum-

278 1598 477 1669 pendiu
525 1596 706 1655 dicere
760 1597 963 1667 voluit,
1013 1593 1260 1652 Accessit
1309 1593 1377 1649 ad
1431 1605 1553 1649 eum
1604 1588 1873 1647 centurio.

278 1688 662 1750 Verumtamen
716 1708 823 1747 non
878 1690 1211 1764 negligenter
1262 1686 1513 1743 intuenda
1568 1693 1652 1739 est
1708 1683 1877 1739 etiam

277 1786 449 1843 Sancti
484 1785 827 1855 evangelistae
856 1784 1086 1838 altitudo
1132 1782 1371 1854 mystica:
1404 1776 1689 1834 locutionis
1715 1817 1731 1841 ,
1780 1788 1873 1829 se-

279 1879 515 1936 cundum
560 1878 699 1950 quod
732 1877 990 1949 scriptum
1040 1882 1123 1932 est
1150 1876 1202 1930 in
1234 1873 1441 1945 psalmo
1473 1888 1486 1926 :
1523 1870 1778 1927 Accedite
1804 1865 1875 1923 ad

1974 652 2174 721 gratias
2212 653 2449 722 egisset,
2481 653 2757 713 distribuit
2787 658 3293 730 discumbentibus;
3323 664 3571 723 similiter

1974 749 2032 798 et
2083 759 2148 798 ex
2173 744 2405 814 piscibus
2448 756 2708 818 quantum
2738 750 3013 808 volebant.
3046 752 3115 809 Ut
3145 762 3324 810 autem
3357 755 3566 826 impleti

1975 842 2131 904 aunt,
2166 838 2300 893 dixit
2328 839 2605 909 discipulis
2650 843 2763 899 suis
2796 858 2812 899 :
2842 842 3094 916 Colligite
3127 862 3248 918 qua:
3276 861 3575 919 superave-

1976 938 2104 984 runt
2132 927 2429 1000 fragmenta
2456 946 2527 988 ne
2558 943 2802 1004 pereant.
2846 934 3195 1010 Collegerunt
3224 954 3351 1009 ergo
3389 949 3444 995 et
3473 940 3574 995 im-

1976 1022 2260 1091 pleverunt
2326 1022 2607 1080 duodecim
2684 1026 2953 1097 cuphinos
3026 1028 3450 1101 fragmentorum
3504 1043 3580 1086 ex

1977 1115 2215 1186 quinque
2261 1114 2489 1186 panibus
2543 1116 2861 1177 hurdeaceis
2916 1137 3038 1193 quae
3067 1123 3448 1195 superfuerunt
3490 1124 3581 1181 his

1980 1207 2071 1276 qui
2096 1207 2579 1265 manducaverunt.
2610 1210 2728 1268 Non
2744 1213 2830 1268 hic
2859 1214 3119 1285 quaeritur
3142 1215 3282 1286 quod
3306 1216 3585 1286 istedixit,‘

1978 1300 2279 1371 cuiusmodi
2303 1311 2485 1359 essent
2516 1319 2681 1375 panes
2701 1347 2714 1372 ,
2746 1306 3081 1364 hordeaceus
3110 1310 3256 1366 enim
3282 1310 3449 1367 fuisse
3470 1325 3585 1370 non

1980 1393 2186 1461 tacuit,
2235 1394 2376 1466 quod
2409 1396 2593 1451 caeteri
2624 1405 2931 1455 tacuerunt.
2962 1400 3147 1472 Neque
3178 1401 3281 1459 huc
3320 1404 3584 1473 quaeritur

1980 1487 2125 1558 quod
2158 1488 2259 1544 iste
2286 1502 2393 1545 non
2421 1489 2578 1558 dixit,
2612 1489 2779 1547 fuisse
2810 1492 2883 1549 ibi
2916 1493 3078 1548 etiam
3121 1504 3318 1564 praeter
3346 1493 3585 1566 quinque

1926 1633 1937 1648 ,
1983 1579 2153 1634 millia
2177 1581 2416 1637 virorum
2462 1583 2718 1640 mulieres
2749 1592 2804 1639 et
2830 1585 3101 1655 parvulos,
3126 1587 3273 1658 quod
3295 1588 3425 1644 dicit
3446 1589 3584 1645 Mat-

1983 1674 2191 1740 theus,
2239 1682 2293 1729 ct
2321 1675 2541 1731 omnino
2564 1676 2674 1746 jam
2703 1684 2911 1731 certum
2942 1691 3061 1732 esse
3103 1677 3348 1735 debetet
3373 1680 3588 1751 regula-
3642 1696 3646 1700 ·

1984 1766 2120 1820 riter
2137 1767 2307 1821 teneri
2336 1768 2388 1821 in
2417 1767 2613 1823 talibus
2630 1768 3049 1837 quaestionibus,
3080 1771 3356 1827 neminem
3378 1772 3590 1830 moveri

1981 1870 2236 1931 oportere
2266 1876 2388 1915 cum
2432 1863 2499 1917 ab
2525 1863 2628 1917 alio
2659 1860 2855 1917 dicitur
2880 1905 2893 1929 ,
2941 1849 3085 1933 quod
3112 1862 3181 1919 ab
3211 1864 3317 1920 alio
3364 1875 3590 1934 praeter-

278 1984 403 2027 eum
446 1984 499 2027 et
529 1968 922 2026 illuminamini.
957 1967 1191 2023 Proinde
1236 1968 1356 2036 quia
1402 1965 1559 2020 ﬁdem
1605 1962 1876 2019 centorio—
1905 1950 1955 2012 Β
1982 1954 2239 2008 mittitur.
2274 1950 2378 2009 Sed
2425 1955 2683 2023 quaeritur
2727 1952 2997 2024 quomodo
3052 1969 3116 2009 ea
3164 1970 3286 2024 quas
3335 1956 3592 2012 dixerunt

278 2062 386 2130 nis,
436 2076 535 2133 qua
568 2076 693 2117 vere
724 2061 1000 2117 acceditur
1024 2059 1089 2114 ad
1118 2059 1326 2124 Jesum,
1364 2058 1481 2128 ipse
1531 2056 1607 2111 ita
1637 2054 1879 2110 laudavit

279 2167 335 2213 ut
355 2157 557 2214 diceret
590 2176 601 2212 :
632 2158 744 2214 Non
788 2156 971 2213 inveni
1019 2164 1220 2211 tantam
1270 2154 1427 2210 ﬁdem
1477 2155 1528 2208 in
1569 2153 1760 2217 Israel;
1792 2152 1878 2222 ip-

280 2264 398 2307 sum
429 2252 604 2323 potius
635 2251 932 2311 accessisse
950 2250 1015 2305 ad
1048 2249 1318 2306 Christum
1348 2248 1529 2302 dicere
1560 2247 1727 2301 voluit
1750 2260 1877 2315 pru-

280 2339 416 2399 dens
445 2344 805 2414 Evangelista,
839 2358 1000 2413 quam
1031 2343 1153 2397 illus
1181 2354 1275 2411 per
1303 2353 1437 2408 quos
1462 2339 1623 2392 verba
1655 2352 1749 2391 sua
1774 2336 1880 2391 mi-

284 2442 446 2489 serat.
473 2435 638 2490 Porro
660 2442 840 2490 autem
872 2434 1043 2490 Lucas
1070 2434 1193 2488 ideo
1226 2439 1394 2486 totum
1424 2427 1880 2500 quemadmodum

285 2533 491 2594 gestum
523 2533 667 2580 esset
688 2524 896 2594 aperuit
923 2566 938 2592 ,
970 2533 1029 2579 ut
1057 2538 1123 2578 ex
1164 2524 1265 2578 hoc
1304 2523 1607 2591 intelligere
1655 2533 1880 2590 cogere-

286 2630 427 2682 mur,
454 2616 906 2687 quemadmodum
926 2630 1048 2671 eum
1066 2614 1362 2671 accessisse
1382 2612 1583 2668 dixerit
1603 2612 1765 2677 alius,
1787 2612 1882 2680 qui

284 2710 504 2767 mentiri
538 2723 644 2766 non
670 2712 863 2780 putuit.
908 2710 1000 2765 Sic
1022 2708 1167 2765 enim
1194 2708 1278 2762 illa
1310 2704 1508 2762 mulier
1534 2718 1652 2774 quae
1674 2703 1883 2758 ﬂuxum

284 2802 561 2873 sanguinis
590 2802 938 2871 patiebatur,
990 2800 1235 2871 quamvis
1266 2797 1536 2855 ﬁmbriam
1568 2794 1883 2853 vestimenti

285 2895 400 2967 ejus
445 2896 698 2962 tenuerit,
750 2896 920 2966 magis
970 2902 1148 2951 tamen
1182 2895 1356 2966 tetigit
1386 2894 1674 2949 Dominum
1706 2880 1903 2963 quam.

285 2990 389 3047 illic
419 2989 609 3059 turbae,
652 3002 682 3043 a
714 2988 907 3061 quibus
940 2989 1301 3059 premebatur.
1342 2987 1417 3045 Ut
1448 2986 1593 3043 enim
1622 2988 1741 3042 haec
1772 3000 1881 3057 quo

286 3083 458 3153 magis
485 3082 747 3149 credidit,
781 3097 847 3138 eo
892 3082 1061 3153 magis
1112 3083 1285 3154 tetigit
1334 3081 1623 3139 Dominum
1670 3095 1682 3133 :
1726 3079 1795 3135 ita
1824 3086 1883 3134 et

286 3176 553 3241 centurio,
586 3188 693 3245 quo
723 3172 892 3243 magis
937 3172 1203 3239 credidit,
1257 3186 1321 3228 eo
1350 3172 1522 3243 magis
1552 3168 1781 3229 accessit
1810 3170 1881 3226 ad

288 3266 593 3321 Dominum.
627 3265 745 3322 Jam
790 3273 983 3322 caetera
1026 3266 1078 3321 in
1113 3267 1214 3321 hoc
1255 3265 1491 3335 capitulo
1516 3306 1529 3330 ,
1579 3276 1697 3334 quae
1738 3263 1878 3318 alter

1989 2058 2117 2100 vera
2145 2045 2252 2099 sint
2301 2045 2516 2110 omnia,
2564 2059 2632 2100 ne
2680 2046 3045 2101 narrationem
3093 2046 3315 2103 alterius
3364 2060 3592 2104 narrans

1986 2138 2157 2206 aliud,
2196 2139 2332 2193 alter
2362 2139 2644 2195 excludat?
2674 2138 2731 2195 Si
2772 2140 2915 2195 enim
2962 2141 3255 2209 Dominus,
3291 2142 3593 2198 secundum

1988 2231 2351 2285 narrationem
2393 2231 2635 2297 Joannis,
2673 2233 2975 2303 perspectis
3023 2234 3216 2301 turbis,
3268 2235 3515 2305 qumsivit
3557 2249 3593 2292 a

1988 2318 2240 2389 Philippo
2260 2362 2274 2387 ,
2307 2330 2521 2375 tentans
2546 2337 2692 2389 eum,
2724 2324 2867 2379 unde
2898 2324 3003 2379 illis
3032 2340 3174 2380 escae
3197 2324 3312 2379 dari
3347 2334 3596 2395 possent,

1989 2421 2171 2482 potest
2223 2428 2439 2468 movere
2466 2415 2739 2482 quomodo
2769 2416 2837 2470 sit
2867 2431 3051 2473 verum
3102 2417 3246 2488 quod
3285 2419 3375 2473 alii
3407 2435 3596 2475 narra.

1990 2514 2204 2571 verunt,
2240 2507 2386 2575 prius
2417 2506 2618 2562 dixisse
2649 2508 2885 2564 Domino
2913 2508 3231 2579 discipulos,
3263 2520 3324 2566 ut
3353 2512 3595 2569 dimitte—

1990 2612 2074 2657 ret
2103 2602 2308 2667 turbas,
2335 2617 2441 2673 quo
2460 2611 2682 2673 possent
2722 2603 2825 2659 sibi
2857 2604 3111 2661 alimenta
3139 2620 3320 2663 emere
3361 2607 3427 2663 de
3469 2623 3596 2678 pr0<

1991 2694 2151 2751 ximis
2206 2695 2371 2763 locis;
2423 2696 2615 2767 quibus
2667 2695 2763 2753 ille
2811 2698 3093 2769 respondit
3135 2699 3432 2756 secundum
3463 2700 3596 2756 Mat~

1992 2788 2191 2844 thacum
2217 2808 2231 2843 :
2264 2789 2381 2844 Non
2413 2789 2616 2846 habent
2651 2804 2876 2847 necesse
2904 2792 3009 2861 ire,
3041 2790 3167 2848 date
3196 2794 3276 2848 eis
3302 2805 3399 2847 vos
3432 2807 3605 2867 man-7

1990 2881 2209 2937 ducare.
2239 2881 2337 2937 Cui
2363 2882 2523 2937 etiam
2550 2883 2761 2937 Marcus
2782 2883 3060 2955 Lucasque
3087 2886 3452 2949 consentiunt,
3478 2892 3597 2937 tan-

1994 2982 2105 3029 tum
2140 2974 2240 3028 huc
2271 2974 2751 3045 praetermittemus
2779 2977 2921 3046 quod
2950 2976 3026 3032 ait
3060 2994 3073 3030 :
3116 2976 3234 3032 Non
3264 2975 3462 3031 habent
3494 2990 3590 3031 ne-

1989 3078 2143 3121 cesse
2168 3064 2268 3121 ire.
2299 3065 2621 3134 lntelligitur
2642 3079 2772 3137 ergo
2800 3075 2921 3137 post
2948 3069 3064 3123 haec
3096 3067 3264 3124 verba
3297 3066 3591 3122 Dominum

1987 3155 2290 3225 inspexisse
2338 3155 2762 3227 multitudinem,
2796 3164 2852 3213 et
2900 3157 3101 3214 dixisse
3133 3156 3401 3229 Philippo,
3444 3156 3589 3227 quod

1988 3248 2225 3305 Joannes
2255 3259 2647 3305 commemorat
2675 3292 2689 3315 ,
2741 3250 2829 3306 isti
2873 3260 3049 3308 autem
3102 3236 3601 3323 praetermiserunt.

289 3357 441 3423 dicit,
476 3363 529 3412 et
552 3356 689 3412 alter
718 3356 1105 3425 praetermittit,
1137 3330 1410 3425 superﬂuo
1459 3330 1883 3425 pertractantur,

1995 3340 2201 3397 Deinde
2229 3341 2370 3411 quod
2402 3341 2683 3411 Philippus
2706 3341 2845 3411 apud
2862 3341 3123 3398 Joannem
3155 3340 3461 3413 respondit,
3492 3340 3598 3397 hoc

290 3461 410 3505 cum
442 3464 507 3505 ex
530 3449 619 3503 illa
649 3450 830 3519 regula
864 3448 1110 3517 primitus
1142 3448 1521 3503 commendata
1552 3445 1686 3501 nihil
1730 3445 1882 3500 inve-

291 3540 510 3597 niantur
533 3538 733 3594 habere
762 3540 1112 3594 contrarium.

814 3630 1046 3687 CAPUT
1085 3630 1365 3687 CLXVIII.

294 3723 362 3781 In
394 3726 648 3781 miracqu
669 3726 733 3780 de
758 3724 981 3796 quinque
1008 3726 1227 3795 panibus
1256 3765 1270 3789 ,
1295 3722 1728 3794 quemadmodum
1756 3720 1889 3775 inter

472 3814 527 3851 se
548 3813 720 3853 omnes
745 3795 968 3868 quatuor
991 3796 1318 3868 evangelista:
1361 3795 1703 3850 consentiant.

369 3889 485 3946 Hoc
511 3904 641 3960 ergo
660 3891 978 3946 miraculum
1009 3889 1152 3961 quod
1185 3905 1374 3945 omnes
1399 3896 1633 3959 quatuor
1659 3900 1891 3957 evange-

299 3983 438 4037 lista:
480 3994 940 4051 commemorant,
993 3992 1049 4039 et
1079 3992 1335 4052 putantur
1385 3984 1526 4038 inter
1558 3996 1617 4038 se
1645 3980 1890 4054 [aliquid]

301 4074 612 4142 discrepare
635 4075 1082 4131 considerandum
1123 4087 1283 4145 atque
1314 4077 1652 4130 tractandum
1684 4082 1803 4137 est;
1836 4083 1898 4129 ut

303 4181 372 4222 ex
418 4167 521 4221 huc
562 4166 721 4221 etiam
749 4168 815 4221 ad
845 4176 1042 4223 caatera
1090 4168 1287 4222 similia
1331 4168 1531 4236 regulae
1560 4167 1895 4221 locutionum

302 4260 617 4326 discantur,
668 4262 863 4331 quibus
902 4271 1009 4315 tam
1064 4258 1295 4317 diversis
1341 4261 1529 4317 eadem
1563 4270 1742 4315 tamen
1785 4272 1899 4313 sen-

306 4354 473 4409 tentia
500 4352 793 4420 retinetur,
824 4362 880 4409 et
908 4354 1097 4409 eadem
1123 4367 1303 4408 rerum
1336 4354 1537 4409 veritas
1570 4352 1898 4410 custoditur.

304 4443 374 4498 Et
421 4444 721 4500 inchoanda
749 4445 967 4516 quidem
998 4452 1084 4501 est
1111 4446 1515 4513 consideratio,
1556 4460 1661 4501 non
1693 4461 1723 4499 a
1767 4445 1903 4501 Mat-

304 4537 450 4592 thaao
462 4538 754 4593 secundum
778 4539 1023 4595 ordinem
1036 4538 1511 4609 evangelistarum,
1529 4542 1621 4595 sed
1640 4553 1670 4593 a
1695 4538 1904 4595 Joanne

307 4631 503 4702 potius,
526 4642 555 4685 a
579 4645 687 4701 quo
712 4631 784 4686 ita
814 4643 1070 4702 expressa
1107 4638 1190 4687 est
1220 4631 1320 4686 ista
1344 4633 1619 4699 narratio,
1654 4640 1712 4686 ut
1740 4632 1903 4687 etiam

1990 3431 2200 3487 Marcus
2230 3446 2259 3486 a
2309 3431 2593 3501 discipulis
2646 3446 2967 3503 responsum
3019 3446 3141 3491 esse
3184 3442 3601 3499 commemorat,

1994 3524 2191 3579 volens
2225 3523 2478 3591 intelligi,
2512 3526 2615 3579 hoc
2637 3534 2691 3579 ct
2723 3533 3046 3581 caeterorum
3076 3522 3203 3598 [huc
3229 3538 3293 3581 ex
3318 3540 3412 3581 ore
3438 3532 3600 3579 cauea

1992 3611 2201 3683 rorum]
2234 3613 2540 3683 Philippum
2592 3615 2939 3684 respondisse
2988 3628 3293 3687 quanquam
3330 3626 3381 3671 et
3412 3612 3602 3686 plura-

1994 3706 2100 3761 lem
2143 3718 2425 3760 numerum
2458 3721 2556 3776 pro
2594 3706 2853 3778 singulari
2898 3708 3251 3765 usitatisslme
3277 3722 3475 3782 ponere
3504 3723 3603 3779 p0-

1997 3806 2235 3854 tuerunt.
2263 3798 2400 3866 Quid
2431 3812 2560 3870 ergo
2588 3799 2665 3854 ait
2687 3798 2990 3870 Philippus,
3039 3801 3402 3856 Ducenturum
3436 3799 3605 3855 dena«

1996 3891 2200 3946 riorum
2234 3903 2405 3959 panes
2428 3904 2534 3945 nun
2561 3884 2839 3945 sufﬁciunt
2869 3892 2967 3957 eis,
2999 3900 3059 3948 ut
3092 3892 3457 3963 unusquisque
3484 3904 3604 3947 mo-

1999 3986 2178 4039 dicum
2202 3985 2328 4053 qudi
2357 3984 2613 4053 accipiat;
2636 3985 2738 4041 hoc
2773 3994 2857 4040 est
2885 3986 3067 4041 dicere
3089 3985 3231 4055 quod
3260 3987 3333 4039 ait
3354 3986 3601 4043 litamus:

2002 4075 2204 4129 Euntes
2233 4086 2476 4128 ememus
2506 4074 2755 4130 ducentis
2799 4075 3035 4130 denariis
3080 4090 3246 4144 panes
3276 4080 3329 4130 et
3357 4074 3606 4135 dabimus

2006 4166 2353 4219 manducare.
2387 4163 2536 4229 Quod
2566 4171 2742 4219 autem
2772 4172 3163 4221 commemorat
3192 4165 3333 4221 idem
3367 4166 3601 4235 Marcus,

2005 4255 2210 4311 dixisse
2240 4254 2525 4309 Dominum
2574 4274 2585 4307 :
2620 4255 2763 4321 Quot
2793 4270 2962 4324 panes
3014 4255 3263 4312 habetis?
3292 4254 3606 4312 Praetermi-

2006 4355 2193 4402 seruut
2238 4346 2442 4401 caeteri.
2496 4346 2649 4415 Quod
2680 4354 2862 4402 autem
2894 4346 3138 4403 Andreas
3169 4348 3310 4419 apud
3337 4348 3607 4407 Joannem

2007 4441 2076 4501 de
2097 4436 2333 4510 quinque
2359 4439 2586 4509 panibus
2615 4440 2775 4512 ιιο
2802 4450 2856 4496 et
2880 4438 3090 4496 duobus
3119 4440 3355 4511 piscibus
3380 4457 3607 4513 sugges-

2007 4536 2113 4601 sit,
2148 4535 2249 4591 huc
2270 4532 2453 4590 caeteri
2485 4532 2745 4604 pluralem
2779 4550 3084 4600 numerum,
3111 4550 3208 4605 pro
3232 4535 3487 4607 singulari
3510 4550 3606 4606 ρος

2010 4635 2228 4695 nentes,
2260 4641 2325 4682 ex
2358 4626 2744 4696 discipulorum
2775 4640 3007 4698 persona
3034 4626 3338 4685 retulerunt
3366 4646 3378 4683 :
3407 4638 3461 4685 et
3494 4628 3604 4685 Lu-

305 4724 524 4780 numina
547 4722 936 4795 discipulorum
974 4724 1213 4792 diceret,
1245 4739 1368 4781 cum
1395 4724 1591 4797 quibus
1623 4725 1691 4780 de
1714 4724 1814 4781 hac
1836 4738 1897 4782 re
1924 4712 1985 4778 D
2005 4734 2097 4777 cas
2128 4720 2347 4793 quidem
2377 4721 2788 4790 responsionem
2819 4718 3073 4793 Philippi,
3106 4730 3160 4777 et
3192 4722 3609 4793 responsionem

306 4815 518 4872 locutus
548 4822 633 4871 est
681 4814 963 4871 Dominus.
1011 4816 1089 4870 Ita
1128 4816 1270 4871 enim
1309 4816 1438 4873 dicit
1492 4834 1505 4871 :
1550 4816 1684 4873 Cum
1713 4817 1899 4874 suble-

307 4916 487 4964 vasset
512 4918 644 4977 ergo
672 4906 857 4963 oculos
886 4905 1074 4975 Jesus,
1107 4915 1163 4962 et
1188 4907 1410 4963 vidisset
1453 4910 1579 4977 quia
1608 4908 1899 4965 multitudo

309 5001 544 5056 maxima
574 4998 725 5056 venit
770 5000 837 5054 ad
866 5008 1022 5065 eum,
1070 4998 1209 5055 dixit
1238 5000 1303 5053 ad
1348 4998 1656 5072 Philippum
1698 5020 1709 5054 :
1747 5001 1900 5060 Unde

310 5106 558 5151 ememus
582 5106 748 5164 panes
775 5102 833 5148 ut
862 5092 1191 5149 manducent
1224 5094 1312 5148 hi?
1342 5093 1455 5149 Hoc
1484 5104 1663 5150 autem
1689 5095 1901 5152 dicebat

316 5194 530 5241 tentans
555 5198 712 5251 eum;
742 5185 858 5255 ipse
886 5184 1031 5239 enim
1059 5184 1265 5242 sciebat
1294 5185 1421 5255 quid
1463 5196 1607 5242 esset
1641 5187 1898 5243 facturus.

313 5278 613 5348 Respondit
656 5276 707 5333 ei
755 5276 1034 5348 Philippus
1081 5296 1095 5331 :
1142 5277 1506 5332 Ducentorum
1556 5277 1901 5334 denariorum

317 5385 483 5441 panes
528 5385 634 5425 non
679 5369 953 5425 sufﬁciunt
994 5372 1106 5440 eis,
1138 5378 1197 5426 ut
1234 5372 1602 5441 unusquisque
1632 5373 1904 5428 modicum

316 5464 445 5534 quid
477 5462 723 5531 accipiat.
766 5462 907 5516 Dicit
930 5462 980 5517 ei
1009 5476 1147 5518 unus
1197 5476 1267 5518 ex
1310 5462 1587 5533 discipulis
1616 5463 1753 5534 ejus,
1808 5466 1909 5520 An-

318 5555 508 5619 dreas,
539 5553 701 5608 frater
725 5552 964 5609 Simonis
995 5554 1137 5609 Petri
1167 5571 1182 5609 :
1217 5554 1310 5611 Est
1340 5568 1473 5625 puer
1498 5567 1633 5609 unus
1666 5556 1770 5622 hic,
1816 5556 1910 5626 qui

322 5650 486 5705 habet
512 5650 746 5719 quinque
771 5662 936 5719 panes
962 5648 1316 5715 hordeaceus,
1349 5659 1403 5706 et
1422 5650 1557 5706 duos
1582 5650 1791 5722 pisces;
1816 5652 1911 5708 sed

324 5741 442 5795 haec
487 5741 613 5810 quid
655 5748 779 5795 sunt
825 5741 965 5795 inter
992 5741 1204 5796 tantos?
1249 5742 1391 5797 Dixit
1427 5758 1557 5814 ergo
1585 5744 1741 5800 Jesus
1774 5763 1787 5799 :
1822 5746 1915 5801 Fa—

324 5833 433 5889 cite
464 5835 705 5889 homines
751 5832 1092 5888 discumbere
1147 5834 1286 5904 (erat
1337 5843 1515 5891 autem
1564 5836 1747 5892 fenum
1776 5839 1915 5893 mul-

325 5942 415 5983 um
447 5927 501 5982 in
530 5926 692 5998 loco).
743 5926 1139 5983 Discuuuerunt
1168 5940 1302 5996 ergo
1334 5926 1431 5983 viri
1460 5970 1475 5997 ,
1508 5945 1731 5987 numero
1762 5933 1914 6002 quasi

2010 4818 2242 4873 Andreae
2272 4856 2288 4881 ,
2336 4816 2389 4871 in
2446 4829 2616 4870 unam.
2658 4814 2983 4872 sententiam
3042 4818 3385 4873 constrinxit.
3447 4816 3607 4883 Quod

2006 4910 2152 4963 enim
2177 4909 2252 4962 ait
2283 4924 2295 4960 :
2328 4907 2444 4962 Non
2474 4916 2598 4963 sunt
2627 4906 2785 4963 nobis
2813 4908 2934 4979 plus
2981 4923 3142 4979 quam
3175 4908 3408 4979 quinque
3437 4922 3607 4980 panes

2006 5009 2061 5055 et
2089 5001 2195 5055 duo
2223 4998 2433 5070 pisces;
2477 5001 2707 5055 Andrum
2736 4998 2917 5055 retulit
2967 5001 3375 5070 responsionem
3406 5010 3420 5052 :
3453 4996 3603 5068 quod

2008 5106 2135 5148 vero
2165 5092 2410 5161 adjunxit
2444 5108 2454 5145 :
2490 5091 2600 5147 Nisi
2630 5088 2773 5148 forte
2810 5105 2909 5148 nos
2952 5105 3141 5147 eamus
3184 5100 3239 5144 et
3273 5103 3516 5145 emamus
3547 5090 3605 5145 in

2011 5198 2226 5239 omnem
2278 5184 2415 5240 hanc
2443 5186 2651 5240 turbam
2683 5197 2835 5240 escas
2870 5199 2882 5237 :
2933 5182 3158 5238 Videtur
3194 5180 3259 5235 ad
3292 5182 3608 5250 responsio-

2014 5292 2137 5333 nem
2172 5277 2402 5348 Philippi
2436 5278 2721 5348 pertinere,
2754 5274 2861 5332 nisi
2887 5273 3032 5345 quod
3076 5270 3145 5328 de
3172 5271 3419 5328 ducentis
3446 5272 3610 5327 dena-

2016 5373 2108 5427 riis
2138 5374 2323 5437 tacuit,
2359 5384 2663 5441 quanquam
2695 5381 2748 5424 et
2780 5370 2833 5423 in
2865 5366 3030 5437 ipsius
3062 5362 3294 5421 Andrezc
3337 5364 3611 5422 sententia

2018 5475 2193 5535 potest
2226 5467 2327 5520 hoc
2372 5466 2619 5536 intelligi.
2664 5463 2795 5517 Cum
2848 5462 2987 5517 enim
3020 5458 3249 5515 dixisset
3293 5457 3437 5514 :Est
3475 5471 3613 5529 puer

2022 5572 2155 5610 unus
2211 5556 2294 5610 hie
2347 5557 2436 5623 qui
2486 5557 2645 5610 habet
2691 5552 2929 5622 quinque
2977 5564 3146 5622 panes
3171 5548 3505 5605 hordeaceus
3556 5552 3613 5605 et

2018 5648 2151 5703 duos
2183 5648 2389 5714 pisces;
2424 5645 2668 5713 adiunxit
2696 5643 2859 5698 etiam
2894 5644 3009 5713 ipse
3039 5660 3054 5698 :
3086 5640 3193 5696 Sed
3214 5641 3327 5695 haec
3345 5639 3469 5711 quid
3488 5632 3615 5694 sunt

2020 5742 2160 5795 inter
2191 5740 2403 5793 tantos?
2438 5740 2549 5793 Hoc
2578 5748 2658 5793 est
2687 5738 2887 5805 dicere,
2921 5736 3023 5791 nisi
3070 5734 3206 5791 ἴοι-ιθ
3228 5750 3327 5791 nos
3352 5749 3538 5789 eamus
3560 5737 3615 5787 et

2021 5851 2264 5892 emamus
2304 5838 2354 5889 in
2384 5849 2597 5890 omnem
2630 5832 2768 5886 hanc
2798 5831 3007 5886 turbam
3039 5843 3210 5885 escas.
3242 5827 3321 5885 Ex
3350 5842 3457 5899 qua
3485 5823 3613 5880 uni-

2024 5948 2179 5988 versa
2214 5932 2466 5987 varietate
2483 5929 2985 5997 verborum,rerum
3006 5932 3183 5981 autem
3206 5922 3612 5981 sententiarum-
