3986 6382
511 283 618 340 825

1579 289 1644 346 Ι).
1686 289 2005 346 EUGYPPII
2045 291 2336 351 ABBATIS
2372 293 2697 353 AFRICANI

3679 303 3777 359 824

505 409 610 466 que
639 396 920 453 concordia
969 399 1099 456 satis
1127 407 1348 471 apparet
1370 439 1386 467 ,
1425 400 1712 457 salubriter
1745 418 1844 459 nos
1883 403 2084 472 doceri,
2113 411 2168 468 Α
2194 405 2409 467 Galatas
2440 428 2452 463 :
2485 411 2716 467 lnvicem
2765 425 2930 469 onera
2957 420 3137 469 vestra
3159 375 3396 485 portate,
3438 421 3494 471 et
3519 415 3609 473 sic
3675 420 3771 476 im-

503 489 642 545 nihil
670 492 1013 560 quaerendum
1047 494 1100 548 in
1130 493 1308 550 verbis
1349 493 1454 549 nisi
1492 495 1818 566 loquentium
1845 497 2088 552 volunta-

504 589 614 636 tem
641 621 658 646 ,
707 583 794 637 cui
850 583 1283 640 demonstrandae
1327 585 1605 656 invigilare
1650 586 1847 641 debent
1894 601 2087 642 omnes

503 673 742 728 veredici
775 674 1037 746 [veridici]
1068 686 1372 734 narratores
1401 695 1523 735 cum
1545 680 1612 737 de
1643 680 1881 748 homine,
1913 680 1999 735 vel
2020 680 2086 735 de

507 768 718 836 angelo,
755 768 839 822 vel
861 767 928 822 de
958 768 1069 823 Deo
1097 769 1295 840 aliquid
1328 782 1567 828 narrant.
1598 773 1799 828 Horum
1827 774 1968 829 enim
1990 788 2086 829 vo-

503 859 681 914 luntas
719 860 895 914 verbis
927 863 1100 930 promi
1131 873 1324 932 potest,
1356 881 1426 921 ne
1444 867 1510 922 de
1552 868 1668 938 ipsa
1716 867 1916 939 aliquid
1945 868 2086 923 inter

505 967 567 1009 se
611 954 933 1025 discrepent.
968 955 1110 1010 Sane
1148 961 1560 1028 praetermittere
1607 977 1714 1017 non
1743 970 1954 1032 oportet
1981 963 2086 1018 hoc

501 1045 641 1108 loco,
675 1043 940 1100 intentum
971 1055 1023 1102 et
1053 1048 1119 1102 ad
1149 1060 1342 1106 caetera
1374 1068 1492 1122 quae
1521 1053 1642 1108 talia
1671 1054 1810 1110 forte
1841 1070 2084 1110 occurre-

500 1138 609 1193 rint
635 1137 812 1195 facere
848 1141 1131 1208 lectorem,
1165 1145 1284 1212 quia
1317 1147 1487 1205 Lucas
1517 1148 1655 1203 dixit
1680 1150 2082 1220 quinquagenos

498 1229 680 1298 jussos
708 1247 830 1290 esse
853 1233 1193 1293 discumbere
1221 1256 1234 1300 ;
1267 1239 1476 1296 Marcus
1507 1257 1635 1296 vero
1678 1249 1730 1297 et
1757 1244 2083 1313 quinquage-

498 1338 600 1378 nos
649 1325 733 1397 [et
782 1331 1086 1404 centenos],
1123 1333 1263 1401 quod
1293 1333 1381 1388 hic
1411 1334 1532 1389 ideo
1578 1350 1684 1389 non
1730 1344 1926 1402 movet,
1958 1336 2082 1404 quia

497 1430 637 1473 unus
689 1432 893 1488 partem
939 1425 1108 1493 dixit,
1149 1428 1288 1483 alter
1317 1435 1507 1482 totum.
1539 1425 1640 1494 Qui
1669 1427 1810 1482 enim
1855 1427 1920 1482 de
1947 1441 2080 1483 cen-

497 1510 641 1565 tenis
668 1515 882 1582 retulit,
917 1517 1020 1573 hoc
1048 1519 1233 1575 retulit
1260 1519 1402 1589 quod
1428 1505 1910 1589 illeprzetermisit.
1939 1519 2081 1574 Nihil

499 1603 683 1674 itaque
707 1610 1038 1664 contrarium
1062 1620 1164 1666 est.
1195 1611 1576 1667 Verumtamen
1597 1613 1641 1666 si
1667 1613 1803 1667 alius
1831 1613 1898 1668 de
1927 1612 2082 1680 quin-

499 1699 758 1766 quagenis
804 1708 1009 1757 tantum
1061 1712 1538 1771 commemoraret,
1579 1703 1717 1759 alius
1760 1713 1966 1762 tantum
2011 1708 2079 1763 de

2189 498 2405 568 plebitis
2434 500 2606 572 legem
2632 503 2850 560 Christi.
2873 504 2976 573 Qui
2999 505 3140 561 enim
3165 515 3313 576 putat
3341 522 3401 563 se
3426 509 3639 579 aliquid
3660 525 3769 572 esse

2189 608 2310 649 cum
2353 595 2483 650 nihil
2514 598 2604 666 sit,
2653 600 2886 669 seipsum
2927 600 3137 657 seducit
3167 617 3182 656 :
3230 617 3366 672 opus
3395 611 3586 658 autem
3619 619 3764 664 suum

2189 687 2380 757 probet
2405 692 2791 762 unusquisque,
2817 703 2871 749 et
2897 693 2975 748 sic
3003 693 3170 766 [tunc]
3201 695 3253 749 in
3279 696 3587 766 semetipso
3611 696 3763 756 habe-

2187 778 2266 833 bit
2289 779 2510 849 gloriam
2536 790 2590 836 et
2617 799 2722 837 non
2753 785 2806 838 in
2833 784 3040 851 altero;
3069 787 3434 856 unusquisque
3461 787 3617 842 enim
3642 803 3762 846 onus

2188 872 2465 940 proprium
2497 875 2749 942 portabit.
2793 875 2906 931 Nisi
2946 878 3128 932 oneris
3168 893 3362 932 nomen
3408 878 3516 933 sub
3547 878 3759 937 diversis

2185 965 2662 1036 signiﬁcationibus
2709 970 3010 1038 acceperis,
3087 971 3437 1040 proculdubio
3519 973 3754 1042 putabis,

2186 1059 2435 1115 eumdem
2462 1062 2565 1116 sibi
2595 1062 2650 1117 in
2680 1063 2948 1133 loquendo
2979 1076 3100 1119 esse
3127 1066 3480 1130 contrarium,
3521 1075 3578 1121 et
3601 1065 3755 1123 hocin

2187 1164 2290 1205 una
2329 1151 2593 1207 sententia
2626 1193 2642 1218 ,
2681 1161 2788 1207 tam
2829 1154 3005 1209 vicine
3053 1155 3242 1224 positis
3272 1156 3486 1222 verbis,
3519 1159 3612 1226 qui
3651 1174 3751 1213 cum

2187 1243 2345 1312 paulo
2372 1254 2497 1299 ante
2545 1244 2747 1300 diceret
2799 1260 2815 1299 :
2863 1245 3017 1300 Alter
3064 1247 3287 1301 alterius
3333 1263 3507 1304 onera
3540 1261 3746 1319 portate,

2185 1343 2368 1405 postea
2401 1335 2533 1391 dixit
2566 1353 2580 1392 :
2612 1337 2988 1409 Unusquisque
3039 1340 3312 1409 proprium
3341 1355 3486 1396 onus
3517 1345 3746 1410 portabit.

2185 1428 2293 1483 Sed
2319 1428 2419 1482 alia
2464 1438 2590 1484 sunt
2632 1444 2798 1486 onera
2843 1432 3225 1501 participandas
3275 1432 3632 1500 inﬁrmitatis,
3663 1437 3745 1490 alia

2186 1519 2474 1575 reddenda:
2495 1522 2719 1577 rationis
2749 1523 2860 1578 Deo
2880 1523 2946 1578 de
2957 1523 3256 1578 actionibus
3279 1525 3513 1581 nostris.
3537 1525 3625 1580 llla
3645 1542 3742 1582 cu

2185 1598 2440 1668 fratribus
2469 1614 2817 1669 sustentanda
2865 1615 3362 1681 communicantur,
3417 1615 3537 1670 haec
3562 1619 3744 1686 propria

2187 1709 2255 1762 ab
2283 1723 2605 1779 unoquoque
2648 1718 2974 1779 portantur:
3025 1709 3099 1764 ita
3149 1719 3204 1766 et
3251 1711 3403 1781 virga
3455 1713 3742 1783 intelligitur

497 1792 762 1858 centenis,
785 1792 944 1848 valde
969 1794 1237 1850 videretur
1266 1810 1386 1851 esse
1405 1798 1731 1851 contrarium
1751 1837 1766 1864 ,
1797 1813 1896 1854 nec
1922 1799 2081 1856 facile
2111 1787 2160 1849 Β
2187 1801 2523 1870 spiritaliter,
2554 1801 2624 1858 de
2664 1817 2768 1872 qua
2793 1801 3007 1857 dicebat
3035 1803 3348 1872 Apostolus,
3402 1804 3463 1857 ln
3495 1805 3635 1875 virga
3663 1821 3738 1860 ve-

497 1880 926 1952 dignoscerctur,
959 1895 1246 1957 utrumque
1275 1888 1478 1944 dictum
1521 1903 1642 1944 esse
1664 1931 1678 1956 ,
1710 1905 1872 1946 unum
1901 1902 2081 1949 autem
2131 1887 2134 1890 ’

495 1975 564 2029 ab
616 1975 808 2042 altero,
841 1977 1068 2033 alterum
1101 1979 1406 2052 [utrumque
1437 1980 1640 2036 dictum
1695 1997 1816 2037 esse
1872 1999 2034 2039 unum
2060 2028 2075 2055 ,

495 2076 590 2123 aut
617 2069 686 2123 ab
723 2070 895 2125 altero
932 2071 1184 2144 alterum]
1215 2073 1282 2128 ab
1311 2073 1483 2129 altero
1515 2087 1636 2128 esse
1685 2088 2078 2131 commemora-

497 2167 632 2223 tum,
665 2168 719 2215 et
749 2169 924 2216 tamen
969 2164 1224 2219 attentius
1253 2164 1675 2229 consideratam,
1713 2166 1938 2220 inveniri
1986 2167 2080 2222 de-

496 2251 676 2308 buisse
707 2254 825 2322 quis
854 2269 960 2308 non
1003 2255 1277 2311 fateatur?
1319 2255 1434 2310 Hoc
1465 2255 1589 2310 ideo
1615 2254 1748 2324 dixi,
1782 2257 1903 2326 quia
1933 2256 2080 2313 cxis-

496 2350 613 2398 tunt
641 2359 783 2416 saepe
806 2345 982 2416 aliqua
1008 2346 1430 2417 ejusmodi,quae
1461 2361 1647 2417 parum
1679 2347 2079 2404 intendentibus

495 2443 549 2491 et
565 2447 764 2493 temere
776 2437 1139 2508 judicantibus
1153 2440 1416 2495 contraria
1435 2439 1738 2505 videantur,
1761 2450 1932 2496 etnon
1947 2442 2074 2497 sint.

1057 2533 1283 2588 CAPUT
1323 2532 1504 2588 CLIX.

497 2619 762 2697 Quomodo
793 2623 1068 2697 Mattiacas
1101 2624 1280 2678 Marco
1309 2633 1560 2697 congruat
1601 2625 1664 2678 de
1711 2626 1854 2696 virga
1876 2667 1892 2692 ,
1923 2643 2077 2697 quam

563 2695 845 2748 secundum
870 2695 1172 2766 Miaitthwum
1211 2697 1333 2749 dicit
1362 2695 1616 2750 Dominus
1637 2713 1737 2749 non
1775 2695 2074 2766 ferendam;

561 2766 845 2835 secundum
912 2765 1150 2819 Marcum
1204 2777 1370 2820 autem
1435 2769 1599 2820 solam
1652 2765 1958 2835 ferendam;
2014 2785 2078 2822 ea:

562 2834 742 2888 eodem
768 2835 897 2890 libro
923 2836 987 2890 de
1008 2836 1272 2892 Consensu
1293 2834 1719 2908 evangelistarum
1739 2853 1798 2892 tt.

451 2992 457 2996 η
561 2926 711 2984 Solet
755 2928 882 2985 item
928 2931 1133 3001 quaeri,
1162 2931 1431 3002 quomodo
1473 2932 1758 2988 Matthaeus
1799 2941 1853 2988 et
1905 2933 2076 2989 Lucas

492 3032 1062 3076 commemoraverunt.
1090 3022 1290 3078 dixisse
1337 3022 1618 3077 Dominum
1661 3023 1968 3092 discipulis,
2019 3035 2076 3080 ut

491 3124 592 3166 nec
621 3111 823 3183 virgam
853 3113 1079 3179 ferrent,
1112 3128 1234 3169 cum
1262 3114 1406 3168 dicat
1434 3113 1641 3168 Marcus
1670 3129 1685 3169 :
1718 3115 1785 3168 Et
1822 3115 2077 3184 praecepit

490 3202 571 3257 eis
602 3218 669 3258 ne
698 3203 825 3273 quid
853 3205 1104 3260 tollerent
1143 3204 1194 3259 in
1223 3205 1329 3272 via,
1360 3203 1465 3260 nisi
1495 3204 1696 3274 virgam
1737 3213 1974 3272 tantum;
2019 3215 2074 3264 et

486 3305 747 3365 sequatur
771 3298 933 3352 etiam
964 3298 1082 3367 ipse
1125 3312 1233 3353 non
1281 3312 1486 3367 peram,
1517 3312 1626 3353 non
1652 3313 1868 3368 panem,
1899 3314 2076 3370 neque

487 3384 547 3440 in
579 3400 709 3442 zona
736 3402 811 3444 aes
832 3397 932 3456 :_ut
953 3389 1202 3444 ostendat
1221 3389 1273 3443 in
1297 3388 1487 3444 eodem
1510 3389 1629 3444 loco
1659 3389 1861 3445 versari
1884 3404 2072 3445 narra-

488 3475 693 3532 tionem
723 3493 898 3555 suam,
921 3478 977 3534 in
999 3493 1104 3548 quo
1123 3488 1179 3535 et
1207 3479 1420 3534 illorum
1447 3478 1538 3548 qui
1565 3478 1815 3535 dixerunt
1842 3493 1942 3533 nec
1961 3480 2075 3532 vir-

487 3580 612 3635 gam
636 3569 932 3625 ferendam.
964 3570 1117 3636 Quod
1140 3571 1213 3624 ita
1255 3571 1486 3625 solvitur
1511 3579 1566 3624 ut
1587 3570 1947 3640 intelligamus
1975 3570 2075 3625 sub

489 3655 596 3709 alia
641 3657 1029 3727 significatione
1073 3661 1273 3715 dictam
1318 3661 1520 3730 virgam
1550 3660 1575 3727 ,‘
1614 3677 1735 3731 quae
1781 3662 2074 3717 secundum

487 3745 730 3802 Marcum
757 3751 977 3805 ferenda
1004 3760 1105 3817 est,
1132 3754 1302 3807 ctsub
1343 3753 1447 3806 alia
1468 3753 1615 3808 illam
1643 3770 1758 3822 qua:
1781 3754 2076 3809 secundum

488 3836 803 3895 Matthazum
823 3848 878 3893 et
922 3840 1120 3894 Lucam
1147 3856 1253 3895 non
1276 3852 1358 3896 est
1395 3842 1614 3897 ferenda
1639 3883 1656 3909 ,
1686 3844 1821 3897 sicut
1847 3845 1944 3898 sub
1975 3845 2078 3898 alia

487 3927 888 3997 signiﬁcatione
937 3930 1251 4001 intelligitur
1301 3933 1556 3997 tentatio,
1611 3932 1679 3988 de
1729 3949 1831 4003 qua
1876 3934 2076 3997 dictum

489 4028 575 4077 est
605 4037 622 4076 :
655 4021 793 4077 Deus
820 4024 1091 4078 neminem
1139 4032 1339 4090 tentat;
1374 4035 1430 4080 et
1456 4026 1557 4081 sub
1583 4026 1688 4080 alia
1727 4041 1831 4094 qua
1876 4027 2076 4083 dictum

487 4123 574 4170 est
601 4129 616 4166 :
648 4114 959 4171 Tentatvos
981 4116 1238 4173 Dominus
1270 4118 1411 4173 Deus
1439 4126 1643 4185 vester,
1674 4125 1731 4173 ut
1755 4119 1887 4173 sciat
1908 4119 1952 4174 si
1983 4120 2077 4175 di-

487 4205 653 4275 ligitis
680 4221 837 4274 eum;
865 4208 953 4262 illa
985 4209 1312 4264 seductionis
1339 4217 1442 4276 est,
1478 4211 1593 4265 haec
1613 4210 1966 4280 probationis.
1996 4211 2079 4267 Si-

486 4304 581 4350 cut
599 4297 859 4365 judicium
888 4299 1046 4355 aliter
1066 4301 1349 4370 accipitur,
1374 4300 1444 4356 de
1475 4315 1581 4370 quo
1602 4300 1802 4356 dictum
1831 4310 1913 4356 est
1940 4318 1954 4355 :
1978 4299 2081 4369 Qui

485 4389 630 4445 bene
655 4389 894 4444 fecerunt
914 4392 968 4445 in
997 4395 1446 4448 resurrectionem
1491 4394 1636 4459 vitae,
1665 4393 1757 4463 qui
1783 4394 1922 4449 male
1943 4395 2080 4450 fece-

484 4487 616 4536 runt
637 4479 691 4532 in
714 4483 1162 4538 resurrectionem
1188 4483 1374 4553 judicii
1403 4501 1417 4549 ;
1447 4492 1500 4539 et
1526 4473 1793 4550 aliter,'de
1821 4501 1928 4553 quo
1962 4485 2109 4553 dic-.._-

2187 1893 2330 1948 niam
2371 1894 2435 1948 ad
2470 1909 2598 1961 vos;
2632 1905 2686 1950 et
2714 1894 3067 1964 corporaliter
3111 1910 3216 1964 qua
3266 1897 3472 1951 utimur
3501 1938 3514 1962 ,
3557 1898 3658 1952 sive
3683 1897 3735 1953 ad

2186 2000 2382 2054 equum
2405 2026 2420 2052 ,
2451 1987 2566 2040 sive
2595 1986 2662 2040 ad
2692 1985 2892 2055 aliquid
2921 1985 3063 2040 aliud
3091 2000 3227 2055 opus
3252 1986 3447 2053 fuerit,
3480 1997 3532 2042 ut
3551 1990 3734 2044 interim

2185 2078 2430 2134 omittam
2467 2088 2524 2135 et
2562 2079 2697 2134 alias
2724 2080 2882 2150 hujus
2930 2081 3161 2135 nominis
3213 2080 3466 2150 ﬁguratas
3495 2083 3729 2152 signiﬁca-

2185 2175 2380 2230 tiones.
2422 2174 2719 2243 Utrumque
2759 2190 2887 2244 ergo
2917 2175 3287 2245 accipiendum
3334 2185 3406 2231 est
3447 2191 3473 2230 a
3522 2176 3718 2230 Domino

2183 2268 2459 2338 Apostolis
2485 2267 2684 2322 dictum
2705 2309 2720 2335 ,
2748 2277 2800 2323 et
2829 2276 2886 2322 ut
2916 2282 3014 2323 nec
3036 2269 3240 2339 virgam
3274 2269 3531 2334 ferrent,et
3551 2278 3711 2324 utnon

2184 2359 2287 2413 nisi
2313 2359 2517 2428 virgam
2549 2358 2771 2413 ferrent.
2803 2356 2937 2412 Cum
2965 2359 3110 2413 enim
3133 2360 3424 2415 secundum
3448 2359 3718 2413 blatthaaum

2183 2451 2385 2506 diceret
2412 2452 2491 2506 eis
2522 2468 2534 2504 :
2563 2450 2740 2506 Nolite
2776 2452 3058 2521 possidere
3099 2468 3312 2522 aurum,
3361 2467 3528 2523 neque
3563 2467 3722 2521 argen-

2182 2552 2327 2611 tum,
2360 2560 2533 2615 neque
2563 2545 2845 2616 pecuniam
2870 2546 2922 2601 in
2948 2547 3100 2602 zonis
3115 2548 3346 2612 vestris;
3371 2561 3477 2600 non
3503 2560 3658 2614 peram
3680 2545 3720 2598 in

2182 2637 2289 2703 via,
2320 2651 2496 2707 neque
2541 2637 2675 2691 duas
2707 2639 2913 2692 tunicas
2941 2678 2957 2704 ,
2992 2652 3167 2708 neque
3191 2638 3559 2701 calciamenta,
3585 2651 3717 2705 neque

2180 2729 2407 2798 virgam,
2438 2728 2693 2784 continuo
2735 2727 2964 2797 subjecit
2994 2745 3007 2779 :
3051 2727 3250 2798 Dignus
3281 2739 3368 2784 est
3407 2729 3548 2782 enim
3574 2741 3709 2796 apera-

2179 2823 2295 2878 rius
2318 2822 2438 2878 cibo
2467 2837 2586 2877 suo.
2614 2821 2767 2877 Unde
2787 2820 2917 2876 satis
2943 2823 3176 2877 ostendit
3199 2836 3296 2876 cur
3323 2837 3427 2877 eos
3455 2821 3566 2876 haec
3589 2817 3699 2890 possi-

2180 2915 2312 2972 dere
2338 2929 2402 2970 ac
2431 2914 2570 2970 ferre
2593 2915 2846 2982 noluerit,
2875 2929 2980 2970 non
3005 2914 3146 2984 quod
3190 2915 3507 2969 necessaria
3529 2928 3612 2968 non
3634 2913 3705 2966 sint

2178 3006 2555 3062 sustentationi
2585 3006 2743 3076 hujus
2791 3009 2915 3061 vita:
2934 3047 2950 3072 ,
2977 3005 3073 3062 sed
3112 3006 3233 3076 quia
3264 3006 3344 3061 sic
3376 3021 3476 3062 eos
3504 3004 3711 3066 mittebat,

2180 3098 2242 3155 ut
2266 3098 2344 3153 eis
2375 3099 2491 3153 haec
2519 3097 2705 3153 deberi
2750 3097 3143 3152 demonstraret
3172 3097 3239 3150 ab
3292 3097 3403 3150 illis
3447 3097 3572 3166 ipsis
3591 3140 3604 3163 ,
3627 3092 3716 3164 qui.

2105 3167 2152 3232 α
2182 3187 2285 3244 bus
2315 3189 2665 3260 Evangelium
2695 3188 3042 3244 credentibus
3071 3188 3486 3255 annuntiarent,
3512 3195 3715 3257 tanquam

2178 3283 2446 3353 stipendia
2519 3283 2911 3349 militantibus,
2986 3291 3238 3352 tanquam
3307 3282 3534 3337 fructum
3584 3282 3717 3333 vinea

2177 3376 2601 3445 plantatoribus,
2634 3385 2888 3444 tanquam
2934 3377 3015 3430 lac
3035 3377 3218 3448 gregis
3259 3376 3572 3445 pastoribus.
3598 3372 3719 3429 Unde

2179 3469 2377 3524 Paulus
2404 3468 2573 3522 dicit:
2613 3468 2743 3535 Quis
2771 3468 2967 3523 militat
3005 3468 3116 3522 suis
3164 3467 3445 3536 stipendiis
3485 3464 3720 3535 unquam?

2180 3563 2311 3631 Quis
2353 3562 2557 3632 plantat
2603 3562 2848 3629 vineam,
2895 3570 2948 3617 et
3001 3562 3069 3617 de
3095 3560 3291 3616 'fructu
3320 3561 3435 3630 ejus
3479 3576 3572 3614 non
3599 3556 3720 3612 edit?

2180 3655 2313 3721 Quis
2345 3655 2514 3724 pascit
2533 3669 2772 3724 gregem,
2803 3664 2856 3707 et
2886 3653 2954 3708 de
2983 3654 3122 3708 lacte
3159 3653 3336 3723 gregis
3362 3667 3459 3706 non
3487 3647 3715 3719 percipit?

2181 3747 2319 3801 llinc
2360 3745 2506 3801 enim
2555 3745 2870 3814 loquebatur
2915 3744 2984 3799 de
3030 3744 3112 3798 his
3141 3759 3262 3813 quae
3291 3740 3553 3797 necessaria
3595 3745 3702 3789 sunt

2181 3839 2618 3909 praedicatoribus
2662 3838 2956 3909 Evangelii.
2990 3838 3143 3893 Unde
3169 3837 3319 3907 paulo
3344 3844 3451 3903 post
3473 3829 3618 3886 dicit:
3645 3830 3695 3883 Si

2180 3945 2281 3986 nos
2326 3931 2480 3985 vobis
2521 3929 2783 3998 spiritalia
2837 3929 3256 3996 seminavimus,
3289 3940 3518 3996 magnum
3559 3931 3631 3976 est
3669 3921 3710 3973 si

2179 4029 2359 4077 vestra
2406 4021 2638 4076 carnalia
2685 4021 2986 4076 metamus?
3035 4021 3092 4074 Si
3141 4021 3233 4075 alii
3288 4019 3521 4088 potestati
3556 4026 3720 4070 vestra

2180 4113 2522 4184 participant,
2555 4127 2661 4168 non
2690 4113 2858 4182 magis
2901 4113 3034 4167 nos?
3079 4113 3176 4168 sed
3201 4127 3309 4167 non
3337 4112 3419 4167 usi
3451 4124 3615 4166 sumus
3641 4107 3723 4160 hac

2179 4214 2465 4277 potestate.
2496 4204 2650 4260 Unde
2684 4213 2905 4274 apparet
2934 4206 3048 4260 hac
3077 4219 3182 4258 non
3214 4205 3285 4258 ita
3319 4202 3625 4273 praecepisse
3643 4199 3725 4252 Do-

2181 4296 2410 4364 minum,
2441 4306 2691 4364 tanquam
2721 4295 3066 4363 evangelista:
3093 4295 3273 4349 vivere
3298 4293 3521 4348 aliunde
3543 4305 3635 4345 non
3651 4289 3723 4342 de-

2181 4388 2384 4453 beant,
2436 4402 2596 4456 quam
2648 4387 2730 4442 eis
2782 4387 3151 4456 praebentibus
3203 4385 3404 4455 quibus
3450 4381 3722 4439 annuntiant

2182 4481 2529 4551 Evangelium
2577 4497 2591 4534 :
2642 4479 2878 4550 alioquin
2909 4489 3099 4534 contra
3144 4478 3248 4533 hoc
3274 4488 3605 4549 praeceptum
3631 4473 3715 4529 fecit

485 4583 599 4630 tum
615 4580 698 4627 est
730 4591 745 4628 :
773 4574 958 4631 Judica
979 4591 1090 4644 me,
1119 4576 1282 4646 Deus,
1309 4584 1363 4630 et
1390 4576 1638 4632 discerne
1662 4591 2068 4634 causammeam
2098 4549 2153 4610 D
2178 4573 2318 4629 idem
2348 4571 2657 4642 Apostolus.
2687 4572 2779 4641 qui
2809 4571 3007 4626 ViClllm
3041 4570 3110 4625 de
3139 4584 3395 4624 manuum
3448 4565 3717 4625 ευθῐυωὶλ·

486 4667 557 4725 de
582 4677 742 4739 gente
761 4685 866 4724 non
897 4681 1101 4726 sancta.
1143 4671 1280 4727 Illud
1320 4670 1463 4726 enim
1483 4671 1740 4740 judicium
1771 4673 2072 4729 damnatio-

483 4762 573 4820 nis
600 4770 704 4828 est,
739 4762 840 4817 hoc
907 4763 1268 4821 discretionis.
1304 4765 1374 4819 Et
1401 4765 1567 4820 multa
1609 4766 1710 4820 alia
1735 4774 1861 4820 sunt
1904 4767 2069 4822 verba

484 4870 606 4923 quae
628 4869 736 4910 non
777 4854 976 4911 habent
1015 4873 1174 4912 unam
1202 4858 1680 4928 signiﬁcationem;
1711 4860 1807 4916 sed
1838 4859 2066 4918 diversis

478 4948 618 5005 locis
643 4958 1004 5020 congruenter
1029 4951 1225 5020 posita,
1247 4953 1464 5008 diverso
1492 4955 1651 5009 modo
1671 4954 2061 5024 intelliguntur,

483 5051 542 5099 et
562 5043 848 5113 aliquando
868 5058 992 5099 cum
1023 5045 1363 5114 expositione
1391 5047 1664 5115 dicuntur,
1690 5057 1750 5102 ut
1776 5057 1861 5101 est
1887 5046 2017 5102 illud
2049 5065 2062 5101 :

480 5135 683 5207 Nolite,
739 5138 933 5207 pueri,
977 5138 1120 5194 efﬁci
1165 5139 1409 5195 sensibus
1435 5179 1452 5207 ,
1493 5141 1588 5196 sed
1626 5141 1827 5197 malitia
1859 5142 2065 5210 parvuli

478 5214 675 5294 estote,
705 5230 781 5298 ut}
807 5229 1052 5286 sensibus
1103 5231 1327 5301 perfecti
1366 5231 1503 5287 sitis.
1555 5232 1668 5287 lloc
1701 5234 1844 5288 enim
1889 5234 2065 5289 brevi-

478 5329 563 5376 ter
591 5322 774 5378 clausa
804 5329 1066 5379 sententia
1089 5325 1196 5381 dici
1220 5325 1408 5394 potuit.
1436 5326 1612 5382 Nolite
1635 5341 1752 5381 esse
1771 5327 1944 5396 pueri,
1968 5327 2061 5382 sed

477 5421 653 5468 estote
683 5415 869 5484 pueri;
898 5424 952 5472 et
991 5417 1170 5474 illud:
1217 5419 1274 5474 Si
1323 5420 1441 5488 quis
1485 5428 1636 5488 putat
1678 5433 1739 5473 se
1766 5417 2061 5486 sapientem

475 5519 599 5561 esse
631 5506 684 5561 in
731 5508 906 5574 vobis,
940 5508 993 5563 in
1022 5511 1125 5565 hoc
1165 5511 1399 5580 saeculo,
1453 5511 1646 5566 stultus
1677 5512 1769 5565 ﬁat
1796 5520 1852 5566 ut
1880 5512 1951 5565 sit
1979 5525 2065 5565 sa-

474 5597 656 5666 piens.
690 5599 829 5667 Quid
874 5601 1020 5654 cnim
1049 5601 1202 5656 aliud
1224 5602 1380 5671 dixit,
1405 5618 1588 5673 quam,
1621 5617 1726 5656 non
1757 5604 1829 5658 sit
1853 5602 2064 5672 sapiens

474 5695 536 5742 ut
563 5689 634 5743 sit
660 5691 918 5760 sapiens?
966 5694 1268 5764 Aliquando
1313 5705 1490 5752 autem
1536 5696 1730 5752 clausae
1760 5694 1832 5750 ita
1877 5695 2062 5750 dicun-

475 5787 583 5848 tur,
629 5790 689 5836 ut
717 5795 1006 5846 exerceant
1046 5787 1448 5860 inquirentem;
1493 5799 1550 5848 ut
1595 5789 1848 5861 estquod
1893 5789 1969 5847 ait
1992 5788 2059 5846 ad

2175 4668 2394 4725 boribus
2441 4666 2795 4736 transigebat,
2839 4680 2906 4720 ne
2951 4665 3201 4734 cuiquam
3241 4663 3428 4733 gravis
3459 4670 3631 4718 esset:
3657 4655 3724 4712 sed

2175 4771 2497 4836 potestatem
2525 4761 2741 4816 dedisse
2771 4762 2825 4815 in
2873 4775 2978 4830 qua
3009 4758 3211 4814 scirent
3256 4756 3361 4812 sibi
3401 4757 3514 4813 ista
3562 4749 3729 4810 deberi.

2173 4857 2306 4912 Cum
2338 4865 2518 4910 autem
2564 4868 2594 4907 a
2637 4852 2866 4908 Domino
2910 4850 3109 4920 aliquid
3157 4849 3464 4919 imperatur
3487 4892 3503 4917 ,
3536 4846 3631 4902 nisi
3665 4844 3734 4896 ﬁat

2173 4947 2552 5006 inobedientiae
2579 4946 2734 5015 culpa
2779 4952 2877 5000 est.
2910 4942 3046 4998 Cum
3093 4950 3270 4997 autem
3302 4949 3551 5010 potestas
3591 4938 3733 4996 datur,

2170 5042 2297 5098 licet
2323 5041 2518 5110 cuique
2556 5053 2666 5095 non
2707 5039 2814 5104 uti,
2848 5037 3011 5092 etiam
3039 5050 3197 5106 quam
3239 5035 3307 5089 de
3346 5050 3451 5090 suo
3475 5035 3596 5099 jure
3622 5030 3738 5101 [licet

2168 5133 2361 5202 cuique
2389 5145 2496 5186 non
2538 5131 2614 5185 uti
2649 5138 2706 5185 et
2734 5135 2984 5196 tanquam
3012 5126 3080 5180 de
3103 5141 3201 5180 suo
3225 5124 3370 5195 jure]
3397 5124 3616 5178 cedere.
3639 5120 3740 5174 Haec

2166 5239 2296 5294 ergo
2325 5224 2546 5292 loquens
2578 5219 2833 5275 Dominus
2858 5217 3165 5287 discipulis,
3188 5217 3242 5271 id
3265 5215 3464 5284 agebat
3487 5213 3626 5283 quod
3648 5210 3741 5277 ipse

2169 5314 2461 5384 Apostolus
2483 5312 2646 5381 paulo
2688 5318 2813 5380 post
2853 5311 3091 5380 apertius
3121 5308 3194 5362 ita
3221 5307 3463 5376 explicat
3490 5321 3505 5358 :
3538 5298 3743 5360 Nescitis

2167 5406 2421 5478 quoniam
2438 5405 2528 5474 qui
2552 5404 2608 5458 in
2625 5403 2824 5472 templo
2849 5399 3390 5486 Operantur,qua:.de
3407 5399 3614 5465 templo
3639 5397 3742 5486 sunt

2168 5498 2370 5563 edunt;
2403 5496 2493 5565 qui
2519 5495 2676 5550 altari
2701 5493 3034 5558 deserviunt,
3079 5492 3237 5548 altari
3285 5483 3742 5560 compartiuntur?

2165 5591 2258 5648 Sic
2288 5599 2343 5646 et
2373 5590 2630 5645 Dominus
2676 5587 2948 5643 ordinavit
2998 5585 3084 5640 his
3132 5586 3222 5655 qui
3269 5583 3626 5653 Evangelium
3661 5592 3743 5632 an-

2166 5687 2433 5752 nuntiant,
2464 5685 2531 5740 de
2561 5669 2855 5753 Evangeli‘o
2876 5681 3092 5745 vivere;
3118 5693 3220 5750 ego
3241 5687 3422 5733 autem
3451 5678 3651 5732 borum
3675 5671 3743 5726 nio

2168 5780 2244 5839 hil
2272 5793 2400 5840 usus
2436 5792 2579 5837 sum.
2605 5777 2741 5838 Cum
2787 5774 2970 5848 itaque
2997 5772 3162 5844 dicit,
3193 5771 3269 5830 ita
3293 5769 3588 5833 Dominum
3616 5762 3744 5824 ordi-
