3986 6382
267 305 361 364 825

1446 315 1884 379 THESAURUS.
1923 323 2078 383 CAP.
2116 327 2345 387 CLXXI.

3404 349 3508 403 826

263 435 434 532 nasse,
475 436 537 481 se
590 433 770 484 autem
819 440 974 483 usum
1021 441 1129 485 non
1173 442 1324 501 esse,
1355 434 1542 506 utique
1582 437 1820 493 ostendit
1843 443 1900 503 Α
1922 444 2094 499 multa
2122 446 2367 516 iterasse,
2399 459 2517 517 quae
2545 447 2672 505 alibi
2699 449 2812 522 jam
2841 451 3075 523 dixerat,
3102 470 3172 515 ne
3199 457 3337 516 forte
3365 462 3506 532 ipsos

261 517 427 572 utendi
455 527 773 588 potestatem
810 521 987 577 datam
1011 561 1028 589 ,
1057 537 1163 579 non
1207 524 1511 597 impositam
1553 531 1820 586 serviendi

261 610 640 667 necessitatem.
674 613 788 669 Hoc
807 628 936 685 ergo
963 615 1221 673 ordinans
1255 620 1509 677 Dominus
1531 623 1671 694 quod
1695 639 1817 679 eum

257 699 521 757 ordinasse
549 703 682 759 dicit
725 706 1013 775 Apostolus
1037 748 1053 776 ,
1082 711 1172 781 qui
1218 710 1562 782 Evangelium
1615 731 1820 771 annun-

257 793 374 847 tiant
400 793 468 848 de
500 794 792 865 Evangelio
823 799 1019 866 vivere,
1053 802 1142 858 illa
1171 805 1447 873 Apostolis
1477 807 1814 877 loquebatur,

256 891 311 934 ut
353 884 526 938 securi
575 900 684 942 non
734 889 1097 957 possiderent,
1150 908 1324 962 neque
1371 905 1647 964 portarent
1695 900 1818 955 huic

259 971 371 1027 vitae
395 977 717 1041 necessaria,
736 992 836 1033 nec
858 994 1050 1051 magna
1079 997 1178 1038 nec
1192 984 1434 1040 minima.
1464 987 1588 1041 ideo
1615 991 1812 1057 posuit,

251 1075 342 1154 nec
365 1064 567 1134 virgam
593 1084 606 1119 :
640 1070 927 1126 ostendens
957 1087 987 1126 a
1019 1072 1266 1129 ﬁdelibus
1295 1077 1426 1141 suis,
1451 1079 1628 1133 omnia
1659 1084 1813 1154 ιιι

248 1150 420 1209 deberi
451 1157 708 1214 ministris
733 1163 845 1217 suis
890 1164 1038 1219 nulla
1086 1167 1356 1235 superﬂua
1385 1150 1814 1238 requirentibus:

247 1255 307 1298 ac
333 1259 421 1314 per
448 1246 550 1304 hoc
570 1249 816 1306 addendo
845 1271 857 1306 :
890 1254 1090 1325 Dignus
1119 1265 1203 1312 est
1225 1259 1366 1312 enim
1398 1261 1673 1328 operarius
1698 1262 1818 1317 cibo

245 1348 369 1401 suo,
424 1352 642 1407 prorsus
688 1345 904 1412 aperuit
943 1353 997 1401 et
1025 1345 1345 1416 illustravit,
1376 1351 1519 1407 unde
1560 1360 1614 1407 ct
1651 1368 1819 1424 quare

245 1426 354 1484 haec
379 1433 557 1488 omnia
588 1434 920 1504 loqueretur.
981 1438 1132 1496 lianc
1161 1455 1289 1511 ergo
1320 1452 1634 1512 potestatem
1655 1447 1819 1517 virgas

242 1521 451 1577 nomine
497 1524 842 1594 signiﬁcavit,
897 1543 1017 1583 cum
1049 1529 1202 1599 dixit,
1234 1547 1302 1587 nc
1330 1534 1454 1603 quid
1487 1536 1736 1592 tollerent
1764 1538 1816 1592 in

240 1612 340 1676 via,
371 1611 473 1668 nisi
521 1616 724 1685 virgam
755 1625 982 1686 tantum,
1015 1623 1187 1690 potuit
1213 1625 1354 1678 enim
1385 1625 1546 1680 etiam
1590 1628 1669 1682 sic
1696 1627 1818 1684 bre-

238 1703 369 1759 viter
395 1704 519 1771 dici,
557 1707 702 1764 Nihil
724 1712 1148 1768 necessariorum
1176 1716 1452 1773 vobiscum
1483 1719 1684 1787 feratis,
1717 1737 1816 1777 nec

1921 538 2304 594 rum'locorum
2329 541 2482 607 ordo,
2518 557 2636 598 cum
2660 543 2789 616 [vel]
2821 561 2887 601 ex
2907 547 3015 604 alio
3038 551 3362 620 evangelista
3393 570 3502 610 non

1918 631 2252 697 convenerit,
2279 630 2435 686 alicui
2460 647 2644 689 eorum
2670 635 2794 690 hinc
2827 648 2975 706 putet
3002 655 3123 696 esse
3144 647 3496 711 contrarium,

1917 731 2038 773 cum
2089 721 2386 790 intelligere
2432 724 2623 781 debeat
2665 727 2857 784 iterum
2905 731 3032 786 alibi
3061 732 3190 800 dici,
3223 737 3364 806 quod
3392 738 3503 808 jam

1917 812 2046 866 alibi
2078 813 2280 869 dictum
2310 826 2445 885 erat,
2473 833 2571 873 nec
2602 828 2806 876 tantum
2846 822 2915 879 de
2935 824 3111 893 dictls,
3146 831 3500 884 verumetiam

1917 906 1986 962 de
2014 906 2167 962 [actis
2194 908 2473 965 observari
2501 911 2720 969 debere.
2768 915 2911 970 Nihil
2951 917 3093 972 enim
3127 919 3376 987 prohibet
3399 922 3501 976 hoc

1916 997 2058 1054 idem
2085 999 2278 1054 iterum
2302 1001 2495 1056 factum
2523 1005 2767 1074 credere,
2792 1005 3106 1062 calumniari
3130 1019 3306 1065 autem
3326 1011 3500 1066 Evan-

1918 1091 2081 1160 gelio;
2095 1091 2221 1147 dum
2245 1107 2349 1148 non
2361 1095 2551 1162 credit,
2573 1097 2764 1154 iterum
2781 1099 2998 1168 factum,
3013 1103 3155 1172 quod
3170 1103 3362 1160 iterum
3382 1105 3497 1161 ﬁeri

1919 1198 2023 1239 non
2051 1184 2285 1253 potuisse
2311 1201 2471 1242 nemo
2491 1191 2780 1257 convincit,
2808 1193 3082 1263 sacrilegas
3110 1195 3362 1253 vanitatis
3392 1206 3496 1252 est.

2465 1289 2692 1346 CAPUT
2732 1291 2942 1346 CLXX.

1919 1377 2000 1432 De
2021 1395 2076 1432 eo
2104 1380 2241 1449 quod
2264 1379 2542 1434 Matthwus
2567 1391 2614 1436 et
2638 1382 2847 1438 Marcus
2875 1385 3053 1439 dicunt
3080 1401 3099 1440 :
3131 1387 3256 1442 Post
3279 1403 3367 1443 sea:
3387 1390 3496 1445 dies

1993 1450 2216 1522 luctum;
2243 1451 2407 1522 Lucas
2437 1452 2582 1518 dicit,
2613 1465 2724 1518 post
2745 1466 2894 1522 octo;
2919 1472 2982 1510 ea:
3003 1456 3182 1512 eodem
3207 1460 3337 1514 libro
3364 1475 3406 1514 ιι
3433 1461 3498 1514 ds

1991 1520 2251 1574 Consensu
2278 1520 2740 1594 Evangelistarum.

1993 1611 2244 1681 Sequitur
2282 1614 2560 1670 Matthaeus
2589 1633 2601 1666 :
2628 1616 2797 1672 Amen
2839 1617 2963 1674 dico
3005 1619 3179 1688 vobis,
3224 1631 3352 1677 sunt
3377 1623 3497 1693 qui-

1921 1704 2043 1759 dam
2065 1705 2132 1760 de
2160 1706 2244 1760 hic
2271 1707 2556 1776 stantibus,
2588 1711 2678 1778 qui
2699 1724 2803 1764 non
2833 1714 3124 1780 gustabunt
3154 1724 3381 1770 mortem
3401 1716 3496 1771 doc

237 1795 430 1864 virgam
465 1805 665 1853 tantum
697 1799 819 1871 [nec
850 1802 1076 1872 virgam,
1104 1806 1204 1860 nisi
1231 1808 1433 1877 virgam
1460 1810 1684 1874 ιεηιιιω]
1713 1828 1728 1864 ε
1759 1819 1814 1867 ιιι
1846 1817 1895 1878 Β
1921 1814 2020 1855 nec
2041 1799 2257 1855 videant
2279 1800 2470 1856 Filium
2501 1801 2730 1856 hominis
2757 1805 3061 1861 venientem
3091 1806 3146 1862 in
3177 1822 3340 1878 regno
3374 1823 3493 1863 suo.

235 1881 356 1940 illud
399 1888 542 1956 quod
572 1889 774 1946 dictum
813 1901 916 1958 est,
948 1909 1048 1950 nec
1073 1896 1299 1967 virgam,
1335 1899 1679 1969 intelligatur,
1713 1917 1812 1958 nec

234 1976 479 2034 minimas
509 1980 725 2050 quidem
755 1997 844 2038 res
874 2002 887 2037 :
919 1987 1061 2055 quod
1093 2002 1220 2044 vero
1251 1989 1561 2058 adjunctum
1587 2001 1686 2060 est,
1709 1994 1813 2049 nisi

233 2065 430 2136 virgam
483 2077 716 2138 tantum,
766 2073 1116 2146 intelligatur,
1147 2078 1269 2148 quia
1299 2095 1394 2148 per
1439 2091 1753 2151 potestatem
1782 2099 1811 2138 a

233 2154 459 2213 Domino
487 2170 783 2231 acceptam,
813 2179 932 2234 quas
957 2167 1118 2238 virga:
1145 2171 1365 2226 nomine
1388 2171 1681 2242 signiﬁcata
1705 2184 1810 2242 est,

231 2247 388 2303 etiam
435 2265 556 2320 quas
604 2267 710 2309 non
743 2265 1024 2326 portantur
1062 2274 1170 2315 non
1217 2261 1464 2318 deerunt.
1518 2264 1814 2336 Utrumque

229 2350 354 2407 ergo
397 2340 653 2398 Dominus
697 2345 853 2414 dixit,
876 2348 971 2402 sed
1017 2350 1141 2418 quia
1192 2365 1300 2405 non
1354 2360 1639 2423 utrumque
1675 2370 1814 2410 unus

231 2433 557 2501 evangelista
584 2441 1027 2494 commemoravit
1067 2482 1082 2508 ,
1106 2451 1325 2511 putatur
1355 2443 1444 2499 ille
1491 2447 1581 2515 qui
1611 2447 1814 2514 virgam

227 2517 326 2573 sub
351 2520 455 2575 alia
485 2522 874 2593 signiﬁcatione
895 2529 1127 2598 positam
1151 2531 1441 2587 tollendam
1463 2536 1617 2602 dixit,
1649 2536 1697 2591 ei
1721 2537 1812 2606 qui

224 2608 429 2680 virgam
465 2628 654 2670 rursus
682 2615 828 2672 aliud
858 2619 1248 2689 signiﬁcantem
1279 2638 1385 2679 non
1416 2627 1702 2682 tollendam
1734 2628 1815 2683 di-

223 2700 334 2767 xit,
390 2716 512 2759 esse
557 2708 890 2776 contrarius;
930 2711 1028 2766 sed
1069 2710 1184 2782 jam
1232 2714 1440 2770 ratione
1467 2717 1672 2772 reddita
1705 2734 1812 2775 non

221 2800 457 2861 putetur.
509 2795 601 2852 Sic
622 2807 678 2854 et
703 2800 1078 2872 calciamenta,
1101 2819 1225 2861 cum
1252 2807 1388 2862 dicit
1408 2794 1690 2865 Matthaeus
1711 2853 1726 2878 ,
1759 2811 1811 2867 in

219 2884 308 2941 via
337 2901 445 2943 non
477 2903 597 2946 esse
643 2894 906 2962 portanda
933 2940 949 2965 ,
999 2911 1180 2954 curam
1214 2899 1498 2970 prohibet,
1541 2918 1644 2973 qua
1692 2904 1812 2960 ideo

217 2979 488 3048 portanda
535 2981 838 3051 cogitantur
861 3000 929 3041 ne
970 2986 1148 3044 desint
1200 2989 1414 3063 [utnon
1441 2993 1660 3064 desint].
1699 2995 1812 3051 Hoc

215 3078 276 3124 et
299 3068 366 3124 de
395 3069 605 3128 duabus
632 3074 826 3131 tunicis
857 3075 1263 3149 intelligendum
1314 3091 1417 3148 est,
1449 3099 1516 3138 ne
1569 3084 1812 3154 quisquis

214 3173 404 3216 eorum
437 3171 632 3232 praeter
659 3179 776 3220 eam
804 3183 964 3237 quam
995 3170 1147 3242 [qua]
1197 3181 1344 3228 esset
1372 3175 1611 3239 indutus,
1645 3177 1806 3230 aliam
1835 3197 1880 3259 ο

210 3253 538 3323 portandam
593 3265 806 3326 putaret
849 3260 1150 3330 sollicitus,
1201 3279 1270 3319 ne
1321 3280 1455 3335 opus
1503 3276 1647 3322 esset
1684 3282 1806 3322 eum

210 3344 313 3402 illa
328 3362 392 3403 ex
408 3358 673 3418 potestate
709 3367 865 3422 posse
882 3355 1126 3425 accipere
1155 3356 1335 3428 [aliam
1365 3359 1678 3426 portandam
1707 3375 1807 3428 pu-

209 3445 394 3508 taret,
423 3441 685 3497 sollicitus
711 3459 778 3498 ne
808 3460 945 3514 opus
970 3456 1118 3504 esset
1145 3463 1266 3502 cum
1299 3464 1366 3504 ex
1413 3450 1500 3504 illa
1546 3459 1808 3518 potestate

209 3537 398 3598 posset
419 3532 712 3604 accipere].
751 3535 986 3591 Proinde
1015 3538 1269 3602 Marcus;
1316 3537 1548 3594 dicendo
1591 3541 1805 3596 calciari

205 3634 310 3676 eos
339 3623 597 3679 sandaliis
636 3625 724 3680 vel
751 3627 912 3681 soleis
938 3667 952 3691 ,
1006 3628 1208 3698 aliquid
1247 3627 1350 3682 hoc
1398 3629 1804 3686 calciamentum

207 3716 456 3787 mystica:
485 3716 890 3789 signiﬁcationis
921 3720 1122 3777 habere
1169 3723 1464 3789 admonet,
1509 3734 1568 3778 ut
1595 3740 1689 3794 pes
1718 3739 1809 3780 ne-

205 3821 316 3877 que
346 3817 522 3863 tectus
565 3808 659 3877 sit,
703 3824 876 3880 neque
924 3811 1097 3868 nudus
1123 3813 1189 3866 ad
1241 3821 1462 3880 terram,
1494 3815 1547 3868 id
1595 3823 1679 3870 est
1736 3823 1824 3871 ne"

204 3899 510 3953 occultetur
535 3899 913 3970 Evangelium,
945 3918 1046 3958 nec
1089 3905 1319 3960 terrenis
1345 3905 1645 3961 commodis
1667 3907 1804 3962 inni-

205 3996 379 4044 tatur.
409 3990 476 4044 Et
504 3991 644 4057 quod
674 4009 780 4046 non
811 3996 1034 4062 portari,
1066 3996 1149 4050 vel
1183 3996 1369 4050 haberi
1398 3997 1529 4052 duas
1560 3998 1799 4062 tunicas;

202 4079 309 4138 sed
333 4081 639 4149 expressius
659 4083 805 4137 indui
836 4085 1114 4152 prohibet,
1159 4086 1368 4156 dicens,
1428 4088 1496 4141 Et
1525 4103 1592 4141 ne
1617 4088 1805 4142 indue-

201 4178 398 4227 rentur
423 4170 630 4227 duabus
660 4173 854 4228 tunicis
879 4190 894 4239 ;
922 4173 1048 4243 quid
1078 4190 1172 4229 eos
1199 4186 1405 4243 monet,
1436 4178 1537 4231 nisi
1583 4191 1688 4231 non
1714 4178 1805 4232 du-

199 4262 463 4333 pliciter,
512 4263 607 4317 sed
651 4263 969 4333 simpliciter
1015 4265 1338 4320 ambulare?
1387 4267 1460 4320 Ita
1514 4266 1801 4322 Dominum

201 4351 441 4427 [omnia]
464 4353 662 4410 dixisse
690 4355 842 4410 nullo
871 4355 1032 4411 modo
1059 4355 1409 4410 dubitandum
1455 4366 1572 4425 est,
1604 4359 1798 4416 partim

197 4444 430 4514 proprie
449 4485 465 4511 ,
500 4445 692 4513 partim
707 4445 966 4515 ﬁgurate;
995 4447 1090 4502 sed
1113 4447 1471 4516 evangelistas
1487 4450 1590 4508 alia
1618 4447 1780 4502 istum

1916 1893 1985 1948 Et
2010 1900 2130 1962 post
2171 1892 2288 1946 dies
2328 1907 2450 1957 sex,
2483 1898 2774 1963 assumpsit
2808 1895 2965 1952 Jesus
2995 1897 3235 1965 Petrum,
3265 1909 3318 1956 et
3343 1900 3496 1956 Jaco-

1914 1981 2064 2049 bum,
2094 1991 2149 2037 et
2169 1982 2430 2038 Joannem
2462 1983 2683 2040 fratrem
2711 1987 2848 2056 ejus,
2877 1988 3101 2044 etduxit
3124 1989 3244 2045 illos
3271 1991 3324 2045 in
3345 2005 3496 2046 mon-

1914 2081 2023 2128 tem
2055 2074 2328 2130 excelsum
2357 2090 2623 2143 seorsum,
2651 2086 2780 2144 etc.,
2807 2094 2977 2150 usque
3007 2081 3072 2135 ad
3100 2082 3253 2147 illud,
3283 2082 3373 2137 ubi
3394 2083 3493 2137 ait:

1915 2163 2125 2219 Nemini
2156 2165 2398 2221 dixeritis
2446 2168 2735 2237 visionem,
2778 2169 2949 2225 donec
2997 2169 3164 2226 Filius
3195 2171 3428 2227 hominis
3465 2187 3495 2226 a

1915 2256 2142 2310 mortuis
2174 2265 2441 2324 resurgat.
2475 2258 2600 2313 Haec
2628 2260 2767 2313 visio
2799 2261 3010 2315 Domini
3041 2261 3092 2315 in
3122 2274 3304 2318 monte
3332 2277 3495 2318 oran-

1916 2346 2059 2399 tibus
2094 2345 2276 2414 Petro,
2306 2345 2507 2400 Jacobo
2550 2355 2605 2402 et
2633 2347 2862 2414 Joanne,
2903 2349 2995 2404 ubi
3025 2351 3188 2404 etiam
3229 2351 3295 2406 de
3333 2353 3492 2418 caelo,

1915 2434 2003 2490 isti
2030 2436 2148 2507 [illi]
2193 2436 2562 2492 testimonium
2593 2447 2829 2507 paterna:
2859 2440 3006 2494 vocis
3035 2440 3362 2509 perhibitum
3392 2451 3494 2509 est,

1915 2539 1946 2577 a
1970 2525 2142 2580 tribus
2169 2527 2512 2594 evangelistis
2555 2527 2746 2583 eodem
2770 2528 2960 2583 ordine
2980 2538 3326 2596 memoratur,
3353 2540 3410 2588 et
3427 2531 3495 2590 ad

1915 2618 2134 2672 easdem
2158 2619 2378 2674 omnino
2398 2621 2693 2675 sententias
2716 2637 2730 2674 :
2754 2621 2849 2676 sed
2866 2631 3065 2678 caetera
3091 2623 3382 2678 secundum
3401 2639 3496 2694 ge-

1917 2724 2047 2764 nera
2064 2710 2388 2765 locutionum
2406 2711 2616 2766 diversa
2628 2753 2641 2777 ,
2659 2712 2776 2767 sine
2790 2713 2893 2767 ulla
2907 2714 3298 2768 sententiarum
3320 2715 3496 2771 diver-

1917 2799 2096 2864 sitate,
2116 2815 2235 2869 quae
2256 2800 2439 2855 multis
2461 2801 2594 2856 locis
2614 2802 2860 2871 superius
2880 2802 3388 2872 demonstravimus,
3411 2803 3496 2858 vi-

1917 2891 2032 2946 deri
2062 2906 2093 2945 a
2118 2891 2420 2960 legentibus
2446 2901 2690 2962 possunt.
2724 2893 2877 2960 Quod
2906 2905 3081 2950 autem
3128 2896 3340 2952 Marcus
3376 2904 3496 2967 post

1915 2995 2009 3036 sex
2039 2981 2157 3036 dies
2183 2980 2382 3036 factum
2411 2981 2558 3048 dicit,
2587 2982 2726 3038 sicut
2757 2983 3061 3052 Mattbzeus,
3103 2984 3274 3039 Lucas
3317 2993 3495 3040 autem

1915 3083 2037 3142 post
2059 3083 2202 3140 octo,
2229 3090 2333 3129 non
2363 3075 2743 3131 contemnendi
2770 3085 2914 3143 sunt,
2945 3077 2992 3132 si
3015 3092 3150 3148 quos
3177 3087 3377 3146 movet,
3401 3079 3495 3134 sed

1914 3167 2126 3222 ratione
2155 3166 2361 3222 reddita
2392 3168 2718 3222 instruendi.
2753 3168 2878 3224 Dies
2906 3169 3055 3224 enim
3084 3169 3299 3238 quando
3326 3183 3495 3226 enun-

1913 3259 2108 3314 tiamus
2133 3259 2393 3324 dicentes,
2434 3259 2562 3315 Post
2593 3269 2672 3316 tot
2697 3261 2843 3325 dies;
2874 3260 3162 3331 aliquando
3188 3276 3294 3317 non
3323 3276 3495 3316 annu-

1911 3367 2182 3408 meramus
2202 3368 2322 3407 eum
2355 3355 2408 3408 in
2438 3368 2546 3422 quo
2574 3354 2866 3423 loquimur,
2897 3362 2953 3409 et
2974 3369 3095 3409 eum
3124 3369 3230 3423 quo
3264 3367 3354 3408 res
3383 3353 3494 3422 ipsa

1908 3445 2087 3499 futura
2114 3454 2199 3499 est
2238 3461 2398 3514 quam
2436 3448 2860 3514 prmnuntiamus
2900 3446 2981 3500 vel
3011 3446 3363 3515 pollicemur;
3400 3445 3496 3500 sed

1909 3534 2116 3589 medios
2148 3545 2268 3603 post
2293 3550 2429 3603 quos
2460 3550 2651 3590 revera
2677 3535 2864 3603 plenos
2885 3544 3048 3604 atque
3078 3535 3337 3605 integros,
3364 3532 3494 3587 illud

1908 3625 2146 3681 futurum
2173 3638 2276 3682 est.
2310 3627 2421 3682 Hoc
2445 3627 2571 3681 fecit
2602 3627 2885 3681 Matthacus
2925 3635 2979 3682 et
3008 3627 3240 3692 Marcus,
3266 3633 3495 3694 excepto

1907 3730 1974 3772 eo
2002 3717 2089 3771 die
2119 3731 2223 3786 quo
2262 3718 2379 3773 haec
2422 3718 2742 3788 loquebatur
2772 3715 2967 3790 [.lesu],
2990 3727 3053 3790 et
3084 3717 3177 3772 illo
3205 3730 3314 3785 quo
3341 3713 3495 3770 exhi-

1907 3808 2024 3864 buit
2056 3821 2412 3866 memoratam
2437 3811 2488 3864 in
2520 3819 2704 3865 monte
2729 3811 3014 3873 visionem,
3047 3808 3254 3863 medios
3279 3807 3395 3863 dies
3417 3807 3494 3862 in.

1905 3910 2118 3958 tuentes
2146 3903 2434 3958 dixerunt:
2464 3901 2594 3956 Post
2621 3916 2715 3956 sex
2747 3901 2884 3967 dies,
2926 3900 3069 3968 quod
3103 3899 3194 3954 ille
3236 3913 3494 3954 annume-

1903 3992 2036 4046 ratis
2080 3991 2351 4055 ﬁnalibus,
2383 3991 2438 4046 id
2484 3999 2585 4054 cst,
2635 3991 2810 4058 primo
2857 3999 3018 4058 atque
3063 3988 3277 4052 ultimo,
3315 3988 3492 4054 dixit,

1905 4082 2035 4135 Post
2059 4091 2182 4134 octo
2212 4082 2348 4144 dies,
2381 4096 2447 4134 eo
2470 4081 2723 4148 loquendi
2756 4079 2937 4143 modo,
2978 4092 3086 4148 quo
3116 4092 3240 4146 pars
3263 4093 3360 4145 pro
3380 4086 3492 4132 toto

1904 4177 2388 4224 commemoratur.
2429 4169 2563 4224 Item
2605 4168 2747 4237 quod
2789 4167 2961 4222 Lucas
3008 4167 3084 4220 ait
3110 4167 3178 4220 de
3209 4167 3396 4236 Moyse
3439 4177 3493 4222 et

1905 4259 2024 4314 Elia
2057 4276 2070 4313 :
2100 4258 2318 4313 Factum
2342 4267 2426 4312 est
2451 4273 2572 4311 cum
2596 4257 2942 4312 discederent
2970 4257 3173 4320 abillo,
3206 4257 3278 4310 ait
3303 4257 3492 4313 Petrus

1903 4350 1969 4404 ad
1996 4349 2180 4404 Jesum
2207 4366 2221 4405 :
2246 4350 2576 4419 Prmceptor,
2605 4350 2801 4404 bonum
2824 4357 2906 4404 est
2928 4350 3084 4404 nobis
3114 4349 3202 4404 hic
3223 4363 3363 4415 esse,
3381 4359 3488 4406 etc.

1907 4437 2022 4496 Non
2052 4440 2212 4496 debet
2233 4441 2407 4510 putari
2430 4442 2759 4495 contrarium
2790 4442 2862 4505 ei,
2891 4443 3029 4510 quod
3059 4441 3339 4496 Matthasus
3362 4442 3476 4497 Mar

200 4535 316 4590 alia
361 4534 511 4590 illum
555 4536 850 4592 inseruisse
911 4538 1127 4607 scriptis
1173 4539 1318 4603 suis,
1377 4541 1620 4608 quaedam
1672 4555 1798 4595 vero
1825 4548 2104 4619 Dcusque
2147 4533 2220 4588 ita
2270 4533 2670 4601 coniunxerunt
2717 4534 2934 4590 Petrum
2983 4535 3088 4590 hoc
3131 4536 3484 4606 suggessisse,

191 4627 415 4693 eadem,
445 4627 702 4696 veldnos,
735 4630 819 4684 vel
842 4637 950 4684 tres
975 4643 1161 4684 eorum
1183 4631 1474 4698 quoslibet,
1495 4631 1581 4686 vel
1602 4646 1792 4688 omnes

193 4730 433 4789 quatuor
474 4720 749 4788 posuisse;
815 4732 914 4774 nec
958 4717 1038 4774 sic
1089 4728 1266 4775 tamen
1307 4721 1486 4775 omnia
1526 4735 1646 4776 esse
1675 4737 1793 4776 con-

193 4810 424 4880 scripta,
457 4823 578 4878 quae
620 4809 688 4877 ab
718 4809 812 4865 illo
839 4823 935 4864 seu
968 4809 1143 4875 dicta,
1174 4824 1270 4866 seu
1301 4809 1437 4866 facta
1464 4821 1606 4867 sunt.
1635 4812 1792 4878 Quis-

193 4902 326 4971 quis
373 4908 552 4957 autem
602 4907 754 4970 putat
805 4913 914 4954 non
960 4901 1205 4970 potuisse
1257 4902 1540 4958 Dominum
1589 4904 1642 4958 in
1685 4919 1791 4958 uno

193 5007 457 5050 sermone
485 4992 730 5062 quasdam
759 4991 1016 5063 ﬁgurate,
1050 4992 1297 5062 quzedam
1327 4994 1542 5062 proprie
1592 5009 1792 5063 ponere

191 5085 446 5155 eloquia,
485 5095 682 5141 cetera
748 5083 867 5154 ejus
930 5083 1195 5154 inspectet
1249 5084 1563 5156 [inspiciat],
1594 5086 1793 5141 videbit

189 5192 364 5249 quam
407 5176 511 5233 hoc
541 5187 744 5233 temere
770 5186 933 5247 atque
974 5176 1242 5232 inerudite
1266 5177 1578 5232 arbitretur.
1611 5178 1793 5234 Potest

190 5270 349 5326 enim
376 5269 500 5335 iste,
531 5278 592 5325 ut
619 5284 782 5325 unum
826 5269 1025 5340 aliquid
1066 5269 1239 5324 dicam
1277 5269 1420 5338 quod
1450 5271 1628 5324 animo
1653 5271 1789 5326 inte-

191 5358 309 5415 rim
337 5359 611 5425 occurrit,
651 5357 904 5428 quoniam
950 5369 1134 5416 monet
1158 5368 1217 5414 ut
1242 5373 1350 5414 non
1389 5361 1526 5414 sciat
1563 5360 1788 5416 sinistra

189 5447 330 5519 quid
352 5449 511 5504 faciat
535 5448 747 5514 dextra,
780 5459 833 5504 et
855 5450 997 5518 ipsas
1017 5451 1409 5520 eleemosynas,
1441 5459 1496 5506 et
1525 5450 1786 5522 quidquid

191 5542 314 5598 illic
370 5541 513 5596 aliud
567 5539 810 5610 praecipit
877 5541 1100 5610 ﬁgurate
1151 5542 1520 5612 accipiendum
1578 5553 1787 5612 putare.

192 5633 346 5690 Sane
360 5648 549 5689 rursus
574 5633 840 5690 admoneo
870 5633 1009 5702 quod
1045 5643 1258 5704 oportet
1280 5635 1592 5690 meminisse
1625 5635 1792 5691 lecto-

193 5737 344 5788 rem,
374 5737 444 5778 ne
481 5722 577 5778 tali
621 5720 986 5778 admonitione
1019 5723 1315 5792 saepissime
1361 5724 1616 5796 indigeat,
1671 5725 1792 5780 aliis

198 5821 372 5888 atque
442 5813 559 5870 aliis
630 5825 941 5871 sermonum
1008 5826 1228 5872 suorum
1301 5815 1434 5875 locis
1507 5815 1792 5876 Dominum

1900 4627 2052 4696 quasi
2079 4625 2255 4680 adhuc
2286 4627 2500 4695 Moyses
2529 4635 2584 4682 et
2611 4627 2754 4681 Elias
2798 4641 2919 4681 cum
2948 4627 3177 4681 Domino
3207 4627 3490 4698 loqueren-

1901 4723 2010 4771 tur.
2048 4715 2164 4770 Non
2194 4716 2339 4771 enim
2382 4725 2766 4785 expresserunt
2793 4717 2936 4786 quod
2976 4724 3120 4782 tunc,
3155 4716 3251 4771 sed
3300 4726 3486 4772 tacue-

1898 4815 2025 4862 runt
2063 4807 2258 4876 potius,
2314 4807 2458 4877 quod
2490 4809 2591 4862 iste
2623 4807 2853 4872 addidit,
2905 4807 3013 4863 illis
3060 4808 3483 4875 discedentibus,

1899 4900 2004 4955 hoc
2038 4901 2254 4955 Petrum
2283 4900 2350 4955 de
2381 4902 2552 4958 tribus
2576 4901 2936 4956 tabernaculis
2968 4901 3226 4957 faciendis
3255 4901 3482 4954 Domino

1897 4993 2251 5061 suggessisse.
2295 4992 2518 5048 Addidit
2563 4994 2724 5048 etiam
2765 4993 2962 5061 Lucas,
3006 4991 3332 5048 intrantibus
3376 4991 3482 5046 illis

1896 5080 1951 5136 in
1974 5083 2167 5137 nubem
2198 5082 2392 5137 factam
2419 5098 2542 5139 esse
2572 5099 2759 5139 vocem
2791 5085 2859 5140 de
2898 5085 3063 5150 nube,
3090 5081 3234 5153 quod
3265 5081 3342 5137 illi
3372 5097 3478 5138 non

1899 5157 2168 5240 dixerunt,
2191 5174 2284 5230 sed
2316 5190 2416 5231 nec
2439 5177 2903 5232 contradixerunt.

2435 5286 2662 5342 CAPUT
2694 5285 2927 5341 CLXXI.

1898 5393 1976 5450 De
2001 5395 2571 5469 ulabastrqunguenti;
2609 5396 2863 5469 quomodo
2907 5408 3014 5469 non
3039 5401 3284 5469 repugnet
3329 5393 3470 5469 Mut-

1971 5466 2103 5520 tlueo
2150 5477 2196 5521 et
2235 5462 2417 5521 Marco
2454 5462 2773 5521 dicentibus:
2798 5468 2925 5518 Ante
2968 5465 3180 5516 biduum
3221 5462 3472 5531 Pascha;

1967 5535 2192 5591 Joannes
2212 5541 2299 5607 qui
2325 5541 2446 5592 dicit
2471 5555 2488 5592 :
2513 5544 2640 5592 Ante
2675 5552 2762 5590 sea:
2800 5536 2941 5600 dies;
2971 5551 3034 5590 ex
3060 5533 3233 5588 eodem
3272 5536 3401 5589 libro
3431 5551 3471 5590 ιι

1971 5609 2032 5661 de
2054 5607 2314 5663 Consensu
2339 5609 2804 5679 Evangelistarum.

1968 5718 2103 5776 Cum
2150 5731 2295 5778 esset
2339 5722 2498 5778 Jesus
2539 5722 2590 5776 in
2636 5720 2916 5789 Bethania,
2955 5721 3010 5802 in
3051 5718 3211 5775 domo
3240 5719 3476 5776 Simonis

1899 5815 2148 5887 Leprosi,
2169 5813 2400 5873 accessit
2438 5813 2506 5870 ad
2533 5828 2657 5871 eum
2686 5813 2880 5872 mulier
2903 5811 3111 5872 habens
3145 5812 3475 5873 alabastrum
