3986 6382
575 320 681 379 827
1641 324 1704 379 D.
1744 315 2067 379 EUGYPPI!
2108 314 2400 375 ABBATIS
2436 316 2763 376 AFRICANI
3746 324 3817 381 828

572 424 827 504 unguenti
865 429 1105 503 pretiosi,
1137 433 1193 487 et
1218 426 1407 489 eﬂ'udit
1444 443 1605 502 super
1642 441 1803 502 caput
1840 430 2010 501 ipsius
2052 428 2226 491 ιιι-Α
2248 420 2739 498 disse'mulierem,
2792 428 2895 487 nisi
2924 420 3091 497 forte,
3109 417 3363 504 quoniam
3410 432 3651 491 Marcus
3680 434 3815 493 trace
3878 504 3879 511 η

572 524 895 592 cumbentis,
930 534 1059 592 etc.,
1104 540 1275 597 usque
1310 525 1375 580 ad
1404 524 1555 591 illud,
1584 524 1673 580 ubi
1712 525 1823 579 ait:
1853 524 2067 579 Dicetur
2096 527 2151 576 et
2248 521 2515 576 alabastro
2542 523 2808 592 perfusum
2837 533 2996 595 caput
3021 539 3427 594 commemorat,
3452 536 3581 583 tam
3611 530 3806 599 quisque

570 616 715 689 quod
739 617 851 673 haec
872 617 1001 673 fecit
1026 615 1082 673 in
1108 616 1422 673 memoriam
1448 615 1586 687 ejus.
1631 615 1783 671 Nunc
1799 614 1911 685 jam
1940 614 2005 668 de
2031 628 2149 667 mu—
2250 612 2517 669 absurdus
2548 624 2603 671 et
2626 616 2984 673 calumniosus
3016 628 3116 685 est,
3145 627 3203 675 ut
3229 620 3435 691 aliquid
3469 621 3535 675 in
3575 634 3708 676 vase
3729 620 3808 677 ira-

570 710 704 766 liere
757 720 915 781 atque
962 718 1233 781 unguento
1278 711 1515 781 pretioso
1540 754 1555 779 ,
1598 708 1739 780 quod
1788 709 1840 763 in
1891 706 2147 761 Bethania
2246 714 2333 761 eto
2364 717 2519 777 neget
2544 723 2821 765 remanere
2849 709 3103 779 potuisse,
3138 712 3279 768 unde
3316 714 3492 769 etiam
3522 712 3696 781 pedes
3713 728 3801 782 pu-

570 812 777 874 gestum
826 810 910 871 est
952 800 1375 859 consideremus.
1416 801 1587 857 Lucas
1608 800 1775 869 enim,
1808 799 2046 867 quamvis
2075 798 2148 854 εἰς
2245 796 2511 853 funderet.
2552 799 2656 854 Sed
2712 815 2834 855 eum
2865 799 3010 872 [iste]
3053 803 3389 859 contenderit
3438 803 3533 858 sic
3578 817 3702 858 esse
3725 804 3801 858 ira-

573 892 699 951 mile
729 894 923 949 factum
953 903 1356 961 commemoret,
1391 907 1691 963 nomenque
1721 890 2004 948 conveniat
2031 891 2146 961 ejus
2245 896 2408 954 ctum,
2442 898 2499 943 ut
2527 890 2656 943 nihil
2685 891 2754 944 ibi
2785 891 2985 946 residui
3010 901 3331 960 remaneret,
3360 894 3559 949 nitens
3580 894 3796 949 adversus
3878 890 3879 959 1

571 984 711 1056 apud
738 1000 893 1054 quem
917 984 1302 1041 convivabatur
1327 985 1586 1042 Dominus
1610 986 1759 1053 (nam
1782 993 1835 1039 et
1865 984 2035 1052 ipsum
2062 982 2147 1038 Si-
2245 979 2525 1036 veritatem
2566 980 2878 1050 Evangelii,
2935 990 3132 1049 quanto
3185 982 3375 1037 melius
3411 992 3477 1039 et
3528 984 3796 1051 religiosius

571 1090 782 1131 monem
812 1075 962 1147 dicit)
988 1092 1002 1142 ;
1028 1084 1201 1132 tamen
1232 1076 1397 1149 [quia]
1428 1093 1534 1133 non
1570 1086 1652 1132 est
1675 1086 1856 1133 contra
1900 1086 2142 1131 naturam
2244 1073 2524 1127 contendit
2551 1072 2687 1127 alius
2711 1114 2725 1139 ,
2770 1087 2876 1127 non
2908 1088 3029 1129 esse
3056 1075 3128 1127 ita
3159 1074 3405 1139 fractum,
3448 1083 3516 1130 ιιι
3561 1085 3721 1130 totum
3743 1078 3792 1130 et.

570 1166 655 1221 vel
678 1175 856 1221 contra
882 1181 1083 1221 morem
1110 1167 1415 1235 hominum,
1462 1167 1609 1234 ut,si
1631 1177 1805 1237 potest
1829 1183 1963 1223 unus
1982 1167 2143 1222 homo
2243 1159 2492 1217 funderet
2532 1163 2707 1217 nitens
2741 1178 2837 1233 pro
2876 1166 3098 1221 veritate
3138 1166 3408 1234 Evangelii
3442 1184 3462 1229 ;
3518 1168 3614 1221 ille
3662 1178 3792 1221 auten

571 1255 771 1312 habere
802 1257 1015 1313 nomina
1048 1256 1173 1324 duo,
1210 1257 1379 1312 multo
1420 1256 1587 1329 magis
1618 1259 1847 1328 possim,
1897 1267 1950 1313 et
1980 1274 2142 1314 unum
2245 1252 2599 1307 calumniator
2626 1254 2669 1307 si
2706 1262 2811 1308 tam
2845 1242 3185 1323 pertinaciier
3206 1272 3382 1313 caecus
3429 1266 3551 1323 est,
3583 1268 3640 1312 ut
3667 1275 3788 1314 em-
3878 1268 3879 1333 ι

520 1408 527 1415 ,
568 1361 764 1403 nomen
808 1344 1006 1403 habere
1048 1346 1290 1404 homines
1338 1345 1465 1403 duo.
1516 1346 1699 1402 Potius
1754 1346 2008 1403 credibile
2061 1356 2144 1403 est
2243 1344 2551 1412 gelistarum
2584 1345 2926 1401 concordiam
2956 1347 3022 1402 de
3071 1348 3340 1404 alabastro
3370 1349 3560 1404 fracto
3592 1348 3789 1418 [urgere

568 1437 729 1493 alium
760 1436 923 1494 fuisse
951 1439 1095 1493 illum
1129 1436 1427 1505 Simonem,
1458 1452 1563 1493 non
1592 1438 1887 1508 leprosum,
1913 1441 1967 1494 in
1988 1439 2141 1507 cujus
2244 1443 2500 1500 conetur;
2555 1436 2701 1504 Prius
2751 1437 2974 1506 θοοὶρὶθι
3020 1438 3262 1507 perfusos
3302 1439 3497 1507 pedem
3546 1450 3785 1510 antequam

568 1529 750 1595 domo,
773 1528 874 1583 hoc
901 1530 951 1583 in
998 1528 1257 1584 Bethania
1296 1528 1601 1599 gerebatur.
1642 1527 1774 1583 Nam
1804 1543 1903 1583 nec
1939 1529 2137 1599 Lucas,
2242 1525 2371 1581 illud
2404 1528 2630 1582 tractum
2680 1537 2842 1595 esset,
2885 1539 2943 1583 ut
2988 1530 3040 1583 in
3070 1530 3276 1600 integro
3305 1541 3653 1595 remaneret;
3684 1532 3786 1585 unde

567 1620 621 1676 in
646 1619 899 1674 Bethania
932 1632 1043 1673 rem
1072 1627 1276 1688 gestam
1300 1618 1429 1674 dicit
1457 1633 1613 1687 quam
1643 1628 1854 1684 narrat;
1881 1625 1934 1672 et
1956 1633 2141 1687 quam-
2244 1620 2405 1673 etiam
2453 1629 2612 1689 caput
2641 1620 3073 1691 perfunderetur,
3119 1622 3208 1675 ubi
3259 1620 3502 1679 fractura
3535 1622 3623 1678 illa
3652 1631 3782 1676 totum

569 1711 648 1765 vis
696 1724 801 1766 non
854 1719 1240 1765 commemoret
1290 1710 1559 1766 civitatem
1598 1717 1689 1763 aut
1733 1709 2008 1764 castellum
2048 1709 2142 1765 ubi
2244 1710 2564 1768 eﬂ‘underet.
2598 1715 2640 1767 A
2669 1713 2843 1782 capite
2881 1714 3081 1784 quippe
3122 1715 3281 1769 nobis
3320 1715 3575 1771 ordinate
3615 1716 3783 1771 consuli

568 1801 761 1856 factum
790 1801 880 1868 sit,
910 1808 1086 1856 tamen
1116 1815 1223 1857 non
1246 1800 1458 1857 videtur
1488 1802 1539 1855 in
1568 1801 1757 1855 eodem
1790 1800 1909 1855 loco
1934 1802 2133 1856 versari
2162 1794 2211 1857 B
2237 1807 2600 1875 agnoscimus,
2652 1807 2747 1861 sed
2798 1808 3044 1862 ordinate
3091 1808 3249 1862 etiam
3298 1824 3399 1863 nos
3444 1825 3474 1861 a
3505 1808 3711 1877 pedibus
3733 1807 3781 1860 ad

569 1891 686 1962 ejus
716 1892 967 1946 narratio.
998 1891 1139 1946 Nihil
1168 1893 1345 1961 itaque
1385 1892 1525 1946 aliud
1563 1892 1962 1961 intelligendum
1993 1892 2138 1947 arbi-
2242 1906 2401 1967 caput
2435 1898 2791 1954 ascendimus.
2833 1897 3037 1953 Caetera
3086 1900 3206 1953 lacti
3246 1899 3405 1968 hujus
3448 1900 3639 1954 nullam
3665 1898 3770 1952 mihi

569 1993 702 2055 tror,
747 1984 847 2039 nisi
888 2000 995 2039 non
1025 1985 1237 2056 quidem
1287 1985 1447 2040 aliam
1491 1984 1659 2040 fuisse
1688 1986 1988 2049 mulierem,
2019 2000 2137 2055 Quae
2239 1992 2496 2047 videntur
2524 1992 2723 2047 habere
2752 1993 3120 2061 qumstionem.
3149 1991 3303 2055 Quod
3332 1991 3473 2045 enim
3509 1992 3592 2045 alii
3620 1992 3780 2045 dicunt

572 2075 836 2144 peccatrix
867 2083 993 2131 tunc
1039 2075 1267 2131 accessit
1310 2075 1374 2129 ad
1416 2076 1581 2144 pedes
1610 2076 1760 2141 Jcsu,
1807 2084 1861 2131 et
1904 2076 2136 2131 osculata
2240 2081 2531 2151 discipulos
2580 2096 2969 2146 murmurasse,
3001 2081 3067 2134 de
3098 2081 3355 2149 unguenti
3397 2080 3640 2135 effusione
3666 2094 3775 2146 pre-

570 2177 676 2236 est,
707 2176 763 2223 et
809 2169 936 2223 lavit
963 2168 1234 2239 lacrymis,
1280 2176 1336 2223 et
1365 2168 1517 2223 tersit
1543 2169 1771 2238 capillis,
1802 2176 1855 2224 et
1880 2169 2141 2224 unxitun-
2241 2175 2397 2241 tiosi,
2427 2175 2660 2229 Joannes
2705 2181 2886 2229 autem
2914 2173 3102 2229 Judam
3149 2182 3528 2237 commemorat,
3573 2182 3623 2226 et
3657 2172 3768 2225 ideo

567 2267 794 2328 guento;
818 2257 970 2328 cujus
992 2259 1273 2326 Dominus,
1294 2259 1532 2315 adhibita
1552 2260 1903 2316 similitudine
1928 2261 1994 2316 de
2018 2260 2141 2316 duo-
2241 2265 2363 2333 quia
2392 2263 2478 2319 fur
2529 2275 2668 2330 erat,
2717 2265 3056 2318 manifestum
3088 2272 3216 2332 puto
3264 2277 3379 2319 esse
3399 2263 3765 2331 discipulorum

567 2349 665 2407 bus
717 2349 1069 2416 debitoribus,
1126 2352 1200 2405 ait
1255 2351 1477 2408 dimissa
1519 2366 1639 2407 esse
1684 2360 1900 2421 peccata
1952 2353 2139 2421 multa,
2242 2360 2461 2412 nomine
2483 2358 2728 2412 eumdem
2758 2356 2946 2411 Judam
2979 2357 3353 2426 signiﬁcatum,
3394 2354 3643 2410 locutione
3674 2352 3770 2417 illa,

567 2448 818 2516 quoniam
850 2449 1038 2503 dilexit
1062 2437 1343 2513 'multum;
1394 2447 1490 2503 sed
1537 2447 1781 2504 eamdem
1811 2447 2031 2503 Mariam
2058 2448 2141 2503 bis
2242 2466 2401 2522 quam
2433 2451 2501 2506 de
2522 2450 2767 2520 Philippo
2792 2451 2846 2504 in
2875 2449 3110 2519 quinque
3141 2448 3366 2517 panibus
3402 2446 3767 2509 insinuavimus,

572 2540 676 2592 hoc
725 2539 943 2606 fecisse,
985 2539 1154 2594 semei
1200 2539 1425 2607 scilicet,
1473 2540 1616 2609 quod
1664 2540 1837 2594 Lucas
1879 2540 2134 2607 narravit,
2242 2544 2435 2613 plurali
2466 2558 2688 2597 numero
2716 2559 2812 2611 pro
2836 2540 3094 2610 singulari
3120 2550 3394 2609 usurpato.
3432 2539 3606 2593 Potest
3640 2536 3769 2591 etiam

574 2644 695 2683 cum
731 2631 904 2696 primo
941 2630 1202 2685 accedens
1231 2645 1353 2685 cum
1396 2631 1484 2685 illa
1534 2631 1833 2687 humilitate
1870 2640 1926 2686 et
1970 2632 2142 2702 laery-
2245 2633 2489 2703 intelligi,
2521 2634 2663 2703 quod
2692 2641 2746 2687 et
2768 2632 2857 2685 alii
2886 2630 3131 2699 discipuli
3160 2638 3251 2685 aut
3275 2628 3546 2685 senserint
3570 2626 3679 2687 hoc,
3702 2633 3766 2677 aut

570 2720 674 2775 mis
702 2723 899 2776 meruit
931 2730 1273 2790 peccatorum
1302 2724 1698 2779 remissionem.
1722 2723 1855 2779 Nam
1895 2733 1948 2779 et
1973 2725 2139 2781 Joan-
2243 2724 2500 2790 dixerint,
2546 2734 2636 2777 aut
2665 2723 2747 2777 eis
2775 2721 2911 2777 Juda
2941 2720 3151 2776 dicente
3176 2733 3497 2789 persuasum
3527 2718 3622 2781 sit,
3649 2724 3766 2780 atque

570 2826 670 2867 nes
696 2813 936 2882 quamvis
960 2828 1067 2871 non
1094 2814 1233 2871 sicut
1261 2815 1433 2871 Lucas
1471 2816 1921 2886 quemadmodum
1944 2816 2140 2872 factum
2245 2817 2483 2871 omnium
2514 2816 2843 2871 voluntatem
2876 2814 3157 2869 Matthzeus
3191 2822 3245 2867 et
3273 2813 3497 2867 Marcus
3527 2811 3673 2866 etiam
3689 2822 3764 2861 ver-

568 2911 711 2959 esset
740 2906 1058 2973 narraverit,
1090 2915 1264 2963 tamen
1294 2906 1463 2976 ipsam
1499 2909 1716 2963 Mariam
1760 2908 2141 2964 commendans
2244 2906 2328 2960 bis
2359 2906 2755 2975 expresserim;
2788 2904 2929 2975 [sed]
2950 2904 3112 2960 Judas
3135 2911 3420 2973 propterea
3444 2902 3655 2961 dixerit,
3679 2898 3763 2966 quia

568 2997 1025 3063 commemoravit,
1058 3012 1177 3052 cum
1222 2997 1372 3069 [jam]
1420 2998 1487 3052 de
1533 2998 1735 3053 Lazaro
1777 2998 2141 3054 resuscitando
2246 2997 2329 3050 fur
2366 3006 2517 3061 erat,
2574 2997 2751 3050 czeteri
2812 3009 2938 3050 vero
2990 3004 3206 3065 propter
3260 3008 3550 3063 pauperum
3595 3005 3758 3052 curam;

568 3087 822 3157 capisset
855 3088 1024 3158 loqui,
1072 3096 1352 3157 antequam
1401 3087 1612 3143 veniret
1657 3090 1815 3159 112
1860 3088 1914 3142 in
1946 3088 2142 3143 Betha-
2245 3089 2500 3144 Joannem
2534 3088 2757 3161 [autem]
2784 3090 2850 3144 de
2899 3090 3014 3143 solo
3044 3088 3138 3145 illo
3175 3088 3225 3143 id
3254 3098 3663 3143 commemorare
3690 3096 3755 3134 ro-

569 3176 737 3242 niam,
778 3177 922 3247 quod
970 3177 1113 3234 idem
1154 3177 1227 3231 ibi
1268 3178 1339 3231 ita
1383 3170 1608 3233 narrat‘:
1633 3178 1766 3233 Erat
1804 3186 1984 3235 autem
2022 3179 2139 3249 qui-
2170 3183 2219 3249 (ζ
2252 3182 2435 3249 luisse,
2487 3182 2637 3249 cujus
2682 3196 2750 3236 ex
2784 3182 2882 3235 hac
2913 3181 3193 3235 occasione
3221 3178 3426 3235 iurandi
3476 3171 3760 3235 consuetudi-

567 3265 715 3331 dam,
755 3266 947 3335 inquit,
1002 3266 1260 3337 languens
1300 3267 1534 3323 Lazarus
1583 3282 1612 3321 a
1644 3268 1919 3335 Bethania,
1949 3270 2017 3324 de
2055 3284 2142 3326 ca-
2247 3289 2366 3329 nem
2394 3273 2620 3329 credidit
2650 3272 3023 3327 intimandam.

571 3357 733 3416 stello
762 3357 941 3415 Mariae
983 3367 1038 3413 et
1065 3357 1307 3427 Marthae,
1347 3360 1550 3414 sororis
1575 3360 1692 3430 ejus
1722 3378 1735 3427 ;
1768 3360 1933 3415 Maria
1963 3370 2140 3417 autem
2773 3383 2998 3439 CAPUT
3030 3382 3281 3439 CLXX",

571 3453 685 3544 θξδι
715 3446 1038 3544 (ιιιεεξηξιηκίξ
1061 3446 1347 3544 θοωξηυῐξι
1378 3458 1672 3544 υηείξθηῑον
1715 3457 1771 3506 ει
1796 3451 1951 3544 ιβτδίί
1979 3452 2141 3520 Pedes
2246 3478 2322 3532 I)e
2349 3476 2475 3530 liora
2507 3474 2794 3530 Dominich
2824 3476 3095 3544 passionis,
3118 3474 3533 3544 quemadmodum
3554 3470 3760 3544 nonfuit

575 3536 696 3605 ejus
719 3538 928 3607 capillis
957 3539 1093 3609 suis,
1124 3538 1277 3611 cujus
1303 3541 1469 3596 frater
1495 3541 1726 3597 Lazarus
1750 3543 2138 3597 inlirmabatur.
2316 3565 2367 3600 se
2406 3548 2704 3619 dissentiunt
2732 3536 2940 3619 Marcus
2961 3547 3047 3619 qui
3076 3536 3218 3609 dicit,
3244 3545 3550 3619 lioradtertia,
3570 3552 3612 3619 er
3630 3538 3762 3619 Joan-

570 3626 682 3682 lloc
727 3627 913 3684 dicens
941 3630 1176 3687 Joannes
1222 3642 1500 3687 attestatur
1549 3634 1735 3699 Luem,
1778 3635 1867 3703 qui
1903 3634 2044 3704 [hoc]
2088 3635 2141 3688 in
2315 3635 2402 3671 ηεε
2428 3619 2514 3686 (Illi
2549 3612 3240 3704 ίίῖίίες,Ιξοιξα(ιιιιζιξξῌιξεαξζι,Δ
3270 3632 3332 3671 ea:
3360 3616 3474 3669 libro
3503 3628 3550 3667 ιιι
3576 3612 3760 3665 deton-

574 3716 735 3772 domo
761 3716 1017 3772 Pharismi
1040 3721 1314 3787 cujusdam
1342 3722 1575 3777 Simonis
1600 3684 1934 3778 factum-esse
1958 3684 2143 3777 narra—
2315 3703 2463 3741 sensu
2488 3687 2930 3757 evangel'smrum’
2970 3684 3120 3739 mulo
3144 3700 3262 3739 xm'

572 3808 667 3860 vit.
708 3806 826 3861 Jam
872 3806 1039 3861 Maria
1065 3786 1243 3877 itaque
1292 3810 1394 3863 hoc
1421 3811 1639 3865 iecerat.
1682 3813 1839 3879 Quod
1883 3822 2059 3867 autem
2091 3814 2142 3869 in
2314 3800 2369 3852 Si
2400 3799 2557 3869 ξεῖιιιι*
2586 3798 2715 3851 “om
2748 3796 2900 3867 (Ιιιθεί
2929 3805 3102 3861 sexta:
3135 3795 3299 3850 Ρηλίθ
3324 3793 3516 3848 “deme
3542 3803 3626 3858 pro
3664 3786 3746 3879 ᾤ’

574 3894 828 3951 Bethania
857 3911 1043 3950 rursus
1070 3875 1195 3951 fecit
1221 3898 1363 3953 aliud
1392 3908 1497 3965 est,
1528 3901 1669 3969 quod
1705 3875 1781 3955 'ad
1815 3900 1971 3956 Luca:
2015 3918 2141 3955 nar-

2246 3889 2446 3955 bunali,
2486 3887 2711 3943 traditus
2742 3897 2823 3943 est
2868 3885 3263 3956 cruciﬁgendus
3301 3882 3492 3944 Judzcis,
3516 3875 3738 3969 quomodo

572 3986 833 4042 rationem
860 4001 968 4041 non
997 3988 1251 4057 pertinet,
1281 3990 1374 4044 sed
1400 3993 1599 4059 pariter
1620 4002 1866 4048 narratur
1894 4010 1924 4047 a
1950 3995 2137 4059 tribus,

2246 3981 2373 4033 hora
2407 3980 2563 4033 tertia
2585 3978 2875 4032 crucifixus
2903 3986 3005 4043 est,
3037 3978 3174 4032 sicut
3214 3977 3371 4031 verba
3410 3972 3546 4028 Marci
3569 3967 3743 4038 quidam

570 4078 1019 4145 Joannescilicet,
1040 4078 1311 4148 Manliano,
1329 4081 1691 4136 Marcanter
1710 4083 1839 4137 istos
1861 4085 2141 4151 igiturtres
2245 4089 2350 4127 non
2383 4074 2747 4142 intelligentes
2776 4073 3128 4141 putaverunt?
3175 4070 3329 4126 Prius
3370 4070 3499 4123 enim
3526 4080 3607 4134 qua
3646 4064 3747 4115 hora

571 4168 899 4237 Matthazum,
928 4168 1162 4225 Marcum
1187 4180 1241 4225 et
1261 4172 1521 4226 Joannem
1558 4173 2011 4240 quemadmodum
2040 4175 2143 4230 hoc
2243 4163 2483 4232 (ξι-ιιεὶιίςί
2518 4165 2753 4230 potuerit
2791 4162 3102 4226 videamus;
3152 4160 3349 4216 deinde
3393 4158 3639 4212 videbimus
3668 4165 3742 4240 cur

568 4260 855 4315 conveniat
881 4236 1239 4325 attendamus,
1279 4260 1348 4315 de
1373 4236 1591 4329 quum;—
1608 4276 1714 4315 non
1739 4261 1862 4332 [ρει]
1898 4262 2138 4329 dubium,
2245 4252 2371 4305 hora
2399 4253 2555 4306 tertia
2578 4252 2892 4306 cruciﬁxum
2922 4252 3061 4304 dixit
3084 4250 3292 4305 Marcus
3325 4268 3338 4304 :
3372 4250 3507 4303 liora
3527 4236 3739 4308 eratqnasi

571 4351 713 4420 quod
734 4354 974 4407 eamdem
1005 4367 1118 4407 rem
1147 4360 1370 4406 narrant
1400 4362 1602 4424 gestam
1640 4354 1692 4407 in
1730 4352 2007 4419 Bethania,
2052 4354 2141 4408 ubi
2243 4354 2412 4408 sexta,
2439 4359 2558 4399 cum
2592 4343 2820 4397 traditus
2847 4351 2931 4397 est
2959 4342 3372 4412 cruciﬁgendus,
3407 4341 3563 4395 Pilato
3582 4332 3746 4389 sedente

572 4440 730 4493 etiam
787 4439 1068 4509 discipuli,
1118 4440 1262 4511 quod
1303 4454 1491 4494 omnes
1557 4449 1667 4495 tres
1718 4450 2144 4497 commemorant
2244 4442 2324 4511 (ut
2352 4442 2552 4497 dictum
2582 4443 2687 4511 est)
2718 4457 2816 4510 pro
2851 4441 3121 4497 tribunali.
3157 4440 3273 4495 Non
3303 4440 3450 4495 enim
3478 4437 3607 4507 plena
3636 4438 3744 4484 sexta

572 4542 1039 4587 murmuraverunt
1089 4533 1348 4588 adversus
1394 4532 1678 4588 mulierem
1701 4570 1721 4598 ,
1773 4542 2021 4603 tanquam
2069 4536 2137 4593 de
2160 4557 2217 4621 D
2241 4540 2378 4597 erat,
2412 4532 2506 4588 sed
2538 4533 2688 4602 quasi
2712 4541 2889 4597 sexta,
2926 4532 2978 4586 id
3011 4540 3093 4587 est
3124 4540 3337 4601 peracta
3382 4531 3577 4601 quinta,
3600 4535 3640 4580 et
3671 4520 3745 4573 ali-

574 4620 873 4691 perditione
919 4623 1293 4690 pretiosissimi
1335 4622 1614 4692 unguenti.
1651 4621 1803 4689 Quod
1843 4637 1971 4692 ergo
2000 4625 2136 4679 Mat-
2162 4619 2186 4621 V7
2239 4626 2361 4695 quid
2394 4624 2553 4679 etiam
2583 4624 2648 4678 de
2685 4634 2833 4679 sexta
2864 4638 2984 4679 esse
3025 4631 3288 4690 cmperat.
3323 4619 3593 4691 Nunquam
3619 4623 3752 4669 autem

573 4713 747 4769 thacus
770 4722 825 4769 et
863 4714 1092 4782 Marcus,
1123 4726 1281 4786 caput
1310 4716 1526 4771 Domini
1555 4723 1825 4784 unguento
1864 4714 2137 4785 perfusum
2240 4716 2330 4770 isti
2360 4714 2603 4771 dicerent
2647 4717 2830 4785 quinta
2862 4724 2915 4769 et
2943 4715 3232 4785 quadrans,
3262 4723 3355 4769 aut
3383 4715 3563 4783 quinta
3598 4709 3755 4762 trienna

568 4806 774 4873 dicunt,
800 4804 1031 4862 Joannes
1054 4816 1228 4863 autem
1259 4807 1443 4876 pedes,
1491 4806 1673 4877 regula
1700 4805 1797 4861 illa
1838 4807 2138 4863 ostenditur
2242 4809 2318 4880 [et
2344 4806 2553 4877 triens],
2577 4816 2669 4863 aut
2689 4808 2869 4877 quinta
2887 4817 2941 4862 et
2956 4809 3140 4873 semis,
3165 4816 3252 4861 aut
3273 4806 3475 4877 aliquid
3492 4796 3757 4872 hujusmodi-

568 4911 677 4953 non
700 4911 821 4954 esse
840 4896 1189 4965 contrarium,
1210 4913 1371 4966 quam
1399 4898 1908 4964 demonstravimus,
1930 4914 2052 4954 cum
2072 4899 2141 4956 de
2244 4900 2455 4956 Habent
2480 4902 2622 4956 enim
2648 4901 2809 4957 istum
2834 4916 3039 4957 morem
3069 4901 3376 4969 Scriptum,
3414 4908 3473 4953 ut
3500 4913 3527 4951 a
3560 4903 3684 4965 parte
3702 4899 3760 4942 t0-

567 4986 807 5057 quinque
833 4987 1055 5057 panibus
1080 4998 1327 5058 pasceret
1352 4989 1554 5044 turbas.
1591 4989 1667 5045 lbi
1706 4990 1846 5045 enim
1879 4991 2002 5060 quia
2030 5005 2139 5046 non
2246 5000 2354 5048 tum
2385 5002 2607 5061 ponant,
2640 4993 2867 5047 maxime
2894 4992 2947 5046 in
2974 4990 3323 5060 temporibus,
3350 4990 3491 5045 sicut
3509 4988 3570 5043 de
3593 4992 3690 5039 octo
3710 4979 3760 5032 il-

568 5076 735 5132 deiuit
773 5080 862 5148 qui
892 5086 946 5134 et
983 5078 1385 5149 quinquagenos
1424 5088 1478 5135 et
1517 5088 1774 5137 centenos
1802 5082 2139 5138 discubuisse
2246 5084 2312 5139 lis
2343 5083 2528 5139 diebus
2558 5092 2679 5153 post
2707 5096 2841 5153 quos
2867 5097 2987 5138 eum
3011 5080 3197 5136 dicunt
3224 5081 3533 5135 ascendisse
3568 5077 3612 5131 in
3643 5084 3762 5127 mon-

568 5179 1038 5240 commemoraret,
1067 5187 1187 5226 cum
1208 5172 1344 5227 alius
1367 5173 1767 5245 quinquagenos
1788 5176 2001 5241 dixerit,
2030 5191 2137 5231 non
2245 5182 2375 5243 tem,
2407 5187 2630 5243 quorum
2680 5173 2886 5228 medios
2939 5172 3157 5226 intuens.
3188 5170 3469 5225 Matthzeus
3509 5178 3560 5223 et
3597 5164 3762 5219 Marcus

567 5260 740 5325 potuit
769 5261 939 5317 videri
984 5263 1344 5331 contrarium;
1377 5267 1638 5335 potuisset
1677 5277 1877 5334 autem,
1924 5268 1967 5321 si
1998 5268 2134 5323 alius
2245 5267 2493 5323 dixerunt
2537 5274 2655 5335 post
2700 5280 2793 5320 sex
2836 5264 2969 5329 dies,
3003 5262 3298 5331 praesertim
3329 5262 3452 5331 quia
3484 5269 3582 5313 tam
3615 5251 3762 5308 mode-

568 5359 827 5407 ccntenos
848 5362 1049 5411 tantum
1073 5358 1359 5425 posuisset,
1384 5358 1524 5413 sicut
1550 5360 1688 5413 alius
1708 5360 2130 5429 quinquagenos,
2240 5369 2361 5415 rate
2383 5360 2522 5415 idem
2554 5358 2787 5413 Joannes
2816 5358 3024 5411 locutus
3054 5365 3159 5421 est,
3184 5365 3241 5409 ut
3271 5369 3379 5409 non
3415 5355 3607 5408 diceret
3626 5353 3762 5405 sexta.

571 5449 625 5494 et
653 5449 829 5498 tamen
848 5445 1031 5501 debuit
1064 5448 1286 5503 inveniri
1320 5458 1605 5519 utrumque
1631 5450 1824 5505 factum
1860 5452 2138 5519 csse.Quo
2245 5452 2339 5508 sed
2382 5452 2531 5523 quasi
2562 5459 2733 5505 sexta.
2763 5450 2915 5517 Quod
2964 5448 3009 5503 si
3058 5448 3131 5502 ita
3162 5461 3267 5501 non
3315 5447 3535 5510 diceret,
3565 5439 3647 5496 sed
3676 5445 3763 5490 tan-

568 5534 811 5603 cxemplo
834 5534 973 5607 [nos]
1018 5537 1292 5595 informari
1332 5541 1594 5610 oportuit,
1625 5541 1767 5596 sicut
1803 5541 1911 5596 illic
1954 5544 2138 5597 admo-
2244 5542 2517 5597 tummodo
2563 5549 2765 5596 sextam
2798 5540 3019 5601 diceret,
3049 5553 3327 5608 possemus
3358 5551 3455 5591 nos
3486 5531 3761 5598 intelligere,

568 5623 687 5685 nui,
726 5623 886 5680 etiam
940 5628 1029 5681 ubi
1088 5630 1281 5701 singuli
1327 5626 1669 5703 evangelista:
1718 5642 2137 5690 commemorant
2241 5636 2689 5706 quemadmodum
2720 5634 2859 5703 loqui
2884 5632 3175 5702 Scriptura:
3214 5631 3394 5685 solent
3414 5628 3573 5700 (sicut
3599 5620 3759 5688 dixila

572 5719 856 5799 utrumque
876 5716 1072 5775 factum
1102 5722 1421 5793 intelligere.
1452 5724 1688 5781 Proinde
1724 5734 1777 5781 et
1809 5726 1895 5779 hic
1919 5742 2022 5781 non
2048 5741 2136 5782 so-
2241 5738 2393 5799 parte
2426 5738 2612 5793 totum,
2666 5737 2723 5784 ut
2754 5736 2967 5797 peracta
3022 5728 3226 5795 quinta,
3264 5732 3318 5779 et
3345 5723 3584 5778 inchoata
3620 5722 3763 5776 sexta.

574 5798 684 5857 lum
711 5816 888 5875 caput,
928 5811 1021 5866 sed
1063 5821 1117 5868 et
1146 5816 1307 5883 pedes
1354 5816 1562 5873 Domini
1601 5821 1921 5888 accipiamus
1952 5820 2133 5890 perlu-
2238 5798 2547 5889 gererentur
2576 5820 2689 5877 haec
2716 5835 2833 5891 quae
2881 5826 3184 5885 narrantur,
3222 5817 3275 5873 in
3323 5811 3654 5870 crucilixioue
3679 5802 3761 5856 DO-
