3986 6382
230 364 335 427 829

1393 350 1832 413 THESAURUS.
1867 352 2022 414 CAP.
2062 356 2313 419 CLXXII.

3380 374 3486 433 850

229 481 365 540 mini
390 479 583 545 nostri,
604 476 776 536 donee
799 472 1063 546 completa
1092 478 1261 536 sem.
1295 469 1386 525 illo
1412 469 1679 538 pendente
1709 468 1804 525 ﬁe-
1830 476 1888 535 Δ
1910 460 2048 531 latus
2077 490 2174 546 pro
2202 476 2477 546 tribunali,
2507 482 2567 534 ut
2610 478 2799 536 eadem
2831 479 2988 537 tertia
3016 482 3279 555 completa
3307 486 3487 543 videa-
3530 547 3535 553 ,

232 582 360 633 rent
404 571 659 639 tenebro,
706 567 899 640 quibus
937 576 1048 623 tres
1088 561 1440 633 evangelista
1480 568 1802 617 attestantur

229 667 532 741 Mattheus,
565 664 778 721 larens
805 669 861 719 et
901 660 1094 717 Lucas.
1133 658 1448 725 Quaaramus
1476 656 1585 726 iam
1618 669 1810 712 conse-

227 768 460 833 quenter
493 772 588 817 cur
632 754 830 812 dixerit
871 753 1104 819 Marcus,
1159 764 1281 804 cum
1332 754 1812 804 commemorasset

228 852 377 925 quod
408 848 779 918 cruciﬁgentes
807 860 950 911 eum,
994 840 1295 899 diviserunt
1325 840 1641 895 vestimenta
1671 839 1808 908 eius,

227 947 506 1001 mittentes
546 947 747 998 sortem
777 936 996 1011 [sortes]
1022 948 1187 1005 super
1215 934 1317 999 eis,
1343 931 1461 1002 quis
1490 932 1617 1001 quid
1650 931 1811 987 tolle-

227 1045 341 1103 ret,
369 1044 426 1092 et
459 1041 676 1090 secutus
715 1028 1060 1101 adiunxerit:
1090 1027 1217 1082 Erat
1262 1032 1440 1080 autem
1467 1024 1599 1079 hora
1627 1024 1807 1093 tertia,

227 1137 286 1185 et
310 1126 700 1184 cruciﬁxerunt
726 1135 871 1178 eum.
903 1120 1023 1175 iam
1052 1125 1203 1175 certe
1228 1116 1480 1171 dixerat:
1504 1115 1569 1169 Et
1603 1114 1815 1172 cruciﬁ-

227 1230 421 1292 gentes
450 1232 593 1283 eum,
625 1215 925 1271 diviserunt
970 1210 1289 1268 vestimenta
1329 1207 1479 1280 ejus,
1531 1207 1610 1263 sic
1651 1208 1815 1262 etiam

228 1310 417 1369 caeteri
462 1314 808 1376 attestantur,
856 1304 1025 1376 quod,
1083 1316 1150 1359 eo
1186 1299 1466 1367 cruciﬁxo,
1496 1298 1814 1355 vestimenta

230 1405 407 1462 divisa
433 1409 578 1459 sunt.
608 1400 668 1456 Si
698 1395 871 1473 [ergo]
924 1396 1043 1467 ejus
1089 1396 1169 1451 rei
1199 1401 1365 1465 gestae
1411 1401 1621 1463 tempus
1646 1391 1815 1447 voluit

230 1506 664 1554 commemorare
688 1491 918 1562 ttat-cus,
941 1487 1216 1547 sufﬁceret
1234 1485 1417 1540 dicere
1441 1499 1454 1538 :
1483 1483 1613 1538 Erat
1635 1488 1814 1536 autem

232 1593 371 1647 hora
397 1590 586 1655 tertia;
615 1585 802 1658 utquid
829 1581 1110 1654 adiunxit:
1142 1580 1210 1635 Et
1249 1577 1632 1635 cruciﬁxerunt
1659 1589 1812 1641 eum;

233 1684 341 1740 nisi
383 1682 507 1753 quia
554 1680 723 1737 voluit
766 1676 968 1748 aliquid
1009 1670 1423 1743 recapitulando
1472 1669 1812 1741 signiﬁcem,

231 1776 380 1848 quod
424 1773 680 1845 quaeritur
729 1764 1060 1842 [quaesitum]
1107 1761 1461 1831 inveniretur,
1505 1774 1628 1817 cum
1678 1759 1814 1815 scri-

1912 576 2020 635 tur,
2052 571 2263 639 quando
2302 572 2589 629 cruciﬁxus
2615 582 2717 639 est,
2756 584 2917 646 atque
2962 575 3055 634 illo
3074 575 3186 648 iam
3218 577 3488 650 pendente
3520 572 3531 605 ’

1911 662 1964 715 in
1992 662 2155 731 ligno,
2186 665 2304 720 alia:
2334 674 2445 721 tres
2484 667 2632 722 hora:
2661 678 2891 737 peracta:
2932 671 3061 738 sint,
3103 680 3158 728 et
3204 660 3487 731 tradiderit

1910 751 2165 822 Spiritum
2196 764 2255 810 ut
2283 757 2349 813 ab
2397 770 2459 813 ea
2506 758 2636 814 hora
2677 774 2780 830 qua
2831 740 3117 818 defunctus
3144 771 3247 832 est,
3290 765 3343 820 id
3382 775 3488 835 est,

1911 846 2015 903 diei
2041 854 2209 913 sexta,
2243 849 2479 907 tenebrae
2509 851 2697 908 ﬁerent
2725 868 2894 925 usque
2934 854 3002 911 ad
3033 856 3218 914 horam
3266 854 3487 917 uenam.

1914 937 2105 996 Dicunt
2132 942 2297 1007 enim,
2332 942 2417 999 die
2439 944 2653 1014 quidem
2682 944 2799 1013 illo,
2830 962 2988 1019 quem
3019 949 3134 1006 dies
3172 951 3377 1009 sabbati
3407 968 3492 1011 se-

1913 1029 2193 1098 quebatur,
2223 1032 2552 1092 Parasceven
2576 1034 2738 1093 fuisse
2765 1038 2977 1108 pascha:
2995 1037 3327 1110 Judzeorum,
3351 1044 3491 1114 quod

1914 1122 1983 1178 ab
2010 1125 2199 1181 eodem
2235 1125 2458 1182 sabbato
2484 1128 2783 1199 inciperent
2814 1145 3024 1204 azyma,
3054 1133 3149 1189 sed
3195 1142 3371 1191 tamen
3401 1152 3493 1193 ve-

1916 1233 2032 1273 rum
2078 1220 2278 1290 pascha
2309 1222 2453 1292 quod
2487 1222 2594 1292 iam
2641 1225 2693 1278 in
2744 1226 2994 1294 passione
3022 1225 3235 1282 Domini
3273 1231 3497 1302 gereba-

1918 1316 2026 1379 tur,
2048 1326 2154 1367 non
2177 1310 2508 1378 Judaeorum,
2534 1313 2629 1369 sed
2652 1314 3079 1373 Christianorum
3108 1320 3335 1390 coepisse
3361 1336 3497 1392 pra:-

1917 1404 2115 1477 parari,
2141 1404 2195 1461 id
2217 1414 2319 1476 est,
2349 1420 2680 1477 parasceveu
2702 1408 2899 1467 habere
2922 1409 3055 1467 hora
3080 1428 3221 1468 nona
3252 1413 3340 1485 [ab
3368 1414 3499 1472 hora

1918 1497 2090 1551 noctis
2113 1495 2274 1569 nona]
2292 1536 2307 1562 ,
2338 1497 2393 1552 in
2420 1512 2486 1552 eo
2513 1498 2655 1568 quod
2685 1497 2941 1556 Dominus
2965 1517 2995 1557 a
3022 1499 3220 1559 Iudaeis
3251 1504 3499 1561 occiden-

1911 1586 2019 1644 dus
2070 1590 2485 1659 praeparabatur.
2535 1589 2830 1648 Parasceve
2876 1594 3076 1666 quippe
3117 1595 3501 1669 interpretatur

1918 1679 2260 1750 praeparatio.
2292 1680 2373 1734 Ab
2402 1680 2494 1735 illa
2526 1696 2655 1753 ergo
2679 1698 2818 1739 nona
2854 1684 2984 1739 hora
3020 1688 3211 1753 noctis,
3245 1702 3411 1759 usque
3435 1688 3501 1745 ad

1921 1771 2036 1842 ejus
2084 1772 2510 1840 cruciﬁxionem,
2545 1776 2780 1832 occurrit.
2830 1776 2965 1833 hora
2998 1793 3285 1847 parasceve
3327 1791 3501 1854 sexta,

231 1847 392 1939 ptum
412 1867 528 1936 ipsa
552 1864 658 1920 illis
677 1861 1007 1932 temporibus
1034 1859 1324 1930 legeretur.
1352 1854 1548 1926 quibus
1563 1853 1830 1909 “Imm”3
1856 1847 1910 1910 Β
1933 1864 2228 1921 secundum
2278 1866 2560 1933 Joannem,
2608 1878 2664 1923 et
2705 1871 2834 1924 hora
2869 1869 2977 1925 diei
3020 1873 3174 1927 tertia
3209 1847 3504 1932 secundum

234 1959 494 2016 Ecclesim
509 1963 695 2013 notum
716 1960 852 2019 erat,
872 1966 977 2022 qua
998 1951 1132 2007 hora
1148 1948 1405 2003 Dominus
1423 1946 1568 2016 ligno
1587 1958 1819 2015 suspen-

232 2064 329 2108 sus
358 2051 459 2117 sit,
512 2047 657 2104 unde
693 2052 878 2116 posset
928 2040 1234 2112 huiusmodi
1274 2051 1430 2095 error
1472 2036 1689 2106 corrigi,
1732 2034 1819 2090 vel

234 2142 571 2200 mendacium
592 2139 836 2196 refutari.
856 2136 964 2194 Sed
978 2134 1110 2207 ,qula
1134 2133 1339 2190 sciebat
1360 2145 1389 2186 a
1417 2129 1681 2187 militibus
1702 2141 1822 2183 sus-

234 2250 461 2308 pensum
514 2233 819 2298 Dominum,
873 2243 981 2285 non
1028 2242 1061 2283 a
1114 2225 1355 2291 Judaais,
1410 2223 1550 2278 sicut
1588 2222 1823 2276 Joannes

237 2328 586 2399 apertissime
625 2324 779 2391 dicit,
829 2321 1039 2378 occulte
1077 2316 1366 2374 ostendere
1390 2314 1564 2369 voluit
1588 2325 1687 2367 eos
1713 2324 1825 2364 ma-

237 2419 324 2491 gis
356 2415 715 2481 cruciﬁxisse,
755 2414 847 2485 qui
890 2413 1261 2467 clamaverunt
1308 2414 1369 2462 ut
1396 2404 1822 2474 cruciﬁgeretur,

238 2526 401 2583 quam
438 2510 565 2565 illos
593 2508 685 2580 qui
731 2504 1089 2563 ministerium
1126 2498 1354 2571 principi
1394 2511 1493 2553 suo
1531 2496 1827 2553 secundum

238 2586 401 2661 suum
437 2601 675 2658 oiﬁcium
724 2596 1092 2669 praebuerunt.
1130 2590 1454 2661 intelligitur
1492 2601 1625 2659 ergo
1662 2586 1829 2642 fuisse

237 2695 379 2753 hora
428 2692 583 2749 tertia
636 2703 762 2746 cum
810 2686 1189 2742 clamaverunt
1224 2680 1416 2746 Judaei,
1467 2686 1530 2733 ut
1570 2673 1829 2732 Dominus

237 2786 670 2856 cruciﬁgeretur,
727 2788 785 2836 et
831 2776 1183 2834 veracissime
1228 2773 1651 2835 demonstratur,
1706 2776 1833 2825 tunc

239 2894 338 2939 eos
363 2874 726 2940 cruciﬁxisse,
762 2870 979 2941 quando
1007 2869 1414 2931 clamaverunt,
1445 2862 1679 2919 maxime
1704 2860 1829 2931 quia

247 2971 504 3027 nolebant
531 2963 705 3021 videri
732 2978 792 3020 se
817 2962 922 3017 hoc
941 2959 1169 3022 iecisse;
1195 2964 1483 3026 propterea
1512 2966 1635 3009 eum
1659 2951 1832 3009 Pilato

244 3060 602 3124 tradiderant,
633 3054 779 3128 quod
804 3067 996 3109 eorum
1029 3050 1191 3106 verba
1218 3047 1350 3102 satis
1378 3046 1621 3101 indicant
1639 3057 1833 3099 secun-

240 3156 370 3212 dum
397 3151 679 3208 Joannem.
712 3148 848 3203 Cum
875 3145 1022 3203 enim
1049 3142 1277 3197 dixisset
1304 3140 1385 3195 eis
1406 3137 1829 3203 PilatuszQuam

1888 1956 2195 2023 .Marcum,
2247 1967 2305 2013 ut
2352 1972 2457 2013 non
2488 1959 2701 2016 Marcus
2750 1960 2897 2015 illam
2946 1960 3135 2039 horam
3174 1966 3505 2023 recordatam

1924 2050 2333 2121 recapitulando
2390 2052 2939 2120 commemoraverit,
2992 2070 3095 2125 qua
3143 2056 3507 2115 clamaverunt

1923 2143 2117 2211 Judazi,
2164 2144 2450 2217 Cruciﬁge,
2481 2146 2758 2217 cruciﬁge,
2790 2146 2885 2203 sed
2916 2162 3035 2202 eam
3070 2164 3290 2218 prorsus
3322 2151 3509 2208 horam

1927 2234 2135 2288 tertiam
2166 2232 2385 2297 dixerit,
2413 2248 2516 2301 qua
2544 2234 2799 2289 Dominus
2827 2244 2913 2290 est
2941 2237 3231 2292 crucifixus
3258 2239 3312 2294 in
3341 2239 3505 2311 ligno.

1927 2323 2059 2390 Quis
2089 2322 2262 2379 ﬁdelis
2294 2338 2398 2378 non
2429 2322 2553 2379 huic
2583 2324 2761 2379 faveat
2802 2325 3055 2381 solutioni
3097 2330 3429 2398 quaestionis,
3460 2328 3506 2386 si

1928 2413 2090 2469 modo
2123 2414 2293 2483 possit
2338 2414 2532 2485 aliquis
2561 2415 2813 2471 articulus
2844 2417 3041 2488 conjici
3084 2419 3150 2475 ab
3191 2418 3323 2475 hora
3372 2438 3511 2481 nona

1930 2509 2102 2564 noctis
2136 2508 2276 2564 unde
2303 2508 2534 2578 coepisse
2564 2522 2899 2578 parasceven
2932 2510 3145 2581 paschae
3191 2522 3410 2582 nostrae,
3460 2515 3513 2575 id

1930 2608 2034 2668 est,
2063 2601 2517 2671 praeparationem
2550 2601 2742 2657 mortis
2788 2598 2988 2657 Christi
3037 2611 3397 2675 congruenter
3428 2605 3513 2661 in-

1935 2690 2286 2764 telligamus?
2316 2690 2373 2747 Si
2405 2690 2549 2748 enim
2581 2691 2822 2748 dicamus
2846 2707 2966 2748 eam
2997 2694 3227 2765 coepisse
3253 2694 3464 2766 quando
3485 2710 3515 2755 a

1932 2781 2134 2837 ludatis
2163 2785 2529 2853 apprehensus
2560 2791 2642 2839 est
2672 2782 2953 2851 Dominus,
2985 2784 3161 2842 adhuc
3190 2787 3363 2843 noctis
3406 2786 3515 2856 pri-

1933 2886 2036 2928 ma:
2057 2881 2236 2943 partes
2264 2882 2417 2930 erant
2438 2889 2453 2928 :
2478 2874 2521 2929 si
2544 2874 2758 2946 quando
2785 2874 2851 2931 ad
2876 2874 3092 2931 domum
3119 2877 3407 2948 perductus
3436 2870 3517 2937 est

1933 2964 2107 3020 soceri
2136 2962 2373 3035 Caiphae,
2406 2964 2495 3020 ubi
2529 2971 2583 3020 et
2612 2965 2827 3020 auditus
2878 2974 2964 3022 est
3006 2980 3036 3020 a
3068 2966 3398 3037 principibus
3425 2982 3517 3023 sa-

1933 3055 2233 3122 cerdotum,
2282 3054 2457 3109 adhuc
2501 3053 2676 3123 gallus
2726 3070 2834 3109 non
2882 3063 3212 3121 cantaverat,
3263 3055 3403 3126 quod
3449 3070 3515 3110 cx

1934 3143 2081 3202 Petri
2110 3145 2396 3214 negatione
2421 3144 2750 3215 colligimus,
2797 3160 2917 3215 quae
2958 3159 3080 3201 cum
3102 3144 3211 3216 iam
3247 3145 3519 3203 audiretur

241 3244 644 3304 accusationem
671 3239 876 3295 aﬁertis
912 3236 1175 3292 adversus
1204 3233 1478 3288 hominem
1513 3231 1695 3286 hunc?
1714 3229 1829 3286 ΒΘ·
1861 3214 1907 3281 C
1937 3236 2077 3292 facta
2100 3245 2223 3293 est;
2254 3237 2298 3291 εἰ
2330 3245 2509 3292 autem
2540 3214 2754 3305 quando
2783 3235 2956 3291 Pilato
3002 3214 3227 3291 traditus
3277 3244 3379 3302 ρει,
3407 3235 3518 3306 jam

243 3341 584 3415 sponderent
608 3344 664 3392 et
696 3334 948 3389 dixerunt
974 3329 1026 3386 ei
1051 3346 1066 3383 :
1096 3328 1151 3385 Si
1176 3341 1287 3383 non
1316 3333 1462 3382 esset
1489 3324 1573 3381 hic
1607 3324 1830 3380 malefa-

243 3444 383 3501 ctor,
409 3446 513 3488 non
541 3430 637 3485 tibi
672 3425 1079 3483 tradidissemus
1115 3434 1261 3476 eum.
1296 3417 1451 3473 Dixit
1476 3430 1603 3485 ergo
1629 3416 1709 3471 eis
1738 3415 1831 3470 Pi-

246 3528 426 3585 latus:
456 3520 869 3592 Accipite-eum
917 3530 1034 3580 vos,
1079 3522 1135 3569 et
1180 3511 1475 3567 secundum
1524 3508 1697 3578 legem
1741 3520 1834 3565 Ye-

247 3629 415 3677 stram
440 3617 677 3688 iudicate
701 3626 847 3668 eum.
877 3610 1146 3665 Dixerunt
1165 3604 1359 3673 Judaei,
1383 3601 1548 3658 Nobis
1573 3614 1677 3655 non
1710 3600 1836 3654 licet

249 3713 556 3769 interﬁcere
582 3717 926 3778 quamquam.
957 3697 1111 3767 Quod
1140 3710 1271 3767 ergo
1298 3692 1532 3750 maxime
1560 3689 1730 3747 videri
1755 3689 1836 3745 ie-

250 3808 397 3865 cisse
432 3802 709 3866 nolebant,
761 3798 863 3853 hoc
913 3809 1010 3851 eos
1042 3794 1170 3847 hora
1202 3790 1357 3845 tertia
1389 3786 1579 3842 fecisse
1627 3783 1835 3838 Marcus

253 3896 522 3957 ostendit,
570 3888 850 3946 verissim
895 3885 1138 3941 indicans
1189 3881 1358 3949 magis
1403 3879 1571 3932 inisse
1622 3874 1834 3931 Domini

257 3984 581 4042 necatricem
612 3980 845 4044 linguam
875 3974 1202 4037 indecorum,
1252 3984 1412 4039 quam
1444 3967 1675 4021 militum
1721 3979 1838 4017 ma-

259 4094 381 4135 nus.
415 4074 593 4130 Facile
617 4080 797 4126 autem
832 4066 1039 4122 videbit
1067 4063 1156 4133 qui
1181 4062 1298 4115 sine
1324 4058 1615 4127 impietatis
1642 4055 1839 4109 duritia

259 4167 489 4224 voluerit
516 4160 794 4218 attendere
822 4170 984 4227 quam
1022 4160 1321 4222 opportuno
1350 4149 1473 4202 loco
1493 4146 1699 4201 Marcus
1736 4144 1840 4197 hoc

260 4262 328 4315 de
357 4256 517 4313 tertia
552 4254 682 4309 hora
714 4246 980 4321 posuerit,
1005 4251 1062 4299 ut
1089 4243 1315 4312 quisque
1338 4239 1411 4294 ibi
1439 4237 1836 4300 recordaretur,

262 4367 367 4423 qua
420 4349 549 4403 hora
589 4342 761 4399 Judaei
809 4338 1189 4395 cruciﬁxerant
1234 4331 1541 4396 Dominum,
1568 4327 1660 4399 qui
1696 4327 1841 4381 vole-

264 4421 389 4500 bant
416 4442 469 4497 in
510 4439 802 4499 Romanos,
850 4431 938 4486 vel
966 4425 1259 4499 principes,
1289 4423 1375 4479 vel
1413 4421 1632 4489 milites,
1663 4429 1844 4475 trans-

1934 3342 2093 3383 mane
2120 3327 2287 3383 fuisse
2333 3326 2674 3395 apertissime
2714 3326 2972 3394 scriptum
3014 3333 3121 3380 est.
3171 3324 3356 3380 Restat
3394 3338 3520 3394 ergo

1935 3428 1995 3473 ut
2025 3421 2408 3490 intelligamus,
2445 3428 2572 3472 tunc
2602 3417 2837 3487 coepisse
2869 3416 3024 3472 istam
3056 3430 3379 3486 parasceven
3426 3432 3520 3487 pa-

1939 3511 2105 3577 schae,
2136 3510 2191 3564 id
2220 3517 2325 3578 est,
2362 3509 2809 3578 praeparationem
2831 3508 3021 3563 mortis
3042 3507 3278 3577 Domini,
3309 3508 3521 3579 quando

1938 3601 2335 3672 responderunt
2375 3613 2565 3656 omnes
2623 3598 2896 3670 principes
2942 3598 3329 3665 sacerdotum,
3381 3594 3522 3669 apud

1939 3707 2074 3761 quos
2105 3691 2280 3762 primo
2310 3690 2640 3756 audiebatur,
2671 3700 2723 3745 et
2754 3688 3028 3757 dixerunt,
3078 3688 3224 3745 Reus
3269 3697 3352 3746 est
3380 3703 3524 3745 mor-

1939 3785 2031 3851 tis,
2063 3784 2206 3854 quod
2248 3782 2387 3854 apud
2418 3781 2726 3839 Matthaeum
2759 3789 2813 3838 et
2844 3781 3081 3838 Marcum
3132 3782 3420 3847 invenitur,
3465 3787 3525 3837 ut

1938 3876 2344 3946 recapitulando
2390 3875 2760 3945 intelligantur
2787 3873 2855 3930 de
2884 3875 3028 3930 Petri
3074 3875 3378 3945 cognitione
3409 3872 3524 3947 [ne-

1940 3966 2198 4037 gatione],
2243 3975 2427 4033 postea
2474 3966 2697 4029 dixisse,
2747 3966 2887 4034 quod
2940 3976 3096 4020 antea
3146 3967 3342 4019 factum
3384 3974 3522 4022 erat.

1943 4060 2061 4113 Non
2111 4058 2255 4112 enim
2308 4058 2539 4112 absurde
2586 4056 2873 4125 coniicitur
2912 4070 2978 4110 eo
3017 4066 3278 4122 tempore,
3312 4056 3526 4123 quando

1946 4158 2029 4221 (ut
2048 4149 2183 4217 dixi)
2205 4162 2354 4203 reum
2380 4148 2568 4201 mortis
2588 4146 3091 4215 pronuntiaverunt,
3114 4160 3310 4200 nonam
3337 4145 3525 4205 horam

1944 4242 2120 4295 noctis
2149 4255 2269 4294 esse
2304 4239 2567 4307 potuisse.
2602 4237 2679 4291 Ex
2704 4251 2807 4307 qua
2847 4237 2977 4291 hora
3022 4250 3189 4305 usque
3234 4234 3301 4290 ad
3343 4238 3527 4295 horam

1946 4344 2049 4402 qua
2070 4331 2206 4386 sedit
2228 4330 2433 4384 Pilatus
2461 4342 2561 4399 pro
2586 4327 2864 4393 tribunali,
2890 4328 3040 4397 quasi
3067 4334 3214 4381 sexta
3243 4326 3372 4381 hora
3405 4326 3525 4396 iuit,

1947 4439 2055 4480 non
2074 4423 2202 4491 diei,
2228 4424 2325 4479 sed
2345 4436 2681 4494 paraseeves,
2707 4419 2763 4475 id
2777 4428 2880 4487 est,
2904 4419 3319 4490 prmparationis
3339 4420 3528 4476 immo-

265 4535 411 4592 ferre
434 4534 611 4602 ipsum
652 4527 879 4591 facinus,
929 4522 1022 4578 ubi
1052 4520 1250 4577 factum
1293 4516 1661 4573 ministrorum
1703 4516 1842 4571 mili-
1877 4590 1920 4602 _
1948 4518 2160 4572 iationis
2193 4516 2437 4582 Domini,
2478 4514 2619 4583 quod
2650 4526 2837 4568 verum
2883 4510 3087 4567 Pascha
3129 4519 3234 4573 est.
3285 4520 3340 4565 ut
3372 4510 3530 4580 plena

266 4590 379 4686 tum
407 4590 884 4683 commemoratum
914 4625 1019 4674 est.
1044 4616 1135 4671 Ait
1162 4614 1307 4672 enim
1334 4629 1350 4668 :
1373 4611 1442 4667 Et
1470 4611 1844 4681 cruciﬁgentes
1873 4590 1927 4652 Ῑ)
1950 4616 2099 4665 sexta
2121 4607 2365 4679 ejusdem
2381 4618 2716 4676 parascevcs,
2732 4617 2851 4673 qua:
2870 4602 3027 4673 plena
3042 4600 3144 4656 diei
3159 4602 3313 4658 tertia
3335 4616 3530 4658 occur-

266 4736 391 4779 sum
415 4718 710 4774 diviserunt
735 4711 890 4784 n3
912 4710 1231 4766 vestimenta
1252 4704 1393 4775 eius,
1417 4703 1695 4760 mittentes
1724 4717 1845 4759 sor-

269 4822 357 4869 tes
375 4823 539 4881 super
563 4808 661 4873 eis,
683 4805 805 4874 quis
822 4801 952 4873 quid
971 4801 1202 4856 tolleret.
1226 4796 1330 4865 Qui
1352 4798 1474 4864 hoc,
1501 4797 1601 4852 nisi
1623 4797 1846 4863 milites,

271 4905 410 4961 sicut
435 4901 670 4958 Joannes
692 4892 1033 4951 manifestat?
1059 4890 1223 4959 Ergo,
1250 4902 1319 4943 ne
1346 4886 1624 4956 quisquam
1649 4888 1852 4958 cogita-

272 4997 475 5054 tionem
503 4991 637 5048 tanti
676 4986 922 5045 criminis
951 4995 1173 5039 aversus
1201 4995 1233 5035 a
1270 4979 1492 5045 Judaeis,
1545 4979 1600 5033 in
1651 4978 1851 5036 milites

273 5089 392 5144 illos
418 5090 792 5143 converteret:
822 5078 955 5136 Erat
983 5083 1183 5143 autem,
1214 5072 1408 5143 inquit,
1441 5071 1571 5126 hora
1598 5073 1776 5141 tertia,
1797 5081 1854 5129 et

273 5178 655 5236 cruciﬁxerunt
681 5188 841 5240 eum;
870 5180 929 5228 ut
960 5170 1038 5226 illi
1062 5182 1184 5226 eum
1215 5165 1395 5237 potius
1420 5163 1753 5220 cruciﬁxisse
1771 5166 1853 5220 in—

273 5273 576 5337 veniantur,
609 5282 743 5339 quos
772 5267 907 5322 hora
954 5264 1137 5330 tertia,
1189 5270 1247 5317 ut
1278 5258 1706 5329 cruciﬁgeretur,
1745 5259 1854 5313 cla-

276 5381 427 5423 mare
454 5364 688 5435 potuisse
714 5358 941 5430 diligens
986 5355 1270 5427 inquisitor
1297 5351 1537 5408 inveniet
1579 5364 1707 5405 cum
1755 5349 1853 5404 ad—

276 5456 501 5515 verterit
527 5456 631 5510 hoc
659 5450 802 5523 quod
826 5466 856 5504 a
886 5450 1140 5505 militibus
1170 5448 1366 5504 factum
1401 5452 1503 5525 est,
1532 5443 1662 5498 hora
1694 5449 1848 5498 sexta

279 5552 474 5608 iactum
527 5555 611 5604 est
646 5543 835 5620 {esse},
863 5556 1167 5615 quanquam
1199 5556 1305 5597 non
1348 5539 1528 5596 desint
1553 5538 1643 5609 qui
1694 5537 1855 5594 Para-

184 5670 189 5671 ί
277 5655 435 5698 sceve
481 5652 637 5708 quam
685 5638 922 5693 Joannes
968 5633 1426 5697 commemoravit,
1474 5630 1679 5697 dicens,
1726 5630 1855 5685 Erat

280 5742 465 5790 autem
506 5730 804 5785 Parasceve
848 5727 978 5780 hora
1010 5725 1157 5795 quasi
1201 5730 1377 5788 sexta,
1425 5722 1555 5775 hora
1600 5720 1706 5776 diei
1737 5720 1859 5792 [ho-

281 5842 394 5886 ram
422 5825 529 5882 diei
559 5819 789 5890 tertiam]
823 5817 973 5877 tertia
1003 5818 1169 5874 velint
1198 5814 1440 5883 intelligi,
1474 5829 1577 5883 qua
1608 5813 1743 5870 sedit
1771 5810 1857 5867 Pi-

1953 4701 2127 4767 rebat,
2152 4698 2407 4755 Dominus
2427 4695 2845 4766 suspenderetur
2866 4694 2921 4749 in
2942 4693 3108 4764 ligno.
3135 4692 3263 4749 Sive
3280 4708 3408 4763 ergo
3427 4692 3531 4751 hoc

1955 4795 2131 4865 potius
2177 4790 2582 4860 intelligendum
2634 4787 2882 4855 eligatur,
2928 4788 3044 4842 sive
3083 4784 3291 4841 Marcus
3320 4786 3537 4845 tertiam

1956 4886 2145 4941 horam
2176 4882 2485 4946 recoluerit,
2516 4893 2748 4949 eamque
2770 4877 3005 4932 maxime
3025 4878 3095 4932 ad
3121 4876 3537 4933 condemnatio-v

1957 4993 2079 5035 nem
2110 4977 2420 5033 Judaeorum
2466 4976 2521 5030 in
2551 4973 2765 5028 Domini
2812 4971 3164 5028 cruciﬁxione
3209 4984 3534 5026 commemo-

1959 5086 2085 5127 rare
2114 5068 2342 5125 voluerit
2367 5082 2471 5137 qua
2520 5065 2890 5136 intelliguntur
2931 5064 3168 5119 clamare
3198 5061 3433 5130 potuisse
3478 5066 3541 5119 ut

1960 5162 2382 5233 cruciﬁgeretur,
2415 5170 2473 5215 ut
2498 5160 2647 5230 ipsos
2688 5160 2865 5229 potius
2894 5153 3229 5211 crnciﬁxisse
3267 5153 3539 5222 accipere-

1959 5271 2109 5325 mus,
2140 5270 2299 5325 quam
2326 5269 2421 5309 eos
2453 5267 2681 5324 quorum
2720 5250 2964 5305 manibus
2992 5259 3289 5316 suspensus
3314 5244 3369 5301 in
3396 5244 3540 5315 ligno

1958 5364 2073 5420 est,
2103 5355 2243 5410 sicut
2272 5353 2362 5407 ille
2386 5350 2630 5407 centurio
2658 5346 2831 5416 magis
2865 5343 3091 5399 accessit
3140 5341 3205 5396 ad
3258 5340 3540 5398 Dominum

1961 5462 2119 5519 quam
2150 5446 2226 5501 illi
2258 5444 2412 5499 amici
2440 5457 2577 5513 quos
2603 5441 2787 5496 misit:
2821 5434 3171 5507 proculdubio
3200 5433 3424 5505 quaestio
3449 5446 3542 5489 so-

1963 5542 2073 5595 luta
2100 5537 2272 5594 estde
2294 5536 2422 5589 hora
2444 5531 2728 5588 dominicae
2748 5528 3038 5599 passionis,
3061 5541 3180 5597 qua:
3203 5524 3432 5580 maxime
3454 5536 3543 5578 so-

1965 5634 2038 5689 let
2057 5640 2111 5687 et
2139 5628 2593 5685 contentiosorum
2640 5622 2911 5679 concitare
2937 5620 3342 5693 impudentiam,
3377 5626 3431 5675 et
3458 5616 3543 5672 in-

1965 5727 2239 5783 ﬁrmorum
2270 5719 2589 5792 imperitiam
2618 5714 2952 5788 perturbare.
