3986 6382
1037 356 1262 416 CAPUT
1295 353 1576 412 CLXXIII.

515 475 596 533 De
613 474 814 531 duobus
841 472 1124 529 latronibus
1136 469 1391 535 quomodo
1414 467 1605 536 impari
1624 467 1795 521 relatu
1819 464 2100 520 Matthceua

587 565 650 601 ac
690 547 899 600 Marcus
937 542 1182 598 sententia
1216 557 1320 594 non
1370 540 1706 609 discrepant,
1743 539 1806 593 de
1840 538 2102 592 Consenstt

589 617 1036 688 Evangelistarum
1067 612 1153 666 lib.
1186 626 1267 665 ιιι.
2024 685 2028 689 ἡ

590 733 840 803 Sequitur
867 727 1149 785 Matthaeus
1178 733 1232 779 et
1260 724 1390 779 dicit
1417 739 1428 776 :
1459 723 1694 793 ldipsum
1737 728 1914 776 autem
1937 727 1992 774 et
2019 719 2100 774 la-

517 834 702 880 trones
730 822 817 892 qui
846 820 933 874 ﬁxi
958 827 1112 872 erant
1154 815 1443 889 [cruciﬁxi]
1491 832 1611 871 cum
1661 830 1725 870 eo
1771 814 2102 883 impropera-

513 920 643 975 bant
675 918 744 972 ei.
779 914 910 971 Nam
957 909 1108 985 [Nec]
1137 914 1344 966 Marcus
1382 910 1684 978 discrepat,
1709 907 1812 962 hoc
1858 906 1999 960 idem
2021 904 2103 960 di-

516 1025 646 1066 cens
667 1008 785 1062 aliis
805 1005 1010 1070 verbis,
1040 1005 1214 1059 Lucas
1234 1013 1414 1058 autem
1443 1010 1620 1071 potest
1639 999 1813 1069 putari
1836 1010 2102 1067 repugna-

513 1118 597 1170 re,
625 1101 726 1156 nisi
768 1116 938 1170 genus
976 1097 1260 1153 locutionis
1287 1096 1416 1151 satis
1455 1097 1708 1151 usitatum
1749 1108 1855 1148 non
1905 1092 2102 1147 oblivi-

513 1210 752 1253 scamur.
797 1195 886 1248 Ait
915 1193 1127 1248 Lucas:
1165 1192 1314 1247 Unus
1346 1198 1524 1245 autem
1553 1188 1622 1243 de
1662 1187 1745 1242 his
1773 1187 1862 1256 qui
1904 1183 2102 1254 pende-

513 1288 647 1345 bant
675 1286 993 1348 latronibus,
1029 1281 1436 1351 blaspliemabat
1464 1295 1586 1334 eum
1617 1278 1824 1346 dicens,
1869 1275 1926 1331 Si
1956 1283 2012 1329 tu
2042 1287 2103 1330 es

513 1379 786 1444 Christus,
817 1378 1022 1433 salvum
1055 1375 1138 1431 fac
1170 1375 1508 1441 temetipsum
1541 1379 1595 1427 et
1617 1385 1744 1436 nos;
1776 1377 1830 1424 et
1863 1357 2104 1438 sequitur

511 1470 659 1526 idem
684 1471 797 1537 ipse
827 1477 987 1538 atque
1023 1469 1092 1522 ita
1125 1465 1364 1521 contexit
1392 1481 1406 1517 :
1433 1461 1786 1532 Respondeas
1816 1469 1996 1515 autem
2021 1457 2104 1513 al-

512 1571 598 1619 ter
621 1563 932 1633 increpabat
959 1576 1083 1616 eum
1105 1601 1122 1626 ,
1147 1560 1334 1614 dicens
1365 1573 1380 1612 :
1413 1557 1598 1628 Neque
1626 1566 1681 1610 tu
1715 1557 1870 1610 times
1893 1555 2059 1610 Deum
2082 1593 2099 1622 ,

510 1656 652 1727 quod
684 1656 738 1710 in
767 1655 952 1709 eadem
993 1652 1337 1707 damnatione
1367 1664 1427 1706 es
1453 1651 1476 1704 ἲ
1504 1659 1559 1704 et
1589 1664 1687 1704 nos
1715 1648 1929 1717 quidem
1960 1647 2100 1714 iuste

1587 242 1651 298 Β.
1693 237 2017 300 EUGYPPll
2056 233 2349 295 ABBATIS
2387 233 2704 295 AFRICANI

2126 350 2184 411 Δ
2207 365 2312 405 non
2327 351 2723 416 erat'l‘homas;
2745 358 2921 418 sexto,
2947 348 3034 404 ubi
3057 349 3188 406 vidit
3201 363 3246 406 el
3259 364 3324 406 im
3340 350 3637 418 Thomas;
3664 360 3817 424 septi-

3717 237 3822 295 83!

2205 457 2316 508 mo,
2341 442 2406 496 ad
2431 459 2578 498 mare
2593 443 2924 508 Tiberiadis;
2945 450 3156 510 octavo,
3181 443 3234 497 in
3257 452 3445 498 monte
3460 444 3731 500 Galilzez
3745 461 3816 502 se-

2201 535 2434 590 cundum
2447 535 2769 602 Matthmum;
2787 549 2952 602 nono,
2965 533 3104 603 quod
3116 535 3486 600 dicitMarcus,
3503 540 3810 596 novissime

2203 626 2785 696 recumbentibus,quia
2795 627 2904 696 jam
2921 640 3026 681 non
3040 627 3258 682 erantin
3273 636 3417 682 terra
3432 643 3573 682 cum
3589 628 3692 682 illo
3704 645 3810 684 eon-

2203 719 2458 784 vivaturi;
2474 719 2705 786 decimo,
2721 720 2773 774 in
2791 722 2909 789 ipso
2930 718 3038 787 die,
3055 734 3161 775 non
3185 720 3238 774 in
3259 728 3401 776 terra
3420 721 3574 790 jam,
3595 724 3804 780 sedete-

2203 822 2383 868 vatum
2400 813 2452 868 in
2474 815 2633 879 nube,
2665 827 2786 868 cum
2815 815 2867 867 in
2895 813 3090 869 coelum
3121 814 3447 869 ascenderet
3470 833 3483 866 :
3503 815 3668 883 quod
3685 816 3804 870 Mar-

2202 919 2298 963 cus
2320 916 2372 960 et
2389 905 2560 961 Lucas
2583 905 3258 980 commemorant-,Marcus
3280 906 3508 976 quidem
3531 919 3664 976 post
3684 908 3796 963 illud

2203 997 2345 1068 quod
2361 997 2439 1052 eis
2457 996 2915 1054 discumbentibus
2929 997 3194 1066 apparuit,
3212 998 3283 1051 ita
3296 999 3649 1052 continuans
3661 1009 3717 1051 ut
3735 1001 3798 1052 di-

2204 1096 2386 1144 ceret:
2411 1088 2478 1142 Et
2500 1089 2758 1143 Dominus
2779 1088 3016 1157 quidem,
3041 1098 3322 1158 postquam
3350 1090 3581 1144 locutus
3612 1100 3696 1144 est
3709 1093 3789 1154 eis,

2204 1186 2508 1247 assumptus
2532 1186 2618 1233 est
2661 1178 2716 1233 in
2744 1178 2970 1242 coelum;
3003 1180 3174 1234 Lucas
3194 1189 3374 1234 autem
3406 1182 3790 1249 praetermissis

2203 1271 2452 1328 omnibus
2473 1285 2569 1340 per
2602 1270 2956 1342 quadraginta
2983 1272 3097 1326 dies
3124 1272 3207 1342 agi
3238 1272 3307 1327 ab
3336 1273 3433 1327 illo
3484 1287 3620 1327 cum
3652 1273 3788 1327 disci-

2204 1360 2347 1432 pulis
2383 1368 2702 1440 potuerunt,
2731 1360 2807 1415 illi
2833 1362 3004 1430 primo
3047 1362 3155 1417 diei
3187 1363 3622 1418 resurrectionis
3649 1365 3785 1431 ejus,

2204 1451 2420 1521 quando
2442 1453 2495 1506 in
2523 1451 2856 1508 Hierusalem
2891 1451 3050 1524 115
3073 1452 3313 1523 pluribus
3335 1455 3642 1525 apparuit,
3674 1471 3782 1510 cou-

2201 1544 2377 1616 jungit
2409 1545 2572 1601 tacite
2602 1546 2950 1601 novissimum
2992 1546 3134 1602 diem
3176 1561 3282 1617 quo
3321 1549 3580 1603 ascendit
3610 1549 3662 1603 in
3688 1564 3782 1606 cte-

2204 1637 2339 1706 lum,
2371 1639 2441 1692 ita
2470 1653 2734 1693 narrans:
2763 1638 2960 1693 Eduxit
2982 1647 3162 1694 autem
3192 1639 3315 1696 illos
3345 1641 3497 1696 foras
3525 1641 3581 1697 in
3611 1642 3778 1698 Betha-

513 1745 662 1816 (nam
691 1746 849 1814 digna
865 1743 1020 1798 factis
1039 1741 1378 1811 recipimus),
1402 1741 1488 1795 hic
1512 1754 1642 1794 vero
1666 1740 1799 1794 nihil
1819 1739 1942 1793 mali
1967 1751 2096 1807 ges-
2127 1731 2177 1793 B
2201 1732 2346 1785 niam
2373 1772 2389 1799 ,
2434 1739 2492 1786 el
2519 1730 2751 1786 elevatis
2780 1730 3029 1786 manibus
3061 1731 3172 1786 suis
3201 1771 3218 1796 ,
3267 1733 3557 1788 benedixit
3597 1734 3676 1790 eis
3698 1779 3712 1803 ,
3735 1744 3778 1789 et

513 1838 629 1894 sit:
661 1847 714 1894 et
755 1838 966 1892 dicebat
1005 1836 1073 1889 ad
1111 1835 1292 1894 Jesum
1324 1853 1336 1888 :
1374 1835 1599 1891 Domine
1625 1877 1639 1902 ,
1682 1843 1953 1888 memento
1996 1832 2101 1888 mei

509 1945 634 1987 cum
679 1931 890 1985 veneris
935 1930 987 1983 in
1018 1943 1242 1999 regnum
1275 1937 1448 1982 tuum.
1498 1926 1566 1980 Et
1596 1926 1727 1981 dicit
1770 1925 1842 1978 illi
1889 1924 2092 1979 Jesus:

512 2021 690 2077 Amen
718 2020 840 2075 dico
871 2019 988 2085 tibi,
1019 2018 1177 2073 hodie
1204 2032 1412 2073 mecum
1445 2018 1552 2072 eris
1573 2017 1624 2071 in
1659 2016 1928 2086 paradiso.
1957 2015 2101 2081 Quo-

509 2113 673 2170 modo
694 2127 843 2182 ergo,
877 2112 1015 2166 sicut
1036 2111 1316 2165 Matthaeus
1343 2111 1478 2165 dixit
1505 2107 1702 2180 [dicit],
1728 2107 1988 2162 Latrones
2009 2110 2099 2176 qui

509 2204 608 2261 fixi
649 2215 802 2260 erant
841 2201 1127 2276 [cruciﬁxi]
1165 2218 1284 2256 cum
1328 2217 1394 2257 eo
1435 2200 1871 2271 improperabant
1899 2200 1983 2265 ei;
2016 2200 2099 2254 vel

508 2295 650 2354 sicut
697 2295 910 2350 Marcus
964 2293 1094 2348 dicit
1124 2312 1137 2346 :
1172 2295 1238 2348 Et
1264 2294 1353 2363 qui
1383 2307 1502 2348 cum
1549 2307 1614 2346 eo
1664 2291 1903 2346 cruciﬁxi
1945 2297 2101 2346 erant

508 2387 948 2443 conviciabantur
990 2386 1074 2441 ei?
1105 2385 1536 2455 quandoquidem
1568 2399 1706 2439 unus
1748 2398 1934 2438 eorum
1965 2396 2098 2438 con-

506 2479 734 2534 viciatus
751 2486 836 2533 est
868 2477 1163 2533 secundum
1186 2476 1347 2531 Lucae
1372 2477 1755 2540 testimonium,
1782 2475 1918 2529 alter
1957 2488 2098 2528 com-

505 2571 714 2641 pescuit
742 2584 893 2637 eum,
923 2577 977 2624 et
1009 2572 1059 2623 in
1091 2569 1258 2623 Deum
1305 2568 1534 2623 credidit
1567 2608 1581 2633 ,
1612 2568 1714 2622 nisi
1743 2567 2098 2636 intelligamus

506 2658 818 2716 Matthaeum
848 2669 904 2715 et
939 2660 1174 2716 Marcum
1214 2659 1451 2716 breviter
1491 2659 1916 2729 perstringentes
1958 2658 2098 2711 hunc

505 2749 684 2808 locum
708 2793 726 2819 ,
757 2752 1018 2823 pluralem
1057 2767 1341 2808 numerum
1384 2767 1481 2821 pro
1520 2751 1778 2821 singulari
1810 2749 2054 2819 posuisse
2078 2788 2094 2814 ,

505 2842 647 2901 Iicut
687 2841 782 2914 [et]
814 2844 868 2897 in
899 2843 1139 2913 Epistola
1167 2844 1233 2898 ad
1264 2843 1524 2900 Hebraeos
1565 2843 1792 2913 legimus
1823 2841 2100 2910 pluraliter

505 2934 732 3001 dictum,
768 2935 1095 2992 Clauserunt
1132 2951 1224 2991 ora
1253 2936 1468 2991 leonum
1494 2976 1510 3001 ,
1559 2948 1680 2989 cum
1725 2933 1873 2988 solus
1915 2932 2097 2987 Daniel

505 3027 798 3096 signiﬁcari
833 3029 1201 3098 intelligatur,
1247 3037 1301 3082 et
1346 3028 1628 3097 pluraliter
1678 3027 1903 3090 dictum,
1953 3025 2096 3080 Secti

2199 1824 2398 1880 factum
2427 1834 2514 1879 est
2539 1840 2660 1880 cum
2705 1824 3050 1880 benediceret
3080 1826 3160 1880 eis
3184 1866 3199 1890 ,
3236 1824 3573 1882 eﬁerebatur
3601 1832 3652 1882 in
3678 1843 3772 1884 cte-

2201 1916 2311 1973 lum
2341 1917 2586 1989 [recessit
2607 1916 2676 1971 ab
2699 1917 2779 1973 eis
2808 1927 2861 1972 et
2887 1915 3160 1972 ferebatur
3179 1916 3233 1971 in
3262 1917 3511 1988 caelum].
3539 1919 3772 1974 Viderunt

2199 2024 2329 2080 ergo
2355 2024 2478 2064 eum
2501 2020 2700 2078 praeter
2738 2009 2881 2079 quod
2911 2009 2966 2065 in
3012 2020 3156 2064 terra
3177 2009 3463 2075 viderant,
3497 2011 3767 2067 etiamdum

2201 2099 2435 2156 ferretur
2470 2099 2523 2152 in
2571 2098 2788 2154 coelum.
2838 2099 3059 2154 Totiens
3087 2115 3216 2170 ergo
3259 2100 3317 2154 in
3348 2101 3667 2172 Evangelicis
3703 2103 3763 2157 li-

2199 2190 2312 2246 bris
2329 2199 2783 2246 commemoratur
2803 2191 2870 2245 ab
2885 2190 3135 2246 omnibus
3157 2192 3306 2247 visus
3319 2203 3577 2262 antequam
3588 2207 3752 2248 ascea-

2200 2287 2373 2342 disset
2400 2284 2454 2341 in
2480 2287 2709 2352 ccelum;
2739 2289 2792 2341 in
2821 2294 2965 2342 terra
3001 2286 3211 2342 scilicet
3233 2288 3417 2343 novies
3438 2327 3453 2353 ,
3494 2297 3545 2342 et
3565 2287 3618 2341 in
3640 2301 3758 2342 aere

2200 2379 2368 2435 semel
2391 2379 2711 2434 ascendens.
2748 2379 2856 2436 Sed
2885 2394 2994 2434 non
3019 2379 3201 2435 omnia
3238 2381 3443 2450 scripta
3463 2389 3608 2448 sunt,
3636 2382 3761 2437 sicut

2200 2470 2435 2527 Joannes
2456 2472 2672 2526 fatetur.
2695 2470 2898 2526 Crebra
2921 2471 3067 2526 enim
3096 2480 3215 2527 erat
3234 2471 3356 2542 ejus
3383 2487 3507 2528 cum
3533 2473 3628 2526 illis
3646 2487 3753 2528 con-

2199 2565 2437 2619 versatio
2465 2578 2561 2632 per
2588 2562 2704 2618 dies
2743 2563 3097 2633 quadraginta
3120 2563 3435 2635 priusquam
3461 2565 3748 2620 ascendisset

2200 2655 2258 2712 in
2281 2655 2500 2721 cmlum,
2525 2668 2630 2709 non
2658 2663 2834 2709 tamen
2857 2654 2937 2709 eis
2965 2669 3060 2724 per
3083 2669 3272 2709 omnes
3301 2655 3639 2727 quadraginta
3657 2657 3738 2710 dies

2201 2750 2470 2804 continuis
2481 2756 2823 2819 apparuerat.
2841 2747 2972 2802 Nam
2988 2758 3106 2817 post
3121 2749 3260 2804 diem
3282 2751 3528 2819 primum
3543 2763 3730 2805 resurrec-

2203 2840 2364 2895 tionis
2381 2841 2497 2910 ejus
2521 2881 2538 2908 ,
2561 2841 2694 2895 alios
2721 2849 2844 2896 octo
2868 2839 2986 2895 dies
3002 2841 3362 2897 intervenisse
3387 2842 3731 2904 dicitloannes,

2203 2943 2327 3001 post
2355 2947 2492 3003 quos
2520 2934 2600 2990 eis
2629 2949 2816 2988 rursus
2845 2934 3111 3003 apparuit,
3143 2935 3307 2990 tertio
3339 2945 3526 2990 autem
3556 2935 3610 2988 ad
3633 2946 3743 2988 mare

3700 3023 3725 3044 εξ

2201 3023 2504 3079 Tiberiadis
2531 3065 2546 3089 ,
2587 3023 2828 3079 fortassis
2867 3026 3123 3079 continuo
3161 3027 3529 3096 consequenti
3555 3027 3646 3080 die.
3680 3023 3729 3078 lii

509 3123 639 3172 sunt
659 3155 677 3182 ,
727 3131 848 3171 cum
892 3118 1008 3171 solo
1047 3117 1204 3172 Esaia
1252 3118 1492 3171 tradatur
1532 3115 1674 3186 [cum
1703 3116 1771 3170 de
1791 3116 1910 3170 solo
1939 3116 2096 3170 Esaia
2127 3101 2170 3162 C
2203 3115 2278 3169 hil
2307 3115 2451 3170 enim
2482 3124 2771 3187 repugnat.
2801 3125 2858 3172 et
2886 3116 3078 3171 deinde
3108 3117 3326 3186 quando
3360 3118 3559 3184 voluit,
3592 3117 3751 3170 consti-

507 3203 794 3275 tradatur].
823 3204 879 3258 In
911 3205 1122 3274 psalmo
1145 3205 1306 3260 etiam
1338 3205 1481 3274 quod
1507 3205 1708 3260 dictum
1738 3213 1822 3261 est
1853 3224 1864 3259 :
1899 3206 2096 3261 Astite-

506 3303 636 3352 runt
656 3311 809 3365 reges
835 3306 1017 3362 terrae,
1048 3305 1102 3352 et
1126 3297 1400 3367 principes
1420 3306 1789 3351 convenenunt
1811 3297 1865 3351 in
1893 3312 2056 3351 unum
2080 3314 2097 3351 :

505 3387 771 3459 pluralem
800 3403 1076 3445 numerum
1101 3403 1199 3458 pro
1227 3387 1487 3459 singulari
1505 3389 1760 3458 positum,
1795 3390 1847 3444 in
1872 3390 2094 3455 Actibus

506 3481 874 3552 apostolorum
894 3482 1203 3552 exponitur.
1227 3473 1361 3536 Nam
1383 3495 1539 3552 reges
1561 3489 1780 3552 propter
1802 3482 2089 3547 Herodem,

505 3571 779 3640 principes
829 3582 1050 3642 propter
1078 3573 1312 3628 Pilatum
1355 3574 1779 3640 intellexerunt,
1811 3574 1902 3643 qui
1946 3576 2094 3629 testi-

506 3665 750 3720 monium
778 3665 896 3733 ejus
921 3666 1108 3734 psalmi
1138 3666 1517 3722 adhibuerunt.
1537 3666 1645 3722 Sed
1663 3667 1784 3735 quia
1816 3675 1871 3720 et
1899 3669 2092 3736 pagani

507 3755 687 3810 solent
713 3755 1030 3809 calumniari
1069 3756 1419 3825 Evangelium
1445 3797 1460 3821 ,
1499 3757 1716 3812 videant
1746 3759 2094 3827 quemadmo-

508 3844 640 3900 dum
671 3843 833 3897 locuti
861 3852 988 3898 sunt
1021 3854 1272 3899 auctores
1298 3861 1482 3900 eorum
1516 3847 1770 3902 Phaedras
1793 3889 1809 3914 ,
1838 3848 2050 3904 Medeas
2073 3891 2088 3914 ,

507 3933 951 4004 Clytemnestras.
982 3952 1104 3992 cum
1127 3937 1350 4008 singulae
1373 3937 1590 3995 fuerint.
1615 3940 1754 4008 Quid
1775 3951 1954 3997 autem
1980 3945 2092 3999 usi-

508 4027 692 4094 tatius,
719 4029 872 4084 verbi
900 4029 1092 4098 gratia,
1120 4045 1278 4100 quam
1308 4040 1364 4086 ut
1394 4032 1537 4087 dicat
1565 4033 1778 4104 aliquis,
1810 4035 1877 4090 Et
1907 4039 2088 4094 rustici

506 4119 638 4179 mihi
667 4122 946 4188 insultant,
976 4121 1140 4177 etiam
1169 4122 1216 4176 si
1245 4137 1381 4178 unus
1402 4124 1641 4180 insultet.
1670 4125 1819 4181 Tunc
1839 4128 1981 4182 enim
2005 4145 2091 4185 es-

509 4223 593 4270 set
615 4213 943 4269 contrarium
964 4214 1109 4284 quod
1142 4215 1316 4271 Lucas
1341 4216 1520 4271 denuo
1542 4217 1922 4285 manifestavit,
1949 4222 1990 4275 si
2016 4222 2094 4277 illi

506 4307 773 4364 dixissent
818 4307 1006 4363 ambos
1045 4308 1286 4363 latrones
1338 4310 1667 4366 conviciatos
1714 4313 1973 4378 Domino;
2023 4315 2093 4369 ita

507 4401 654 4457 enim
698 4414 804 4454 non
844 4410 1026 4468 posset
1053 4403 1153 4456 sub
1181 4416 1406 4458 numero
1434 4403 1630 4472 plurali
1681 4419 1819 4460 unus
1846 4405 2090 4477 intelligi.

2203 3217 2362 3264 tuens
2406 3207 2484 3262 eis
2523 3208 2668 3276 quod
2715 3217 2770 3262 et
2807 3216 2936 3264 ante
2967 3209 3293 3278 praedixerat
3341 3224 3441 3264 eos
3480 3210 3529 3264 in
3559 3208 3750 3263 Galilaite

2203 3308 2439 3355 montem
2462 3300 2768 3371 praecedere
2784 3300 2864 3374 [ut
2879 3317 2973 3357 eos
2996 3302 3051 3356 in
3071 3302 3311 3358 Galilazte
3329 3313 3564 3358 montem
3586 3316 3752 3370 prece-

2204 3391 2402 3463 deret],
2434 3402 2594 3463 atque
2618 3395 2836 3449 omnino
2858 3409 2953 3461 per
2983 3394 3107 3449 illos
3141 3395 3492 3464 quadraginta
3522 3395 3624 3449 dies
3641 3406 3751 3462 quo-

2205 3483 2346 3538 tiens
2376 3483 2572 3549 voluit,
2615 3483 2808 3552 quibus
2835 3484 3043 3550 voluit,
3078 3484 3527 3554 quemadmodum
3565 3482 3748 3547 voluit,

2203 3573 2340 3628 sicut
2387 3573 2580 3630 Petrus
2621 3573 2753 3628 dicit
2800 3574 3013 3644 quando
3053 3589 3173 3630 eum
3211 3576 3462 3631 Cornelio
3493 3588 3538 3630 et
3571 3575 3644 3628 liis
3669 3573 3746 3642 qui

2204 3680 2323 3722 cum
2348 3665 2440 3720 illo
2462 3665 2671 3721 inerant
2695 3667 3040 3736 praedicabat.
3065 3668 3164 3735 Qui
3193 3669 3354 3722 simul
3379 3712 3392 3735 ,
3423 3666 3591 3736 inquit,
3616 3679 3741 3718 man.

2204 3758 2520 3812 ducavimus
2549 3766 2604 3813 et
2649 3758 2882 3813 bibimus
2923 3774 3044 3813 cum
3087 3759 3177 3813 illo
3211 3769 3528 3828 posteaquam
3568 3769 3727 3810 resuro

2202 3853 2347 3907 rexit
2367 3867 2397 3905 a
2420 3852 2645 3907 mortuis
2671 3867 2767 3922 per
2793 3852 2907 3907 dies
2938 3852 3312 3924 quadraginta.
3335 3851 3446 3905 Non
3469 3849 3596 3921 quod
3616 3863 3732 3918 quo-

2205 3943 2333 3998 tidie
2363 3958 2458 4011 per
2483 3944 2601 3999 dies
2638 3943 2986 4016 quadraginta
3017 3959 3140 3998 cum
3171 3944 3266 3998 illo
3292 3943 3678 3998 manducasseut
3697 3950 3745 3995 et

2206 4032 2506 4089 bibissent:
2537 4050 2656 4089 nam
2687 4035 2790 4090 erit
2818 4035 3147 4090 contrarium
3173 4035 3361 4090 Joanui
3403 4036 3494 4103 qui
3518 4045 3625 4089 octo
3647 4034 3747 4088 illos

2203 4127 2317 4182 dies
2346 4127 2704 4196 interposuit,
2735 4128 2928 4198 quibus
2956 4127 3036 4183 eis
3069 4129 3214 4184 visus
3242 4143 3351 4183 non
3394 4136 3507 4192 est,
3533 4137 3584 4181 ut
3617 4125 3748 4181 tertio

2203 4218 2636 4274 manifestaretur
2684 4219 2752 4272 ad
2799 4233 2947 4274 mare
2974 4219 3295 4274 Tiberiadis.
3325 4219 3458 4274 Inde
3482 4219 3586 4288 jam
3615 4218 3747 4272 etiam

2203 4309 2247 4363 si
2277 4309 2513 4379 quotidie
2543 4310 2647 4364 illis
2673 4310 2822 4364 visus
2861 4318 2915 4364 et
2942 4325 3064 4364 cum
3089 4310 3192 4366 illis
3221 4313 3544 4366 convivatus
3570 4317 3661 4377 est,
3687 4307 3744 4362 nio

2204 4401 2278 4456 hil
2319 4411 2614 4472 repugnat,
2661 4409 2718 4458 et
2755 4403 2984 4458 fortasse
3018 4402 3138 4458 ideo
3158 4402 3360 4459 dictum
3402 4414 3494 4460 est
3528 4419 3614 4473 per
3646 4413 3743 4470 qua-

508 4490 644 4548 Cum
667 4508 795 4548 vero
823 4493 1025 4549 dictum
1047 4505 1128 4550 est
1158 4495 1428 4562 latrones,
1448 4495 1538 4550 vel
1565 4496 1656 4564 qui
1683 4511 1804 4551 cum
1826 4512 1892 4553 eo
1921 4500 2094 4554 crnci-
2123 4477 2177 4537 D
2203 4492 2446 4564 draginta
2476 4495 2614 4550 dies.
2642 4494 2744 4561 Qui
2775 4505 2965 4564 quater
2991 4495 3114 4550 deni
3145 4505 3270 4551 sunt
3297 4497 3350 4550 in
3374 4495 3656 4568 mysterio,
3677 4490 3740 4546 vel

509 4585 604 4641 ﬁxi
627 4593 800 4649 erant,
823 4599 923 4639 nec
941 4585 1176 4640 additum
1204 4595 1287 4642 est
1310 4586 1499 4641 ambo:
1527 4602 1633 4641 non
1660 4588 1837 4644 solum
1862 4589 1909 4643 si
1937 4594 2094 4646 ambo

510 4677 797 4743 fecissent,
827 4688 1006 4747 posset
1032 4679 1134 4734 hoc
1161 4679 1268 4734 dici
1288 4722 1304 4747 ,
1350 4680 1447 4736 sed
1476 4679 1638 4734 etiam
1679 4680 1802 4750 quia
1831 4696 1971 4736 unus
1994 4681 2096 4738 hoc

508 4772 638 4830 fecit
663 4814 677 4838 ,
723 4770 894 4840 potuit
922 4770 1117 4825 usitato
1158 4772 1449 4828 locutionis
1503 4771 1664 4827 modo
1705 4786 1801 4842 per
1829 4773 2090 4843 pluralem

509 4877 793 4922 numerum
825 4860 1160 4934 [singularis]
1199 4864 1511 4932 signiﬁcari.

1036 4976 1263 5032 CAPUT
1301 4978 1577 5034 CLXXIV.

509 5069 690 5128 Decies
712 5070 996 5126 Dominum
1021 5072 1323 5141 apparuisse
1344 5082 1457 5140 post
1481 5075 1907 5130 resurrectionem
1935 5092 2092 5130 evan-

835 5142 1031 5213 gelista:
1051 5142 1289 5211 tradunt,
1319 5158 1384 5196 ex
1403 5142 1577 5196 eodem
1598 5145 1747 5200 libro.

581 5234 887 5292 Invenimus
909 5236 1091 5307 itaque
1111 5236 1254 5305 apud
1283 5243 1513 5306 quatuor
1527 5231 1888 5308 evangelistas
1909 5241 2090 5297 decies

508 5339 981 5387 commemoratum
1012 5329 1295 5386 Dominum
1328 5329 1502 5384 visum
1534 5344 1654 5386 esse
1690 5329 1758 5385 ab
1787 5329 2094 5387 hominibus

509 5430 631 5494 post
661 5423 1104 5480 resurrectionem
1141 5443 1154 5478 :
1185 5425 1353 5482 semel
1379 5464 1397 5492 ,
1427 5424 1496 5479 ad
1525 5432 1929 5480 monumentum
1973 5441 2091 5480 mu-

509 5511 728 5570 lieribus
755 5531 768 5580 ;
802 5514 1017 5580 iterum,
1040 5516 1240 5572 eisdem
1269 5516 1700 5588 regredientibus
1721 5531 1750 5570 a
1769 5532 2090 5574 monumen-

510 5610 567 5662 ιο
589 5604 640 5656 in
668 5604 892 5672 itinere;
929 5607 1110 5675 tertio,
1141 5607 1335 5674 Petro;
1361 5615 1578 5678 quarto,
1601 5607 1811 5663 duobus
1842 5610 2091 5666 euntibus

510 5704 573 5746 tn
609 5695 928 5762 castellum;
971 5697 1178 5766 quinto,
1220 5699 1461 5767 pluribus
1509 5699 1563 5756 in
1609 5700 1968 5767 Hierusalem,
2002 5701 2091 5758 ubi

2206 4588 2368 4643 totius
2397 4588 2579 4642 mundi
2605 4629 2619 4652 ,
2647 4587 2731 4641 vel
2774 4588 2937 4642 totius
2965 4588 3277 4656 temporalis
3316 4589 3542 4653 saeculi,
3573 4588 3677 4656 quia
3708 4590 3748 4638 et

2204 4681 2282 4737 illi
2307 4680 2462 4750 primi
2493 4681 2677 4737 decem
2704 4680 2843 4750 dies,
2866 4683 2918 4736 in
2941 4681 3133 4751 quibus
3158 4689 3315 4737 erant
3334 4681 3414 4736 illi
3451 4692 3575 4738 octo
3592 4681 3706 4742 dies,
3728 4691 3752 4731 α

2202 4783 2355 4844 parte
2405 4781 2571 4827 totum
2620 4783 2842 4842 possunt
2888 4787 3037 4827 more
3079 4773 3492 4842 Scripturarum
3533 4788 3634 4830 non
3668 4771 3755 4825 dis-

2200 4879 2335 4920 sone
2361 4867 2683 4930 computari.
2711 4863 3030 4920 Conferatur
3054 4879 3185 4934 ergo
3211 4873 3269 4920 et
3288 4865 3433 4934 quod
3461 4867 3540 4920 ait
3570 4875 3753 4934 aposto-

2199 4955 2284 5012 lus
2303 4955 2518 5021 Paulus,
2545 4964 2720 5010 utrum
2735 4955 2864 5009 nihil
2883 4955 3069 5010 aﬁ'erat
3085 4955 3428 5024 quaestionis:
3451 4955 3756 5016 Resurrexit,

2197 5048 2408 5118 inquit,
2439 5046 2598 5101 tertio
2623 5046 2712 5104 die
2757 5046 3053 5102 secundum
3084 5040 3427 5117 Scripturas',
3465 5058 3521 5102 et
3549 5043 3760 5116 apparuit

2198 5141 2415 5211 (Iephte.
2434 5140 2549 5195 Non
2577 5141 2732 5202 dixit,
2758 5139 2931 5208 primo
2959 5140 3207 5208 apparuit
3230 5137 3426 5208 Cephze
3451 5157 3468 5204 ;
3501 5153 3622 5194 nam
3639 5141 3760 5192 esset

2196 5233 2526 5291 contrarium
2577 5232 2717 5302 quod
2775 5232 2950 5300 primo
2992 5229 3310 5285 mulieribus
3357 5230 3674 5300 apparuisse
3718 5224 3759 5277 in

2197 5328 2485 5398 Evangelio
2508 5326 2719 5396 legitur.
2733 5326 2949 5391 Postea,
2974 5326 3166 5396 inquit,
3190 5326 3477 5381 duodecim
3510 5343 3524 5378 :
3563 5324 3756 5393 quibus-

2191 5419 2344 5485 libet,
2375 5435 2478 5486 qua
2509 5419 2642 5474 liora
2669 5419 2819 5485 libet,
2853 5419 2970 5489 ipso
3001 5428 3178 5474 tamen
3209 5418 3630 5475 resurrectionis
3655 5415 3757 5478 die;

2193 5511 2387 5568 deinde
2415 5511 2661 5580 apparuit
2682 5511 2961 5580 plusquam
2985 5511 3292 5581 quingentis
3309 5509 3567 5565 fratribus
3593 5503 3756 5567 simul,

2194 5610 2305 5665 sive
2329 5608 2418 5663 isti
2448 5621 2567 5661 cum
2602 5607 2705 5661 illis
2743 5606 2989 5662 undecim
3017 5616 3169 5662 erant
3197 5608 3550 5678 congregati,
3583 5599 3760 5658 clausis

2193 5702 2345 5760 ostiis
2367 5707 2585 5770 propter
2616 5706 2817 5760 metum
2851 5697 3179 5766 Judteorum,
3213 5699 3356 5757 unde
3387 5713 3512 5756 cum
3547 5695 3758 5754 exiisset
