3986 6382
147 319 263 418 ἐδδ

1293 355 1727 418 THESAURUS.
1766 355 1921 415 CAP.
1961 355 2221 414 CLXXV.

3281 353 3387 416 854

172 473 383 542 Thomas,
405 471 546 531 venit
563 447 648 530 ari
659 485 756 531 eos
779 471 972 543 Jesus,
999 473 1115 529 sive
1135 479 1259 544 post
1282 483 1406 530 octo
1429 475 1550 530 illos
1577 474 1696 530 dies
1720 480 1776 540 Α
1799 487 1986 529 verum
2030 473 2196 528 Deum
2223 511 2240 540 ,
2277 479 2333 527 et
2371 484 2530 541 quem
2584 467 2774 526 misisti
2823 469 3006 526 Jesum
3062 467 3336 526 Christum
3363 513 3386 541 ,

105 525 129 676 ἲ
171 525 496 636 quandolihet;
528 565 659 622 nihil
689 564 851 621 habet
874 525 1102 621 adversi.
1137 525 1351 632 Postea,
1383 564 1573 636 inquit,
1600 579 1694 635 ap-
1720 525 1776 540 “
1805 566 1946 622 sicut
1975 564 2029 620 in
2057 566 2149 621 illa
2175 525 2475 620 aeiernitate
2503 571 2881 633 cognoscetur,
2913 575 3022 633 quo
3043 575 3229 618 servos
3255 525 3384 633 per:

120 657 129 700 ἕ
168 657 317 729 paruit
342 657 523 715 Jacobo
548 677 560 713 :
593 673 700 714 non
730 667 856 714 tunc
883 665 1061 714 autem
1089 659 1320 729 primum
1349 659 1593 728 accipere
1615 658 1702 714 de-

166 749 325 804 bemus
347 749 503 804 visum
532 763 654 805 esse
684 749 885 806 Jacobo
903 792 918 818 ,
953 748 1048 805 sed
1079 749 1252 820 aliqua
1281 749 1494 820 propria
1526 748 1700 803 mani-

164 840 404 897 iestatione
443 841 814 913 singulariter.
857 841 1059 897 Deinde
1104 841 1362 913 apostolis
1401 841 1650 896 omnibus
1683 881 1700 909 ,

162 948 250 989 nec
275 933 366 989 illis
389 940 510 990 tunc
549 935 780 1005 primum
807 975 824 1002 ,
854 935 950 991 sed
976 935 1088 1006 jam
1119 945 1177 991 ut
1214 935 1531 990 familiarius
1573 949 1704 991 con-

162 1033 420 1080 versaretur
439 1040 565 1082 cum
594 1025 673 1080 eis
710 1040 881 1095 usque
921 1025 988 1081 ad
1019 1027 1163 1081 diem
1201 1026 1534 1098 ascensionis
1562 1040 1698 1081 suae.

160 1117 417 1174 Novissime
459 1126 639 1174 autem
686 1117 956 1184 omnium,
996 1118 1210 1188 inquit,
1265 1117 1415 1189 quasi
1456 1119 1702 1173 avortivo

158 1208 410 1282 [abortivo]
446 1209 696 1280 apparuit
734 1219 790 1265 et
826 1210 1001 1278 mihi,
1042 1209 1139 1265 sed
1184 1209 1286 1264 hoc
1307 1208 1415 1278 jam
1457 1208 1524 1264 de
1563 1207 1701 1264 coelo

157 1311 268 1372 post
289 1316 379 1358 non
408 1317 626 1372 parvum
658 1311 872 1373 tempus
902 1303 1236 1360 ascensionis
1258 1319 1392 1359 suae.
1424 1303 1574 1358 Nunc
1590 1303 1701 1373 jam

155 1394 393 1451 videamus
431 1395 578 1466 quod
615 1395 994 1451 distuleramus
1017 1438 1032 1464 ,
1065 1395 1217 1466 cujus
1247 1394 1488 1466 mysterii
1532 1394 1702 1464 gratia

153 1488 411 1544 secundum
441 1488 755 1544 Matthaaum
783 1498 839 1546 et
866 1489 1104 1544 Marcum
1136 1504 1424 1560 resurgens
1445 1488 1517 1542 ita
1547 1503 1702 1542 man-

151 1579 336 1636 daverit
357 1580 687 1636 :Prmcedam
708 1596 804 1636 vos
821 1582 875 1636 in
898 1581 1195 1649 Galilaeam,
1219 1581 1291 1636 ibi
1308 1597 1395 1636 me
1412 1579 1697 1635 videbitis:

151 1673 281 1744 quod
303 1683 351 1730 et
372 1674 444 1730 sic
470 1675 800 1746 completum
824 1685 944 1743 est,
972 1686 1155 1731 tamen
1195 1684 1317 1745 post
1358 1675 1524 1729 multa
1548 1687 1699 1728 com-

148 1767 328 1838 pletum
349 1777 462 1835 est,
492 1783 612 1823 cum
639 1770 720 1824 sic
747 1768 1060 1824 mandatum
1112 1767 1207 1837 sit,
1240 1780 1542 1837 quanquam
1582 1765 1702 1819 sine

1804 657 1963 714 ducet
1983 673 2080 728 per
2106 658 2331 715 fortnam
2357 657 2523 727 servi,
2559 666 2617 713 ut
2639 655 2796 714 liberi
2822 655 3250 727 contemplemur
3274 655 3388 717 foro.

1806 765 1948 806 mam
1982 750 2215 807 Domini.

2330 861 2557 918 CAPUT
2595 859 2853 917 CLXXV.

1809 975 1960 1042 Quod
1988 975 2040 1029 in
2056 975 2214 1030 tribus
2231 977 2423 1041 activis,
2452 977 2505 1030 in
2519 975 2737 1032 Joannis
2758 986 2928 1032 autem
2946 975 3224 1048 Evangelia
3251 979 3389 1034 dona

1873 1048 2277 1120 contemplativa?
2301 1050 2500 1102 virtutis
2524 1050 2746 1103 eluceant
2787 1049 2984 1102 idoneis
3021 1050 3336 1120 dignoscere!
3366 1090 3386 1117 ,

1874 1119 1994 1188 quia
2016 1135 2118 1172 non
2149 1121 2388 1189 perfecte,
2417 1122 2506 1172 sed
2537 1135 2599 1173 ea:
2638 1129 2783 1188 parte
2811 1121 2899 1183 sit,
2922 1120 3034 1173 ideo
3065 1119 3138 1173 sic
3165 1121 3391 1175 manebit

1878 1190 2035 1242 donec
2056 1191 2250 1257 veniat,
2283 1205 2347 1243 ea:
2377 1190 2505 1244 libro
2549 1190 2614 1243 de
2641 1190 2902 1244 Consensu
2929 1190 3221 1262 evangelist.
3255 1207 3327 1245 tv.

1877 1300 2158 1372 Discipulis
2168 1302 2331 1356 etiam
2350 1300 2667 1356 insuiﬁando
2682 1301 2829 1357 dedit
2841 1301 3100 1371 Spiritum
3117 1310 3385 1371 sanctum,

1805 1408 1873 1448 ne
1899 1393 2011 1463 ipse
2038 1393 2268 1463 Spiritus
2294 1391 2649 1462 quiTrinitati
2678 1393 3141 1447 consubstantialis
3168 1401 3223 1446 et
3245 1407 3388 1447 coas-

1807 1493 1992 1539 ternus
2013 1493 2133 1551 est,
2162 1483 2534 1539 tantummodo
2561 1482 2732 1538 Patris
2767 1497 2889 1537 esse
2934 1498 3041 1539 non
3080 1483 3239 1539 etiam
3265 1481 3389 1537 Filii

1805 1576 2035 1646 Spiritus
2059 1585 2358 1648 putaretur.
2389 1576 2670 1631 Postremo
2694 1590 2818 1630 suas
2839 1589 2970 1630 oves
3010 1576 3170 1630 Petro
3189 1574 3392 1628 amanti

1806 1666 1949 1741 [se],
1979 1685 2210 1739 eumque
2240 1682 2478 1724 amorem
2502 1675 2583 1722 ter
2609 1666 2888 1723 conﬁtenti
2911 1665 3292 1721 commendans
3313 1664 3390 1719 di-

1803 1759 1915 1824 cit,
1944 1760 2194 1814 eumdem
2221 1758 2482 1814 Joannem
2502 1757 2579 1813 sic
2608 1773 2670 1812 se
2691 1757 2829 1813 velle
2852 1771 3072 1812 manere
3099 1755 3271 1811 donec
3299 1769 3393 1811 ve-

147 1858 430 1929 praljudicio
471 1859 837 1929 necessitatis,
870 1869 926 1914 ut
956 1867 1047 1913 aut
1086 1858 1190 1914 hoc
1211 1858 1384 1912 solum
1412 1897 1430 1925 ,
1462 1865 1554 1910 aut
1598 1857 1700 1910 hoc
1729 1871 1779 1931 Β
1808 1852 1952 1920 niat,
1979 1854 2071 1908 ubi
2109 1855 2270 1908 etiam
2305 1852 2437 1907 mihi
2465 1852 2678 1906 videtur
2714 1851 2821 1906 alto
2858 1850 3104 1907 docuisse
3134 1849 3395 1921 mysterio

145 1949 357 2019 primum
401 1959 800 2021 exspectaretur
854 1950 969 2006 ﬁeri
1019 1949 1289 2005 debuisse.
1337 1945 1695 2004 Proculdubio

144 2055 265 2114 ergo
283 2045 516 2113 quoniam
539 2059 645 2100 vox
665 2053 747 2100 est
767 2044 865 2098 ista
892 2059 996 2099 non
1026 2043 1381 2113 Evangelistze
1404 2039 1695 2106 narrantis,

141 2133 276 2203 quod
303 2132 369 2188 ita
394 2133 587 2189 factum
613 2135 683 2190 sit
708 2175 723 2201 ,
752 2134 848 2190 sed
872 2132 1045 2204 angeli
1074 2149 1140 2188 ex
1170 2132 1422 2188 mandato
1448 2130 1695 2196 Domini,

139 2233 194 2281 et
213 2225 363 2296 ipsius
386 2237 564 2296 postea
587 2227 821 2292 Domini,
857 2226 1217 2296 Evangelistze
1246 2234 1427 2280 autem
1469 2237 1698 2278 narran-

137 2317 225 2384 tis,
246 2317 333 2371 sed
359 2318 496 2387 quod
522 2318 596 2373 ita
631 2319 700 2373 ab
725 2318 920 2387 angelo
946 2361 962 2387 ,
987 2326 1039 2373 et
1068 2333 1100 2372 a
1131 2318 1358 2372 Domino
1393 2315 1592 2369 dictum
1635 2313 1705 2367 sit

135 2406 432 2474 prophetice
445 2407 644 2462 dictum
674 2406 1045 2476 accipiendum
1073 2413 1195 2474 est;
1221 2405 1440 2462 Galilaea
1472 2416 1705 2472 namque

135 2495 526 2565 interpretatur,
560 2498 647 2552 vel
673 2497 1095 2566 transmigratio,
1121 2497 1209 2552 vel
1246 2495 1523 2551 revelatio.
1552 2493 1708 2549 Prius

132 2585 310 2654 itaque
363 2587 652 2642 secundum
679 2587 1172 2656 transmigrationis
1211 2585 1664 2656 signiﬁcationem
1691 2624 1708 2651 ,

128 2674 260 2744 quid
287 2674 423 2731 aliud
459 2676 695 2731 occurrit
725 2676 1167 2746 intelligendum,
1218 2675 1479 2731 Praecedit
1515 2689 1614 2729 vos
1655 2674 1710 2729 in

127 2765 421 2836 Galilaeam,
450 2767 522 2823 ibi
549 2783 668 2822 eum
698 2767 980 2834 videbitis;
1013 2768 1117 2824 nisi
1161 2767 1285 2838 quia
1313 2766 1514 2823 Christi
1543 2765 1712 2836 gratia

126 2858 200 2913 de
230 2860 422 2928 populo
472 2861 642 2916 lsraél
687 2861 1138 2931 transmigratura
1185 2868 1302 2917 erat
1347 2861 1415 2916 ad
1470 2857 1713 2914 Gentes?

123 2947 323 3020 quibus
342 2950 568 3018 apostoli
598 2951 954 3021 praedicantes
983 2952 1334 3024 Evangelium
1366 2953 1514 3007 nullo
1547 2950 1714 3006 modo

123 3041 480 3098 crederentur
502 3087 518 3114 ,
550 3043 655 3099 nisi
686 3044 764 3100 eis
787 3045 905 3116 ipse
935 3045 1192 3101 Dominus
1217 3046 1356 3100 viam
1387 3045 1440 3099 in
1462 3043 1714 3098 cordibus

118 3133 401 3190 hominum
440 3146 806 3208 praepararet,
838 3149 890 3194 et
917 3138 1018 3194 hoc
1053 3138 1388 3208 intelligitur,
1438 3134 1715 3190 Prmcedet

1804 1944 1960 2000 istam
1976 1947 2142 2015 ipsam
2166 1945 2389 2000 Joannis
2413 1945 2772 2015 evangelicam
2794 1944 3268 2014 dispensationem,
3287 1957 3394 2014 qua

1800 2035 1858 2090 in
1888 2037 2064 2092 lucem
2096 2037 2506 2106 liquidissimam
2543 2037 2701 2092 Verbi
2743 2035 3044 2091 sublimiter
3074 2035 3262 2099 fertur,
3296 2035 3396 2101 ubi

1802 2127 2082 2184 Trinitatis
2124 2131 2401 2200 aequalitas
2441 2138 2496 2185 et
2535 2129 3046 2185 incommutabilitas
3093 2129 3265 2184 videri
3305 2142 3397 2197 po-

1807 2229 1930 2286 test,
1961 2231 2014 2276 et
2029 2237 2131 2290 qua
2155 2223 2389 2276 maxime
2424 2223 2747 2291 proprietate
2770 2222 2978 2276 disteta
3005 2221 3215 2276 caeteris
3232 2222 3395 2275 homo

1807 2315 1960 2384 cujus
1974 2319 2319 2385 susceptione
2331 2316 2570 2372 Verbum
2593 2331 2721 2371 caro
2743 2316 2942 2371 iactum
2965 2325 3082 2383 est,
3112 2315 3391 2384 perspicue

1809 2408 1957 2462 cerni
1983 2410 2344 2478 cognoscique
2367 2425 2475 2464 non
2499 2424 2660 2479 posse
2681 2449 2694 2473 ,
2720 2410 2823 2464 nisi
2849 2424 2968 2464 cum
2995 2411 3109 2479 ipse
3136 2410 3395 2464 Dominus

1810 2501 2042 2570 venerit,
2077 2502 2200 2557 ideo
2230 2503 2310 2557 sic
2345 2502 2583 2557 manebit
2609 2502 2781 2557 donec
2802 2502 3008 2557 veniat.
3041 2487 3271 2557 Manebit
3298 2515 3396 2557 au-

1813 2598 1920 2646 tem
1945 2607 2087 2647 nunc
2108 2594 2160 2648 in
2185 2593 2289 2648 ﬁde
2306 2593 2666 2659 credentium,
2693 2603 2820 2648 tunc
2850 2602 3030 2647 autem
3061 2592 3197 2649 facie
3225 2592 3290 2647 ad
3317 2591 3396 2647 fa-

1813 2682 1952 2736 ciem
1979 2682 2450 2752 contemplandum
2466 2685 2572 2738 erit
2591 2697 2713 2738 cum
2735 2691 3042 2754 apparuerit
3065 2682 3168 2737 vita
3187 2690 3396 2748 nostra,

1814 2782 1868 2830 et
1891 2787 1991 2828 nos
2019 2789 2140 2830 cum
2173 2775 2292 2844 ipso
2321 2775 2698 2844 apparebimus
2726 2775 2776 2828 in
2806 2775 2994 2844 gloria.
3025 2773 3275 2844 Quisquis
3301 2788 3397 2828 au-

1815 2878 1924 2926 tem
1946 2870 2237 2924 arbitratur
2267 2868 2473 2924 homini
2500 2870 2663 2924 vitam
2703 2869 2860 2924 istam
2898 2868 3178 2923 mortalem
3222 2867 3397 2922 adhuc

1817 2961 1994 3031 agenti
2025 2975 2182 3032 posse
2230 2965 2542 3030 contingere
2568 3001 2584 3027 ,
2621 2969 2680 3015 ut
2705 2960 2908 3015 dimoto
2955 2968 3116 3030 atque
3154 2959 3398 3016 discusso

1817 3055 1964 3109 omni
1994 3054 2176 3107 nubilo
2207 3035 2612 3123 phantasiarum
2635 3052 2991 3121 corporalium
3028 3060 3187 3119 atque
3209 3065 3399 3106 carna-

1816 3143 1946 3199 lium
1967 3184 1983 3209 ,
2019 3145 2360 3200 serenissima
2404 3143 2854 3199 incommutabilis
2883 3143 3123 3198 veritatis
3152 3143 3269 3198 luce
3303 3157 3400 3213 po-

116 3240 219 3282 VOS
250 3226 302 3281 ίη
333 3227 631 3284 ῧδιίιωίηηο
664 3227 816 3296 QUOd
839 3236 1019 3284 autem
1048 3229 1344 3299 Eandemes
1367 3227 1707 3291 miraremur.
1739 3235 1787 3300 C
1818 3235 1982 3290 tiatur
2002 3277 2017 3302 ,
2040 3244 2096 3290 et
2123 3247 2303 3291 mente
2333 3236 2546 3306 penitus
2587 3251 2618 3291 a
2661 3236 3054 3292 consuetudine
3083 3238 3204 3290 vitae
3242 3236 3400 3306 hujus

112 3318 378 3388 disruptis
411 3328 466 3375 et
485 3321 677 3376 evictis
719 3320 1125 3376 difﬁcultatibus
1154 3319 1352 3389 aperiri
1384 3317 1485 3374 sibi
1509 3318 1735 3396 ostium1

111 3414 171 3469 in
195 3412 427 3468 Domino
449 3428 546 3482 per
571 3413 1018 3470 illuminationem
1044 3413 1304 3480 ﬁdelium,
1328 3411 1431 3466 hoc
1454 3410 1713 3480 intelligi-

107 3511 228 3572 tur,
279 3502 357 3560 ibi
391 3519 514 3560 eum
548 3504 820 3575 videbitis,
863 3505 917 3559 id
958 3513 1071 3570 est,
1103 3503 1177 3557 ibi
1209 3504 1453 3558 membra
1481 3502 1598 3569 ejus
1630 3503 1714 3554 in-

103 3598 368 3664 venietis,
398 3597 471 3652 ibi
499 3596 677 3652 vivum
707 3611 904 3668 corpus
937 3596 1056 3666 ejus
1096 3596 1152 3649 in
1184 3595 1267 3649 his
1294 3608 1428 3664 quos
1459 3593 1568 3663 [qui
1597 3589 1716 3663 ves]

101 3691 790 3761 susceperintagnoscetis;
814 3689 1106 3746 secundum
1121 3689 1248 3744 illud
1263 3697 1436 3743 autem
1455 3687 1594 3758 quod
1614 3685 1717 3741 Ga-

101 3786 259 3840 lilma
287 3787 678 3855 interpretatur
701 3785 980 3851 revelatio,
1013 3800 1120 3841 non
1145 3785 1255 3854 jam
1285 3784 1339 3839 in
1373 3783 1541 3838 forma
1573 3780 1718 3837 servi

94 3877 530 3947 intelligendum
556 3886 678 3943 est,
715 3877 811 3932 sed
837 3876 889 3931 in
918 3876 1004 3930 illa
1048 3875 1102 3930 in
1133 3892 1236 3946 qua
1260 3875 1479 3945 aequalis
1513 3883 1594 3928 est
1617 3872 1717 3927 Pa-

93 3968 184 4024 tri
233 3983 400 4036 quam
446 3968 696 4036 promisit
739 3967 880 4035 apud
909 3966 1169 4022 Joannem
1206 3965 1555 4021 dilectoribus
1605 3963 1718 4018 suis

92 4072 240 4114 cum
272 4056 519 4122 diceret;
561 4056 629 4110 Et
654 4071 754 4124 ego
779 4057 997 4126 diligam
1043 4071 1166 4110 eum
1205 4065 1259 4110 et
1290 4055 1568 4109 ostendam
1607 4068 1722 4106 me-

89 4151 295 4220 ipsum
323 4147 425 4202 illi.
443 4147 560 4202 Non
580 4147 763 4216 utique
778 4147 1072 4202 secundum
1089 4146 1140 4201 id
1162 4146 1302 4216 quod
1321 4146 1430 4214 jam
1445 4144 1720 4210 videbant,

84 4249 164 4301 et
191 4240 346 4312 quod
378 4242 542 4296 etiam
564 4255 852 4311 resurgens
874 4255 992 4295 cum
1022 4239 1382 4304 cicatricibus,
1414 4254 1520 4294 non
1549 4237 1720 4292 solum

85 4335 452 4400 videndum,
483 4335 577 4390 sed
611 4335 775 4389 etiam
808 4332 1134 4403 tangendum
1172 4332 1513 4403 postmodum
1540 4339 1723 4385 osten-

79 4427 206 4490 dit,
253 4423 358 4478 sed
397 4423 692 4478 secundum
721 4423 868 4478 illam
905 4423 1226 4478 ineﬁ’abilem
1257 4421 1432 4477 lucem
1460 4435 1564 4491 qua
1603 4420 1724 4474 illu-

78 4517 287 4574 minat
310 4529 536 4570 omnem
562 4515 835 4570 hominem
859 4515 1163 4571 venientem
1190 4516 1244 4569 in
1272 4514 1414 4570 hunc
1437 4512 1717 4578 mundum,

1817 3329 2048 3384 alienata
2074 3373 2089 3398 ,
2139 3328 2217 3384 illi
2245 3338 2555 3385 constanter
2585 3339 2639 3383 et
2674 3329 3127 3384 indeclinabiliter
3172 3329 3397 3396 haereat,

1817 3435 1916 3476 nec
1963 3421 2090 3491 quid
2139 3429 2346 3490 quaerat
2403 3435 2503 3476 nec
2543 3421 2662 3489 quis
2700 3429 2908 3490 qumrat
2947 3419 3214 3488 intelligit.
3260 3417 3394 3473 Cre-

1819 3511 1909 3566 dat
1989 3526 2117 3580 ergo
2158 3510 2358 3579 'potius
2419 3511 2634 3565 sublimi
2702 3510 3007 3565 auctoritati
3075 3509 3400 3579 minimeque

1825 3605 1981 3676 1-15
2012 3603 2207 3667 fallaci,
2238 3603 2471 3673 quandiu
2502 3583 2772 3659 sumus'in
2802 3617 3030 3672 corpore
3071 3601 3400 3672 peregrinari

1820 3714 1919 3754 nos
1946 3714 1975 3752 a
2019 3697 2247 3752 Domino
2291 3704 2345 3752 et
2373 3695 2647 3751 ambulare
2674 3711 2769 3764 per
2807 3695 3000 3762 ﬁdem,
3043 3694 3278 3749 nondum
3306 3708 3403 3764 per

1820 3790 2052 3861 speciem
2070 3834 2086 3859 ,
2133 3805 2194 3844 ac
2221 3790 2299 3844 sic
2327 3798 2736 3859 perseveranter
2758 3789 3012 3844 'retinens
3040 3798 3199 3858 atque
3225 3795 3404 3842 custo-

1820 3884 1972 3940 diens
2005 3883 2185 3950 ﬁdem,
2226 3897 2374 3952 spem
2405 3891 2460 3937 et
2489 3880 2822 3948 charitatem,
2858 3880 3098 3936 intendat
3142 3879 3195 3934 in
3223 3877 3404 3946 specie

1821 3990 1887 4032 ex
1909 3975 2130 4044 pignore
2174 3974 2316 4042 quod
2347 3971 2519 4027 sancti
2548 3972 2778 4040 Spiritus
2810 3970 3114 4038 accepimus
3137 4011 3152 4033 ,
3186 3969 3274 4036 qui
3305 3983 3403 4023 nos

1823 4067 2036 4123 docebit
2085 4063 2286 4137 [docet]
2333 4077 2550 4119 onmem
2599 4063 2908 4128 veritatem,
2953 4076 3074 4115 cum
3124 4059 3264 4114 Deus
3310 4060 3404 4128 qui

1825 4158 2100 4216 suscitavit
2140 4156 2323 4213 Jesum
2359 4155 2633 4210 Christum
2678 4169 2709 4209 a
2755 4155 2978 4208 mortuis
3017 4151 3309 4208 viviﬁcabit
3347 4160 3402 4206 et

1827 4247 2072 4302 mortalia
2101 4260 2332 4325 corpora
2363 4253 2544 4299 nostra
2574 4259 2670 4313 per
2713 4242 3101 4298 inhabitantem
3146 4242 3403 4312 Spiritum

1827 4340 1944 4411 ejus
1966 4339 2020 4394 in
2051 4339 2225 4394 nobis.
2256 4338 2411 4394 Prius
2439 4349 2617 4392 autem
2640 4352 2800 4407 quam
2824 4336 3121 4392 viviﬁcetnr
3141 4336 3242 4392 hoc
3260 4334 3407 4406 quod

1828 4441 2098 4488 mortuum
2143 4438 2262 4500 est,
2311 4439 2530 4501 propter
2573 4438 2852 4500 peccatum
2894 4427 3244 4499 proculdubio
3287 4443 3406 4485 cor-

1829 4523 2081 4593 ruptibile
2104 4530 2208 4589 est,
2240 4530 2293 4576 et
2313 4527 2565 4591 aggravat
2579 4521 2810 4575 animam
2830 4535 2845 4585 ;
2868 4518 2987 4574 etsi
3010 4518 3220 4587 quando
3247 4534 3278 4574 a
3301 4518 3407 4577 vita

79 4607 427 4664 secundum
466 4621 626 4678 quam
658 4607 803 4663 lucet
836 4608 889 4662 in
933 4607 1204 4678 tenebris,
1241 4616 1297 4662 et
1330 4605 1567 4661 tenebrae
1593 4620 1714 4660 eum
1744 4602 1799 4663 D
1824 4615 2037 4672 excedit
2064 4614 2202 4669 hanc
2246 4614 2497 4668 nebulam
2540 4627 2644 4683 qua
2690 4611 2886 4680 tegitur
2931 4610 3108 4666 omnis
3138 4619 3301 4680 terra,
3349 4610 3404 4666 id

75 4711 216 4756 non
270 4699 831 4768 comprehenderunt.
882 4697 1014 4752 illuc
1056 4701 1333 4769 prmcessit
1371 4697 1522 4770 [illuc
1558 4695 1711 4768 nos],

77 4793 259 4850 unde
291 4793 365 4846 ad
413 4805 515 4846 nos
541 4792 766 4847 veniens
804 4805 909 4844 non
941 4792 1185 4858 recessit,
1219 4799 1273 4846 et
1301 4806 1406 4860 quo
1443 4805 1541 4845 nos
1581 4806 1717 4858 prae-

68 4886 320 4943 cedens
373 4898 488 4939 non
540 4882 823 4938 deseruit:
862 4879 951 4935 illa
1005 4882 1110 4936 erit
1159 4881 1421 4936 revelatio
1465 4889 1716 4949 tanquam

68 4993 236 5035 vera
269 4977 509 5032 Galilaea
538 4992 553 5042 ;
578 4989 700 5030 cum
732 4974 937 5029 similes
967 4974 1018 5027 ei
1045 4973 1280 5040 erimus,
1300 4972 1375 5026 ibi
1399 4987 1522 5028 eum
1569 4971 1718 5027 vide-

68 5071 296 5128 bimus
331 5069 499 5124 sicuti
530 5075 632 5124 est.
661 5069 778 5135 ipsa
810 5067 914 5122 erit
951 5066 1110 5121 etiam
1142 5067 1348 5120 beatior
1377 5066 1722 5136 transmigra-

68 5168 174 5222 tio
207 5180 288 5219 ex
315 5164 434 5218 isto
467 5162 667 5219 saeculo
691 5162 743 5216 in
777 5161 922 5216 illam
954 5161 1337 5225 tetemitatem,
1370 5160 1416 5215 si
1443 5159 1559 5230 ejus
1588 5174 1726 5228 prte-

68 5264 266 5326 cepta
304 5255 395 5309 sic
430 5254 818 5324 amplectamur
846 5261 904 5307 ιιι
932 5253 998 5307 ad
1029 5251 1148 5323 ejus
1178 5253 1428 5308 dextram
1457 5251 1726 5322 segregari

68 5361 465 5406 mereamur.
489 5345 638 5399 'i‘unc
654 5343 795 5398 enim
818 5343 969 5398 ibunt
989 5344 1195 5399 sinistri
1219 5343 1271 5398 in
1293 5343 1722 5399 combustionem

68 5452 425 5506 aeternam,
458 5437 588 5508 justi
619 5444 794 5490 autem
819 5435 875 5490 in
902 5436 1065 5491 vitam
1110 5445 1388 5492 aeternam.
1419 5435 1558 5491 Hinc
1595 5435 1723 5491 illuc

68 5530 630 5600 transmigrabunt,
658 5537 712 5582 et
747 5542 870 5582 eum
899 5529 1156 5585 videbunt
1188 5530 1458 5601 quomodo
1502 5544 1608 5584 non
1644 5531 1722 5584 vi-

68 5629 236 5684 Jent
274 5623 474 5693 impii.
506 5621 746 5677 Tolletut‘
784 5623 925 5676 enim
953 5623 1146 5692 impius
1172 5635 1369 5680 utnon
1408 5625 1587 5680 videat
1614 5623 1724 5679 cla-

68 5723 343 5778 ritatem
372 5715 614 5783 Domini,
641 5725 696 5771 et
725 5715 875 5785 impii
912 5715 1094 5771 lumen
1123 5733 1230 5772 non
1280 5719 1557 5773 videbunt.
1601 5719 1726 5775 llaec

68 5821 176 5873 est
201 5820 447 5880 autem,
477 5809 680 5880 inquit,
701 5807 812 5866 vita
834 5820 1055 5878 aeterna,
1073 5817 1130 5867 ut
1147 5820 1471 5881 cognoscant
1493 5821 1542 5869 te
1559 5827 1722 5868 unum

1824 4718 1928 4775 est,
1957 4709 2096 4763 hanc
2117 4706 2385 4762 carnalem
2411 4705 2714 4774 caliginem,
2746 4718 2848 4774 qua
2875 4702 3069 4773 tegitur
3092 4703 3267 4758 omnis
3297 4703 3407 4758 vita

1825 4810 2060 4868 terrena,
2090 4811 2342 4870 tanquam
2368 4797 2554 4868 rapida
2582 4795 2952 4851 coruscatione
2995 4797 3403 4866 perstringitur,

1826 4901 1882 4948 et
1908 4893 1962 4947 in
1992 4907 2143 4946 suam
2167 4891 2535 4946 inﬁrmitatem
2565 4887 2723 4957 redit,
2755 4888 2973 4943 vivente
3004 4887 3273 4942 desiderio
3297 4901 3406 4955 quo

1827 5001 2015 5042 rursus
2036 4987 2293 5054 erigatur,
2325 4998 2424 5038 nec
2455 4981 2756 5037 sufﬁciente
2783 4979 3040 5036 munditia
3058 4994 3162 5051 qua
3193 4982 3407 5048 ligatur,

1829 5084 1885 5132 et
1912 5085 2112 5147 quanto
2134 5076 2358 5145 quisque
2385 5073 2488 5129 hoc
2518 5073 2686 5144 magis
2703 5081 2898 5144 potest,
2932 5081 3076 5126 tanto
3104 5071 3280 5139 major
3303 5078 3406 5135 est;

1829 5178 2030 5240 quanto
2060 5178 2236 5222 autem
2267 5167 2472 5234 minus,
2524 5175 2670 5219 tanto
2722 5165 2919 5221 minor.
2967 5162 3024 5218 Si
3061 5169 3240 5217 autem
3277 5160 3409 5216 nihil

1829 5259 2005 5315 adhuc
2036 5257 2141 5313 tale
2168 5273 2320 5312 mens
2349 5256 2578 5312 hominis
2609 5264 2833 5326 experta
2862 5262 2947 5309 est
2971 5293 2987 5319 ,
3017 5252 3072 5306 in
3102 5267 3202 5322 qua
3231 5263 3407 5307 tamen

1831 5353 2034 5408 habitat
2061 5351 2308 5407 Christus
2331 5365 2425 5420 per
2464 5349 2656 5412 ﬁdem,
2681 5348 2883 5402 instare
2925 5343 3083 5400 debet
3107 5344 3412 5400 minuendis

1831 5445 2184 5514 ﬁniendisque
2212 5441 2595 5512 cupiditatibus
2640 5439 2798 5507 hujus
2827 5436 3012 5492 smculi
3057 5437 3276 5492 moralis
3303 5436 3411 5491 vir-

1830 5539 1961 5593 tutis
1998 5537 2249 5602 actione,
2293 5543 2546 5604 tanquam
2593 5532 2650 5586 in
2692 5529 2946 5586 comitatu
2990 5529 3150 5585 trium
3196 5529 3410 5589 illorum

1829 5628 2276 5700 evangelistarum
2307 5640 2427 5680 cum
2477 5621 2776 5679 mediatore
2827 5620 3045 5677 Christo
3090 5620 3411 5688 ambulans;

1829 5736 2057 5791 eumque
2077 5721 2165 5789 qui
2196 5717 2364 5773 Filius
2389 5716 2484 5772 Dei
2515 5729 2728 5784 semper
2753 5723 2858 5780 est,
2882 5722 3102 5784 prapter
3119 5727 3219 5768 nos
3241 5712 3411 5773 ﬁlium

1831 5799 2062 5872 hominis
2094 5810 2314 5880 factum,
2343 5817 2404 5867 ut
2443 5807 2770 5879 sempiterna
2798 5806 2969 5865 virtus
2995 5804 3115 5876 ejus
3144 5813 3199 5864 et
3218 5803 3386 5864 divim
