3986 6382
541 311 652 370 855

1603 311 1667 364 D.
1708 303 2023 362 EUGYPPII
2061 301 2349 360 ABBATIS
2387 301 2710 360 AFRICANI

3690 291 3779 348 836

540 432 622 483 tas
669 389 889 481 nostrae!
922 423 1213 481 inﬁrmitati
1243 431 1298 479 et
1344 420 1657 478 mortalitati
1701 424 2105 487 contemperata
2130 415 2186 478 Α
2282 415 2735 497 nia-Pulcherrima
2755 419 2920 484 docet,
2947 415 3154 472 exlibro
3176 408 3598 478 “Quintianum
3629 407 3782 497 Eran'

544 519 614 576 de
642 529 831 575 nostro
859 519 1093 575 nobisin
1119 532 1177 573 se
1199 525 1359 586 atque
1386 516 1452 572 ad
1483 529 1541 576 se
1566 515 1766 569 faceret
1794 513 1957 578 viam,
1991 525 2113 566 cum

543 627 751 682 agnae
797 613 912 682 spei
953 611 1132 666 laetitia
1183 609 1416 665 ﬁdeliter
1450 615 1648 665 teneat.
1694 606 1772 660 Ne
1818 613 2034 676 peccet,
2085 617 2117 658 a

451 777 454 780 ι
542 721 671 776 rege
697 706 909 762 Christo
935 713 1189 775 regatur;
1229 703 1275 758 si
1321 703 1458 758 forte
1485 701 1800 769 peccaverit,
1832 699 1901 753 ab
1925 697 2114 753 eodem

542 797 824 853 sacerdote
851 795 1064 850 Christo
1095 794 1360 864 expietur.
1380 795 1622 861 atqueita
1655 793 1706 846 in
1729 791 1936 847 actione
1961 789 2116 844 bona:

544 889 968 948 conversationis
990 897 1045 944 et
1068 890 1191 944 vitm
1219 897 1439 944 nutritis
1469 887 1677 956 pennis,
1711 885 1934 956 geminae
1959 883 2118 938 dilec-

542 984 728 1049 tionis,
760 990 1010 1050 tanquam
1051 979 1258 1035 duabns
1288 980 1386 1034 alis
1411 977 1597 1033 validis
1624 987 1840 1034 evectus
1881 992 1911 1030 a
1937 974 2110 1041 terris,

540 1075 606 1130 ab
626 1073 812 1131 eodem
837 1073 954 1143 ipso
975 1071 1192 1128 Christo
1205 1072 1383 1128 Verbo
1399 1072 1747 1137 illuminetur,
1774 1070 1953 1126 Verbo
1973 1069 2115 1140 quod

540 1165 598 1221 In
628 1165 891 1235 principio
919 1173 1071 1233 erat,
1125 1173 1180 1221 et
1226 1164 1460 1220 Verbum
1491 1163 1628 1232 apud
1677 1166 1840 1219 Deum
1887 1169 2021 1231 erat,
2064 1168 2118 1215 et

541 1255 775 1311 Verbum
819 1254 960 1310 Deus
1011 1263 1153 1320 erat;
1189 1254 1287 1310 etsi
1335 1269 1428 1324 per
1457 1253 1732 1323 speculum
1770 1262 1824 1308 et
1863 1253 1916 1306 in
1963 1250 2120 1320 aenig-

540 1353 706 1410 mate,
736 1346 893 1414 longe
937 1353 1116 1400 tamen
1164 1344 1442 1401 sublimius
1470 1345 1537 1399 ab
1577 1345 1720 1399 omni
1766 1344 2118 1399 similitudine

541 1437 827 1508 corporali.
859 1438 1196 1509 Quapropter
1223 1439 1467 1507 quamvis
1497 1438 1550 1492 in
1589 1439 1694 1493 illis
1716 1437 1884 1494 tribus
1907 1438 2114 1505 activae,

541 1529 594 1586 in
621 1529 846 1584 Joannis
875 1539 1055 1585 autem
1088 1530 1381 1599 Evangelio
1403 1530 1542 1584 dona
1564 1530 1985 1599 contemplativa:
2007 1531 2118 1585 vir-

542 1624 668 1678 tutis
695 1623 942 1678 eluceant
967 1624 1046 1679 eis
1070 1623 1162 1693 qui
1193 1623 1308 1677 haec
1339 1621 1483 1694 [hoc]
1507 1623 1824 1693 dignoscere
1852 1630 1977 1677 sunt
2004 1622 2119 1677 ido-

539 1714 647 1780 nei,
674 1723 852 1770 tamen
895 1721 950 1770 et
993 1714 1094 1769 hoc
1132 1713 1382 1779 Joannis,
1413 1715 1662 1783 quoniam
1708 1728 1772 1769 ex
1820 1721 1969 1783 parte
1999 1723 2114 1781 est,

2295 489 2439 559 gelii.

2289 620 2365 676 De
2389 621 2566 690 pueris
2605 619 2909 678 sedentibus
2952 620 3004 674 in
3043 618 3158 673 foro
3203 625 3257 671 et
3302 613 3369 671 ad
3421 611 3652 671 invicem
3689 613 3777 671 cla-

2218 713 2523 779 mantibus,
2555 730 2814 770 converso
2840 713 3028 769 ordine
3069 711 3137 767 ad
3182 711 3456 783 proposita
3489 709 3774 778 respondit.

2217 805 2349 862 Nam
2380 806 2518 875 quod
2552 795 2654 873 ait,
2713 806 3144 864 Lamentavimns
3174 816 3227 861 et
3266 821 3371 861 non
3404 803 3663 874 plorastis
3686 845 3699 868 ,
3725 805 3774 858 ad

2216 902 2476 958 Joannem
2509 903 2768 972 pertinet,
2821 900 2971 968 cujus
2998 897 3318 953 abstinentia
3359 911 3388 949 a
3419 895 3558 949 cibis
3593 903 3646 949 et
3673 906 3776 963 potu

2219 992 2419 1048 luctum
2467 993 2793 1063 poenitentiae
2848 989 3200 1062 signiﬁcabat.
3244 987 3396 1056 Quod
3449 995 3638 1041 autem
3682 988 3772 1052 ait,

2217 1083 2714 1141 Cantavimustibiis
2739 1092 2792 1138 et
2818 1098 2924 1136 nou
2947 1081 3201 1146 saltastis,
3226 1079 3290 1133 ad
3316 1078 3489 1148 ipsum
3522 1077 3774 1134 Dominum

2220 1174 2518 1247 [pertinet],
2553 1173 2642 1244 qui
2672 1175 2868 1229 utendo
2903 1189 3021 1228 cum
3059 1170 3269 1228 caeteris
3310 1170 3434 1225 cibo
3465 1180 3521 1226 et
3555 1180 3678 1239 potu
3708 1169 3775 1224 lte-

2219 1265 2386 1320 titiam
2442 1265 2591 1337 regni
2642 1265 2923 1336 ﬁgurabat.
2973 1265 3043 1318 At
3093 1263 3169 1318 illi
3211 1277 3311 1318 nec
3361 1262 3637 1317 humiliari
3678 1278 3770 1317 cum

2218 1359 2422 1417 Joanne
2446 1401 2462 1428 ,
2493 1376 2591 1416 nec
2619 1376 2737 1416 cum
2767 1357 2980 1416 Christo
3009 1358 3243 1429 gaudere
3271 1358 3603 1424 voluerunt,
3631 1358 3771 1413 dicen-

2219 1463 2301 1510 tes
2323 1455 2470 1510 illnm
2501 1454 2821 1510 daemonium
2841 1453 3060 1521 habere,
3083 1455 3244 1508 istum
3267 1467 3529 1507 voracem
3557 1461 3611 1506 et
3635 1451 3768 1506 ebrio-

2224 1563 2364 1612 sum,
2397 1557 2452 1603 et
2476 1549 2708 1603 amicum
2738 1547 3141 1618 publicanorum
3169 1553 3223 1600 et
3251 1553 3622 1616 peccatorum.
3653 1543 3768 1614 Quod

2237 1648 2415 1696 autem
2470 1641 2783 1712 subjungit,
2836 1639 2902 1695 Et
2948 1635 3236 1709 iustiﬁcata
3295 1645 3379 1692 est
3422 1636 3677 1705 sapientia
3720 1635 3768 1687 ab

2228 1733 2479 1789 omnibus
2519 1733 2640 1788 ﬁliis
2681 1733 2816 1799 suis,
2854 1731 3090 1788 ostendit
3141 1729 3279 1786 ﬁlios
3321 1728 3602 1798 sapientia:
3647 1727 3766 1782 intel-

539 1806 615 1862 sic
642 1805 879 1861 manebit
899 1805 1069 1860 donec
1093 1805 1272 1860 veniat
1293 1804 1435 1875 quod
1461 1805 1754 1874 perfectum
1794 1813 1895 1860 est.
1931 1805 1998 1860 Et
2024 1805 2113 1860 alii
2143 1793 2193 1856 Β
2223 1825 2405 1896 “gere,
2438 1840 2536 1880 nec
2565 1825 2617 1880 in
2648 1793 2964 1881 absuéendo
2984 1863 2999 1889 ’
3048 1837 3148 1878 nec
3179 1822 3233 1876 in
3275 1793 3649 1875 man'ducando
3674 1832 3764 1872 esse

538 1896 758 1968 quidem
797 1897 954 1957 datur
993 1911 1090 1966 per
1134 1897 1391 1965 Spiritum
1442 1912 1621 1952 sermo
1659 1898 1935 1968 sapientiae
1968 1940 1981 1966 ,
2027 1897 2118 1953 alii

538 2004 720 2048 sermo
765 1990 1009 2046 scientia:
1044 1989 1341 2046 secundum
1389 1991 1635 2046 eumdem
1665 1991 1953 2061 Spiritum;
1985 1991 2120 2047 alius

541 2081 682 2138 diem
714 2080 940 2136 Domino
969 2081 1146 2151 sapit,
1179 2083 1311 2137 alius
1362 2083 1429 2138 de
1477 2093 1695 2153 pectore
1723 2083 1937 2139 Domini
1967 2084 2122 2154 liqui-

540 2173 664 2228 dius
709 2173 908 2244 aliquid
936 2173 1110 2240 bibit,
1143 2174 1282 2228 alius
1311 2174 1517 2230 levatus
1563 2190 1732 2246 usque
1781 2175 1847 2231 ad
1905 2177 2119 2232 tertium

540 2264 734 2321 caelum
756 2265 1042 2321 ineﬁ‘abilia
1068 2266 1229 2322 verba
1255 2267 1401 2322 audit
1436 2285 1448 2321 :
1475 2281 1660 2323 omnes
1691 2276 1866 2324 tamen
1885 2269 2120 2339 quandiu

545 2363 670 2412 sunt
697 2356 755 2410 in
781 2371 1013 2425 corpore
1035 2356 1446 2427 peregrinantur
1467 2373 1497 2412 a
1517 2347 1764 2428 Domino,
1791 2367 1846 2414 et
1875 2359 2122 2415 omnibus

544 2444 702 2502 bona:
751 2447 866 2516 spei
896 2445 1146 2503 ﬁdelibus
1188 2446 1244 2502 in
1294 2447 1431 2503 libro
1479 2449 1598 2504 vita:
1639 2449 1851 2520 scriptis
1880 2457 2122 2505 servatur

544 2538 687 2607 quod
717 2539 918 2595 dictum
944 2549 1025 2595 est
1058 2556 1074 2595 :
1105 2541 1192 2596 Et-
1215 2555 1314 2611 ego
1343 2541 1558 2612 diligam
1589 2557 1733 2608 eum,
1765 2551 1819 2598 et
1844 2542 2122 2598 ostendam

541 2633 804 2700 meipsnm
833 2632 931 2688 illi.
978 2633 1359 2690 Verumtamen
1403 2636 1458 2690 in
1508 2637 1609 2691 hac
1655 2636 2121 2707 peregrinatione,

542 2732 800 2792 quantum
827 2723 880 2778 in
905 2725 982 2779 rei
1001 2723 1162 2795 hujus
1182 2726 1534 2796 intelligentia
1557 2728 1786 2798 quisque
1809 2728 2120 2797 profecerit,

542 2822 692 2870 tanto
723 2817 890 2886 magis
927 2827 1118 2874 caveat
1141 2818 1404 2874 diabolica
1433 2821 1585 2887 vitia,
1631 2821 1939 2890 superbiam
1970 2829 2023 2876 et
2044 2820 2124 2876 in-

546 2905 867 2975 videntiam;
896 2909 1204 2966 meminerit
1249 2910 1352 2966 hoc
1379 2912 1556 2981 ipsum
1592 2912 1933 2982 Evangelium
1963 2912 2126 2967 Joan-

545 2996 652 3063 nis,
683 3013 843 3068 quam
886 3000 1053 3055 multo
1079 3001 1308 3070 amplius
1334 3003 1492 3074 erigit
1529 3004 1595 3058 ad
1618 3004 2122 3074 contemplationem

2218 1915 2500 1988 justitiam,
2537 1916 2632 1972 sed
2658 1915 2712 1971 in
2742 1913 3144 1986 aequanimitate
3173 1910 3458 1989 tolerandi.
3490 1909 3702 1980 inopiam
3725 1916 3762 1962 et

2221 2008 2627 2077 temperantiam
2654 2022 2749 2077 per
2777 2003 3179 2070 abundantiam,
3207 2019 3312 2057 non
3343 2018 3403 2058 se
3423 1990 3764 2070 corrumpendi

2220 2108 2381 2169 atque
2422 2108 2722 2170 opportune
2751 2096 3000 2153 sumendi
3032 2096 3117 2151 vel
3163 2109 3272 2150 non
3303 2091 3548 2150 sumendi
3574 2108 3628 2148 ea
3650 2104 3763 2162 quo-

2220 2207 2338 2248 rum
2368 2207 2472 2246 non
2501 2206 2632 2246 usus
2662 2189 2759 2245 sed
2777 2185 3210 2257 concupiscentia
3232 2183 3652 2256 reprehendenda
3671 2191 3758 2237 est.

2222 2282 2337 2338 Non
2370 2281 2511 2336 enim
2537 2282 2759 2336 interest
2787 2279 3008 2335 omnino
3036 2275 3164 2349 quid
3194 2276 3542 2332 alimentorum
3569 2285 3748 2337 sumas,

2224 2380 2280 2427 nt
2306 2384 2583 2427 succurras
2603 2369 2905 2426 necessitati
2925 2368 3183 2438 corporis,
3213 2364 3487 2421 dummodo
3513 2375 3756 2431 congruas

2222 2464 2276 2519 in
2306 2463 2591 2534 generibus
2620 2463 2998 2517 alimentorum
3027 2459 3110 2515 his
3138 2473 3259 2514 cum
3286 2456 3473 2528 quibus
3497 2455 3584 2511 tibi
3602 2453 3760 2508 viven-

2222 2557 2349 2612 dum
2373 2565 2474 2612 est.
2529 2555 2714 2628 Neque
2744 2566 3001 2626 quantum
3051 2568 3232 2610 sumas
3281 2552 3511 2608 multum
3553 2550 3756 2613 interest,

2225 2664 2346 2705 cum
2377 2648 2654 2705 videamus
2679 2649 2902 2703 aliorum
2935 2645 3271 2703 stomachum
3319 2645 3482 2699 citius
3509 2642 3688 2707 satiari,
3718 2648 3755 2694 et

2225 2759 2320 2801 eos
2347 2752 2522 2799 tamen
2554 2743 2633 2798 illi
2676 2742 2779 2812 ipsi
2820 2756 2986 2812 parvo
3031 2756 3136 2811 quo
3179 2741 3448 2795 satiantur
3477 2736 3693 2792 ardenter
3712 2741 3752 2786 et

2223 2836 2654 2903 intolerabiliter,
2685 2846 2738 2891 et
2772 2835 2992 2890 omnino
3021 2832 3248 2903 turpiter
3270 2830 3524 2895 inhiare;
3552 2826 3652 2882 alios
3670 2839 3740 2876 au-

2224 2939 2332 2986 tem
2366 2929 2608 3000 plusculo
2638 2927 2854 2998 quidem
2905 2925 3121 2992 satiari,
3171 2921 3267 2979 sed
3317 2919 3624 2976 tolerabilius
3657 2913 3738 2967 ino-

2225 3023 2369 3093 piam
2397 3022 2624 3092 perpeti,
2651 3030 2704 3075 et
2731 3020 2814 3076 vel
2837 3029 2962 3074 ante
2990 3019 3175 3072 horam
3202 3014 3414 3085 positas
3443 3011 3633 3083 epulas,
3652 3007 3688 3061 si
3707 3004 3749 3058 id

541 3090 803 3182 Firmus;
832 3099 939 3147 iam
968 3092 1140 3182 ωιιιιο
1167 3092 1400 3182 amplius
1423 3095 1713 3163 Ρτωοίρθτθ
1737 3095 1807 3151 de
1844 3095 2126 3151 (Ῐυιοεάίηθ
2156 3171 2194 3182 _
2226 3090 2280 3168 in
2309 3090 2550 3182 tempore
2579 3122 2672 3168 aut
2699 3126 2834 3181 opus
2874 3109 2964 3176 sit,
2996 3117 3088 3164 aut
3114 3121 3340 3165 necesse
3366 3106 3438 3162 sit
3464 3145 3479 3171 ,
3505 3119 3612 3159 cum
3649 3112 3755 3155 tnu-

545 3179 846 3238 charitatis.
891 3182 962 3236 Et
1012 3181 1134 3251 quia
1184 3180 1358 3255 [illud]
1411 3193 1732 3253 praeceptum
1781 3185 2117 3240 verissimum
2147 3171 2197 3237 (Ξ

541 3279 605 3323 ac
628 3269 1038 3325 saluberrimum
1067 3280 1170 3328 est.
1201 3287 1216 3325 :
1247 3271 1457 3337 Quanto
1485 3286 1710 3344 magnus
1735 3287 1815 3338 es,
1843 3282 1990 3329 tanto
2019 3274 2114 3328 hu-

541 3362 685 3418 milia
717 3372 769 3419 te
795 3363 850 3419 in
879 3363 1165 3430 omnibus;
1194 3364 1284 3434 qui
1308 3364 1632 3436 evangelista
1661 3365 1932 3422 Christum
1960 3367 2118 3436 longe

540 3455 750 3511 caeteris
779 3455 939 3515 altius
961 3454 1322 3523 commendat,
1352 3456 1492 3527 apud
1518 3471 1641 3514 eum
1656 3457 1931 3528 discipulis
1953 3458 2118 3528 pedes

539 3544 702 3606 lavat.

1053 3643 1280 3702 CAPUT
1318 3641 1600 3699 CLXXVI.

542 3746 624 3808 De
649 3766 708 3806 eo
732 3752 869 3821 quod
914 3754 986 3804 ait
1017 3767 1037 3807 :
1073 3753 1240 3806 Nemo
1276 3753 1414 3806 novit
1441 3751 1640 3806 Filium
1691 3753 1787 3808 nisi
1828 3751 2014 3819 Pater,
2057 3768 2120 3808 ea:

896 3821 1025 3876 libro
1053 3837 1072 3875 1
1099 3822 1451 3887 Quaestionum
1473 3822 1766 3892 Evangelii.

611 3953 744 4011 Cum
771 3955 996 4024 diceret,
1027 3956 1196 4014 Nemo
1241 3957 1390 4014 novit
1435 3958 1629 4014 Filium
1660 3960 1762 4016 nisi
1793 3959 1971 4030 Pater,
2013 3976 2116 4018 non

542 4051 697 4119 dixit,
745 4050 812 4106 Et
835 4050 920 4107 cui
933 4051 1173 4108 voluerit
1195 4051 1353 4108 Pater
1372 4052 1612 4108 revelare
1631 4095 1647 4120 ,
1672 4055 2118 4122 quemadmodum

540 4156 662 4198 cum
691 4141 919 4213 diceret,
979 4142 1145 4199 Nemo
1176 4145 1323 4199 novit
1363 4143 1574 4200 Patrem
1604 4145 1708 4201 nisi
1732 4145 1897 4202 Filius
1923 4188 1939 4214 ,
1969 4147 2121 4204 addi-

544 4234 644 4301 dit,
702 4233 769 4289 Et
813 4235 897 4289 cui
943 4234 1172 4290 voluerit
1217 4233 1389 4291 Filius
1435 4235 1697 4292 revelare.
1729 4236 1880 4305 Quod
1909 4253 2018 4294 non
2047 4239 2120 4295 ita

539 4326 947 4398 intelligendum
977 4329 1247 4398 est,quasi
1266 4327 1432 4385 Filius
1451 4343 1481 4384 a
1509 4329 1659 4385 nullo
1683 4330 1852 4400 possit
1871 4333 2119 4402 cognosci

541 4419 645 4476 nisi
675 4434 706 4473 a
736 4419 891 4476 Patre
913 4422 1051 4488 solo,
1072 4424 1228 4478 Pater
1251 4431 1429 4477 autem
1457 4437 1564 4476 non
1591 4423 1762 4477 solum
1790 4438 1820 4478 a
1838 4423 1993 4490 Filio,
2027 4424 2119 4480 sed

538 4511 701 4565 etiam
733 4510 799 4565 ab
825 4512 906 4567 eis
935 4514 1128 4582 quibus
1166 4512 1492 4570 revelaverit
1517 4512 1719 4576 Filius;
1753 4515 1831 4570 sic
1857 4514 2000 4571 enim
2025 4531 2119 4586 po-
2147 4543 2202 4605 Β

539 4599 645 4654 tius
673 4598 870 4656 dictum
900 4612 1004 4670 est,
1034 4614 1089 4660 ut
1114 4605 1476 4676 intelligamus
1504 4613 1559 4660 et
1590 4603 1826 4674 Patrem,
1858 4617 1913 4663 et
1940 4608 2115 4678 ipsum

539 4692 732 4751 Filium
787 4712 880 4765 per
933 4697 1124 4755 Filium
1173 4703 1430 4768 revelari,
1486 4701 1611 4772 quia
1664 4703 1779 4772 ipse
1817 4714 1902 4760 est.
1952 4709 2115 4762 menti

537 4793 736 4843 nostrm
767 4786 969 4856 lumen,
1000 4793 1222 4863 utquod
1254 4803 1435 4863 postea
1466 4795 1672 4863 intulit,
1727 4796 1792 4850 Et
1821 4796 1906 4851 cui
1935 4799 2116 4855 volue-

537 4878 609 4934 rit
641 4877 807 4934 Filius
837 4879 1114 4949 revelare,
1168 4897 1275 4938 non
1318 4885 1527 4940 Patrem
1560 4893 1797 4952 tantum,
1828 4887 1921 4942 sed
1951 4890 2112 4944 etiam

534 4967 730 5024 Filium
770 4968 1023 5041 accipias.
1068 4971 1149 5027 Ad
1189 4981 1357 5028 totum
1385 4975 1526 5031 enim
1570 4975 1712 5046 quod
1741 4977 1875 5033 dixit
1908 4979 2112 5035 illatum

537 5070 638 5129 est,
673 5060 850 5119 Verbo
894 5063 1040 5120 enim
1068 5079 1169 5120 suo
1200 5079 1260 5121 se
1289 5065 1448 5122 Pater
1495 5067 1733 5124 declarat
1768 5068 1906 5142 [ipse
1955 5071 2112 5128 Pater

534 5153 878 5229 declaratur].
913 5156 1145 5215 Verbum
1176 5167 1354 5214 autem
1379 5201 1397 5228 ,
1429 5176 1534 5216 non
1564 5162 1736 5217 solum
1765 5164 1818 5219 id
1848 5165 1988 5234 quod
2017 5181 2113 5236 per

461 5295 468 5304 .
534 5243 767 5303 Verbum
791 5248 1116 5320 declaratur,
1146 5251 1243 5307 sed
1273 5252 1432 5307 etiam
1461 5256 1697 5326 seipsum
1718 5255 1984 5313 declarat.

1023 5378 1254 5436 CAPUT
1311 5377 1615 5437 CLXXVII.

532 5487 610 5545 De
634 5492 806 5566 pueris
824 5493 1110 5566 sedentibus
1158 5497 1213 5551 in
1245 5501 1358 5566 foro
1384 5536 1399 5563 ,
1426 5505 1472 5551 et
1498 5498 1835 5551 clamantibus
1879 5498 1947 5552 ad
1985 5498 2103 5554 illo:

600 5562 690 5640 qui
725 5562 1253 5640 nec_humiliaricum
1274 5567 1476 5622 Joanne
1498 5585 1590 5623 nec
1609 5586 1724 5622 cum
1751 5569 1954 5624 Christo
1981 5587 2102 5640 gau-

600 5632 719 5686 dere
748 5635 1036 5705 voluerunt,
1066 5637 1151 5692 ubi
1191 5655 1304 5710 qua:
1331 5640 1396 5693 sit
1441 5655 1558 5694 uera
1587 5641 1814 5694 ciborum
1845 5632 2102 5710 parsimo-

598 5763 680 5834 (ι)
697 5764 844 5823 Hane
861 5771 1182 5827 sententiam
1200 5772 1360 5827 etiam
1378 5767 1662 5826 retrioatin
1681 5779 1801 5838 cap.
1818 5765 1945 5843 274,
1968 5785 2004 5832 t.
2027 5775 2094 5834 II.

2225 3203 2488 3274 quillitate
2516 3200 2753 3272 aSpicere
2777 3243 2793 3270 ,
2825 3214 2997 3268 neque
3040 3208 3280 3268 tangere.
3307 3195 3486 3266 Magis
3515 3205 3630 3263 ergo
3655 3191 3760 3244 inte

2216 3302 2350 3359 rest,
2399 3309 2505 3348 non
2536 3292 2662 3360 quid
2709 3293 2791 3348 vel
2839 3299 3096 3362 quantum
3133 3288 3517 3343 alimentorum
3547 3297 3635 3354 pro
3660 3295 3760 3335 cou-

2228 3384 2475 3455 gruentia
2505 3383 2781 3438 hominum
2813 3390 2972 3452 atque
3022 3392 3265 3450 personae
3295 3392 3408 3432 suae
3428 3417 3445 3444 ,
3485 3384 3538 3430 et
3566 3385 3652 3442 pro
3676 3383 3764 3455 suae

2221 3454 2551 3531 valetudinis
2582 3473 2932 3544 necessitate,
2967 3471 3084 3542 quis
3116 3469 3314 3539 capiat,
3345 3466 3444 3524 sed
3471 3471 3655 3536 quanta
3678 3454 3767 3516 feli-

2218 3568 2383 3626 citate
2414 3577 2468 3623 et
2512 3568 2804 3624 serenitate
2833 3566 2997 3620 animi
3038 3570 3239 3627 careat,
3274 3575 3396 3616 cum
3428 3560 3506 3615 his
3533 3557 3609 3612 vel
3632 3568 3767 3624 opor-

2219 3670 2345 3728 teat,
2372 3660 2456 3718 vel
2483 3660 2643 3717 etiam
2676 3674 2897 3716 necesse
2945 3665 3028 3714 est
3062 3669 3268 3719 carere,
3301 3661 3357 3708 ut
3379 3650 3500 3707 illud
3530 3649 3579 3704 in
3607 3645 3767 3701 animo

2219 3751 2511 3809 Christiani
2542 3750 2876 3820 compleatur
2899 3743 3212 3819 [compleat]
3236 3742 3376 3816 quod
3401 3739 3664 3810 Apostolus
3690 3735 3764 3789 di-

2220 3855 2294 3902 (ιιι
2326 3864 2339 3902 :
2371 3847 2492 3903 Scio
2521 3855 2575 3902 et
2605 3846 2780 3901 minus
2809 3845 3035 3910 habere,
3065 3842 3179 3897 scio
3208 3850 3261 3896 et
3279 3833 3544 3895 abundare,
3572 3827 3755 3898 ubique

2221 3940 2277 3995 in
2330 3941 2577 3997 omnibus
2626 3941 2702 4016 [in
2755 3940 3002 3995 omnibus
3047 3946 3102 3993 et
3141 3937 3196 3991 in
3244 3927 3496 4000 omnibus]
3540 3925 3765 3981 imbutus

2220 4048 2361 4102 sum,
2389 4041 2444 4088 et
2469 4032 2672 4099 satiari,
2701 4042 2754 4088 et
2784 4029 2990 4087 esurire
3008 4071 3022 4097 ,
3041 4037 3096 4084 et
3120 4027 3409 4090 abundare,
3438 4031 3490 4079 et
3513 4017 3774 4091 penuriam

2222 4125 2355 4194 pati,
2387 4125 2567 4181 omnia
2596 4140 2814 4196 possum
2833 4125 2884 4180 in
2908 4137 2972 4180 eo
3002 4123 3092 4193 qui
3125 4136 3211 4178 me
3240 4117 3535 4182 confortat;
3562 4111 3773 4170 etillud:

2221 4216 2404 4288 Neque
2450 4219 2495 4273 si
2543 4217 3039 4273 manducaverimus
3083 4213 3500 4274 abundabimus,
3539 4220 3703 4278 neque
3741 4204 3776 4259 si

2223 4323 2330 4365 non
2384 4310 2886 4364 manducaverimus
2925 4306 3233 4378 egebimus;
3283 4298 3343 4360 et'
3363 4302 3501 4359 illud
3533 4321 3547 4356 :
3577 4299 3684 4356 Non
3711 4305 3778 4352 est

2227 4401 2374 4457 enim
2414 4416 2636 4474 regnum
2667 4402 2766 4458 Dei
2793 4416 2914 4458 esca
2939 4409 2994 4456 et
3024 4404 3208 4469 potus,
3237 4395 3334 4453 sed
3363 4396 3582 4467 justitia
3605 4403 3657 4450 et
3677 4406 3775 4462 pax,

2226 4503 2284 4550 et
2310 4494 2584 4564 gaudium.
2617 4494 2820 4565 thuia
2846 4493 3024 4548 solent
3045 4490 3290 4545 homines
3312 4489 3551 4543 multum
3584 4484 3774 4557 gaudere

2223 4585 2291 4641 de
2342 4586 2643 4641 carnalibus
2692 4586 2901 4656 epulis,
2953 4582 3177 4649 addidit,
3234 4580 3288 4635 in
3339 4578 3560 4649 Spiritu
3608 4584 3768 4634 sancto.

2222 4675 2553 4733 Justiﬁcatur
2586 4677 2740 4748 116
2769 4691 2897 4747 ergo
2919 4673 3124 4750 [etiam]
3156 4672 3427 4743 sapientia
3457 4674 3534 4729 ab
3575 4671 3779 4728 omnibus

2223 4769 2346 4823 ﬁliis
2376 4769 2487 4824 suis
2513 4811 2528 4837 ,
2571 4770 2662 4838 qui
2691 4768 2996 4838 intelligunt
3030 4767 3244 4822 utendis
3276 4767 3527 4823 terrenis
3579 4774 3785 4833 tempora

2222 4869 2518 4932 opportuna
2542 4876 2662 4916 esse
2691 4861 2890 4917 debere
2914 4903 2930 4928 ,
2971 4860 3281 4915 facilitatem
3310 4875 3451 4916 vero
3484 4857 3699 4914 carendi
3726 4864 3787 4907 ta-

2223 4952 2388 5021 libus,
2417 4962 2469 5009 et
2495 4968 2732 5007 amorem
2765 4952 2974 5007 fruendi
3002 4951 3219 5008 aeternis
3242 4991 3255 5017 ,
3287 4965 3397 5006 non
3426 4951 3636 5008 variari
3663 4960 3792 5018 Opor-

2218 5055 2330 5103 tere
2353 5060 2446 5117 per
2478 5057 2750 5118 tempora,
2783 5046 2879 5103 sed
2911 5053 3170 5116 perpetuo
3199 5045 3454 5101 retineri.

2711 5169 2936 5227 CAPUT
2965 5167 3296 5226 CLXXVIII.

2215 5281 2294 5338 De
2319 5283 2614 5352 voracitate,
2646 5285 2804 5338 etiam
2829 5285 2884 5337 in
2914 5282 3175 5337 vilissimis
3205 5281 3351 5348 cibis,
3389 5293 3468 5336 ex
3497 5283 3638 5337 libro
3664 5295 3716 5336 tu
3753 5277 3803 5330 de

2714 5354 2958 5409 Doctrina
2979 5352 3294 5408 Christiana.

2282 5467 2535 5537 Quisquis
2579 5475 2756 5522 autem
2807 5467 2972 5520 rebus
2999 5464 3463 5535 praetereuntibus
3516 5464 3805 5523 restrictius

2210 5562 2375 5617 utitur
2415 5575 2570 5631 quam
2607 5574 2728 5615 sese
2756 5559 2958 5614 habent
2992 5571 3170 5613 mores
3213 5569 3400 5613 eorum
3466 5575 3604 5615 cum
3636 5559 3810 5632 quibus

2207 5653 2358 5724 vivit,
2381 5661 2474 5710 aut
2493 5661 2817 5722 temperans,
2844 5659 2936 5708 aut
2964 5650 3372 5721 superstitiosus
3398 5661 3500 5709 est
3526 5652 3635 5726 (ει).
3671 5651 3812 5721 Quis-
