3986 6382
174 208 260 267 857
1292 205 1724 267 THESAURUS.
1766 202 1920 262 CAP.
1962 204 2243 263 CLXXXI.

174 325 271 395 quis
291 310 518 384 vero'sic
545 302 639 389 eis
653 325 839 395 utitur,
882 334 940 382 ut
986 333 1158 383 metas
1187 333 1242 381 et
1280 323 1699 382 consuetudines
1725 326 1777 391 Δ

172 418 384 475 bonorum
435 419 575 476 inter
605 435 739 491 quos
780 427 1027 475 versatur
1067 419 1312 487 excedat,
1366 427 1457 473 aut
1500 415 1701 487 aliquid

170 513 404 584 signiﬁcat,
434 521 526 568 aut
564 514 862 583 ﬂagitiosus
893 522 1004 580 est;
1037 513 1093 569 in
1119 514 1370 570 omnibus
1410 511 1554 569 enim
1586 510 1705 567 tali-

168 606 251 662 bus
277 622 361 662 non
388 621 516 663 usus
543 622 762 676 rerum,
817 609 911 664 sed
943 608 1108 663 libido
1156 603 1405 679 [utentis]
1450 606 1502 661 in
1550 604 1702 675 culpa

166 710 253 756 est.
278 700 389 767 Quid
415 701 578 773 igitur
603 699 737 756 locis
757 742 772 767 ,
804 709 858 755 et
886 700 1156 770 tempori,
1185 708 1241 754 et
1266 713 1392 769 pars
1423 696 1703 773 [tempori-

164 793 249 850 bus
280 794 629 865 personisque]
676 796 961 851 conveniat
1002 795 1286 867 diligenter
1317 789 1702 847 attendendum

161 894 252 953 est,
286 902 339 942 ne
378 896 578 943 temere
606 886 803 957 ﬂagitia
844 887 1324 958 reprehendamus.
1367 885 1512 941 Fieri
1557 884 1703 942 enim

162 986 311 1048 potest
332 986 380 1033 ut
405 978 523 1034 sine
553 978 733 1049 aliquo
774 980 905 1037 vitio
953 980 1198 1050 cupediae
1254 977 1560 1051 [cupidinis]
1616 975 1703 1031 vel

160 1068 430 1124 voracitatis
459 1069 856 1139 pretiosissimo
883 1072 1006 1127 cibo
1054 1072 1270 1143 sapiens
1320 1078 1497 1125 utatur
1518 1110 1533 1137 ,
1572 1071 1705 1124 insi-

157 1159 288 1231 piens
312 1168 473 1217 autem
504 1160 859 1217 inlmdissima
887 1163 1026 1233 gula:
1053 1163 1270 1219 ﬂamma
1298 1163 1353 1218 in
1381 1162 1702 1218 vilissimum

156 1252 398 1321 ardescat,
428 1264 483 1311 et
522 1256 705 1312 sanius
734 1256 963 1327 quisque
994 1256 1245 1314 maluerit
1294 1270 1446 1312 more
1492 1255 1704 1311 Domini

154 1344 281 1415 pisce
314 1346 487 1411 vesci,
551 1361 711 1417 quam
768 1347 1023 1404 lenticula
1092 1330 1245 1405 more
1296 1347 1438 1404 Esau
1494 1347 1702 1419 nepotis

154 1437 409 1509 Abraham,
435 1448 529 1496 aut
561 1441 765 1497 hordeo
808 1458 960 1498 more
987 1443 1374 1512 jumentorum.
1417 1440 1537 1497 Non
1557 1442 1701 1497 enim

3288 208 3399 267 858

2330 319 2559 381 CAPUT
2596 321 2860 382 CLXXX.

1808 401 1887 457 De
1916 402 2121 458 homine
2166 404 2253 479 qui
2284 403 2679 479 descendebata
2714 404 3006 479 lentia/em
3056 407 3113 462 in
3141 407 3393 479 Iericho;

2096 492 2159 531 ea:
2191 477 2323 530 libro
2355 491 2390 531 ιι
2434 476 2789 542 ριιωδιὶοηωη
2820 475 3108 548 Evangelii.

1878 564 2052 621 liomo
2078 568 2294 638 quidam
2321 568 2682 624 descendebat
2712 584 2743 625 a
2765 568 3129 627 Jerusalemin
3151 570 3389 631 Jericho.

1806 657 1929 728 Ipse
1962 660 2128 716 Adam
2156 661 2475 733 intelligitur
2496 662 2550 717 in
2580 678 2781 735 genere
2812 663 3067 721 humano.
3094 664 3391 724 Jerusalem

1803 750 1995 806 civitas
2025 753 2176 822 pacis
2208 795 2222 820 ,
2256 754 2343 809 illa
2376 754 2636 823 ccclesiis,
2686 771 2714 810 a
2745 755 2897 826 cujus
2927 755 3254 815 beatitudine
3280 759 3397 831 lap-

1805 854 1895 896 sus
1924 849 2027 897 est.
2051 843 2270 901 Jericho
2303 846 2425 903 luna
2460 848 2863 919 interpretatur,
2890 857 2947 907 et
2968 844 3233 921 signiﬁcat
3248 869 3395 909 mor-

1806 938 2065 996 talitatem
2114 950 2352 1000 nostram
2382 988 2396 1015 ,
2450 955 2672 1017 propter
2701 947 2844 1018 quod
2872 949 3141 1015 nascitur,
3173 950 3386 1017 crescit,

1805 1036 2042 1090 senescit
2066 1044 2120 1093 et
2148 1037 2368 1095 occidit.
2401 1041 2684 1110 Latrones,
2708 1041 2956 1099 diabolus
2982 1053 3036 1099 et
3059 1043 3236 1116 angeli
3256 1042 3391 1114 ejus,

1805 1128 1897 1198 qui
1923 1143 2047 1184 eum
2077 1130 2447 1201 spoliaverunt
2474 1135 2898 1206 immortalitate,
2925 1143 2981 1194 et
3009 1137 3179 1208 plagis
3222 1137 3394 1208 impo-

1805 1218 1923 1275 sitis
1946 1232 2167 1289 peccata
2196 1224 2473 1282 suadendo
2502 1229 2837 1299 reliquerunt
2878 1230 3197 1287 semivivum
3222 1273 3237 1299 ,
3268 1231 3392 1301 quia

1804 1323 1870 1367 ex
1898 1323 2051 1381 parte
2073 1330 2176 1385 qua
2210 1326 2385 1385 potest
2416 1318 2717 1392 intelligere
2744 1330 2797 1379 et
2837 1338 3168 1395 cognoscere
3198 1324 3392 1392 Deum,

1804 1399 1952 1457 visus
1995 1402 2193 1479 [vivus]
2220 1417 2305 1463 est
2335 1410 2528 1476 homo;
2560 1427 2625 1467 ex
2674 1422 2826 1483 parte
2857 1430 2963 1487 qua
3006 1416 3241 1486 peccatis
3266 1431 3396 1472 con-

1804 1494 2033 1551 tabescit
2056 1508 2111 1553 et
2140 1500 2422 1570 premitur,
2457 1514 2700 1560 mortuus
2741 1515 2843 1574 est,
2875 1517 2930 1562 et
2960 1508 3080 1563 ideo
3102 1509 3394 1565 semivivus
3468 1576 3485 1585 -

1801 1582 2019 1641 dicitur.
2043 1587 2305 1645 Sacerdos
2338 1600 2514 1648 autem
2536 1603 2590 1650 et
2612 1594 2795 1663 levita,
2820 1596 2911 1667 qui
2932 1611 2998 1653 co
3029 1600 3143 1654 viso
3167 1608 3390 1669 praeter-

1804 1674 2002 1750 ierunt,
2046 1683 2409 1739 sacerdotium
2453 1694 2510 1741 et
2564 1686 2921 1745 ministerium
2966 1688 3176 1746 Veteris
3205 1690 3393 1746 Testa-

1802 1773 1972 1829 menti
1997 1775 2321 1846 signiﬁcant,
2347 1794 2467 1848 quae
2490 1795 2595 1835 non
2618 1790 2864 1851 poterant
2885 1784 3140 1853 prodesse
3162 1785 3229 1840 ad
3252 1785 3398 1841 salu-

1803 1873 1933 1921 tem.
1982 1866 2351 1927 Samaritanus
2402 1879 2583 1927 custos
2612 1872 3014 1943 interpretatur,
3048 1883 3101 1929 et
3130 1875 3251 1931 ideo
3281 1876 3397 1946 ipse

1801 1957 2061 2017 Dominus
2091 1964 2427 2033 signiﬁcatur
2456 1964 2558 2021 hoc
2582 1966 2820 2023 nomine.
2852 1966 3393 2037 Alligatiovuinerum

1800 2060 1885 2107 est
1931 2053 2190 2111 cohibitio
2245 2066 2643 2127 peccatorum;
2693 2061 2874 2117 oleum
2924 2061 3229 2117 consolatio
3278 2060 3396 2132 spei

1800 2145 1976 2211 bonae,
2010 2160 2228 2221 propter
2266 2150 2655 2222 indulgentiam
2689 2155 2869 2209 datam
2900 2154 2969 2209 ad
2999 2155 3397 2212 reconciliatio-

1801 2252 1925 2294 nem
1955 2240 2141 2308 pacis;
2170 2241 2699 2299 vinum.exhortatio
2726 2246 2791 2299 ad
2823 2245 3155 2316 operandum
3183 2246 3394 2302 terven-

1800 2333 2014 2389 tissimo
2058 2336 2274 2404 spiritu.
2305 2336 2613 2393 iumentum
2667 2338 2785 2407 ejus
2816 2349 2900 2394 est
2945 2354 3072 2395 caro
3101 2341 3153 2395 in
3197 2356 3299 2411 qua
3332 2340 3399 2396 ad

1802 2438 1903 2479 nos
1934 2426 2120 2481 venire
2163 2425 2414 2496 dignatus
2452 2437 2556 2484 est.
2590 2429 2795 2499 imponi
2823 2430 3070 2501 jumento
3097 2439 3181 2487 est
3224 2431 3281 2487 in
3318 2432 3398 2500 ip-

150 1540 400 1602 propterea
444 1533 873 1590 continentiores
906 1534 1062 1591 nobis
1092 1542 1220 1590 sunt
1258 1534 1531 1604 pleraeque
1578 1532 1702 1588 hes-

149 1624 251 1692 tite,
276 1625 385 1697 quia
414 1626 697 1683 vilioribus
726 1636 949 1683 utuntur
989 1628 1130 1685 escis
1150 1669 1166 1697 ,
1198 1642 1322 1683 nam
1366 1628 1419 1683 in
1451 1625 1697 1682 omnibus

145 1716 486 1790 hujuscemodi
506 1721 689 1791 rebus,
718 1736 826 1778 non
842 1737 909 1779 ex
934 1736 1120 1779 earum
1149 1736 1331 1778 rerum
1353 1729 1544 1777 natura
1573 1720 1693 1792 qui-
1727 1715 1777 1779 B

142 1809 231 1866 bus
257 1813 465 1881 utimur,
492 1813 590 1870 sed
618 1829 682 1872 ex
708 1829 870 1872 causa
894 1815 1081 1871 utendi
1110 1825 1166 1872 et
1195 1814 1355 1872 modo
1384 1814 1693 1884 appetendi,

140 1905 553 1978 vel'probandum
572 1918 674 1982 est,
701 1911 786 1968 vel
816 1910 1231 1982 improbandum
1259 1909 1403 1981 quod
1444 1907 1689 1967 facimus.

623 2048 851 2107 CAPUT
889 2048 1172 2106 CLXXIX.

131 2174 206 2232 De
222 2179 623 2257 impossibilitate
640 2186 922 2257 jejunandi
951 2185 1047 2239 sub
1074 2183 1347 2257 prtesentia
1375 2186 1576 2256 sponsi,
1608 2186 1695 2257 ubi

199 2249 783 2330 duo_jejuuit_z__probot,
836 2272 998 2330 unu_m
1047 2249 1413 2311 tribulationis
1450 2265 1499 2310 et
1551 2256 1698 2311 aliud

195 2321 391 2389 gaudii}
413 2338 477 2378 ex
503 2321 592 2379 lib.
625 2341 663 2380 ιι
696 2326 892 2393 Quaest.
920 2325 1127 2400 Euang.

195 2449 453 2518 Jejunium
484 2456 647 2510 autin
672 2458 1018 2514 tribulatione
1036 2467 1139 2524 est,
1172 2460 1339 2515 autin
1379 2459 1594 2531 gaudio.
1639 2461 1697 2516 In

121 2540 458 2601 tribulatione
503 2546 569 2601 ad
608 2548 1004 2618 propitiaudum
1060 2553 1230 2608 Deum
1274 2569 1372 2624 pro
1419 2556 1655 2624 peccatis
1682 2597 1697 2624 ,

118 2630 179 2689 in
203 2634 389 2703 gaudio
419 2651 548 2693 vero
575 2651 700 2696 cum
738 2648 888 2697 tanto
932 2645 1110 2700 minus
1139 2644 1407 2701 delectant
1436 2648 1696 2715 carnalia,

115 2733 316 2795 quanto
352 2727 677 2795 spiritalium
709 2731 887 2802 major
914 2735 1231 2808 saginaest.
1265 2737 1398 2795 Cum
1438 2752 1566 2810 ergo
1596 2740 1700 2795 Do-

110 2814 294 2871 minus
323 2815 683 2889 interrogatus
709 2832 856 2880 esset
885 2839 981 2881 cur
1007 2827 1257 2898 discipuli
1280 2829 1395 2900 ejus
1423 2844 1529 2886 non
1559 2831 1700 2902 jeju-

1803 2529 1921 2571 sam
1973 2516 2406 2575 incarnationem
2457 2521 2661 2576 Christi
2711 2522 2954 2579 credere.
3011 2522 3289 2581 Stabulum
3318 2533 3400 2580 est

1802 2605 2046 2663 Ecclesia
2069 2608 2159 2665 ubi
2191 2612 2504 2667 reﬁciuntur
2531 2611 2770 2668 viatores
2795 2612 2864 2669 de
2890 2613 3322 2684 peregrinatione
3342 2614 3399 2671 in

1804 2706 2064 2754 aeternam
2092 2702 2321 2770 patriam
2351 2703 2660 2760 redeuntes.
2691 2703 2879 2760 Altera
2905 2704 3023 2761 dies
3056 2713 3141 2762 est
3173 2713 3294 2777 post
3316 2720 3403 2762 re-

1803 2792 2203 2850 surrectionem
2236 2793 2474 2851 Domini.
2506 2795 2626 2852 Duo
2645 2796 2855 2853 denarii
2875 2805 3002 2854 sunt
3027 2798 3113 2854 vel
3130 2798 3237 2855 duo
3262 2812 3399 2869 pra:-

111 2912 309 2960 ιιει-θηι
338 2946 353 2973 ,
402 2907 472 2963 (ιο
513 2884 744 2982 Quoun
784 2913 991 2986 jejunio
1028 2884 1328 2990 respbnditz
1360 2884 1699 2992 quu‘é'gd
1981 2884 2297 2992 charitatisl,
2328 2902 2486 2992 quam
2533 2903 2630 2992 per
2659 2887 2925 2992 Spiritum
2975 2898 3401 2992 sanctum-seces

107 2993 245 3052 illud
262 2998 405 3067 quod
430 2999 483 3055 in
511 2979 857 3062 tribulatione
874 2979 1284 3082 jejunarisolet,
1303 2979 1537 3083 pertinet
1554 3015 1699 3086 quod
1800 2979 2873 3091 ξάξγψξθξίηηάξω
2904 2982 3135 3091 “feri”
3164 2980 3250 3091 Ὺ⁶¹
3278 2995 3401 3091 ΡΝ.

103 3088 187 3182 ait
218 3090 431 3182 ,7Filios
480 3098 665 3165 sponsi
697 3106 825 3156 tunc
850 3073 1213 3173 jejunaturos,
1243 3073 1363 3162 cum
1390 3073 1601 3164 ablatus
1627 3108 1696 3165 ab

1806 3073 1989 3125 missio
2009 3073 2131 3126 vitae
2154 3074 2438 3141 praesentis
2458 3082 2515 3130 et
2532 3073 2749 3132 futurae.
2770 3076 3081 3134 Secundum
3100 3077 3243 3135 enim
3267 3077 3402 3134 duas

102 3180 190 3237 eis
238 3181 402 3239 fuerit
437 3164 691 3257 sponsus.
721 3164 876 3250 Tunc
906 3164 1073 3251 venint
1121 3164 1533 3269 desoiabuntur,
1558 3210 1612 3258 et
1641 3202 1697 3259 in
1724 3164 1773 3181 ‘
1806 3164 2547 3273 Pff’fﬂiff‘f’f’f?if“°j“1“.9“
2599 3184 2614 3223 ³
2647 3168 2901 3273 Ᾱθῗίνίξίέ
2943 3169 2998 3227 in
3038 3170 3143 3273 ξ’θθ
3193 3169 3395 3226 “cum

98 3286 351 3332 mterore
376 3291 441 3332 ac
464 3278 609 3337 luctu
636 3292 831 3354 erunt,
862 3286 1037 3345 donec
1064 3290 1143 3345 eis
1166 3306 1263 3361 per
1292 3258 1552 3363 Spiritum
1575 3258 1700 3351 sane
1803 3258 2009 3322 septies
2038 3260 2268 3363 "afui"
2290 3258 2354 3363 .in
2372 3258 2556 3360 imum
2584 3259 2785 3316 saeculo
2802 3260 3401 3363 νίωωξθίθτῖηωφω

96 3374 257 3423 etum
286 3370 481 3439 gaudia
531 3345 894 3434 consolatoria
951 3345 1699 3457 retribuanturlatino-dono
2662 3360 2750 3407 εει
2784 3354 3270 3458 θρίξωίξξαθ-,ιρυίξά
3308 3369 3401 3458 ξιξ·

94 3470 392 3531 percepto,
416 3463 580 3521 etiam
602 3467 797 3538 jejunii
827 3470 1060 3529 alterum
1086 3489 1276 3545 genus,
1321 3440 1463 3547 quod
1488 3440 1583 3533 ﬂet

1806 3447 2116 3508 pererogat,
2146 3447 2241 3494 aut
2269 3440 2401 3495 illud
2431 3442 2724 3497 consilium
2754 3444 2896 3514 quod
2926 3446 3005 3500 ait
3032 3461 3047 3499 :
3080 3444 3159 3501 De
3184 3445 3399 3515 virgini-

94 3549 351 3608 Iaetitiam
386 3553 502 3625 iam
550 3524 795 3615 renBvati
846 3561 902 3619 in
941 3524 1116 3621 νίιοιιῗ
1152 3524 1469 3637 ερίτῖιεῖἶθω›
1502 3524 1704 3626 οοηῖε·
1804 3524 2116 3648 ῗῖἶῗῗοῖῗίξῗ.
2140 3530 3401 3648 Efffi‘i‘l'fffimi'i'ffi'.5159193???

90 3618 452 3703 nientissime
473 3648 826 3709 celebrabuut
851 3692 870 3722 ,
916 3618 1382 3731 quod—antequam
1413 3618 1700 3732 accipiant,
1804 3618 2240 3732 E‘f‘fﬂf‘fjj‘f
2900 3637 3013 3732 ξξ¹¹³
3038 3634 3289 3732 θρίξξξίωδ
3318 3634 3401 3684 ei"

88 3735 238 3792 dicit
260 3754 360 3796 eos
382 3748 634 3814 tanQuam
654 3709 1703 3825 vetera
1805 3709 2256 3825 IliinﬁToiug
2266 3711 2585 3825 f‘iq‘iefin
2628 3715 3184 3825 “TumenEvangem
3208 3734 3401 3793 8m“.

85 3827 319 3887 nienter
345 3805 518 3891 novus
538 3851 749 3907 pannus
768 3805 1101 3914 assuit‘urIid
1124 3805 1421 3919 esiraiiqua
1440 3850 1702 3921 particula
1818 3808 1924 3873 ret’
1954 3816 2080 3861 cum
2108 3819 2160 3861 ei
2185 3805 2551 3921 "ceri‘fffff
2572 3808 2970 3921 3.13.3318?!”

83 3920 376 3979 doctrina:
400 3940 521 3984 quae
541 3898 615 3984 'au
644 3946 797 3984 nova:
842 3898 1421 3984 νίιεέζὶρζιζπζιζιίᾆζέὶέζξ
1440 3898 1702 3984 ἷιῖιὶῆῖιῖιῗ
1816 3973 1851 3984 η
1950 3975 1960 3984 .
2003 3975 2050 3984 --
2144 3976 2155 3984 .
2320 3898 2874 3984 CAPUTCLXHL

177 3940 1412 4057 grililfn‘rlgrdjozfn‘33.}:1‘pff32liam
1443 3946 1697 4057 Reum?"
1807 3973 1961 4057 Quod
1991 3975 2204 4057 ivortha
2514 3940 2946 4057 diuino
2974 4000 3097 4052 sua,
3118 3986 3390 4057 signiﬁcat

80 4013 229 4101 quia
259 4013 310 4067 si
338 4013 445 4070 hoc
469 4018 583 4085 ﬁat,
616 4030 672 4076 et
714 4023 830 4093 ipsa
858 4026 1104 4084 doctrina
1132 4032 1527 4101 quodammodo
1552 4013 1701 4093 scin-

139 4044 229 4126 ιτα
259 4044 310 4067 δι
338 4044 445 4116 μιτυ
469 4044 583 4085 uas,
616 4044 672 4121 et
714 4044 830 4126 ipsa
858 4044 1104 4084 uoctrtna
1132 4044 1527 4101 quoaammodo
1552 4044 1701 4093 scin-
1878 4044 2245 4126 Ecclesiamnut
2276 4044 2528 4126 ituncfst,
2558 4050 2735 4109 Maria
2761 4069 2882 4113 vero
2907 4066 2965 4111 ut
2986 4044 3096 4112 erit
3108 4056 3164 4112 in
3178 4044 3401 4126 "futuro;

82 4100 289 4167 ditur,
326 4104 486 4174 cujus
516 4111 775 4176 particula
803 4129 925 4185 quae
950 4118 1017 4171 ad
1045 4100 1311 4190 jejunium
1343 4123 1583 4179 ciborum
1612 4140 1705 4181 va-

1880 4130 1943 4169 ca:
1974 4116 2063 4169 lib.
2098 4132 2133 4170 ιι
2161 4118 2357 4182 Quaest.
2398 4119 2600 4182 Evanq.

82 4139 289 4167 um».
326 4139 486 4174 ιυιυυ
516 4139 775 4176 pun-cuia
803 4139 925 4185 quae
950 4139 1017 4171 au
1045 4139 1311 4190 jejunium
1343 4139 1583 4179 orborum
1612 4140 1705 4181 va-
1880 4139 1943 4169 εέυ
1974 4139 2063 4169 ιιυ·
2098 4139 2133 4170 ιι
2161 4139 2357 4182 υαωδιο
2398 4139 2600 4193 Mang-

76 4192 170 4249 let
205 4192 527 4265 importune
549 4201 799 4273 traditur,
820 4219 943 4263 cum
969 4209 1059 4264 illa
1082 4210 1545 4283 doceatgeuerale
1568 4216 1707 4288 jeju—
1880 4204 2034 4271 Ουοά
2083 4206 2289 4263 Martha
2323 4210 2544 4281 θκοθρῖι
2574 4211 2724 4268 illum
2756 4214 2811 4271 ίη
2860 4216 3080 4273 domum
3111 4232 3285 4288 suam,
3315 4220 3394 4278 εἰ·

75 4285 252 4342 nium
284 4302 401 4344 non
430 4304 461 4345 a
490 4296 924 4366 concupiscentia
956 4299 1201 4359 ciborum
1230 4312 1435 4361 tantum
1466 4350 1479 4375 ,
1512 4307 1607 4363 sed
1622 4285 1705 4363 vah

1809 4295 2032 4367 gniﬁcat
2057 4297 2353 4355 Ecclesium
2375 4317 2495 4372 qua:
2518 4317 2663 4360 nunc
2690 4314 2795 4374 est,
2823 4307 3187 4379 excipientem
3214 4285 3401 4367 Domi-

72 4377 250 4433 omni
276 4378 472 4436 latitia
496 4388 868 4456 temporalium
890 4392 1333 4453 delectationum.
1362 4397 1528 4469 Cujus
1552 4401 1705 4471 quasi

1812 4406 1939 4447 num
1972 4392 2025 4447 in
2054 4407 2149 4449 cor
2180 4410 2371 4467 suum;
2401 4396 2567 4456 Maria
2589 4415 2747 4459 soror
2771 4404 2911 4476 ejus,
2943 4420 3066 4477 qua:
3090 4407 3313 4466 sedebat
3333 4408 3402 4469 ad

71 4482 347 4541 pannum
370 4513 387 4540 ,
419 4474 474 4529 id
504 4485 610 4548 est,
636 4491 844 4550 partem
876 4486 1107 4561 aliquam
1150 4506 1269 4562 qua:
1296 4493 1361 4549 ad
1393 4494 1541 4551 cibos
1574 4510 1701 4566 per-

1813 4485 1978 4555 pedes
2010 4488 2253 4557 Domini,
2304 4503 2357 4548 et
2380 4495 2637 4553 audiebat
2678 4474 2901 4557 verbum
2932 4474 3052 4573 ejus
3077 4541 3094 4571 ,
3125 4502 3396 4574 signiﬁcat

69 4569 235 4617 tinet
261 4607 279 4633 ,
313 4564 451 4622 dicit
489 4584 597 4627 non
640 4583 891 4644 oportere
935 4578 1244 4639 hominibus
1269 4627 1282 4652 ,
1333 4584 1509 4642 adhuc
1534 4564 1703 4646 veteri

1808 4579 2054 4636 eamdem
2082 4583 2406 4656 Ecclesium,
2458 4589 2555 4645 sed
2585 4589 2640 4647 in
2687 4590 2868 4650 futuro
2897 4594 3136 4665 saeculo,
3168 4595 3260 4654 ubi
3288 4610 3403 4654 cess

66 4658 493 4759 consuetudini
520 4661 717 4721 deditis
751 4707 765 4732 ,
798 4668 1103 4740 impertiri,
1135 4676 1259 4746 quia
1289 4685 1343 4732 et
1372 4678 1519 4736 illinc
1548 4682 1703 4751 quasi
1807 4686 1939 4729 Sans
1967 4673 2031 4731 ει)
2057 4689 2222 4746 ορεΐὸ
2247 4679 2660 4754 ωίηίειθτίοίίυθ
2688 4684 3000 4758 indigentia
3029 4658 3148 4745 3°13
3177 4689 3401 4761 sapien-

65 4747 416 4805 conscissio
447 4752 655 4811 videtur
686 4755 825 4825 ﬁeri,
873 4771 927 4817 et
952 4763 1056 4833 ipsi
1088 4770 1337 4824 vetustati
1367 4786 1473 4826 non
1504 4747 1703 4830 conve-

1807 4765 1881 4821 tia
1912 4768 2238 4837 perfruetur.
2268 4771 2475 4831 Martha
2508 4791 2638 4847 ergo
2668 4747 2928 4851 occupata
2958 4790 3041 4839 est
3066 4782 3211 4840 circa
3242 4747 3403 4844 ’ωυι-

64 4838 189 4892 nit.
226 4837 387 4897 Dicit
434 4843 597 4900 etiam
643 4846 851 4907 similes
878 4868 973 4910 eos
1001 4870 1124 4912 esse
1169 4860 1439 4917 veteribus
1471 4864 1699 4937 utribus,

1809 4867 1922 4914 tum
1951 4862 2330 4931 ministerium,
2378 4865 2501 4935 quia
2553 4882 2697 4924 nunc
2744 4869 2941 4928 talibus
2968 4872 3224 4945 operibus
3250 4888 3402 4931 exer.

60 4932 406 5038 quos'vino
435 4949 577 4992 novo
601 4980 615 5004 ,
648 4938 703 4995 id
732 4952 817 4999 est
841 4948 1170 5015 spiritalibus
1212 4955 1495 5024 praeceptis
1525 4998 1540 5024 ,
1572 4932 1702 5014 iaci;

1811 4960 1966 5008 cetur
1996 4955 2255 5012 Ecclesia.
2292 4957 2447 5023 Quod
2473 4970 2653 5017 autem
2686 4965 2929 5034 queritur
2961 4932 3103 5038 quod
3142 4982 3204 5023 se
3248 4980 3401 5023 soror

58 5021 191 5078 lius
226 5022 513 5129 disrumpi
541 5046 701 5102 quam
750 5036 805 5093 id
835 5052 995 5109 posse
1037 5043 1301 5101 contineri
1341 5021 1493 5103 dicit.
1526 5021 1701 5108 Erunt

1810 5043 1930 5113 ejus
1960 5059 2068 5100 non
2100 5046 2317 5117 adjuvet
2344 5089 2359 5116 ,
2390 5052 2610 5111 occasio
2656 5054 2817 5113 datur
2852 5059 3138 5116 sententia:
3166 5060 3403 5129 Domini,

54 5123 282 5211 autem
334 5117 455 5211 jam
487 5131 634 5181 utres
661 5128 787 5189 novi
835 5145 960 5189 cum
1008 5144 1131 5205 post
1174 5152 1457 5197 “censum
1490 5142 1704 5201 Domini
1813 5150 1919 5206 qua
1948 5138 2184 5194 ostendit
2204 5140 2362 5197 istam
2390 5142 2691 5204 Ecclesiam
2736 5150 3021 5211 sollicitam
3048 5167 3172 5209 esse
3201 5160 3259 5210 et
3287 5162 3402 5210 tur-

54 5205 387 5264 desidcrio
418 5215 801 5276 consolationis
829 5222 973 5294 ejus,
1004 5227 1210 5284 orando
1235 5238 1290 5285 et
1328 5234 1594 5302 sperando
1620 5235 1703 5293 in-
1813 5225 1931 5281 bal'i
1961 5227 2102 5284 Circa
2134 5230 2390 5300 Plurima,
2422 5249 2543 5291 cum
2574 5239 2646 5294 Sit
2696 5257 2863 5298 unum
2894 5245 3259 5300 necessarium
3290 5286 3304 5313 ι
3336 5244 3407 5305 θα

52 5308 384 5405 govantur
443 5303 905 5387 [innovabantur].
980 5317 1132 5377 Tunc
1177 5323 1322 5379 enim
1380 5339 1705 5398 acceperunt

1817 5320 1963 5391 quod
2002 5336 2098 5392 per
2127 5323 2413 5383 ministerii
2466 5330 2622 5401 hujus
2677 5336 2868 5391 merita
2915 5337 3247 5405 pervenitur.
3291 5303 3404 5393 bia-

45 5388 377 5498 S‘pil'illfm
412 5408 677 5473 sanetum,
701 5420 810 5475 quo
830 5407 1059 5479 impleti,
1086 5428 1207 5471 cum
1228 5418 1469 5477 omnium
1502 5388 1592 5493 qui
1631 5423 1702 5481 de
1821 5388 1958 5467 riam
1987 5388 2117 5468 vero
2160 5414 2292 5471 dicit
2345 5388 2601 5489 optimam
2634 5432 2839 5493 partem
2885 5388 3114 5495 elegisse
3142 5440 3262 5498 quae
3300 5441 3408 5491 non

46 5479 121 5537 da
134 5485 344 5541 versis
384 5491 639 5560 gentibus
681 5499 909 5555 aderant
935 5502 1129 5573 linguis
1156 5479 1535 5581 loquerentur;
1573 5479 1703 5573 dicti
1808 5499 2083 5557 aufem"
2103 5504 2170 5559 ab
2191 5519 2275 5574 ea:
2291 5514 2347 5562 θῑ
2374 5479 2494 5565 ideo
2511 5479 2827 5582 ῖηίθῇῖῧίῑυτ
2851 5479 3072 5583 Diniam:
3094 5479 3216 5587 (illia
3240 5523 3293 5572 εἴ
3313 5479 3407 5588 Pe;

43 5586 216 5633 sunt
248 5590 454 5638 musto
496 5586 686 5660 pleni,
736 5606 936 5655 ηονηω
981 5599 1127 5659 enim
1170 5604 1354 5663 vinum
1390 5606 1501 5679 iam
1551 5611 1706 5669 novis
1808 5589 3084 5666 hancadillamtenditur,etnonaumrotur:illa
3102 5586 3407 5665 veremini-

44 5673 319 5736 utribus
353 5693 598 5743 venerat.
1390 5673 1405 5679 ⁷
1812 5684 1967 5741 sterii
1999 5688 2240 5755 quamvis
2290 5689 2360 5745 sit
2412 5690 2586 5762 bona,
2623 5701 2803 5753 tamen
2860 5696 3157 5772 auferetur,
3194 5697 3408 5781 quando

1819 5777 2110 5852 indigentia
2144 5782 2595 5859 cuiﬂministratur
2626 5791 2919 5854 transierit.
