3986 6382
516 333 3800 360 MM

1571 443 1718 558 Β.
1817 447 2714 568 EUGYPPII

1648 657 2069 740 ABBATIS
2145 657 2569 742 AFRICAN
2577 659 2613 738 Ι

1433 829 2823 980 THESAUBUS

1257 1036 1452 1148 Eae
1529 1039 1650 1145 S.
1735 1038 2374 1176 ,Δαριιείἰηὶ
2442 1040 2996 1180 operibus.

1519 1246 2013 1384 alemus
2072 1237 2728 1417 posterior.

1793 1477 2397 1504 *-

1004 1549 1233 1606 CAPUT
1283 1549 1583 1605 CLXXXII.

514 1642 560 1713 ι
585 1639 781 1711 Deillo
808 1643 895 1709 qui
921 1645 1090 1696 media
1117 1653 1262 1698 nocte
1292 1645 1431 1712 petiit
1461 1644 1523 1695 ab
1551 1643 1713 1695 amico
1746 1652 1845 1694 tres
1887 1655 2080 1710 partes;

737 1730 800 1769 ex
820 1713 948 1769 libro
974 1731 1011 1768 tt
1042 1715 1391 1780 Qua'stionum
1421 1713 1839 1785 Evangeliorum.

575 1828 795 1884 Amicus
821 1828 889 1883 ad
921 1843 1079 1898 quem
1121 1829 1328 1884 venitur
1354 1826 1529 1882 media
1561 1835 1738 1892 nocte,
1771 1833 1830 1879 ut
1869 1838 2084 1879 accom-

505 1916 688 1973 modet
715 1926 825 1974 tres
856 1934 1040 1987 panes,
1073 1919 1257 1988 utique
1300 1919 1365 1973 ad
1395 1918 1801 1972 similitudinem
1842 1920 2079 1985 ponitur,

503 2009 802 2066 secundum
835 2027 995 2080 quam
1033 2013 1153 2081 quis
1185 2011 1351 2065 Deum
1381 2019 1552 2079 rogat,
1586 2010 1638 2063 in
1666 2009 1836 2063 media
1860 2006 2082 2061 tribula-

503 2101 651 2156 tione
671 2103 1015 2170 constitutus,
1047 2113 1108 2158 ut
1144 2104 1194 2159 ei
1223 2103 1422 2160 tribuat
1463 2101 1867 2171 intelligentiam
1893 2099 2080 2154 Trini-

501 2193 652 2260 tatis,
706 2211 808 2265 qua
847 2199 1128 2267 praesentis
1177 2199 1299 2253 vitae
1345 2199 1654 2253 consoletur
1697 2197 1944 2262 labores;
1986 2195 2083 2251 sed

504 2291 835 2358 comparatio
860 2299 943 2346 est
971 2306 1001 2345 a
1025 2292 1252 2346 minore.
1278 2290 1335 2346 Si
1366 2291 1510 2345 enim
1541 2290 1742 2344 amicus
1773 2292 1931 2342 homo
1960 2302 2082 2342 sur-

501 2379 578 2451 git
602 2380 668 2437 de
697 2382 860 2451 lecto,
887 2391 943 2438 et
968 2384 1061 2438 dat
1089 2398 1195 2438 non
1226 2373 1483 2450 amicitia,
1528 2382 1625 2438 sed
1655 2382 1814 2437 tatdio
1844 2380 2082 2450 compul-

501 2487 617 2542 sus,
663 2484 863 2546 quanto
908 2479 1079 2548 magis
1127 2478 1220 2532 dat
1260 2477 1401 2533 Deus
1431 2478 1521 2547 qui
1563 2477 1680 2532 sine
1713 2476 1870 2531 tardio
1896 2475 2080 2544 largis-

501 2564 638 2623 sime
665 2567 832 2623 donat
854 2569 996 2639 quod
1028 2570 1260 2639 petitur!
1294 2569 1390 2624 sed
1419 2569 1487 2623 ad
1516 2569 1617 2624 hoc
1645 2584 1707 2624 se
1748 2567 1857 2638 peti
1883 2569 1998 2622 vult
2023 2573 2081 2622 ut

501 2673 726 2729 capaces
754 2661 1020 2718 donorum
1049 2663 1165 2732 ejus
1195 2662 1322 2717 ﬁant
1343 2662 1435 2732 qui
1465 2670 1671 2731 petunt.
1697 2661 1755 2716 ιιι
1790 2660 1959 2715 tribus
1987 2674 2082 2714 au-

499 2756 610 2804 tem
647 2751 871 2820 panibus
897 2755 1056 2809 etiam
1085 2754 1216 2810 illud
1240 2755 1589 2825 signilicatur,
1614 2752 1773 2808 unius
1803 2767 1924 2809 esse
1954 2753 2080 2807 sub-

501 2843 717 2899 stantiae
761 2844 1098 2901 Trinitatem.
1133 2847 1357 2914 Amicus
1402 2855 1581 2902 autem
1613 2860 1771 2916 quem
1817 2844 1946 2898 dicit
1988 2843 2078 2898 ille

2115 1545 2548 1609 Ainvisibilibus
2591 1546 2726 1602 locis
2753 1549 2998 1619 capitur;
3050 1554 3193 1623 quod
3229 1557 3404 1614 etiam
3459 1559 3600 1617 ﬁdes
3627 1563 3766 1635 hujus

2188 1636 2375 1690 mundi
2413 1638 2666 1696 fluctibus
2719 1641 3115 1700 circumlatrata
3160 1661 3268 1702 non
3309 1648 3608 1723 frangitur,
3637 1666 3764 1713 recte

2186 1730 2321 1800 pisci
2350 1742 2724 1817 comparatur;
2757 1737 2843 1790 cui
2880 1740 3210 1794 contrarium
3238 1745 3433 1811 posuit
3475 1760 3758 1817 serpentem

2187 1833 2406 1892 propter
2419 1841 2625 1882 venena
2643 1826 2890 1895 fallaciae,
2905 1844 3025 1898 quae.
3037 1831 3199 1887 etiam
3219 1835 3402 1902 primo
3418 1835 3623 1893 homini
3638 1840 3754 1895 male

2186 1915 2463 1970 suadendo
2476 1919 2892 1986 praeseminavit.
2908 1920 2970 1975 In
2983 1936 3085 1976 ovo
3097 1923 3420 1994 intelligitur
3434 1943 3590 1996 spes;
3614 1945 3752 1985 ovum

2185 2004 2329 2058 enim
2359 2007 2598 2062 nondum
2623 2018 2705 2064 est
2734 2024 2860 2080 spes
2889 2011 3122 2081 perfecta
3158 2013 3323 2085 [fetus
3356 2017 3645 2091 perfecus],
3671 2020 3754 2076 sed

2185 2092 2420 2150 fovendo
2443 2108 2721 2166 speratur;
2744 2102 2832 2156 cui
2853 2104 3184 2158 contrarium
3211 2107 3747 2179 posuitscorpionem,

2185 2186 2337 2255 cujus
2369 2188 2586 2243 aculeus
2627 2201 2920 2247 venenatus
2969 2204 3117 2250 retro
3169 2197 3427 2252 timendus
3462 2209 3576 2264 est;
3605 2199 3737 2254 sicut

2184 2278 2301 2350 spei
2344 2281 2674 2336 contrarium
2725 2291 2810 2338 est
2861 2291 3007 2340 retro
3052 2270 3342 2356 respicere,
3387 2289 3535 2357 cuius
3577 2288 3741 2361 [cum]

2191 2384 2318 2440 spes
2343 2369 2648 2430 futurorum
2677 2376 2734 2429 in
2773 2389 2835 2430 ea
2865 2392 2985 2446 qua:
3013 2387 3139 2433 ante
3169 2389 3300 2434 sunt
3328 2395 3385 2435 se
3413 2381 3676 2436 extendat.

2670 2483 2895 2542 CAPUT
2942 2487 3280 2544 CLXXXIV.

2185 2580 2263 2638 De
2281 2584 2342 2659 id
2363 2585 2504 2659 quod
2534 2584 2605 2659 ait
2636 2585 2904 2659 discipulis
2927 2604 2947 2641 :
2972 2588 3150 2642 Nolite
3169 2591 3224 2644 in
3251 2593 3472 2645 sublime
3497 2594 3678 2659 extolli,
3707 2606 3744 2648 et

2257 2654 2320 2729 de
2353 2655 2684 2729 Ιιεμλνορὶεοῃ
2698 2654 2774 2708 vel
2802 2657 2865 2709 de
2907 2660 3122 2713 muliere
3151 2674 3450 2729 recurvata;
3480 2681 3542 2717 et:
3577 2654 3686 2720 libre
3705 2681 3736 2721 ιι

2260 2725 2610 2790 Quwstionum
2637 2725 3053 2797 Evangeliorum.

2254 2838 2388 2893 Cum
2418 2838 2622 2893 diceret
2649 2838 2921 2909 discipulis
2959 2857 3068 2897 non
3111 2843 3315 2901 debere
3345 2847 3535 2902 haberi
3567 2847 3719 2902 sollici-

500 2934 594 3003 qui
624 2936 754 3004 petit
780 2939 992 2995 venisse
1016 2941 1084 2996 de
1109 2940 1216 3008 via,
1245 2949 1300 2996 et
1327 2955 1434 2995 non
1465 2955 1527 2995 se
1571 2939 1774 2994 habere
1812 2937 1952 3008 quod
1985 2951 2082 3006 po-
2109 2930 2157 2990 B
2185 2929 2424 2985 tudinem
2471 2931 2538 2984 de
2566 2931 2720 3001 cibis,
2752 2932 2827 2986 ait
2853 2949 2866 2985 :
2892 2933 2957 2988 Et
3002 2935 3167 2990 nolite
3213 2937 3270 2991 in
3299 2939 3540 2994 sublime
3559 2942 3719 2995 extolli.

501 3034 598 3080 ttat
616 3037 740 3082 ante
756 3029 927 3099 illum,
958 3031 1270 3099 intelligitur
1297 3031 1531 3085 hominis
1554 3030 1843 3099 appetitus,
1874 3028 1965 3097 qui
1986 3027 2081 3080 de-

500 3113 594 3171 bet
621 3118 997 3190 obtemperare
1025 3120 1222 3177 rationi
1246 3138 1262 3177 :
1286 3122 1556 3178 serviebat
1583 3131 1762 3175 autem
1792 3127 2082 3174 consuetu-

501 3205 614 3264 dini
659 3212 966 3280 temporali,
1015 3227 1177 3283 quam
1208 3213 1350 3268 viam
1395 3221 1575 3281 vocat,
1632 3221 1852 3282 propter
1902 3212 2082 3266 omnia

497 3312 598 3369 per
625 3309 836 3374 tempus
879 3305 1246 3371 transeuntia;
1277 3319 1542 3361 converso
1565 3313 1742 3359 autem
1770 3304 1987 3359 homine
2014 3303 2083 3358 ad

500 3389 694 3459 Deum,
737 3395 899 3451 etiam
957 3396 1047 3453 ille
1095 3398 1361 3468 appetitus
1409 3412 1440 3452 a
1483 3396 1874 3453 consuetudine
1919 3407 2080 3449 revo-

496 3486 811 3542 caturzsed
858 3488 904 3542 si
948 3503 1055 3544 non
1103 3489 1414 3545 consolatur
1462 3490 1688 3545 interius
1725 3488 1977 3560 gaudium
2014 3487 2082 3545 de

498 3576 748 3633 doctrina
792 3580 1058 3650 spiritali,
1098 3597 1203 3651 qua
1232 3583 1493 3639 creatoris
1543 3583 1785 3639 Trinitas
1825 3581 2082 3652 praedica-

497 3678 606 3736 tur,
651 3685 858 3740 magnae
883 3675 1145 3743 angustiae
1174 3685 1300 3730 sunt
1339 3677 1394 3730 in
1425 3675 1663 3742 homine,
1695 3690 1855 3745 quem
1887 3675 2083 3742 premit

499 3773 739 3815 aerumna
773 3764 1044 3828 mortalis,
1093 3779 1215 3818 cum
1259 3767 1328 3820 ab
1374 3766 1460 3819 his
1490 3781 1609 3836 qua:
1651 3765 1784 3820 foris
1812 3766 2084 3820 delectant

497 3849 812 3921 praecipitur
855 3851 1200 3919 abstinentia,
1227 3839 1280 3908 εἰ
1303 3854 1448 3908 intus
1491 3869 1596 3908 non
1638 3862 1724 3908 est
1767 3853 1986 3908 refectio
2016 3856 2083 3911 de

497 3942 686 3999 laetitia
711 3943 972 4000 doctrinae
998 3945 1314 4011 Salvatoris,
1346 3956 1401 4000 et
1421 3947 1536 4015 ipsa
1565 3944 1712 4017 [ista]
1738 3946 1980 4014 angustia
2001 3953 2085 4000 est

496 4035 674 4093 media
704 4052 832 4107 nox,
853 4051 961 4107 qua
987 4037 1193 4107 cogitur
1217 4039 1566 4093 vehementer
1593 4036 1797 4092 instare
1824 4037 2080 4107 petendo,

495 4138 554 4186 ut
577 4129 804 4201 accipiat
830 4140 939 4187 tres
968 4145 1154 4201 panes.
1186 4131 1340 4198 Quod
1383 4140 1565 4186 autem
1596 4130 1646 4186 ei
1673 4129 1871 4186 dicitur
1903 4132 1971 4185 de
2001 4131 2083 4184 in-

495 4229 584 4279 tus
609 4224 717 4294 jam
748 4225 944 4280 ostium
973 4225 1215 4280 clausum
1239 4239 1362 4280 esse
1389 4239 1692 4294 puerosque
1721 4223 1838 4293 ejus
1867 4237 1989 4278 cum
2016 4237 2082 4278 eo

2186 3019 2371 3076 Primo
2408 3021 2551 3076 enim
2591 3022 2707 3078 haec
2747 3023 2815 3078 ad
2844 3025 3220 3082 necessitatem
3253 3029 3579 3099 implendam
3605 3033 3735 3086 homo

2187 3114 2411 3183 quaerit;
2464 3128 2586 3169 cum
2632 3125 2811 3170 autem
2857 3117 2972 3171 btec
3023 3119 3446 3189 abundaverint,
3495 3124 3664 3192 incipit
3694 3131 3739 3177 et

2183 3204 2464 3272 superbire
2491 3204 2559 3259 de
2589 3205 2806 3261 talibus.
2836 3206 2968 3263 Tale
3005 3219 3087 3264 est
3113 3208 3237 3274 hoc,
3268 3225 3335 3268 ac
3365 3214 3413 3267 si
3441 3228 3501 3268 se
3524 3215 3743 3268 vulnera-

2185 3305 2272 3352 tus
2298 3299 2417 3368 quis
2441 3298 2606 3368 jactet
2631 3303 2759 3370 quia
2789 3302 2951 3358 habet
2976 3304 3144 3359 multa
3170 3308 3464 3377 emplastra
3491 3313 3542 3364 in
3578 3309 3739 3373 domo,

2185 3405 2307 3446 cum
2351 3390 2454 3446 hoc
2495 3392 2569 3446 illi
2601 3394 2802 3448 bonum
2833 3404 2999 3462 esset,
3036 3406 3095 3451 ut
3119 3398 3348 3455 vulnera
3391 3417 3493 3455 non
3521 3400 3744 3464 haberet,

2183 3489 2240 3537 et
2269 3496 2336 3537 ne
2367 3496 2474 3537 uno
2501 3483 2718 3553 quidem
2751 3485 3016 3556 indigeret
3047 3490 3367 3559 emplastro.
3397 3491 3743 3561 Congruenter

2187 3575 2547 3646 hydrOpicum
2579 3577 2799 3633 animali
2829 3579 2970 3649 quod
2993 3575 3187 3637 cecidit
3216 3582 3273 3637 in
3304 3592 3513 3653 puteum
3539 3597 3744 3652 compa-

2185 3668 2344 3734 ravit,
2374 3667 2601 3724 humore
2627 3671 2772 3725 enim
2795 3671 3110 3738 laborabat;
3142 3675 3280 3730 sicut
3311 3675 3450 3730 illam
3473 3677 3736 3730 mulierem

2185 3775 2346 3831 quam
2376 3761 2562 3816 decem
2610 3771 2665 3817 et
2691 3774 2814 3820 octo
2853 3767 3010 3820 annis
3042 3767 3307 3838 alligatam
3334 3768 3544 3832 dixerat,
3580 3775 3633 3821 et
3659 3767 3726 3822 ab

2185 3852 2375 3906 eadem
2432 3853 2742 3922 alligatione
2801 3856 3084 3924 solvebat,
3138 3857 3447 3927 comparavit
3492 3857 3728 3926 iumento

2184 3944 2328 4011 quod
2370 3944 2598 4000 solvitur
2624 3954 2682 4000 ut
2719 3947 2785 4001 ad
2828 3963 3020 4017 aquam
3051 3948 3299 4005 ducatur.
3325 3950 3620 4021 ilvdropem
3647 3964 3742 4004 au-

2185 4042 2294 4089 tem
2325 4044 2473 4090 recte
2503 4050 2879 4107 comparamus
2909 4039 3062 4095 diviti
3107 4055 3271 4096 avaro
3299 4059 3314 4108 ;
3343 4045 3475 4096 sicut
3497 4042 3634 4096 enim
3665 4041 3750 4096 ille

2183 4135 2382 4194 quanto
2437 4128 2608 4196 magis
2665 4129 2902 4185 abundat
2961 4130 3191 4187 humore
3233 4132 3558 4201 inordinate,
3614 4143 3750 4188 tanto

2182 4217 2416 4284 amplius
2465 4219 2603 4285 sitit,
2635 4219 2716 4274 sic
2760 4220 2865 4276 iste
2893 4230 3094 4292 quanto
3139 4231 3224 4278 est
3271 4224 3541 4292 copiosior
3569 4224 3751 4279 divitiis

496 4327 621 4370 esse
647 4315 700 4370 in
730 4316 914 4381 cubili,
944 4317 1210 4386 signiﬁcat
1236 4324 1446 4388 tempus
1471 4317 1626 4372 famis
1647 4317 1815 4383 verbi,
1849 4331 1970 4371 cum
1998 4317 2079 4372 in-
2105 4312 2155 4378 C
2185 4307 2378 4379 quibus
2409 4325 2514 4366 non
2543 4312 2681 4369 bene
2711 4314 2901 4381 utitur,
2932 4324 3080 4370 tanto
3107 4316 3390 4372 ardentius
3417 4319 3544 4374 talia
3571 4333 3748 4374 concu-

497 4407 794 4479 telligentia
821 4410 1125 4476 clauditur;
1152 4419 1207 4465 et
1233 4411 1310 4482 illi
1342 4412 1433 4481 qui
1461 4411 1839 4480 Evangelicam
1865 4410 2079 4479 sapien-

496 4494 651 4564 tiam,
682 4507 934 4568 tanquam
984 4515 1177 4570 panem
1226 4509 1531 4570 erogantes,
1579 4517 1679 4571 per
1704 4501 1888 4556 orbem
1922 4510 2079 4555 terrae

497 4588 944 4662 prtedicaverunt,
971 4595 1122 4663 pueri
1151 4593 1319 4664 patris
1347 4593 1597 4660 familias,
1623 4593 1734 4661 jam
1764 4600 1889 4648 sunt
1914 4593 1968 4646 in
1995 4606 2082 4646 se-

498 4688 648 4736 creta
671 4683 852 4751 quiete
870 4699 991 4739 cum
1020 4687 1268 4743 Domino.
1311 4687 1379 4741 Et
1407 4696 1586 4741 tamen
1616 4685 1820 4740 orando
1848 4684 2080 4740 efﬁcitur

497 4779 561 4830 ut
612 4775 836 4844 accipiat
888 4775 1202 4834 desiderans
1250 4779 1601 4844 intellectum,
1645 4777 1728 4846 ab
1776 4777 1893 4846 ipso
1940 4777 2073 4843 Deo,

495 4864 658 4923 etiam
687 4865 737 4921 si
763 4865 926 4922 homo
949 4867 1089 4924 desit
1112 4884 1208 4938 per
1236 4884 1395 4939 quem
1419 4869 1682 4938 sapientia
1705 4867 2050 4938 praedicetur.

989 4980 1220 5038 CAPUT
1257 4981 1585 5037 CLXXXIII.

604 5070 683 5127 De
699 5087 832 5144 pane
852 5079 900 5126 et
921 5072 1059 5144 pisce
1080 5082 1127 5144 et
1158 5089 1286 5137 ovo;
1313 5089 1375 5129 ea:
1404 5075 1533 5129 libro
1553 5089 1591 5130 ιι
1616 5073 1972 5141 ριιωεεὶοηιιηι

1075 5143 1468 5215 Evangeliorum
1479 5184 1493 5198 .

570 5254 648 5312 De
676 5271 814 5327 pane
842 5267 898 5314 et
931 5258 1078 5330 pisce
1101 5266 1160 5314 et
1183 5273 1309 5325 ovo,
1344 5259 1538 5330 quibus
1581 5261 1858 5317 contraria
1901 5257 2081 5328 posuit

495 5348 752 5417 lapidem,
784 5362 1113 5420 serpentem,
1162 5353 1528 5423 scorpionem.
1576 5354 1900 5422 lntelligitur
1930 5350 2082 5419 panis

493 5439 751 5509 charitas,
783 5453 1001 5513 propter
1029 5444 1287 5514 majorem
1315 5450 1637 5518 appetitum,
1665 5458 1720 5506 et
1747 5456 1856 5502 tam
1889 5457 2080 5500 neces-

494 5530 718 5597 sarium,
744 5543 800 5585 ut
826 5534 941 5589 sine
969 5536 1058 5590 illa
1082 5547 1276 5593 caetera
1309 5539 1442 5593 nihil
1473 5539 1602 5608 sint,
1633 5540 1772 5594 sicut
1798 5538 1918 5592 sine
1940 5548 2080 5606 pane

494 5633 679 5674 mensa
719 5621 913 5692 inops:
945 5628 1032 5682 cui
1062 5631 1330 5684 contraria
1357 5639 1441 5686 est
1466 5630 1645 5686 cordis
1667 5630 1886 5696 duritia,
1918 5640 2079 5697 quam

2185 4402 2371 4470 piscit;
2397 4402 2543 4458 illam
2565 4420 2692 4460 vero
2715 4405 2789 4460 ita
2811 4406 3002 4462 morbo
3023 4408 3246 4464 incurva
3257 4418 3364 4464 tam
3387 4419 3447 4464 ut
3471 4425 3536 4467 se
3565 4412 3748 4480 erigere

2184 4506 2294 4547 non
2325 4505 2528 4563 posset,
2582 4497 2776 4552 animae
2820 4500 3048 4554 terrenis
3090 4500 3442 4569 opinionibus
3480 4503 3742 4558 debilitata:

2183 4593 2343 4655 atque
2372 4599 2669 4655 oppressae,
2701 4589 2773 4644 ita
2802 4596 2860 4644 ut
2887 4587 3065 4645 divina
3105 4590 3346 4660 cogitare
3392 4605 3509 4648 non
3542 4594 3748 4649 valeant.

2682 4699 2910 4757 CAPUT
2948 4701 3253 4758 CLXXXV.

2184 4805 2264 4864 De
2292 4807 2464 4884 villico
2490 4825 2639 4884 quem
2670 4809 2926 4884 Dominus
2949 4813 3181 4884 ejiciebat
3204 4816 3268 4870 de
3293 4816 3572 4884 villicum;
3601 4833 3660 4874 ex
3685 4833 3760 4872 eo-

2384 4879 2500 4933 dem
2524 4881 2654 4934 libro
2683 4898 2718 4937 ιι
2755 4879 3113 4948 Quaslibnum
3142 4879 3581 4957 Evangelioruni.

2259 4990 2317 5046 In
2340 4991 2522 5049 villico
2548 5008 2710 5063 quem
2749 4994 3006 5053 Dominus
3035 4997 3290 5067 ejiciebat
3316 4999 3388 5055 de
3416 5001 3686 5068 villicatu,
3724 5009 3767 5056 et

2185 5084 2425 5141 laudavit
2453 5102 2577 5142 eum
2606 5089 2750 5158 quod
2775 5090 2830 5146 in
2857 5091 3096 5147 futurum
3131 5093 3236 5148 sibi
3264 5099 3647 5165 prospexerit,
3674 5111 3766 5151 non

2183 5178 2366 5234 omnia
2405 5178 2663 5237 debemus
2702 5182 2770 5238 ad
2815 5184 3134 5240 imitandum
3175 5201 3414 5243 sumere.
3459 5188 3595 5244 Non
3644 5191 3769 5245 enim

2187 5281 2281 5327 aut
2318 5273 2538 5329 domino
2569 5275 2797 5348 [nostroj
2825 5276 3067 5334 facienda
3101 5287 3184 5335 est
3213 5279 3265 5334 in
3296 5280 3480 5351 aliquo
3531 5283 3701 5349 fraus,
3727 5290 3775 5336 ut

2187 5363 2257 5419 de
2277 5364 2391 5434 ipsa
2423 5365 2613 5422 fraude
2642 5368 3019 5442 eleemosynas
3044 5369 3308 5428 faciamus
3332 5390 3346 5427 :
3373 5383 3468 5428 aut
3498 5390 3604 5431 eos
3631 5391 3659 5429 a
3679 5375 3759 5445 qui

2187 5456 2288 5511 bus
2310 5458 2477 5528 recipi
2505 5460 2753 5516 volumus
2783 5463 2838 5518 in
2869 5463 3215 5521 tabernacula
3263 5475 3492 5532 aeterna,
3527 5478 3778 5538 tanquam

2189 5551 2460 5607 debitores
2486 5553 2583 5608 Dei
2604 5563 2660 5609 et
2680 5555 2893 5613 Domini
2922 5560 3093 5614 nostri
3137 5559 3218 5615 fas
3246 5568 3329 5614 est
3356 5561 3623 5633 intelligi,
3667 5578 3779 5617 cum

2188 5645 2315 5715 justi
2345 5655 2400 5701 et
2425 5648 2596 5702 sancti
2623 5648 2992 5718 signiﬁcentur
3022 5652 3125 5706 hoc
3145 5652 3282 5718 loco,
3308 5652 3400 5722 qui
3423 5667 3525 5710 eos
3553 5655 3780 5711 introdu-

496 5710 666 5780 Iapidi
700 5723 1053 5790 comparavit.
1081 5723 1250 5779 Piscis
1280 5733 1459 5780 autem
1490 5725 1804 5797 intelligitur
1831 5725 1963 5780 ﬁdes
1990 5725 2073 5778 in-

2185 5747 2310 5794 eant
2338 5738 2392 5793 in
2437 5741 2781 5797 tabernacula
2807 5752 3031 5812 aeterna,
3065 5744 3157 5815 qui
3205 5745 3638 5811 necessitatibus
3676 5747 3781 5802 suis

493 5802 805 5879 visibilium,
847 5814 934 5871 vel
963 5825 1184 5890 propter
1209 5833 1404 5890 aquam
1428 5820 1701 5891 baptismi,
1737 5823 1822 5882 vel
1856 5822 1980 5892 quia
2008 5820 2077 5880 de

2189 5838 2405 5891 terrena
2437 5831 2578 5892 bona
2603 5835 3141 5906 communicaverint,
3174 5835 3243 5895 de
3267 5835 3468 5908 quibus
3499 5839 3676 5899 etiam
3701 5838 3779 5896 di-
