3986 6382
165 379 276 446 841

1309 393 1744 459 THESAURUS.
1785 393 1940 457 CAP.
1979 396 2356 461 CLXXXVIII.

3350 406 3453 469 849

166 485 284 560 cita
312 501 465 573 Quod
490 503 538 560 si
557 506 678 576 quis
716 503 872 566 alicui
896 499 1083 566 eorum
1112 511 1336 572 calicem
1364 531 1522 588 aqum
1542 513 1754 586 frigidae
1780 513 1836 578 Α
1859 530 1988 571 nera
2037 517 2317 574 heminum
2357 517 2446 574 hic
2493 515 2748 576 videnlur
2778 518 3110 592 signiﬁcari:
3139 519 3314 578 Unum
3354 538 3450 580 eo-

166 598 397 667 dederit,
444 608 648 657 tantum
699 604 751 659 in
802 607 1019 664 nomine
1067 607 1341 680 discipuli,
1400 627 1510 669 non
1565 610 1757 682 perdet

165 693 472 750 mercedem
516 709 698 764 suam,
753 700 848 754 sed
894 701 1055 756 etiam
1105 717 1136 757 e
1182 706 1459 760 contrario
1506 705 1756 760 dicuntur

164 787 287 842 istae
332 787 735 855 similitudines,
768 799 826 846 ut
867 793 1230 864 intelligamus
1270 797 1317 852 si
1347 797 1553 853 laudari
1584 797 1754 867 potuit

159 881 255 936 ille
284 896 314 935 a
344 882 570 938 Domino
598 884 685 939 cui
727 883 968 943 fraudem
1001 889 1249 958 faciebat,
1275 903 1476 963 quanto
1516 893 1750 963 amplius

160 971 412 1041 placeant
437 973 664 1030 Domino
693 976 804 1032 Deo
833 978 923 1048 qui
954 981 1247 1038 secundum
1277 983 1395 1054 ejus
1421 994 1750 1056 praceptum

160 1065 255 1122 illa
285 1083 452 1138 opera
481 1069 701 1126 faciunt.
735 1072 886 1130 Sicut
916 1077 1077 1131 etiam
1118 1077 1184 1133 de
1225 1078 1409 1147 judice
1454 1077 1752 1148 iniquitatis

156 1160 251 1230 qui
283 1162 720 1231 interpellabatur
757 1180 788 1221 a
813 1166 970 1222 vidua
1001 1169 1462 1238 comparationem
1501 1169 1655 1224 duxit
1680 1168 1750 1225 ad

154 1250 393 1321 iudicem
445 1254 637 1321 Deum,
685 1258 770 1313 cui
812 1259 957 1314 nulla
1011 1275 1077 1316 ex
1125 1269 1277 1330 parte
1317 1261 1486 1332 judex
1533 1263 1750 1334 iniquus

154 1342 517 1404 conferendus
543 1356 645 1403 est.
677 1348 831 1415 Quod
879 1360 1059 1407 autem
1099 1352 1168 1408 de
1208 1362 1424 1410 centum
1463 1354 1614 1410 cadis
1642 1355 1748 1412 olei

149 1436 537 1509 quinquaginta
579 1440 742 1496 scribi
787 1441 914 1498 fecit
955 1458 985 1498 a
1023 1443 1293 1511 debitore,
1321 1454 1377 1502 et
1415 1446 1482 1502 de
1530 1457 1745 1503 centum

150 1527 338 1584 choris
363 1530 522 1584 tritici
570 1531 864 1603 octoginta,
915 1534 985 1589 ad
1016 1534 1148 1590 nihil
1199 1536 1348 1592 aliud
1381 1538 1561 1595 valere
1604 1539 1748 1596 arbi-

153 1630 293 1688 tror,
325 1622 428 1678 nisi
460 1631 518 1677 ut
549 1638 613 1679 ea
644 1639 767 1694 quae
797 1626 1049 1682 similiter
1079 1628 1130 1682 in
1160 1629 1471 1686 sacerdotes
1507 1641 1666 1701 atque
1692 1632 1746 1688 in

153 1713 352 1771 levitas
376 1715 595 1772 Iudaeus
622 1719 850 1789 quisque
877 1729 1157 1790 operatur,
1188 1722 1242 1778 in
1275 1722 1474 1778 Christi
1508 1724 1745 1781 Ecclesia

150 1806 611 1879 abundetjustitia
642 1810 761 1881 ejus
813 1827 978 1883 super
1017 1815 1320 1870 scribarum
1349 1826 1403 1872 et
1445 1816 1746 1873 Pharisaeo-

1861 624 1978 664 rum
2009 613 2097 683 qui
2139 613 2307 670 otium
2337 624 2391 670 et
2439 614 2674 686 quietem
2717 614 2944 688 eligunt,
2995 631 3168 686 neque
3214 619 3447 688 negotiis

1857 704 2235 777 saecularibus,
2272 723 2447 781 neque
2484 709 2716 782 negotiis
2746 710 3122 767 ecclesiasticis
3151 710 3441 781 occupati;

1857 811 1976 866 quae
2004 799 2214 858 illorum
2245 805 2401 874 quies
2427 806 2551 862 lecti
2584 806 2801 863 nomine
2829 808 3127 878 signiﬁcata
3156 819 3278 866 est:
3311 810 3444 865 alte-

1857 910 1976 949 rum
2006 911 2191 952 eorum
2240 903 2327 968 qui
2376 900 2430 956 in
2483 901 2725 972 plebibus
2779 903 3054 958 constituti
3103 913 3360 975 reguntur
3407 916 3440 958 a

1855 985 2207 1056 doctioribus,
2240 1001 2461 1062 agentes
2490 1009 2556 1051 ea
2576 1012 2696 1068 quae
2725 1005 2850 1052 sunt
2881 998 3039 1067 hujus
3067 999 3273 1064 saeculi,
3303 1009 3450 1081 quos

1852 1089 1906 1137 et
1931 1081 2252 1140 feminarum
2295 1089 2511 1144 nomine
2557 1090 2898 1162 signiﬁcavit,
2930 1091 3054 1162 quia
3080 1093 3343 1158 consiliis,
3379 1079 3438 1146 ut

1851 1173 1981 1243 dixi,
2017 1177 2308 1246 peritorum
2338 1180 2449 1250 regi
2478 1195 2571 1237 eos
2601 1179 2727 1255 [eis]
2766 1183 3007 1254 expedit,
3059 1191 3115 1240 et
3165 1184 3436 1240 molentes

1851 1264 2007 1334 dixit,
2040 1277 2262 1339 propter
2289 1273 2664 1341 temporalium
2697 1277 3037 1346 negotiorum
3065 1278 3252 1332 orbem
3276 1286 3440 1348 atque

1851 1360 2153 1432 circuitum,
2196 1380 2327 1438 quas
2369 1375 2550 1423 tamen
2580 1369 2634 1425 in
2666 1385 2830 1426 unum
2863 1371 3124 1429 molenles
3178 1372 3332 1440 dixit,
3384 1372 3443 1429 in

1850 1468 2104 1529 quantum
2145 1463 2213 1517 de
2258 1463 2389 1532 ipsis
2439 1463 2602 1520 rebus
2657 1474 2712 1522 et
2762 1466 2996 1537 negotiis
3036 1467 3148 1522 suis
3195 1467 3442 1537 prwbent

1861 1553 2047 1608 usibus
2081 1553 2338 1611 Ecclesia:
2368 1571 2381 1608 :
2415 1555 2633 1612 tertium
2680 1571 2866 1613 eorum
2901 1556 2991 1628 qui
3039 1569 3334 1628 operantur
3384 1557 3443 1614 in

1849 1645 2107 1703 Ecclesiae
2139 1649 2441 1705 ministerio
2472 1661 2725 1722 tanquam
2771 1655 2827 1706 in
2878 1665 3008 1722 agro
3053 1651 3169 1718 Dei,
3214 1652 3284 1707 de
3335 1664 3444 1722 qua
3501 1715 3509 1738 ι

1848 1739 2169 1810 agricultura
2202 1741 2490 1810 Apostolus
2512 1742 2765 1812 loquitur.
2795 1740 2851 1796 In
2877 1741 2960 1795 his
2983 1757 3113 1811 ergo
3147 1741 3315 1796 tribus
3339 1755 3441 1811 εθ-

1855 1830 2072 1885 neribus
2103 1831 2228 1886 bina
2259 1840 2386 1886 sunt
2415 1847 2600 1888 rursus
2627 1848 2822 1903 genera
2854 1831 3132 1886 hominum
3163 1831 3216 1886 in
3247 1833 3436 1902 singu-

150 1913 292 1965 ΐιιεην
322 1907 378 1953 υι
405 1914 524 1955 cum
553 1901 628 1955 illi
656 1903 892 1959 deeimas
919 1906 1133 1973 darem,
1181 1907 1271 1962 ίεῑί
1303 1907 1557 1964 dimidias
1583 1909 1736 1980 del".
1770 1908 1819 1972 Β
1850 1921 1936 1990 lis,
1968 1935 2022 1980 et
2043 1941 2143 1996 pro
2171 1927 2367 1983 robore
2398 1901 2847 1982 suarum—virium
2870 1925 3271 1982 discernuntur.
3304 1901 3439 1982 cum

148 1991 288 2046 sicut
315 2007 422 2048 non
454 1993 521 2049 de
548 1990 832 2063 fructibus,
865 1997 960 2053 sed
1002 1998 1069 2055 de
1108 1999 1240 2068 ipsis
1269 1999 1426 2056 bonis
1476 2003 1592 2058 suis
1615 2002 1743 2060 fecit

148 2085 413 2144 Zachaaus
442 2099 533 2143 aut
561 2098 752 2158 certet,
786 2090 1024 2161 duplicet
1057 2090 1170 2165 [aut
1198 2103 1345 2150 certe
1373 2094 1612 2167 duplicet
1643 2097 1739 2154 de-

147 2181 365 2246 cimam,
399 2192 490 2238 aut
518 2183 674 2255 duas]
699 2185 936 2243 decimas
962 2186 1164 2257 dando,
1215 2201 1436 2260 superet
1469 2191 1740 2262 impendia

146 2272 476 2331 Iudaeorum.
508 2277 809 2334 Hammona
838 2296 969 2338 vero
1001 2283 1297 2354 iniquitatis
1327 2287 1398 2342 ob
1440 2287 1542 2342 hoc
1574 2286 1741 2360 [ideo]

145 2377 178 2417 a
211 2363 440 2421 Domino
476 2370 743 2438 appellata
783 2381 867 2427 est
912 2373 1014 2428 ista
1045 2377 1271 2444 pecunia
1302 2393 1462 2448 quam
1495 2381 1741 2449 posside-

147 2470 270 2512 mus
297 2458 362 2512 ad
391 2466 625 2528 tempus,
654 2465 778 2532 quia
809 2480 1118 2523 mammona
1145 2469 1346 2525 divitia:
1375 2472 1741 2543 interpretan-

147 2559 258 2614 tur,
309 2565 408 2605 nec
460 2561 585 2607 sunt
631 2553 750 2609 ista:
791 2555 994 2612 divitiae
1042 2559 1144 2614 nisi
1173 2559 1394 2633 iniquis,
1427 2565 1519 2635 qui
1559 2565 1613 2620 in
1661 2565 1742 2622 eis

143 2646 477 2704 constituunt
499 2666 648 2722 spem
691 2663 852 2726 atque
891 2658 1104 2727 copiam
1145 2659 1498 2718 beatitudinis
1527 2678 1678 2720 suae:
1711 2680 1743 2720 a

141 2738 304 2810 justis
335 2758 466 2799 vero
515 2763 637 2803 cum
675 2749 792 2805 lucc
824 2753 1190 2824 possidentur,
1240 2767 1324 2813 est
1361 2759 1578 2830 quidem
1634 2762 1738 2818 ista

142 2838 394 2905 pecunia,
420 2838 516 2894 sed
548 2856 652 2898 non
683 2853 809 2900 sunt
839 2844 1064 2920 [tamen]
1096 2849 1201 2906 illis
1221 2852 1425 2909 divitia:
1453 2857 1554 2911 nisi
1580 2858 1740 2914 caele-

141 2938 260 2983 stes
281 2938 336 2984 et
363 2932 652 3002 spiritales,
693 2938 892 3007 quibus
921 2938 1267 3011 indigentiam
1299 2961 1450 3001 suam
1483 2949 1741 3017 spiritali-

139 3029 227 3077 tcr
248 3027 582 3095 supplentes,
633 3029 852 3086 exclusa
893 3042 1134 3104 egestate
1164 3035 1418 3108 miseriae,
1449 3041 1740 3100 beatitudi-

138 3114 228 3170 nis
253 3117 405 3187 copia
430 3119 764 3178 dilabuntur.

563 3256 565 3258 -
629 3213 858 3274 CAPUT
891 3218 1223 3279 CLXXXVI.

1851 2020 1994 2076 enim
2023 2036 2211 2077 omnes
2234 2021 2300 2076 ad
2332 2020 2590 2077 Ecclesiae
2634 2022 2875 2079 membra
2907 2019 3180 2092 pertinere
3221 2019 3443 2073 videan-

1849 2124 1974 2183 tur,
2042 2116 2361 2172 adveniente
2431 2126 2610 2173 tamen
2678 2118 2975 2174 tentatione
3033 2112 3432 2177 tribulationis,

1845 2217 1901 2262 et
1951 2223 2019 2264 ex
2070 2208 2172 2264 illis
2220 2211 2310 2280 qui
2359 2221 2484 2265 sunt
2545 2211 2600 2267 in
2640 2210 2784 2279 otio,
2836 2218 2889 2265 et
2938 2223 3006 2264 ex
3036 2209 3143 2264 illis
3174 2206 3264 2278 qui
3313 2210 3442 2261 sunt

1846 2296 1900 2352 in
1953 2299 2180 2369 negotiis
2252 2302 2477 2370 saeculi,
2526 2310 2582 2357 et
2636 2317 2704 2356 ex
2769 2301 2877 2356 illis
2940 2301 3030 2370 qui
3105 2300 3216 2354 Deo
3278 2299 3442 2353 mini-

1846 2401 2021 2446 strant
2074 2393 2128 2447 in
2186 2394 2461 2461 Ecclesia,
2526 2395 2615 2450 alii
2658 2394 2748 2465 qui
2797 2393 3026 2468 [aliqui]
3082 2401 3436 2464 permanent,

1847 2484 1938 2538 alii
1971 2485 2062 2556 qui
2089 2485 2297 2559 [aliqui]
2327 2488 2543 2542 cadunt.
2576 2488 2679 2555 Qui
2709 2498 3026 2558 permanent
3071 2497 3438 2554 as~umuntnr,

1847 2580 1935 2647 qui
1966 2578 2162 2632 cadunt
2209 2581 2612 2651 relinquuntur;
2656 2595 2785 2651 ergo
2837 2596 2975 2637 unus
3024 2588 3344 2641 assumetur,
3382 2585 3440 2634 et

1847 2688 1986 2728 unus
2010 2675 2367 2746 relinquetur,
2421 2691 2528 2733 non
2559 2677 2714 2746 quasi
2763 2676 2828 2732 de
2874 2674 3083 2730 duobus
3132 2674 3439 2728 hominibus

1844 2767 2046 2822 dictum
2076 2780 2179 2836 est,
2221 2769 2317 2824 sed
2347 2769 2412 2824 de
2437 2769 2650 2825 duobus
2671 2769 2959 2838 generibus
2985 2768 3351 2829 allectionum,
3386 2767 3440 2822 in

1843 2859 2068 2930 singulis~
2095 2861 2388 2930 generibus
2418 2861 2578 2916 trium
2610 2859 3028 2931 professionum.
3075 2860 3128 2916 In
3178 2858 3269 2912 illa
3311 2871 3441 2925 ergo

1843 2964 2002 3010 nocte
2031 2954 2190 3022 dixit,
2224 2954 2279 3010 in
2310 2954 2406 3010 illa
2437 2956 2805 3021 tribulatione,
2847 2955 2912 3008 ad
2942 2954 3052 3024 ipsa
3103 2950 3199 3006 tria
3242 2963 3441 3020 genera

1842 3064 1962 3118 qua:
1991 3055 2339 3103 assumuntur
2367 3047 2604 3102 arbitror
2655 3046 2950 3116 pertinere,
2991 3043 3154 3099 etiam
3203 3043 3303 3094 tria
3349 3040 3441 3097 illa

1841 3142 2060 3196 nomina
2090 3143 2330 3197 virorum
2361 3149 2694 3206 sanctorum,
2733 3154 2868 3210 quos
2920 3137 3067 3193 solos
3117 3135 3440 3190 liberaturos

1843 3232 2093 3289 Ezechiel
2134 3233 2397 3304 propheta
2437 3235 2774 3304 pronuntiat,
2807 3229 2951 3298 Noe,
2989 3227 3174 3283 Daniel
3219 3235 3273 3280 et
3309 3223 3436 3280 Job.

136 3303 194 3374 2
220 3300 300 3359 De
326 3303 529 3396 illo‘g‘ni
553 3307 607 3361 in
632 3318 759 3396 tecto
780 3313 934 3395 atqui
956 3313 1008 3367 in
1032 3330 1186 3396 gyro,
1211 3325 1269 3396 et
1286 3333 1450 3373 uxore
1475 3318 1644 3388 Lolli;
1670 3337 1735 3378 ex
1762 3303 1811 3370 ο
1845 3327 2066 3384 Videtur
2095 3300 2372 3383 enim—Noe
2404 3300 2674 3396 pertinere
2700 3325 2764 3380 ad
2787 3338 2881 3380 eos
2906 3337 3002 3394 per
3022 3337 3157 3393 quos
3189 3321 3438 3375 Ecclesia

415 3379 546 3433 libro
577 3395 615 3434 tt
644 3379 998 3446 Quaestionum
1021 3379 1444 3458 Euangeliorum.

211 3489 350 3559 Quid
378 3503 461 3546 eSt
485 3495 629 3562 quod
658 3497 790 3554 dicit
818 3498 1077 3556 Dominus
1104 3519 1119 3556 :
1151 3503 1252 3570 Qui
1276 3504 1441 3562 fuerit
1475 3506 1530 3564 in
1561 3518 1727 3580 tecto,

136 3593 196 3642 et
227 3598 350 3639 vasa
379 3586 497 3654 ejus
527 3587 578 3640 in
608 3586 797 3655 domo,
830 3604 937 3645 non
964 3594 1257 3653 descendat
1283 3601 1475 3656 tollere
1523 3603 1648 3659 illa?
1679 3605 1735 3659 In

135 3683 284 3730 tecto
307 3684 414 3740 est,
443 3677 533 3747 qui
578 3679 846 3754 excedens
885 3684 1142 3755 carnalia,
1197 3697 1448 3760 tanquam
1507 3694 1561 3750 in
1607 3711 1736 3752 aura

133 3768 312 3825 libera
339 3770 653 3841 spiritaliter
685 3774 836 3830 vivit.
865 3773 1001 3832 Vasa
1033 3777 1151 3848 ejus
1183 3779 1239 3835 in
1263 3781 1426 3840 domo
1452 3798 1581 3842 sunt
1618 3805 1738 3846 sen-

131 3877 231 3918 sus
284 3865 555 3934 carnales,
613 3868 804 3938 quibus
853 3870 918 3925 ad
971 3871 1399 3947 investigandum
1447 3882 1733 3941 veritatem

131 3970 262 4026 qua:
282 3958 557 4014 intellectu
586 3966 794 4031 capitur
826 3964 979 4020 multi
1008 3977 1240 4036 utentes,
1271 3973 1484 4041 penitus
1513 3991 1734 4036 errave-

132 4057 288 4105 runt.
318 4051 486 4121 Hujus
516 4067 645 4124 ergo
672 4057 932 4124 spiritalis
956 4061 1056 4116 viri
1094 4063 1201 4132 jam
1251 4081 1379 4122 vasa
1409 4069 1508 4124 ista
1541 4082 1734 4128 vacant

132 4136 194 4192 in
242 4138 427 4208 dumo,
491 4144 612 4211 quia
653 4155 833 4202 mente
890 4153 1105 4220 corpori
1149 4160 1578 4229 supereminens,
1639 4178 1736 4232 per

128 4227 310 4284 aciem
341 4232 706 4303 intelligentiae
737 4247 987 4310 tanquam
1014 4243 1067 4299 in
1092 4253 1234 4301 tecto
1265 4249 1490 4317 positus,
1519 4227 1728 4323 perspi-

127 4321 336 4379 cuitate
387 4325 666 4395 sapientiai
719 4331 885 4386 veluti
924 4336 1065 4390 caelo
1110 4339 1450 4407 apertissimo
1509 4321 1728 4400 fruitur.

125 4415 336 4473 Caveat
360 4435 488 4490 ergo
519 4421 641 4490 iste,
666 4439 733 4479 ne
763 4424 818 4480 in
850 4425 937 4482 die
979 4428 1340 4486 tribulationis
1386 4448 1572 4490 rursus
1622 4436 1730 4492 vita

124 4511 355 4580 carnali,
386 4528 504 4581 qua:
528 4529 623 4584 per
650 4531 842 4573 sensus
886 4523 1133 4590 corporis
1175 4524 1435 4595 pascitur,
1488 4528 1732 4586 delecta-

124 4612 238 4669 tus,
274 4606 339 4660 ad
370 4622 496 4662 vasa
528 4607 838 4679 liujusmodi
865 4613 1100 4670 tollenda
1124 4616 1439 4676 descendat.
1473 4621 1614 4689 Quid
1644 4635 1730 4682 est

1840 3425 2065 3494 regitur,
2098 3424 2236 3478 sicut
2265 3438 2360 3493 per
2390 3422 2539 3476 illum
2564 3423 2617 3476 in
2643 3418 2794 3490 aquis
2835 3433 2957 3472 arca
3006 3416 3302 3486 gubernata
3354 3421 3440 3514 est

1841 3532 1959 3584 quae
1989 3515 2212 3585 ﬁguram
2252 3515 2496 3583 gestabat
2540 3512 2815 3579 Ecclesiae.
2878 3508 3067 3563 Daniel
3115 3516 3296 3559 autem
3344 3508 3440 3572 qui

1841 3608 2003 3679 elegit
2032 3608 2276 3662 caelibem
2309 3607 2493 3669 vitam,
2525 3605 2575 3660 id
2617 3611 2721 3669 est,
2754 3601 2969 3671 nuptias
3016 3608 3262 3695 terrenas
3309 3609 3440 3695 con-

1841 3698 2080 3769 tempsit,
2111 3706 2188 3764 ut,
2214 3697 2353 3753 sicut
2378 3696 2508 3750 dicit
2537 3692 2848 3763 Apostolus,
2902 3689 3033 3746 Sine
3077 3685 3439 3742 sollicitudine

1840 3792 2067 3856 viveret.
2113 3791 2356 3860 cogitans
2383 3775 2505 3860 quae
2536 3796 2658 3844 sunt
2690 3786 2804 3850 Dei,
2855 3798 3024 3852 genus
3050 3796 3239 3838 eorum
3283 3777 3438 3848 signi.

1841 3885 2074 3955 ﬁcatqui
2106 3894 2232 3939 sunt
2263 3887 2315 3940 in
2345 3884 2481 3948 otio,
2510 3883 2604 3937 sed
2638 3891 2818 3935 tamen
2851 3874 3134 3933 fortissimi
3179 3874 3231 3928 in
3265 3879 3437 3927 tenta-

1841 3978 2100 4043 tiunibus,
2131 3987 2189 4032 ut
2219 3976 2434 4047 possint
2464 3974 2686 4030 assumi.
2721 3971 2822 4027 Job
2848 3981 3026 4026 autem
3058 3966 3181 4037 quia
3211 3976 3266 4021 et
3306 3977 3436 4018 uxo-

1836 4085 1952 4126 rem
1980 4070 2183 4136 habuit,
2222 4080 2278 4125 et
2308 4071 2466 4136 filios,
2517 4077 2573 4124 et
2621 4063 2829 4133 amplas
2876 4071 3213 4117 terrenarum
3253 4068 3436 4111 rerum

1838 4162 2042 4234 copias,
2074 4163 2141 4218 ad
2165 4161 2295 4217 illud
2317 4174 2488 4233 genus
2533 4157 2765 4228 pertinet
2791 4154 2876 4209 cui
2928 4150 3294 4208 molendinum
3336 4145 3436 4201 de-

1839 4265 2082 4327 putatum
2113 4262 2216 4321 est,
2242 4254 2338 4309 sed
2369 4262 2548 4308 tamen
2574 4257 2634 4304 ut
2678 4249 2790 4303 sint
2825 4241 3117 4340 fortissimi
3162 4241 3218 4295 in
3264 4247 3436 4337 tenta:

1837 4348 2098 4417 tionibus,
2146 4347 2287 4403 sicut
2334 4345 2427 4402 ille
2471 4343 2573 4398 fuit
2613 4360 2627 4396 :
2675 4355 2782 4396 non
2833 4339 2974 4389 enim
3029 4329 3186 4384 aliter
3233 4329 3435 4384 assumi

1834 4447 2089 4508 poterunt
2117 4428 2474 4511 [potuerunt].
2500 4429 2609 4486 Nec
2638 4437 2768 4500 puto
2795 4425 2902 4481 alia
2943 4437 3066 4480 esse
3105 4433 3302 4492 genera
3334 4423 3433 4472 tio-

1835 4538 2043 4592 minum
2074 4534 2265 4606 quibus
2287 4538 2501 4588 constat
2525 4527 2797 4593 Ecclesia,
2834 4537 2996 4595 quam
3046 4521 3146 4576 ista
3175 4518 3300 4584 tria,
3334 4516 3434 4572 ha-

1837 4628 2016 4686 bentia
2044 4627 2198 4683 binas
2222 4621 2580 4686 diﬁerentias,
2627 4625 2852 4689 propter
2907 4611 3333 4683 assumptionem
3374 4616 3432 4668 et

119 4697 271 4767 quod
297 4697 504 4754 dictum
535 4709 618 4756 est
644 4720 656 4756 :
688 4702 949 4761 Similiter
971 4718 1026 4764 et
1053 4710 1143 4780 qui
1172 4711 1224 4766 in
1249 4728 1379 4785 agro
1402 4713 1585 4782 fuerit,
1612 4733 1720 4775 non
1748 4705 1807 4770 D
1834 4721 2194 4788 relictionem,
2238 4717 2483 4790 quamvis
2530 4716 2586 4770 in
2626 4710 2852 4782 singulis
2901 4707 3080 4763 multa:
3127 4702 3429 4760 studiorum

120 4789 315 4844 redeat
344 4791 527 4847 retro?
556 4794 646 4864 qui
677 4806 936 4865 operatur
967 4800 1018 4855 in
1051 4801 1294 4858 Ecclesia
1318 4813 1393 4873 et,
1420 4807 1559 4864 sicut
1586 4810 1726 4866 Pau-

121 4880 211 4935 lus
237 4885 524 4952 etApollo,
558 4885 765 4955 plantat
809 4898 863 4944 et
904 4891 1068 4961 rigat,
1109 4909 1219 4950 non
1270 4899 1523 4968 respiciat
1569 4915 1723 4971 spem

118 4971 446 5028 saecularem
500 4973 585 5029 cui
627 4982 971 5037 renuntiavit.
1009 4983 1150 5051 Quid
1200 4986 1523 5058 signiﬁcavit
1589 5009 1724 5052 uxor

118 5066 298 5122 Loth?
319 5083 414 5124 eos
440 5068 532 5140 qui
560 5069 612 5124 in
639 5071 988 5130 tribulatione
1018 5084 1166 5132 retro
1207 5083 1523 5154 respiciunt,
1561 5096 1616 5143 et
1661 5103 1724 5146 se

115 5174 149 5213 a
174 5173 272 5228 spe
301 5161 495 5217 divinae
527 5165 902 5233 promissionis
942 5177 1237 5225 avertunt:
1273 5180 1328 5228 et
1377 5174 1500 5230 ideo
1543 5187 1719 5234 statua

113 5253 251 5309 salis
283 5250 421 5308 facta
448 5264 551 5322 est,
600 5266 656 5311 ut
683 5257 1025 5317 admonendo
1069 5262 1316 5322 homines
1366 5283 1434 5324 ne
1484 5269 1588 5326 hoc
1633 5271 1715 5329 fa-

112 5350 286 5414 ciant,
322 5357 573 5420 tanquam
602 5351 824 5408 condiat
851 5368 946 5409 cor
975 5369 1200 5427 eorum,
1226 5374 1294 5415 ne
1313 5358 1424 5419 sint
1451 5361 1603 5420 fatui.

581 5461 809 5518 CAPUT
850 5462 1204 5526 CLXXXVII.

112 5553 195 5608 De
223 5553 422 5608 duobus
450 5555 502 5608 in
531 5554 680 5623 lecto,
717 5565 766 5610 et
799 5558 1015 5640 .dnabns
1057 5564 1399 5638 molientibus,
1434 5579 1483 5626 et
1513 5572 1714 5632 duobus

791 5647 846 5683 m
884 5648 1030 5688 αανο.

791 5651 846 5683 m
884 5651 1030 5704 agro.

185 5718 289 5785 Qui
316 5731 440 5777 sunt
467 5721 557 5776 illa
585 5732 742 5780 nocte
771 5724 878 5782 duo
909 5730 959 5784 in
988 5730 1149 5800 lecto,
1182 5743 1236 5790 et
1265 5736 1386 5794 dure
1435 5741 1712 5800 molentes

109 5807 168 5864 in
200 5823 388 5881 unum,
419 5826 473 5871 et
502 5817 610 5871 duo
640 5816 693 5872 in
727 5833 884 5890 agro,
920 5821 988 5880 de
1019 5825 1214 5896 quibus
1258 5832 1509 5891 omnibus
1565 5836 1710 5895 binis

108 5902 313 5976 singuli
339 5919 679 5969 assumantur
709 5923 763 5970 et
783 5915 985 5990 singuli
1013 5920 1425 5995 relinquentur?
1455 5926 1580 5986 Tria
1609 5946 1706 6004 ge-

395 6021 668 6089 Paraoa.
707 6025 906 6093 LXII.

1833 4818 2280 4886 voluntatumque
2323 4795 2692 4874 diversitates,
2740 4804 2810 4860 ad
2851 4800 3195 4859 concordiam
3246 4807 3430 4854 tamen

1833 4913 2208 4982 unitatemque
2237 4912 2629 4963 concurrentes
2661 4898 2868 4970 possint
2898 4894 3153 4952 inveniri.

2319 5022 2548 5084 CAPUT
2585 5013 2968 5077 CLXXXVIII.

1833 5124 1914 5183 De
1931 5124 2114 5198 judice
2154 5121 2327 5200 iniquo
2373 5133 2524 5200 quem
2572 5114 2729 5200 vigata
2757 5107 3154 5200 interpeliabat;
3199 5113 3263 5156 ea:
3290 5096 3425 5189 libr:

2230 5183 2583 5259 Quwstionum
2604 5183 3023 5257 Evangeliorum.

1901 5287 2042 5360 Quid
2065 5294 2147 5344 est
2168 5285 2309 5358 quod
2338 5282 2405 5340 ad
2428 5296 2644 5351 semper
2665 5278 2929 5335 orandum
2954 5282 3008 5330 et
3032 5285 3136 5328 non
3166 5265 3423 5324 deﬁcien-

1824 5382 1960 5442 dum
1987 5385 2053 5440 de
2072 5381 2256 5453 judice
2287 5380 2470 5450 iniquo
2502 5375 2672 5431 voluit
2694 5369 3012 5444 parabolam
3037 5381 3261 5439 ponere,
3304 5362 3422 5434 qui,

1828 5497 1952 5537 cum
1983 5479 2153 5534 Deum
2179 5491 2283 5532 non
2311 5477 2525 5530 timeret
2546 5481 2602 5527 et
2628 5468 2900 5524 hominem
2924 5476 3030 5518 non
3057 5465 3422 5522 revereretur,

1829 5574 2011 5630 viduae
2045 5581 2222 5626 tamen
2264 5568 2493 5624 assiduis
2545 5557 3077 5633 interpellationibus
3125 5553 3311 5620 cessit,
3367 5558 3430 5605 ut.

1823 5683 1947 5725 eam
1972 5664 2269 5721 vindicaret
2297 5677 2364 5716 ne
2395 5660 2495 5715 sibi
2525 5658 2595 5714 ab
2636 5657 2727 5712 illa
2778 5652 2997 5710 taedium
3050 5648 3243 5706 ﬁeret?
3299 5656 3425 5699 nam

1824 5760 1931 5819 hoc
1959 5769 2044 5816 est
2070 5757 2207 5829 quod
2227 5757 2336 5822 ait,
2365 5754 2442 5810 Ne
2470 5752 2692 5809 veniens
2721 5748 2971 5821 suggillet
3015 5760 3120 5801 me.
3157 5740 3427 5829 Quoniam

1826 5852 2110 5926 parabolas
2144 5849 2406 5905 Dominus
2433 5853 2527 5901 aut
2547 5841 2844 5900 secundum
2879 5835 3288 5926 similitudinem
3315 5828 3416 5926 ali-

1825 5921 1987 6022 quam
2018 5946 2188 6019 ponit,
2220 5945 2358 6004 sicut
2383 5940 2452 5999 de
2479 5953 2640 6000 servo
2665 5937 2783 6007 illo,
2813 5932 2902 5990 cui
2924 5929 3186 5991 Dominus
3215 5921 3428 5979 dimisi:

2816 6030 2898 6091 27
