3986 6382
573 359 686 421 M3

579 588 740 634 servo
796 587 896 628 suo
925 571 1233 628 dilationem
1258 566 1454 622 saltem
1495 565 1625 619 dare
1655 564 1855 628 noluit;
1884 571 1937 617 et
1976 561 2042 616 de
2087 561 2165 614 le-

581 677 853 734 neratore,
903 664 1014 734 qui,
1072 675 1194 720 cum
1252 658 1458 714 duobus
1512 655 1850 712 debitoribus
1907 654 2165 707 donasset

582 759 725 832 quod
752 756 1041 820 debebam,
1075 753 1141 808 ab
1171 767 1237 808 eo
1269 750 1384 821 plus
1413 748 1643 805 dilectus
1671 757 1754 804 est
1792 746 1879 802 cui
1925 746 2044 816 plus
2075 744 2171 799 do-

583 854 761 920 navit;
792 861 841 906 et
869 849 937 905 de
967 846 1188 904 homine
1216 847 1305 916 qui
1338 844 1573 901 habebat
1601 843 1756 898 'duos
1804 841 1964 907 ﬁlios,
1998 839 2171 910 majo-

580 959 695 1004 rem
729 944 780 997 in
815 955 945 1014 agro
976 939 1078 995 sibi
1107 939 1578 1010 pr0pinquantem,
1613 937 1880 992 minorem
1910 943 2084 990 autem
2117 935 2171 987 in

581 1036 873 1105 longinquo
898 1032 1290 1098 luxuriantem;
1321 1040 1376 1087 et
1399 1029 1814 1086 innumerabilia
1837 1025 2166 1099 hujusmodi.

579 1126 657 1184 De
687 1125 770 1180 his
798 1126 944 1181 enim
975 1127 1027 1180 in
1052 1133 1308 1194 quantum
1337 1122 1535 1179 similia
1557 1131 1700 1189 sunt,
1722 1120 1932 1176 ducitur
1954 1117 2170 1174 intelle-

578 1226 698 1276 ctus
726 1217 841 1289 ejus
869 1217 946 1274 rei
989 1219 1075 1272 cui
1126 1216 1446 1272 adhibentur
1495 1214 1583 1290 [ad
1635 1210 1980 1286 mysterium]
2035 1210 2166 1266 insi-

579 1312 810 1372 nuanda
835 1320 928 1367 aut
959 1310 1295 1384 requirendae
1322 1307 1611 1387 [veritatis]
1643 1325 1657 1363 :
1691 1317 1783 1364 aut
1810 1324 1878 1364 ex
1910 1311 2022 1380 ipsa
2054 1306 2166 1363 dis-

579 1405 941 1468 similitudine
973 1404 1173 1475 aliquid
1207 1404 1418 1474 probat,
1453 1401 1615 1458 veluti
1639 1410 1724 1458 est
1753 1400 1885 1456 illud
1906 1440 1921 1466 ,
1954 1399 2095 1470 quod
2125 1399 2171 1454 si

578 1497 762 1556 fenum
787 1495 902 1566 agri
923 1496 1065 1567 quod
1087 1494 1252 1550 hodie
1280 1503 1379 1560 est,
1411 1503 1465 1549 et
1487 1509 1606 1549 cras
1625 1494 1678 1548 in
1703 1493 1971 1549 clibanum
2005 1490 2169 1546 mitti-

578 1604 687 1660 tur,
720 1593 860 1647 Deus
885 1591 963 1648 sic
993 1590 1175 1648 vestit.
1208 1600 1409 1656 quanto
1441 1587 1607 1658 magis
1635 1602 1732 1645 vos
1760 1587 1986 1642 modicae
2008 1585 2171 1640 ﬁdei?

578 1686 794 1763 Adiboc
821 1699 990 1755 genus
1016 1683 1246 1752 pertinet
1276 1681 1438 1736 etiam
1469 1679 1620 1750 illud,
1649 1680 1790 1750 quod
1815 1679 1883 1734 de
1914 1693 2076 1735 servo
2097 1678 2173 1732 ait

582 1779 669 1836 cui
693 1778 944 1833 dominus
981 1774 1395 1829 denuntiaverat
1428 1782 1540 1828 uta
1570 1771 1808 1826 villicatu
1859 1783 2171 1826 removere-

579 1882 705 1929 tur:
740 1869 982 1925 fraudcm
1012 1868 1211 1938 quippe
1255 1866 1345 1921 ille
1375 1864 1499 1920 lecit
1541 1864 1759 1919 domino
1789 1878 1907 1932 suo,
1941 1871 2018 1930 ut,
2070 1859 2173 1916 fal-

578 1967 713 2024 satis
743 1962 1145 2035 chirographis,
1179 1959 1516 2018 debitoribus
1547 1960 1666 2029 ejus
1703 1968 1970 2030 quantum
2023 1972 2172 2013 com-

579 2059 796 2114 modum
834 2057 1008 2112 visum
1041 2064 1123 2112 est
1165 2055 1459 2111 relaxaret.
1511 2053 1695 2123 Neque
1729 2051 1840 2107 ullo
1887 2051 2046 2106 modo
2077 2065 2173 2106 nos

581 2151 844 2208 Dominus
867 2159 924 2205 ut
948 2150 1046 2205 sibi
1067 2148 1307 2203 fraudem
1330 2149 1588 2204 faciamus
1617 2147 1884 2210 hortatur,
1904 2145 1998 2201 sed
2017 2142 2061 2200 si
2084 2143 2175 2214 qui

577 2240 875 2300 fraudando
903 2243 1005 2298 sibi
1053 2241 1288 2312 providit
1330 2240 1383 2296 in
1414 2249 1710 2310 posterum,
1754 2237 2026 2293 laudatum
2049 2252 2174 2293 eum

577 2337 710 2393 dicit
738 2352 768 2391 a
796 2336 1047 2402 Domino,
1075 2344 1276 2405 quanto
1305 2333 1513 2406 majore
1549 2333 1833 2389 alacritate
1862 2332 1964 2386 sibi
1996 2330 2176 2401 provi—

577 2430 708 2486 dere
737 2429 934 2485 debent
964 2429 1017 2483 in
1048 2435 1306 2483 aeternam
1336 2426 1506 2483 vitam
1538 2426 1733 2497 quibus
1787 2433 1842 2479 ut
1868 2425 2014 2494 juste
2043 2438 2176 2494 ope-

577 2533 767 2581 rentur
789 2523 1008 2594 jubetur
1030 2522 1236 2577 amicos
1266 2521 1448 2576 facere
1475 2520 1543 2575 de
1578 2533 1882 2575 mammona
1910 2517 2168 2587 iniquita-

578 2621 671 2687 tis,
698 2618 842 2690 quod
874 2632 973 2674 suo
999 2617 1120 2672 loco
1143 2616 1446 2686 expositum
1483 2624 1583 2670 est.
1610 2613 1692 2669 Ad
1724 2613 1826 2667 hoc
1856 2626 2024 2683 genus
2054 2624 2176 2680 per-

579 2717 715 2772 tinet
745 2724 798 2768 et
823 2713 912 2769 ille
933 2714 1046 2784 qui,
1078 2728 1185 2768 non
1214 2721 1435 2783 propter
1453 2711 1770 2779 amicitiam,
1798 2709 1891 2763 sed
1924 2715 1980 2761 ut
2011 2706 2177 2762 tmdio

581 2816 811 2873 careret,
843 2809 954 2878 jam
984 2807 1260 2863 dormiens
1284 2807 1578 2876 excitatur,
1611 2814 1668 2860 ut
1694 2815 1801 2859 tres
1831 2817 2000 2874 panes
2023 2816 2173 2857 com-

580 2901 767 2958 modet
799 2900 972 2955 amico
1010 2915 1130 2956 suo.
1166 2900 1224 2956 Si
1259 2899 1401 2956 enim
1437 2899 1525 2954 ille
1567 2898 1811 2954 molestia
1861 2895 2174 2964 compulsus

583 2996 750 3061 dedit,
785 3003 983 3066 quanto
1017 2995 1189 3063 magis
1217 2993 1378 3054 Deus,
1415 2992 1527 3062 qui,
1554 3006 1680 3047 suos
1710 3004 1895 3046 servos
1922 2989 2174 3059 diligens,

583 3101 641 3146 ut
686 3096 932 3158 petamus
978 3086 1245 3154 hortatur,
1299 3084 1448 3138 dabit
1497 3084 1634 3138 bona
1684 3081 2029 3153 poscentibus
2080 3080 2178 3136 se?

582 3182 769 3252 Itaque
795 3178 924 3234 illud
947 3177 1196 3248 superius
1217 3190 1386 3245 genus
1414 3174 1498 3228 his
1522 3174 1702 3229 verbis
1719 3174 1934 3244 adjungi
1958 3181 2170 3243 potest,

582 3275 734 3331 Sicut
761 3270 891 3328 illud
923 3273 991 3326 ita
1022 3278 1076 3324 et
1105 3268 1270 3335 illud;
1301 3269 1401 3324 hoc
1425 3277 1607 3322 autem
1641 3269 1912 3337 posterius
1947 3267 2028 3323 his
2053 3283 2184 3324 ver-
2210 3259 2263 3328 ε

583 3371 664 3427 bis
693 3389 704 3423 :
739 3368 795 3424 Si
828 3366 978 3434 illud,
1007 3371 1208 3434 quanto
1243 3362 1412 3433 magis
1444 3361 1613 3416 illud?
1645 3370 1739 3416 aut
1767 3360 1810 3416 si
1860 3375 1966 3416 non
2019 3361 2174 3430 illud,

583 3473 783 3537 quanto
833 3463 1008 3518 minus
1059 3458 1227 3516 illud?
1274 3457 1370 3514 sed
1412 3457 1611 3513 alicubi
1659 3456 1917 3525 obscure,
1977 3455 2180 3511 alicubi

585 3566 771 3628 aperte
801 3558 902 3612 ista
929 3564 1220 3628 ponuntur.
1252 3552 1351 3609 llic
1390 3569 1520 3624 ergo
1562 3553 1775 3622 iniquus
1823 3551 2012 3622 judex,
2065 3566 2176 3606 non

584 3667 656 3709 ex
688 3649 1060 3714 similitudine,
1095 3647 1191 3703 sed
1214 3663 1282 3702 ex
1312 3646 1749 3703 dissimilitudine
1769 3646 2045 3700 adhibitus
2073 3655 2177 3712 est,

547 3770 552 3773 -
589 3753 648 3798 ut
671 3740 981 3796 ostenderet
1003 3738 1267 3793 Dominus
1288 3746 1490 3806 quanto
1511 3739 1776 3792 certiores
1805 3752 1925 3791 esse
1951 3737 2184 3792 debeant
2219 3804 2232 3815 _

592 3835 682 3906 qui
716 3834 882 3887 Deum
913 3837 1321 3899 perseveranter
1353 3838 1543 3898 rogant
1581 3827 1784 3882 fontem
1829 3828 2052 3898 justitiae
2099 3837 2184 3882 at-

590 3943 699 4000 que
725 3922 1115 3982 misericordia
1146 3921 1252 3994 (vel
1283 3921 1329 3974 si
1359 3920 1486 3992 quid
1531 3920 1888 3976 excellentius
1940 3919 2041 3973 dici
2094 3928 2188 3975 aut

587 4019 758 4078 audiri
820 4013 1043 4088 potest),
1091 4029 1215 4071 cum
1269 4013 1410 4083 apud
1456 4012 1858 4083 iniquissimum
1924 4012 2184 4083 judicem,

590 4129 759 4185 usque
791 4111 860 4168 ad
889 4109 1137 4166 eﬁ'ectum
1170 4105 1432 4178 implendi
1473 4104 1753 4172 desiderii,
1790 4105 2024 4160 valuerit
2071 4121 2189 4175 per-

588 4205 891 4263 severantia
921 4203 1288 4271 deprecantis.
1333 4200 1450 4269 Ipsa
1482 4213 1613 4254 vero
1654 4197 1812 4253 vidua
1859 4207 2036 4269 potest
2089 4197 2184 4252 ba-

597 4301 722 4356 bere
745 4295 1154 4352 similitudinem
1177 4293 1459 4360 Ecclesiae,
1492 4291 1637 4363 quod
1665 4289 1905 4346 desolata
1939 4290 2179 4356 videtur,

594 4392 766 4446 donec
788 4386 967 4441 veniat
995 4382 1279 4446 Dominus,
1308 4386 1399 4452 qui
1431 4394 1611 4435 tamen
1642 4385 1695 4434 in
1738 4394 1947 4436 secreto
1987 4384 2187 4434 etiam-

598 4495 738 4539 nunc
766 4493 948 4534 curam
976 4474 1095 4546 ejus
1119 4472 1279 4546 gerit.
1314 4470 1373 4528 Si
1396 4480 1573 4526 autem
1601 4478 1873 4537 movetur,
1910 4485 2004 4525 cur
2028 4471 2188 4525 electi

601 4573 692 4630 Dei
717 4588 777 4628 se
816 4569 1076 4626 vindicari
1117 4568 1499 4637 deprecentur,
1532 4562 1675 4634 quod
1707 4564 1866 4619 etiam
1898 4564 1951 4617 in
1975 4563 2188 4632 Apoca-

597 4665 734 4736 lypsi
763 4663 984 4720 Joannis
1006 4662 1073 4717 de
1093 4658 1419 4730 martyribus
1449 4656 1665 4724 dicitur,
1694 4671 1816 4712 cum
1842 4656 2186 4727 apertissime
2214 4652 2272 4720 D

601 4771 916 4819 moneantur
944 4764 1003 4810 ut
1026 4769 1121 4824 pro
1149 4753 1351 4809 nostris
1385 4748 1618 4806 inimicis
1649 4760 1702 4804 et
1745 4749 2184 4821 persecutoribus

598 4867 846 4915 oremus;
877 4846 1281 4918 intelligendum
1305 4855 1388 4901 est
1409 4859 1529 4900 eam
1555 4841 1847 4897 vindictam
1873 4857 1993 4897 esse
2011 4843 2190 4911 justo-

597 4964 742 5012 rum,
771 4955 830 5000 ut
854 4957 1043 4997 omnes
1075 4941 1201 4995 mali
1229 4946 1489 5009 pereant:
1526 4943 1753 5008 pereunt
1775 4943 1954 4990 autem
1977 4935 2188 4990 duobus

597 5039 800 5106 modis,
824 5045 914 5091 aut
943 5032 1298 5091 conversione
1330 5031 1394 5085 ad
1431 5028 1713 5100 justitiam,
1749 5037 1841 5082 aut
1870 5029 2067 5082 amissa
2093 5042 2187 5097 per

600 5131 920 5203 supplicium
981 5133 1278 5200 potestate,
1333 5137 1435 5194 qua
1486 5136 1627 5177 nunc
1685 5122 1940 5178 adversus
1989 5121 2184 5189 bonos,

611 5227 844 5304 quandiu
875 5226 977 5284 hoc
1009 5225 1182 5294 ipsum
1213 5219 1368 5275 bouis
1405 5217 1641 5288 expedit,
1685 5217 1772 5273 vel
1816 5214 2186 5285 temporaliter

614 5323 818 5394 aliquid
842 5321 1039 5378 valent.
1072 5318 1253 5388 itaque
1276 5313 1436 5369 etiam
1467 5310 1513 5365 si
1538 5325 1725 5366 omnes
1758 5310 2005 5363 homines
2057 5322 2189 5363 con-

609 5424 946 5478 verterentur
987 5412 1051 5466 ad
1091 5411 1284 5474 Deum,
1314 5407 1455 5461 inter
1485 5419 1617 5473 quos
1646 5412 1772 5459 sunt
1801 5402 1958 5458 etiam
1988 5399 2192 5456 inimici

602 5528 702 5588 pro
729 5509 922 5582 quibus
945 5507 1194 5577 jubemur
1217 5516 1397 5567 orare,
1427 5497 1675 5554 diabolus
1704 5505 1903 5560 tamen,
1936 5494 2025 5564 qui
2056 5508 2187 5562 ope-

600 5586 751 5666 ratur
775 5604 830 5657 in
860 5599 984 5656 ﬁliis
1013 5595 1355 5661 difﬁdentiae,
1390 5598 1694 5646 remaneret
1741 5589 1796 5642 in
1845 5586 2027 5642 saeculi
2080 5586 2190 5642 ﬁne

601 5697 936 5758 damnandus
963 5712 973 5748 :
1001 5694 1052 5765 3
1081 5707 1237 5761 quem
1265 5689 1422 5743 ﬁnem
1448 5685 1579 5757 justi
1607 5698 1726 5739 cum
1758 5684 1940 5738 venire
1965 5683 2184 5738 deside-

605 5799 750 5858 rant,
781 5763 1034 5860 quamvis
1067 5798 1162 5853 pro
1200 5781 1430 5854 inimicis
1478 5778 1589 5832 suis
1620 5783 1794 5840 orent,
1847 5783 2026 5832 tamen
2079 5763 2194 5832 non.

603 5884 837 5941 absurde
858 5881 1144 5937 vindictam
1176 5873 1483 5932 desiderare
1513 5871 1779 5927 dicuntur.
2080 5941 2128 5980 ί

1659 354 1720 408 D.
1762 348 2075 409 EUGYPPH
2116 344 2402 405 ABBATIS
2440 344 2759 405 AFRICANI

580 479 726 550 quod
749 478 957 534 ratione
974 475 1178 536 reddita
1201 469 1400 528 debere
1419 467 1668 526 inventus
1689 479 1793 534 est,
1824 475 1877 522 et
1900 466 2016 536 ipse
2039 479 2168 520 con-
2195 464 2250 526 Δ

2203 1864 2305 1971 ΒΞ

3758 350 3840 404 Νι

2775 460 3000 520 CAPUT
3029 459 3360 522 CLXXXIX.

2275 553 2355 611 De
2383 571 2443 610 eo
2461 554 2601 626 quod
2623 554 2811 610 dictum
2834 565 2903 610 est
2926 570 2943 608 :
2968 556 3122 608 Orate
3151 570 3212 608 ne
3242 555 3333 623 ﬁat
3365 552 3492 626 fuga
3512 562 3689 607 vestra
3712 551 3837 606 hieme

2902 627 2979 680 vel
3010 626 3237 680 sabbato.

2347 747 2508 802 Orate
2540 761 2606 802 ne
2629 746 2720 801 ﬁat
2751 745 2872 815 fuga
2902 754 3078 798 vestra
3132 741 3330 808 hieme,
3382 739 3468 795 vel
3511 738 3760 806 sabbato,
3800 741 3834 794 id

2277 847 2382 906 est,
2433 853 2501 894 ne
2550 839 2936 908 impedimento
2986 837 3167 906 aliquo
3215 832 3597 899 detineamini,
3653 832 3760 902 quia
3797 845 3834 886 et

2278 932 2458 988 hieme
2489 933 2778 994 imbribus,
2806 933 2889 986 vel
2923 931 3137 1000 frigore,
3172 939 3225 984 et
3255 927 3502 994 sabbato,
3529 929 3584 982 in
3615 942 3719 997 quo
3747 942 3834 998 pro-

2279 1025 2449 1081 ﬁcisci
2478 1042 2584 1081 non
2620 1025 2842 1088 licebat,
2871 1022 3263 1092 impediebatur
3286 1021 3408 1091 quis
3431 1020 3503 1073 ab
3537 1019 3752 1081 itinere;
3773 1019 3830 1072 vel

2277 1120 2446 1187 aliud,
2477 1136 2542 1175 ne
2570 1123 2622 1176 in
2653 1120 2868 1175 tristitia
2914 1126 3008 1173 aut
3056 1116 3238 1172 lattitia
3266 1130 3450 1172 rerum
3497 1112 3829 1184 temporalium

2279 1213 2401 1285 quis
2430 1212 2730 1270 inveniatur
2763 1214 2815 1267 in
2845 1211 2931 1266 die
2957 1210 3066 1264 illa.

2859 1323 3084 1381 CAPUT
3121 1320 3278 1378 CXC.

2280 1442 2360 1499 οε
2388 1443 2580 1498 camelo
2621 1458 2710 1512 per
2756 1442 2986 1509 foramen
3026 1455 3150 1512 a_c_us
3201 1436 3528 1512 transitura;
3591 1449 3653 1489 σε
3679 1433 3826 1488 Ιίινθιι

2671 1508 3020 1577 Quaestionum
3049 1508 3477 1578 Evangeliorum.

2351 1629 2489 1696 Quid
2518 1638 2601 1685 est
2629 1628 2771 1699 quod
2799 1628 2874 1681 ait
2899 1644 2914 1680 :
2943 1623 3175 1679 Facilius
3203 1631 3286 1677 est
3316 1620 3593 1676 camelum
3623 1635 3706 1690 per
3725 1618 3824 1672 fora-

2281 1741 2407 1783 men
2435 1739 2563 1780 acus
2595 1722 2848 1787 transire,
2883 1734 3043 1790 quam
3074 1717 3293 1772 divitem
3325 1717 3538 1770 intrare
3573 1715 3626 1767 in
3647 1725 3818 1782 regnum

2254 1822 2418 1878 'Dei?
2444 1821 2672 1876 Divitem
2698 1817 2785 1872 hic
2809 1816 3046 1887 appellat
3077 1813 3329 1883 cupidum
3383 1825 3571 1864 rerum
3619 1817 3825 1873 tempora-

2312 1916 2446 1980 ium,
2481 1922 2535 1968 et
2556 1914 2622 1968 de
2650 1911 2846 1966 talibus
2874 1907 3296 1977 superbientem.
3335 1903 3431 1957 His
3463 1901 3702 1956 divitibus
3727 1912 3825 1951 con-

2282 2009 2436 2064 trarii
2467 2016 2593 2063 sunt
2615 2018 2876 2076 pauperes
2906 2004 3120 2074 spiritu,
3147 2013 3376 2071 quorum
3408 2005 3494 2052 est
3525 2009 3724 2065 regnum
3746 2007 3824 2046 coa-

2284 2099 2481 2154 lorum.
2515 2096 2649 2152 Nam
2679 2111 2744 2152 eo
2775 2092 3150 2150 manifestatur
3181 2105 3373 2147 omnes
3415 2088 3648 2158 cupidos,
3674 2085 3825 2140 etiam-

2285 2190 2330 2248 si
2354 2190 2693 2246 facultatibus
2742 2188 2897 2256 hujus
2947 2185 3133 2240 mundi
3175 2192 3415 2245 careant,
3457 2179 3528 2232 ad
3565 2179 3657 2230 hoc
3689 2185 3828 2244 genus

2285 2285 2512 2342 divitum
2536 2281 2678 2354 quod
2706 2289 2788 2337 est
2810 2279 3196 2350 reprehensum
3222 2275 3498 2344 pertinere,
3529 2269 3640 2339 quia
3661 2273 3829 2334 postea

2286 2377 2539 2433 dixerunt
2568 2375 2660 2444 qui
2690 2373 2981 2428 audiebant
3007 2387 3020 2423 :
3057 2369 3125 2423 Et
3152 2369 3276 2439 quis
3305 2364 3488 2436 poterit
3515 2361 3680 2415 salvus
3705 2355 3830 2410 ﬁeri?

2287 2484 2409 2525 cum
2441 2465 2931 2536 incomparabiliter
2958 2462 3132 2532 major
3161 2460 3318 2515 turba
3364 2469 3662 2528 pauperum,
3706 2447 3826 2501 vide-

2292 2566 2418 2621 licet
2446 2563 2807 2632 intelligentes
2834 2560 2890 2612 in
2919 2571 2985 2612 eo
3017 2568 3243 2610 numero
3267 2549 3518 2620 deputari
3545 2547 3688 2601 etiam
3726 2541 3817 2594 illos

2287 2661 2401 2730 qui,
2432 2671 2738 2728 quanquam
2781 2653 2904 2708 talia
2941 2666 3050 2705 non
3105 2649 3368 2708 habeant,
3425 2653 3600 2697 tamen
3645 2631 3818 2730 habendi

2286 2726 2580 2820 cupiditate
2597 2726 2901 2817 rapiuntur.
2929 2743 3133 2800 Sensus
3151 2749 3236 2796 est
3257 2748 3470 2801 autem,
3501 2732 3680 2788 facilius
3697 2726 3811 2781 Chri-

2289 2855 2430 2902 stum
2462 2846 2569 2914 pati
2596 2860 2696 2915 pro
2727 2841 3076 2900 dilectoribus
3123 2836 3332 2903 saeculi,
3389 2846 3555 2903 quam
3594 2829 3804 2882 dilectores

2289 2938 2475 2994 seculi
2506 2937 2572 2992 ad
2616 2936 2890 2991 Christum
2939 2947 3098 3003 posse
3127 2928 3403 2986 converti.
3461 2921 3640 2980 Cameii
3671 2925 3802 2970 autem

2290 3029 2508 3083 nomine
2523 3042 2583 3082 se
2618 3026 2845 3096 intelligi
2876 3025 3064 3091 voluit,
3089 3023 3209 3093 quia
3237 3018 3559 3075 humiliatus
3583 3025 3706 3070 onera
3723 3019 3810 3060 slis-

2292 3121 2433 3175 tulit.
2452 3122 2504 3174 In
2523 3134 2629 3190 quo
2651 3119 2791 3174 enim
2814 3115 3148 3172 manifestius
3171 3111 3497 3180 intelligitur
3519 3122 3657 3179 quam
3673 3104 3714 3159 in
3731 3099 3815 3168 ipso

2291 3215 2431 3283 quod
2461 3215 2717 3283 scriptum
2747 3219 2864 3267 est:
2894 3210 3104 3278 Quanto
3127 3222 3352 3276 magnus
3386 3220 3468 3270 es,
3499 3199 3696 3255 humilia
3720 3193 3819 3247 tein

2291 3306 2561 3362 omnibus.
2598 3306 2700 3360 Per
2728 3319 2882 3359 acum
2913 3313 3091 3357 autem
3121 3299 3446 3371 punctiones
3476 3292 3732 3366 signiﬁcat,
3761 3299 3824 3355 per

2291 3400 2612 3470 punctiones
2654 3397 2868 3451 dolores
2906 3396 2961 3450 in
2997 3393 3243 3461 paSsione
3284 3397 3592 3456 susceptos.
3623 3383 3824 3436 Foramea

2290 3465 2424 3563 ergo
2449 3507 2576 3547 acus
2604 3491 2736 3546 dicit
2766 3487 3039 3559 angustias
3072 3484 3364 3555 passionis.
3393 3478 3545 3546 Quod
3569 3481 3727 3527 autem
3751 3465 3827 3528 ait.

2290 3586 2426 3654 Quae
2457 3584 2809 3656 impossibilia
2838 3591 2965 3637 sunt
2991 3578 3133 3644 apud
3169 3571 3420 3626 homines
3457 3564 3715 3636 possibilia
3740 3565 3831 3614 sunt

2292 3682 2434 3752 apud
2469 3653 2657 3742 Deum,
2697 3690 2802 3732 non
2826 3673 2895 3727 ita
2925 3666 3298 3738 accipiendum
3329 3671 3434 3727 est,
3461 3659 3596 3731 quod
3620 3653 3837 3752 cupidiet

2294 3746 2535 3845 superbi,
2569 3773 2657 3843 qui
2689 3770 2906 3826 nomine
2947 3766 3089 3821 illius
3119 3761 3305 3816 divitis
3332 3753 3595 3828 signiticati
3619 3759 3766 3808 sunt,
3795 3746 3840 3800 iu

2294 3840 2528 3941 regnum
2551 3840 2811 3922 caelorum
2845 3865 2952 3917 sint
2990 3856 3241 3915 intraturi
3275 3869 3384 3910 cum
3415 3849 3518 3904 suis
3556 3840 3843 3911 cupiditati-

2294 3934 2397 4021 bus
2427 3974 2481 4020 et
2510 3961 2779 4032 superbia,
2808 3957 2903 4012 sed
2935 3953 3188 4026 possibile
3217 3958 3302 4006 est
3327 3950 3424 4002 Deo
3449 3952 3505 3997 ut
3527 3953 3616 4010 per
3635 3934 3844 4032 verbum

2296 4061 2434 4130 ejus,
2470 4025 2608 4112 sicut
2644 4055 2808 4108 etiam
2839 4025 3036 4104 factum
3063 4059 3181 4101 esse
3219 4052 3276 4098 et
3315 4035 3552 4112 quotidie
3585 4029 3698 4087 beri
3724 4025 3845 4083 Vide-
3945 4025 3947 4084 l

2298 4167 2438 4216 mus,
2475 4166 2506 4204 a
2548 4146 2844 4217 cupiditate
2875 4139 3248 4210 temporalium
3288 4134 3355 4188 ad
3388 4131 3694 4187 charitatem
3723 4131 3842 4217 atter-

2298 4210 2513 4306 norum,
2537 4249 2590 4296 et
2614 4210 2644 4292 a
2673 4237 2969 4307 perniciosa
2998 4231 3249 4302 superbia
3274 4226 3344 4281 ad
3369 4223 3717 4281 humilitatem
3736 4210 3842 4268 saltt-

2299 4336 2589 4391 berrimam
2626 4339 3029 4387 convertantur.

2874 4436 3102 4492 CAPUT
3139 4431 3321 4489 CXCI.

2299 4548 2378 4604 De
2405 4565 2462 4604 eo
2491 4547 2627 4619 quod
2667 4545 2914 4619 scriptum
2936 4549 3006 4596 est
3034 4540 3098 4619 de
3124 4539 3343 4594 Domino
3372 4554 3390 4590 :
3416 4534 3614 4619 Finxit
3631 4529 3842 4616 se‘tattgfa‘l

2371 4623 2467 4686 ire,
2503 4607 2595 4674 ubi
2629 4607 2978 4685 multipliciter
3008 4615 3234 4683 disputat
3267 4624 3361 4686 pro
3394 4610 3540 4686 veris
3573 4607 3845 4686 signiﬁcatio-

2374 4679 2522 4748 nibus
2546 4700 2723 4744 contra
2749 4679 3070 4740 mendacium
3090 4679 3108 4751 ξ
3130 4699 3193 4738 ea:
3215 4685 3402 4738 eodem
3434 4682 3576 4736 libro
3601 4695 3637 4734 ιι
3663 4679 3847 4743 usuum-

2297 4802 2311 4812 -
2375 4782 2500 4820 num
2530 4759 2948 4832 Evangeliorum.

2375 4880 2452 4936 De
2495 4894 2561 4936 eo
2600 4877 2741 4948 quod
2787 4876 3041 4943 scriptum
3073 4879 3156 4926 est
3200 4869 3269 4925 de
3300 4868 3582 4933 Domino,
3633 4867 3782 4920 Finxit
3808 4866 3851 4948 se

2304 4973 2514 5044 longius
2545 4973 2624 5027 ire
2645 5015 2660 5040 ,
2694 4986 2800 5026 non
2831 4968 2898 5023 ad
2925 4964 3267 5022 mendacium
3303 4961 3564 5026 pertinet
3589 4973 3604 5022 ',
3637 4968 3733 5009 non
3755 4947 3855 5044 coitu

2304 5038 2463 5126 omne
2493 5038 2913 5137 quod-ﬁngimus
2945 5055 3279 5113 mendacium
3312 5063 3425 5118 est,
3472 5052 3580 5108 sed
3622 5045 3804 5120 quando
3825 5038 3856 5093 il

2303 5164 2551 5234 ﬁngimus
2580 5157 2723 5228 quod
2754 5154 2886 5210 nihil
2918 5149 3200 5222 signiﬁcat,
3233 5155 3360 5202 tunc
3393 5156 3490 5202 est
3530 5140 3856 5232 mendacium:

2303 5233 2424 5311 cum
2453 5261 2630 5308 autem
2659 5248 2800 5304 ﬁctio
2842 5253 3025 5300 nostra
3051 5241 3285 5296 refertur
3327 5237 3395 5291 ad
3453 5238 3705 5308 aliquam
3741 5233 3865 5298 signi-

2305 5347 2628 5406 ﬁcationem,
2658 5356 2762 5397 non
2790 5348 2873 5395 est
2899 5332 3261 5395 mendacium,
3287 5327 3387 5384 sed
3409 5329 3616 5400 aliqua
3647 5330 3791 5397 ﬁgura
3809 5335 3867 5370 ie-

2305 5438 2504 5502 ritatis,
2534 5433 2767 5503 alioquin
2813 5426 2992 5483 omnia
3021 5439 3144 5496 quae
3175 5439 3203 5476 a
3234 5420 3616 5489 sapientibus
3645 5433 3699 5476 et
3719 5422 3871 5473 Similis

2307 5536 2455 5598 viris,
2493 5531 2574 5587 vel
2605 5530 2766 5584 etiam
2796 5524 2864 5580 ab
2894 5522 3011 5594 ipso
3039 5518 3267 5576 Domino
3316 5516 3575 5584 ﬁgurate
3607 5517 3742 5572 dicta
3769 5516 3873 5564 sunt.

2307 5627 2585 5686 mendacia
2614 5621 3026 5693 deputabuntur,
3060 5616 3183 5685 quia
3212 5610 3532 5666 secundum
3567 5612 3806 5666 usitatum
3826 5604 3878 5650 iu-

2308 5725 2576 5783 tellectum
2609 5734 2713 5773 non
2747 5710 2987 5770 subsistit
3016 5709 3213 5764 veritas
3251 5705 3302 5758 in
3336 5704 3561 5760 talibus
3605 5703 3776 5760 dictis.
3800 5695 3878 5750 lii-3

2309 5819 2452 5875 enim
2496 5816 2656 5869 homo
2690 5808 2781 5879 qui
2820 5805 3004 5862 habuit
3033 5802 3170 5857 duos
3217 5797 3374 5861 ﬁlios,
3429 5813 3692 5866 quorum
3731 5794 3880 5848 nonor.

2310 5917 2526 5979 accepta
2557 5913 2706 5978 parte
2733 5897 3034 5985 patrimonii
3063 5893 3168 5957 sui.
3203 5887 3500 5962 profectus
3534 5901 3630 5946 es;
3667 5890 3720 5942 in
3751 5878 3886 5951 regiu-
