3986 6382
222 379 327 437 διε

1432 372 1863 431 THESAURUS.

1907 373 2059 431 CAP.
2099 375 2281 432 CXCI.
3379 372 3487 438 8&6

221 509 344 551 nem
394 493 756 564 longinquam.
790 500 842 546 et
870 499 1065 548 caetera
1107 505 1227 561 quae
1273 491 1326 546 in
1359 490 1448 546 illa
1493 493 1797 547 narratione
1822 488 1875 550 Δ
1902 490 2002 544 tela
2026 491 2352 562 vulpecula};
2378 500 2435 547 ut
2458 507 2553 560 per
2580 491 2936 548 narrationem
2956 491 3134 547 ﬁctam
3158 491 3225 547 ad
3256 490 3307 548 id
3338 494 3480 563 quod

221 597 598 652 contexuntur,
629 587 698 641 ita
737 589 1009 654 dicuntur,
1045 594 1294 656 tanquam
1319 601 1444 641 vere
1460 585 1617 640 fuerit
1659 587 1803 655 quis—

221 697 378 752 quam
425 681 585 734 homo
612 680 699 750 qui
728 680 827 734 hoc
854 680 904 734 in
949 678 1068 734 filiis
1107 680 1218 733 suis
1248 679 1454 734 duobus
1489 690 1577 734 aut
1611 693 1800 749 passus

221 775 292 829 sit
317 817 330 840 ,
362 783 451 828 aut
478 773 678 828 fecerit.
698 773 844 827 Ficta
861 780 987 826 sunt
1014 787 1140 843 ergo
1158 772 1257 826 ista
1281 772 1346 826 ad
1372 788 1482 827 rem
1509 771 1792 839 quamdam

219 869 650 939 significandam,
709 877 815 921 tam
845 868 1000 936 longe
1029 868 1241 936 alteque
1283 867 1542 934 majorem
1571 910 1584 930 ,
1614 877 1664 921 et
1691 876 1797 919 tam

219 961 708 1030 incomparabiliter
729 959 1091 1034 'difl'erentem,
1123 967 1180 1014 ut
1205 975 1298 1029 per
1320 960 1467 1014 illum
1499 961 1680 1014 ﬁctum
1713 959 1802 1014 ho-

219 1053 416 1108 minem
463 1053 602 1108 Deus
645 1068 802 1107 verus
839 1052 1181 1121 intelligatur.
1214 1053 1364 1108 Sicut
1407 1065 1585 1109 autem
1609 1054 1748 1108 dicta
1778 1096 1792 1119 ,

218 1146 293 1200 ita
324 1148 484 1200 etiam
527 1145 664 1200 facta
696 1146 964 1216 ﬁnguntur
993 1145 1107 1200 sine
1140 1146 1419 1201 mendacio
1459 1145 1524 1200 ad
1557 1147 1795 1218 aliquam

217 1249 332 1291 rem
370 1238 769 1307 signiﬁcandam
796 1283 809 1305 ,
848 1239 991 1293 unde
1042 1247 1127 1293 est
1169 1239 1331 1294 etiam
1369 1237 1502 1293 illud
1549 1238 1789 1308 ejusdem

216 1327 448 1396 Domini,
467 1330 607 1400 quod
631 1331 684 1386 in
707 1330 792 1386 fici
815 1331 1008 1386 arbore
1036 1329 1266 1387 fructum
1293 1332 1558 1403 quzesivit,
1581 1346 1646 1387 eo
1674 1340 1784 1386 tem

215 1438 346 1494 pore
367 1439 474 1495 quo
493 1424 584 1479 illa
611 1440 770 1495 poma
790 1425 1024 1481 nondum
1053 1434 1253 1481 essent.
1281 1425 1398 1480 Non
1424 1435 1507 1481 est
1528 1425 1670 1481 enim
1699 1425 1797 1480 du-

214 1515 361 1572 bium
391 1518 536 1572 illam
568 1518 968 1588 inquisitionem
1016 1533 1120 1573 non
1149 1518 1313 1574 fuisse
1347 1534 1530 1574 veram
1559 1537 1573 1586 ;
1616 1517 1804 1588 quivis

213 1609 358 1664 enim
391 1608 664 1665 hominum
686 1611 876 1677 sciret,
903 1613 946 1665 si
974 1625 1078 1666 non
1099 1611 1398 1679 divinitate,
1427 1611 1511 1666 vel
1533 1619 1800 1680 tempore,

213 1715 373 1770 poma
412 1702 557 1757 illam
602 1705 852 1759 arborem
895 1718 1000 1758 non
1047 1705 1262 1760 habere.
1297 1703 1470 1759 Fictio
1499 1704 1658 1774 igitur
1684 1719 1804 1774 quat

212 1795 281 1849 ad
311 1796 538 1866 aliquam
582 1798 862 1852 veritatem
906 1799 1137 1852 refertur
1179 1798 1345 1866 figura
1394 1806 1516 1861 eSt;
1546 1812 1665 1868 quae
1697 1811 1801 1851 non

1904 583 2078 651 agitur
2121 600 2281 638 verax
2315 584 2632 655 signiﬁcato
2681 585 2982 651 referatur;
3025 585 3165 640 unde
3201 591 3255 638 et
3297 581 3487 656 [Ἐδορὶ

1903 676 2036 731 tales
2065 677 2265 732 fabulas
2295 679 2362 732 ad
2391 695 2511 734 eum
2547 681 2704 734 finem
2737 678 2932 732 relatas
2960 679 3137 733 nullus
3169 684 3277 736 tam
3303 676 3489 736 ineru-

1903 765 2043 821 ditus
2072 767 2207 834 fuit,
2241 770 2334 838 qui
2383 779 2591 840 putaret
2618 769 2932 840 appellanda
2963 768 3239 824 mendacia
3265 784 3279 832 ;
3311 765 3405 822 sed
3438 771 3495 830 et

1903 865 1955 918 in
1988 863 2177 916 litteris
2216 879 2427 933 quoque
2471 866 2676 935 sacris,
2721 865 2860 919 sicut
2906 864 2957 918 in
3005 863 3146 918 libro
3193 860 3439 916 Judicum
3473 905 3489 933 ,

1902 939 2038 1027 ligna
2064 959 2163 1013 sibi
2196 975 2374 1028 regem
2406 961 2684 1030 requirunt
2711 1003 2726 1030 ,
2772 971 2825 1014 et
2857 960 3145 1030 loquuntur
3172 959 3238 1016 ad
3269 960 3446 1018 oleam
3471 1001 3487 1026 ,

1903 1061 1957 1107 ει
1983 1052 2045 1106 ad
2079 1052 2254 1115 ﬁcum.
2289 1063 2342 1108 et
2369 1054 2438 1108 ad
2465 1055 2649 1122 vitem,
2682 1063 2736 1110 ει
2776 1054 2840 1108 ad
2869 1055 3059 1110 rubum
3098 1072 3108 1108 :
3142 1056 3285 1126 quod
3320 1063 3488 1118 lutum

1903 1145 2086 1211 utique
2116 1144 2356 1212 tingitur,
2404 1154 2461 1199 ut
2488 1146 2553 1199 ad
2586 1162 2698 1201 rem
2731 1162 2850 1218 quae
2891 1143 3183 1206 intenditur
3214 1145 3333 1201 ﬁcta
3366 1144 3486 1220 qui-

1904 1236 2024 1292 dem
2058 1239 2393 1303 narratione,
2421 1253 2525 1291 non
2557 1239 2798 1292 mendaci
2831 1246 3008 1292 tamen
3035 1279 3048 1302 ,
3096 1236 3190 1293 sed
3222 1236 3403 1294 veraci
3420 1235 3494 1294 si-

1903 1331 2244 1403 gnificatione
2274 1333 2540 1387 veniatur.
2577 1332 2700 1388 Haec
2724 1331 2832 1387 dixi
2879 1341 3100 1403 propter
3137 1331 3278 1401 quod
3321 1331 3496 1410 scrip-

1904 1433 2018 1480 tum
2058 1435 2139 1480 est
2179 1425 2246 1480 de
2284 1426 2434 1493 .lesu,
2491 1425 2558 1480 Et
2596 1425 2711 1495 ipse
2752 1424 2905 1480 finxit
2943 1440 3001 1481 se
3032 1425 3244 1497 longius
3273 1425 3392 1499 ire,
3429 1435 3499 1480 ne

1907 1517 2189 1586 quisquam
2219 1533 2284 1570 ex
2311 1518 2410 1571 hoc
2435 1517 2623 1583 verbo,
2649 1517 2788 1572 sicut
2816 1517 3259 1588 Priscillianistxe,
3295 1517 3498 1572 licitum
3579 1533 3593 1548 ί

1906 1608 2090 1664 volens
2123 1609 2318 1664 habere
2349 1610 2707 1679 mendacium,
2753 1609 2974 1679 insuper
3020 1609 3184 1665 etiam
3225 1608 3502 1668 Christum

1904 1702 2196 1757 contendat
2241 1699 2406 1756 fuisse
2460 1701 2799 1757 mendacem.
2864 1699 3119 1770 Quisquis
3168 1711 3347 1756 autem
3389 1699 3502 1754 vult

1908 1793 2206 1864 intelligere
2231 1793 2360 1848 illud
2384 1793 2655 1864 ﬁngendo,
2689 1793 2818 1862 quid
2849 1792 3296 1864 prteﬁguraverit,
3329 1803 3503 1858 atten-

212 1887 473 1954 refertur,
508 1891 842 1945 mendacium
886 1900 987 1945 est.
1023 1891 1161 1958 Quid
1191 1905 1320 1962 ergo
1372 1890 1637 1962 signiﬁcat
1662 1889 1804 1961 quod
1835 1891 1883 1952 Β
1909 1888 2000 1943 dat
2029 1889 2155 1960 quid
2204 1887 2413 1960 agendo
2451 1887 2754 1958 perfecerit.
2790 1886 3024 1957 Longius
3069 1901 3300 1960 namque
3357 1893 3504 1954 post-

213 1995 276 2037 σε
305 1985 380 2036 ire
410 1983 663 2037 Dominus
683 1984 891 2054 longius
916 1984 1087 2051 ﬁnxit,
1119 2001 1238 2040 cum
1264 1983 1614 2039 comitaretur
1640 1983 1802 2038 disci-

213 2063 381 2143 pulis,
415 2089 692 2144 exponens
723 2076 800 2130 eis
840 2086 1055 2130 sanctas
1081 2077 1388 2146 Scripturas
1416 2118 1430 2143 ,
1480 2085 1657 2131 utrum
1691 2078 1804 2147 ipse

212 2177 360 2245 esset
397 2170 809 2238 ignorantibus?
837 2170 962 2237 quid
999 2181 1245 2239 putamus
1269 2211 1284 2236 ,
1331 2171 1433 2226 nisi
1468 2172 1589 2241 quia
1623 2173 1807 2241 hospi-

211 2256 438 2314 talitatis
463 2259 642 2315 officio
662 2260 726 2315 ad
756 2275 909 2315 suam
938 2263 1300 2333 cognitionem
1333 2263 1616 2331 pervenire
1647 2277 1807 2332 posse

212 2350 459 2406 homines
489 2352 796 2406 intimavitl
840 2362 898 2407 ut
928 2368 1049 2408 cum
1094 2355 1302 2423 longius
1333 2355 1448 2423 ipse
1477 2355 1545 2408 ab
1577 2355 1808 2410 homini-

215 2439 376 2494 nibus
401 2442 724 2496 abscesserit
748 2457 908 2510 super
937 2459 1125 2499 omnes
1151 2446 1339 2511 caelos,
1369 2454 1547 2499 tamen
1583 2447 1652 2500 ita
1685 2461 1804 2500 cum

214 2532 296 2588 eis
330 2533 398 2587 sit
436 2537 521 2603 qui
554 2534 672 2588 haec
705 2536 962 2591 exhibent
990 2537 1162 2592 servis
1204 2537 1342 2608 ejus,
1377 2548 1437 2593 ut
1477 2554 1598 2593 cum
1631 2540 1810 2595 dicere

212 2623 479 2691 coeperint
510 2642 523 2680 :
556 2625 802 2692 Domine,
830 2629 1045 2698 quando
1070 2637 1123 2683 te
1167 2629 1399 2684 vidimus
1446 2630 1713 2701 hospitem
1757 2640 1812 2688 ει

214 2713 538 2771 adduximus
562 2718 585 2771 !
623 2725 877 2788 tanquam
909 2734 1028 2775 eum
1057 2720 1261 2775 scilicet
1290 2720 1380 2793 qui
1407 2721 1564 2791 longe
1591 2723 1809 2778 absces-

210 2818 398 2874 serat;
448 2812 771 2878 respondeat
810 2814 900 2868 ille
934 2831 946 2866 :
996 2814 1130 2869 Cum
1172 2815 1264 2870 uni
1294 2831 1363 2871 ex
1409 2817 1645 2873 minimis
1675 2818 1810 2873 meis

209 2899 437 2966 fecistis,
463 2902 591 2956 mihi
612 2902 830 2960 fecistis.
847 2903 1018 2962 Tenet
1037 2922 1168 2976 ergo
1193 2907 1491 2974 Christum,
1517 2927 1583 2965 ne
1601 2911 1812 2982 longius

209 2991 282 3048 ab
302 2994 396 3050 illo
416 3004 521 3060 eat,
541 2996 784 3066 quisquis
807 2998 1169 3054 catechizatus
1186 3000 1352 3056 verbo
1376 3002 1426 3056 in
1445 3003 1694 3058 omnibus
1712 3005 1810 3058 bo-

210 3086 299 3142 nis
326 3089 372 3142 ei
412 3090 502 3159 qui
530 3103 590 3145 se
615 3091 913 3148 catechiaat
935 3095 1317 3162 communicat,
1350 3097 1491 3151 sicut
1520 3099 1813 3167 Apostolus

208 3180 341 3237 dicit
372 3199 385 3236 :
414 3181 785 3243 Communicet
818 3189 906 3258 qui
938 3190 1306 3246 catechizatur
1353 3192 1516 3248 verbo
1557 3193 1607 3248 ei
1638 3193 1728 3265 qui
1757 3209 1816 3250 se

1906 1997 1968 2039 ea
2001 1982 2268 2053 profectus
2296 1997 2457 2053 super
2483 1995 2672 2036 omnes
2693 1981 2882 2045 caelos,
2913 1994 3018 2033 non
3051 1987 3230 2033 tamen
3268 1977 3508 2032 deseruit

1907 2077 2198 2146 discipulos
2237 2091 2384 2132 suos.
2417 2076 2642 2146 Propter
2671 2075 2770 2130 hoc
2809 2073 3222 2145 signiﬁcandum
3267 2072 3505 2130 futurum

1909 2171 2399 2239 divinitusfactum,
2448 2171 2514 2224 ad
2552 2169 2937 2240 praesensillud
2981 2178 3066 2226 est
3101 2167 3407 2224 humanitus
3444 2166 3507 2226 ﬁ-

1914 2274 2081 2327 ctum,
2111 2263 2165 2335 4
2190 2273 2244 2320 ει
2273 2264 2394 2318 ideo
2417 2263 2737 2334 significatio
2770 2277 2932 2316 verax
2963 2261 3017 2317 in
3059 2261 3147 2317 illa
3187 2270 3269 2316 est
3295 2260 3512 2320 fictione

1914 2357 2212 2426 praemissa,
2245 2355 2364 2424 quia
2391 2356 2443 2409 in
2467 2355 2565 2408 hac
2588 2354 2923 2424 profectione
2952 2352 3094 2408 illius
3127 2361 3212 2408 est
3237 2350 3510 2419 signiﬁca-

1915 2447 2074 2502 tionis
2109 2448 2306 2502 veritas
2340 2446 2647 2501 subsecuta.
2701 2445 2793 2500 ille
2834 2445 2994 2516 igitur
3042 2444 3334 2502 contendat
3357 2442 3512 2502 Citri-

1915 2550 2055 2598 stum
2097 2542 2378 2596 mentitum
2416 2555 2536 2596 esse
2569 2539 2841 2612 fingendo,
2892 2539 2982 2610 qui
3024 2546 3185 2610 negat
3213 2553 3335 2594 eum
3371 2537 3513 2607 quod

1915 2633 2237 2706 significavit
2267 2632 2572 2703 implevisse
2617 2631 2883 2686 faciendo.
2941 2630 3053 2686 Non
3083 2639 3166 2688 est
3197 2644 3325 2698 ergo
3357 2642 3514 2690 meu-

1917 2726 2128 2781 dacium
2159 2741 2278 2780 cum
2301 2725 2510 2780 silendo
2537 2723 2888 2780 absconditur
2911 2738 3118 2790 verum,
3151 2721 3244 2776 sed
3274 2736 3396 2780 cum
3430 2721 3515 2777 lo-

1920 2820 2134 2892 quendo
2182 2821 2446 2892 promitur
2476 2818 2690 2874 falsum.
2735 2817 2902 2874 Jacob
2941 2825 3123 2872 autem
3161 2815 3304 2888 quod
3345 2827 3517 2874 matre

1918 2912 2049 2968 fecit
2077 2924 2321 2977 auctore,
2359 2921 2413 2966 ut
2446 2920 2654 2981 patrem
2690 2908 2878 2964 fallere
2905 2907 3199 2972 videretur,
3224 2907 3268 2960 si
3295 2903 3518 2973 diligen-

1921 3014 2004 3062 ter
2038 3013 2089 3060 et
2138 3004 2368 3059 ﬁdeliter
2399 3001 2731 3066 attendatur,
2783 3014 2888 3054 non
2921 3009 3003 3054 est
3034 2997 3393 3060 mendacium,
3419 2995 3517 3064 sed

1921 3098 2234 3167 mysterium
2274 3116 2282 3148 :
2322 3111 2440 3164 quae
2491 3095 2534 3149 si
2591 3092 2869 3148 mendacia
2936 3090 3266 3158 dixerimus,
3328 3102 3518 3158 omnes

1921 3190 2084 3245 etiam
2126 3189 2397 3258 parabolm
2439 3202 2500 3241 ac
2531 3186 2714 3255 figura:
2747 3181 3217 3246 significandarum
3260 3193 3517 3256 quarum-

209 3275 509 3330 catechizat
548 3279 603 3332 in
632 3281 882 3336 omnibus
923 3281 1097 3338 bonis.
1135 3283 1200 3338 Et
1220 3284 1484 3354 alioloco,
1513 3301 1632 3342 cum
1651 3287 1818 3342 dixis-
1844 3282 1892 3349 C
1922 3297 2027 3353 que
2060 3298 2280 3348 rerum,
2331 3295 2450 3352 qua:
2490 3295 2595 3334 non
2645 3279 2713 3333 ad
2762 3277 3145 3352 proprietatem
3197 3273 3521 3350 accipienda:

214 3376 341 3423 set:
377 3369 794 3429 Necessitatibus
823 3386 1130 3431 sanctorum
1161 3380 1657 3449 communicantes,
1692 3391 1804 3436 sta-

212 3456 317 3513 tim
348 3461 576 3529 subjecit
606 3479 620 3517 :
657 3463 1089 3535 Hospitalitatem
1123 3479 1411 3524 sectantes.
1440 3469 1508 3526 Et
1544 3471 1631 3526 isti
1671 3475 1816 3528 enim

211 3553 534 3608 catechizati
589 3567 744 3612 erant
791 3559 958 3613 verbo
982 3603 995 3626 ,
1048 3576 1168 3616 cum
1200 3563 1278 3616 eis
1312 3573 1604 3633 exponeret
1636 3564 1820 3634 Scrip-

212 3657 386 3714 turas,
413 3657 467 3703 ct
486 3650 609 3720 quia
641 3649 1064 3720 hospitalitatem
1112 3657 1300 3711 sectati
1332 3666 1478 3724 sunt,
1510 3673 1633 3713 eum
1656 3675 1815 3730 quem

215 3740 279 3794 in
307 3740 423 3810 ipsa
450 3743 788 3812 expositione
815 3744 1216 3817 Scripturarum
1262 3764 1369 3805 non
1413 3765 1781 3822 cognoverunt
1804 3792 1819 3817 ,

223 3835 287 3888 in
323 3833 476 3903 panis
506 3833 769 3894 fractione
815 3851 1170 3910 cognoscunt.
1204 3841 1323 3898 Non
1354 3844 1499 3899 enim
1549 3845 1823 3904 auditores

219 3924 361 3993 legis
389 3927 516 3996 justi
537 3938 665 3984 sunt
688 3932 826 4002 apud
850 3931 1018 3990 Deum
1050 3978 1066 3999 ,
1094 3936 1188 3992 sed
1217 3936 1447 3993 factores
1475 3940 1607 4012 legis
1625 3941 1827 4012 justiﬁ-

212 4016 515 4072 cabuntur.
566 4021 908 4092 Evangelista
946 4027 1172 4082 dicens:
1205 4027 1326 4098 Ipse
1365 4040 1544 4085 autem
1587 4047 1646 4086 se
1677 4032 1829 4087 ﬁnxit

218 4107 436 4176 longius
458 4110 558 4178 ire,
590 4114 753 4167 etiam
787 4114 958 4184 ipsum
983 4118 1205 4172 verbum
1236 4121 1436 4191 posuit,
1463 4137 1572 4192 quo
1601 4124 1827 4180 menda-

217 4213 320 4254 ces
341 4201 562 4257 nimium
587 4204 946 4274 delectantur,
982 4219 1038 4264 ut
1070 4213 1288 4282 impune
1319 4216 1832 4287 mentiantur,quasi

216 4293 567 4349 mendacium
607 4298 678 4351 sit
725 4314 887 4356 omne
925 4305 1067 4372 quod
1113 4305 1372 4376 fingitur,
1403 4323 1524 4362 cum
1569 4311 1832 4365 veraciter

221 4384 375 4440 aliud
408 4402 470 4442 ex
497 4389 602 4444 alio
632 4390 969 4461 significandi
1008 4410 1167 4450 causa
1207 4407 1310 4453 tam
1336 4399 1504 4453 multa
1537 4400 1826 4472 ﬁngantur.

213 4474 288 4532 Si
336 4492 462 4548 ergo
502 4481 634 4535 nihil
683 4482 828 4537 aliud
884 4485 1243 4556 significasset
1280 4488 1438 4546 Jesus
1481 4491 1533 4544 in
1587 4507 1653 4547 eo
1687 4492 1830 4562 quod

222 4569 437 4640 longius
460 4588 518 4628 se
549 4574 629 4629 ire
669 4576 842 4644 finxit,
877 4580 1070 4635 merito
1092 4580 1424 4649 judicaretur
1455 4601 1580 4642 esse
1607 4588 1828 4641 menda-

1922 3384 2066 3439 sunt,
2099 3375 2191 3429 sed
2235 3375 2287 3428 in
2320 3374 2399 3427 eis
2429 3373 2573 3426 aliud
2617 3387 2680 3426 ex
2713 3371 2820 3426 alio
2850 3381 2931 3426 est
2974 3368 3402 3442 intelligendum,
3437 3366 3516 3434 di-

1923 3474 2114 3520 centur
2139 3480 2257 3520 esse
2287 3465 2586 3527 mendacia,
2622 3461 2764 3532 quod
2803 3462 2943 3517 absit
2970 3461 3208 3520 omnino.
3257 3460 3390 3520 Nam
3429 3456 3522 3530 qui

1927 3559 2029 3614 hoc
2061 3567 2211 3627 putat
2241 3557 2460 3626 tropicis
2483 3557 2642 3611 etiam
2671 3568 2776 3608 tam
2810 3555 2995 3610 multis
3025 3553 3382 3612 locutionibus
3408 3567 3519 3618 om-

1927 3653 2082 3710 nibus
2122 3659 2296 3722 potest
2342 3652 2478 3705 hanc
2523 3651 2811 3718 importare
2855 3649 3201 3716 calumniam,
3247 3649 3318 3706 ita
3361 3656 3416 3704 ut
3458 3656 3516 3704 et

1929 3750 2045 3821 ipsa
2068 3764 2187 3817 qua:
2217 3747 2516 3818 appellatur
2535 3749 2818 3825 μεταφορὰ,
2853 3747 2957 3802 hoc
2987 3755 3090 3813 est,
3121 3745 3186 3802 de
3215 3760 3274 3802 re
3299 3745 3516 3816 propria

1931 3843 1997 3897 ad
2032 3857 2142 3898 rem
2175 3856 2283 3896 non
2315 3841 2587 3910 propriam
2621 3838 2771 3894 verbi
2800 3838 3029 3908 alicujus
3055 3845 3310 3912 usurpata
3340 3847 3519 3896 trans-

1931 3936 2080 3998 latio,
2106 3943 2286 4003 p05set
2315 3933 2415 3987 ista
2435 3934 2645 3988 ratione
2671 3931 3014 3986 mendacium
3038 3930 3356 4001 nuncupari.
3387 3929 3522 3990 Cum

1931 4031 2075 4084 enim
2117 4028 2346 4080 dicimus
2388 4026 2646 4080 ﬁuctuare
2676 4033 2910 4094 segetes,
2941 4037 3211 4093 gemmare
3241 4022 3398 4087 vites,
3428 4021 3524 4078 ﬂo-

1933 4120 2106 4176 ridam
2149 4119 2506 4189 juventutem,
2562 4116 2779 4170 niveam
2821 4115 3095 4181 canitiem,
3150 4111 3524 4183 proculdubio,

1935 4215 2147 4278 fluctus,
2199 4226 2458 4282 gemmas,
2510 4210 2722 4277 ﬁorem,
2759 4209 2961 4276 nivem,
3010 4208 3135 4278 quia
3166 4209 3220 4270 in
3251 4207 3336 4266 bis
3367 4205 3527 4263 rebus

1937 4323 2041 4362 non
2075 4307 2378 4362 invenimus
2408 4304 2460 4358 in
2492 4317 2624 4374 quas
2653 4303 2769 4358 haec
2794 4301 2960 4357 verba
2992 4297 3210 4354 aliunde
3255 4299 3527 4357 transtuli-

1937 4416 2078 4464 mus,
2113 4399 2180 4454 ab
2225 4397 2341 4452 istis
2384 4391 2660 4449 mendacia
2701 4391 3049 4464 putabuntur.
3086 4392 3154 4448 Et
3186 4398 3338 4462 petra
3377 4389 3527 4450 Chri.

1935 4509 2070 4563 Slus,
2099 4504 2152 4549 et
2181 4508 2274 4548 cor
2302 4489 2568 4561 lapideum
2612 4487 2942 4544 Iudaeorum.
2987 4485 3122 4542 Item
3146 4485 3234 4542 leo
3252 4487 3528 4555 Christus,

1938 4600 1992 4645 et
2021 4590 2105 4644 leo
2136 4586 2406 4650 diabolus,
2451 4593 2503 4640 et
2528 4581 2939 4638 innumerabilia
2975 4581 3098 4637 talia
3127 4580 3378 4638 dicentur
3405 4596 3528 4638 esse

220 4663 392 4718 cium.
419 4665 585 4722 Porro
607 4679 783 4726 antem
815 4672 860 4727 si
889 4672 1030 4729 bene
1055 4674 1405 4748 intelligatur,
1437 4686 1491 4733 et
1512 4679 1578 4734 ad
1612 4680 1660 4734 id
1683 4679 1824 4750 quod
1853 4667 1906 4731 ι)
1934 4681 2233 4739 mendacia.
2268 4678 2407 4749 Quid
2443 4678 2589 4750 quod
2620 4677 2736 4734 haec
2772 4675 2976 4746 tropica
3028 4675 3228 4731 locutio
3252 4690 3423 4747 usque
3460 4687 3530 4734 ad

222 4757 399 4812 voluit
426 4761 730 4828 signiﬁcare
768 4764 1034 4822 referatur
1063 4810 1080 4837 ,
1126 4770 1395 4827 invenitur
1444 4788 1566 4830 esse
1618 4785 1821 4846 myste-

225 4852 394 4909 rium.
425 4855 673 4928 Alioquin
704 4870 863 4915 erunt
901 4872 1094 4918 cuncta
1137 4867 1418 4921 mendacia
1456 4884 1577 4939 quae
1606 4880 1827 4942 propter

229 4945 521 5012 quamdam
545 4963 722 5006 rerum
742 4953 1214 5024 significandarum
1243 4958 1671 5032 similitudinem,
1705 4979 1827 5020 cum

229 5047 389 5106 gesta
419 5055 527 5094 non
557 5040 699 5109 sint,
736 5052 988 5114 tanquam
1020 5060 1170 5115 gesta
1201 5061 1508 5106 narrantur.
1555 5053 1713 5110 Unde
1750 5065 1832 5112 est

231 5132 328 5186 illa
358 5133 424 5188 de
453 5135 661 5191 duobus
692 5139 848 5193 unius
879 5139 1112 5194 hominis
1134 5139 1292 5207 filiis,
1328 5141 1531 5212 majore
1561 5145 1652 5214 qui
1675 5162 1826 5204 man-

237 5224 316 5278 sit
340 5226 478 5296 apud
506 5237 709 5295 patrem
738 5245 891 5285 suum
919 5271 934 5294 ,
964 5238 1020 5286 et
1044 5231 1252 5288 minore
1283 5233 1374 5303 qui
1405 5237 1564 5304 longe
1596 5239 1835 5309 peregri‘

237 5327 403 5375 natus
437 5331 540 5385 est,
575 5332 680 5376 tam
730 5325 934 5392 prolixa
964 5326 1218 5381 narratio.
1266 5325 1323 5380 lu
1356 5341 1463 5397 quo
1489 5344 1690 5400 genere
1731 5331 1833 5386 fin-

237 5414 403 5483 gendi
437 5413 665 5472 humana
693 5418 854 5473 etiam
893 5418 1032 5473 dicta
1073 5420 1157 5476 vel
1202 5421 1340 5475 facta
1382 5421 1836 5480 irrationabilibus

240 5506 608 5562 animantibus
636 5517 690 5563 et
708 5510 868 5564 rebus
894 5525 1053 5565 sensu
1077 5512 1385 5567 carentibus
1413 5511 1661 5568 homines
1683 5515 1838 5570 addi-

239 5597 466 5660 derunt,
485 5608 544 5655 ut
564 5601 827 5671 ejusmodi
847 5602 982 5657 ﬁctis
1005 5604 1419 5674 narrationibus,
1441 5605 1538 5662 sed
1561 5608 1838 5664 veracibus

243 5691 731 5761 signiﬁcationibus
752 5695 892 5766 quod
924 5696 1122 5750 vellent
1149 5699 1581 5754 commendatius
1624 5699 1839 5755 intima~

245 5795 394 5846 rent.
437 5787 544 5845 Nec
572 5790 711 5860 apud
739 5799 983 5847 auctores
1013 5800 1218 5846 tantum
1261 5796 1597 5850 saecularium
1631 5795 1839 5851 littera-

245 5889 398 5948 rum,
419 5891 479 5936 ut
501 5884 641 5951 apud
669 5885 966 5954 Horatium,
1001 5901 1124 5944 mus
1153 5888 1385 5968 loquitur
1411 5892 1578 5960 muri,
1612 5900 1666 5948 et
1688 5906 1837 5948 mus-

1445 6016 1489 6035 ‘-'.
1533 6014 1563 6032 ξι
1582 6013 1787 6044 ’ς’-Μεθ’,
1805 6015 1830 6036 .'
1847 6014 1855 6019 ⁸

1932 4793 2050 4834 eam
2083 4773 2325 4845 pervenit
2374 4786 2493 4843 quae
2543 4769 2842 4840 appellatur
2872 4769 3194 4842 ἀντίφρασις,
3228 4776 3286 4824 ιιι
3315 4767 3528 4826 dicatur

1932 4869 2208 4924 abundare
2254 4865 2398 4936 quod
2443 4878 2549 4919 non
2605 4869 2719 4928 est,
2763 4860 2974 4916 dicatur
3020 4861 3175 4918 dulce
3217 4861 3359 4932 quod
3415 4859 3530 4918 aci-

1934 4963 2061 5018 dum
2093 4969 2196 5030 est,
2245 4959 2401 5012 lucus
2436 4955 2580 5027 quod
2627 4969 2736 5010 non
2770 4953 2966 5024 luceat,
3015 4967 3189 5024 parca:
3235 4951 3378 5022 quod
3422 4966 3528 5008 non

1936 5051 2196 5124 parcant?
2219 5049 2359 5104 unde
2387 5047 2519 5103 illud
2541 5057 2623 5104 est
2649 5048 2704 5103 in
2733 5047 3029 5119 Scripturis
3063 5045 3265 5102 sanctis
3301 5061 3312 5096 :
3339 5042 3529 5101 Sinon

1940 5144 1994 5199 in
2035 5141 2226 5197 faciem
2272 5139 2614 5195 benedixerit
2668 5139 2785 5208 tibi,
2830 5139 2973 5210 quod
3021 5136 3266 5194 diabolus
3314 5136 3389 5190 ait
3437 5135 3520 5194 Do

1941 5235 2110 5301 mino,
2145 5235 2211 5288 de
2240 5240 2428 5287 sancto
2449 5231 2572 5302 Job,
2600 5240 2652 5285 et
2679 5231 2998 5300 intelligitur
3029 5228 3395 5297 maledixcrit,
3426 5244 3532 5300 quo

1941 5328 2106 5383 verbo
2153 5338 2207 5383 et
2239 5326 2502 5383 Nabuthei
2557 5326 2735 5381 ﬁctum
2786 5324 2990 5380 crimen
3021 5338 3052 5377 a
3080 5321 3533 5380 calumniantibus

1944 5423 2275 5479 nominatum
2317 5430 2418 5477 est.
2453 5420 2664 5476 Dictum
2693 5427 2777 5474 est
2806 5418 2950 5474 enim
2991 5416 3136 5488 quod
3181 5417 3523 5474 benedixerit

1944 5516 2080 5588 regi,
2118 5517 2218 5569 hoc
2245 5523 2345 5580 est,
2393 5512 2757 5568 maledixerit.
2799 5510 2865 5566 Hi
2906 5525 3097 5568 omnes
3124 5511 3271 5566 modi
3305 5511 3536 5567 locutio-

1944 5623 2071 5664 num
2104 5605 2381 5662 mendacia
2409 5605 2758 5675 putabuntur,
2787 5602 2831 5658 si
2862 5603 3084 5668 locutio,
3114 5602 3198 5660 vel
3230 5602 3369 5658 actio
3399 5602 3535 5672 ﬁgu-

1945 5709 2079 5765 rata,
2141 5700 2194 5753 in
2240 5696 2523 5752 mendacio
2561 5693 2924 5764 deputabitur.
2971 5693 3031 5751 Si
3073 5703 3256 5752 autem
3302 5708 3410 5750 nou
3449 5703 3535 5750 est

1943 5794 2304 5859 mendacium,
2336 5790 2550 5862 quando
2573 5791 2639 5846 ad
2683 5788 3093 5860 intelligentiam
3124 5786 3366 5844 veritatis
3387 5788 3530 5844 aliud

1943 5903 2008 5947 ex
2038 5888 2145 5948 alio
2173 5885 2530 5960 signiﬁcantia
2576 5883 2901 5954 referuntur,
2945 5881 3186 5954 profecto
3215 5895 3327 5941 non
3349 5881 3526 5944 solum
