3986 6382
547 410 650 477 N1

1613 430 1675 487 D.
1719 425 2038 489 EUGYPPII
2079 429 2368 488 ABBATIS
2407 429 2732 489 AFRICANI
3731 439 3815 496 εις,

545 533 601 590 id
627 535 773 606 quod
793 535 918 593 fecit
945 547 1036 596 aut
1061 539 1192 595 dixit
1231 539 1398 597 Jacob
1426 544 1568 612 pitri
1603 556 1658 600 ut
1688 547 2126 615 benediceretur,
2158 550 2213 611 Α
2240 548 2679 620 quandoquidem
2709 550 2798 604 illa
2834 549 2978 605 Petri
3017 562 3071 607 et
3102 552 3361 609 Barnabas
3393 553 3700 624 simulatio,
3731 575 3811 628 qua

543 628 642 685 sed
674 645 846 703 neque
875 633 1008 690 illud
1037 635 1177 704 quod
1204 635 1408 705 Joseph
1433 640 1577 696 velut
1607 642 1898 700 illudendis
1927 645 2138 699 locutus

543 732 631 779 est
675 724 948 793 fratribus,
994 742 1094 783 nec
1137 731 1280 800 quod
1336 731 1506 788 David
1548 735 1819 791 simulavit
1854 737 2137 804 insaniam,

542 829 646 872 nec
674 827 872 874 caetera
900 817 1209 888 hujusmodi
1242 825 1522 880 mendacia
1547 827 1840 896 judicanda
1870 839 2012 894 sunt,
2043 829 2138 886 sed

541 906 843 965 locutiones
878 911 1235 986 actionesque
1276 920 1635 987 prapheticze,
1678 921 1742 976 ad
1774 937 1836 977 ea
1862 938 1981 991 quae
2011 936 2136 978 vera

540 1008 665 1057 sunt
698 999 1048 1073 intelligenda
1083 1007 1383 1063 referenda:
1413 1029 1426 1065 :
1459 1027 1580 1080 quae
1623 1023 1909 1082 propterea
1945 1014 2140 1083 figura-

538 1092 607 1147 tis
626 1093 774 1149 velut
815 1097 1104 1155 amictibus
1144 1100 1492 1172 obteguntur,
1529 1115 1586 1160 ut
1627 1120 1844 1162 sensum
1875 1107 1964 1178 pie
1992 1123 2139 1178 quae-

537 1185 708 1242 rentis
753 1199 1071 1258 exerceant,
1117 1202 1171 1250 et
1200 1210 1270 1250 ne
1301 1197 1441 1251 nuda
1472 1211 1533 1252 ac
1565 1209 1809 1268 prompta
1856 1201 2136 1256 vilescant.

537 1277 798 1347 Quamvis
837 1298 958 1353 quae
1001 1284 1121 1340 aliis
1163 1284 1297 1342 locis
1343 1301 1527 1357 aperte
1565 1305 1628 1346 ac
1661 1291 1946 1347 manifeste
1997 1292 2137 1347 dicta

538 1371 849 1443 didicimus,
874 1391 996 1432 cum
1037 1393 1100 1434 ea
1129 1379 1243 1448 ipsa
1273 1381 1340 1436 de
1361 1382 1553 1438 abditis
1573 1395 1855 1451 eruuntur,
1874 1385 2136 1451 quodam-

539 1465 703 1522 modo
744 1469 799 1522 in
829 1481 1017 1527 nostra
1045 1473 1374 1542 cogitatione
1404 1487 1753 1544 renovantur,
1787 1489 1840 1534 et
1883 1488 2138 1535 renovata

537 1556 878 1628 dulcescunt,
907 1577 1005 1618 nec
1027 1564 1338 1623 invidentur
1365 1569 1699 1626 discentibus
1724 1573 1866 1643 quod
1900 1573 1984 1628 his
2023 1588 2138 1629 mo-

537 1657 623 1714 dis
645 1659 1031 1730 obscurantur,
1063 1667 1160 1722 sed
1192 1670 1639 1725 commendantur
1662 1672 1856 1741 magis,
1905 1680 1963 1726 ut
1984 1672 2135 1741 quasi

537 1750 816 1809 subtracta
844 1755 1230 1813 desiderentur
1259 1760 1556 1828 ardentius,
1589 1770 1646 1816 et
1677 1762 2017 1817 inveniantur
2041 1763 2136 1818 de-

543 1842 782 1899 siderata
816 1846 1108 1916 jucundius
1139 1868 1151 1902 :
1185 1862 1361 1906 tamen
1393 1869 1517 1907 vera
1545 1869 1653 1908 non
1693 1853 1823 1908 falsa
1862 1854 2134 1921 dicuntur,

2244 647 2431 709 gentes
2467 641 2746 709 judaizare
2777 642 3061 710 cogebant,
3095 645 3286 700 merito
3313 645 3659 715 reprehensa
3684 657 3814 719 atque

2244 740 2494 800 correpta
2543 730 2833 808 [correcta]
2876 743 2978 800 est,
3011 745 3064 791 et
3107 752 3177 792 ne
3217 746 3344 793 tunc
3384 748 3658 806 noceret,
3688 750 3736 795 et
3761 756 3814 798 ne

2245 825 2482 894 posteris
2527 828 2596 882 ad
2641 827 2960 884 imitandum
2999 831 3227 887 valeret.
3257 833 3389 887 Cum
3429 832 3582 888 enim
3620 834 3813 893 vidisset

2242 919 2518 987 apostolus
2541 919 2758 990 Paulus,
2789 923 2912 992 quia
2941 939 3049 979 non
3078 934 3226 980 recte
3249 926 3642 996 ingrediuntur
3665 929 3722 981 ad
3741 944 3809 986 ve-

2243 1011 2460 1066 ritatem
2504 1012 2807 1084 Evangelii,
2852 1015 2988 1070 dixit
3027 1016 3187 1072 Petro
3227 1032 3411 1073 coram
3442 1019 3701 1074 omnibus
3731 1038 3740 1071 :
3767 1021 3808 1076 Si

2244 1115 2299 1158 tu
2328 1119 2450 1159 cum
2487 1106 2562 1160 sis
2590 1107 2806 1164 Judaaus
2827 1150 2841 1174 ,
2885 1109 3159 1177 gentiliter
3195 1120 3251 1167 et
3279 1127 3386 1166 non
3430 1111 3657 1179 judaice
3685 1114 3802 1176 vivis,

2241 1198 2515 1268 quomodo
2542 1212 2731 1271 gentes
2752 1201 2897 1272 cogis
2922 1202 3241 1271 jndaizare?
3267 1204 3322 1260 ld
3347 1214 3539 1261 autem
3563 1205 3699 1276 quod
3720 1206 3804 1274 ipse

2242 1292 2392 1356 fecit,
2442 1303 2502 1347 ut
2537 1294 2799 1364 quasdam
2845 1294 3256 1352 observationes
3297 1297 3579 1368 legitimas
3627 1298 3801 1353 Judaica

2241 1387 2632 1442 consuetudine
2677 1388 2962 1444 retinendo
2987 1398 3042 1444 et
3066 1389 3276 1460 agendo
3316 1406 3426 1447 non
3469 1406 3539 1447 se
3569 1391 3797 1446 inimicum

2241 1477 2346 1546 legi
2378 1477 2762 1549 prophetisque
2810 1489 3169 1547 monstraret,
3219 1480 3360 1536 absit
3399 1490 3462 1537 ut
3508 1481 3796 1537 mendaciter

2241 1586 2364 1627 eum
2395 1572 2588 1630 fecisse
2634 1574 2943 1632 credamus.
2984 1576 3062 1631 De
3101 1576 3204 1632 hac
3244 1577 3444 1648 quippe
3483 1592 3551 1634 ne
3595 1580 3710 1634 satis
3738 1588 3796 1634 est

2240 1665 2358 1735 ejus
2389 1675 2513 1722 nota
2561 1671 2855 1736 sententia,
2895 1683 3000 1740 qua
3029 1668 3205 1724 fuerat
3237 1672 3600 1726 constitutum
3629 1687 3713 1727 nec
3732 1673 3796 1740 ᾔεις

2242 1759 2390 1814 dacos
2421 1759 2512 1830 qui
2552 1770 2676 1816 tunc
2720 1762 2776 1816 in
2807 1761 3082 1817 Christum
3126 1763 3426 1820 credebant
3471 1766 3795 1835 prohibendos

2241 1866 2362 1908 esse
2406 1869 2434 1907 a
2468 1855 2708 1922 paternis
2757 1855 3162 1924 traditionibus,
3216 1871 3318 1912 nec
3358 1857 3424 1912 ad
3464 1873 3560 1914 eas
3587 1859 3791 1929 gentiles,

540 1937 798 2006 quoniam
820 1956 946 1995 vera
978 1958 1085 1997 non
1111 1942 1244 1999 falsa
1274 1945 1667 2016 signiﬁcantur,
1688 1962 1783 2002 seu
1814 1948 2005 2016 verba,
2036 1962 2132 2003 seu
2165 1952 2212 2011 Β
2238 1959 2357 1998 cum
2387 1943 2675 2000 Christiani
2709 1947 2924 2012 fierent,
2955 1962 3076 2002 esse
3105 1947 3403 2018 cogendos,
3438 1959 3497 2004 ut
3524 1951 3612 2004 illa
3641 1965 3790 2005 sacra-

536 2025 698 2083 fa‘cto.
727 2030 858 2097 Quae
884 2031 1255 2101 signiﬁcantur
1293 2037 1438 2091 enim
1478 2039 1661 2108 utique
1704 2039 1819 2108 ipsa
1849 2038 2130 2094 dicuntur:

538 2126 798 2186 putantur
824 2131 1005 2176 autem
1035 2123 1314 2180 mendacia
1348 2127 1601 2196 quoniam
1638 2143 1744 2182 non
1772 2143 1833 2183 ea
1858 2144 1976 2198 quae
2011 2144 2136 2184 vera

539 2208 919 2278 significantur
963 2214 1105 2269 dicta
1153 2218 1543 2288 intelliguntur,
1598 2221 1694 2275 sed
1741 2237 1802 2277 ea
1843 2237 1963 2292 quae
2003 2223 2133 2277 falsa

536 2312 665 2356 sunt
681 2303 820 2360 dicta
834 2319 955 2361 esse
967 2307 1281 2364 creduntur.
1307 2310 1419 2366 lloc
1438 2314 1768 2383 utexemplis
1791 2314 1879 2368 ﬁat
1898 2315 2131 2384 planius,

540 2389 596 2446 id
641 2393 816 2461 ipsum
862 2398 1006 2467 quod
1039 2397 1208 2454 Jacob
1247 2401 1376 2457 fecit
1411 2404 1648 2460 attende.
1708 2406 1945 2460 lla:dinis
1985 2414 2134 2462 certe

535 2483 766 2554 pellibus
792 2483 1306 2548 membra'contexit
1333 2511 1347 2549 :
1380 2497 1425 2550 si
1455 2511 1672 2551 causam
1709 2500 2007 2568 proximam
2048 2515 2134 2554 re-

534 2577 832 2650 quiramus,
887 2585 1174 2639 mentitum
1218 2588 1550 2656 putabimus,
1602 2590 1704 2646 hoc
1731 2591 1877 2646 enim
1917 2592 2045 2648 fecit
2074 2599 2134 2646 ut

533 2679 814 2740 putaretur
857 2689 978 2731 esse
1019 2678 1112 2747 qui
1145 2693 1253 2733 non
1283 2691 1420 2735 erat.
1456 2681 1512 2738 Si
1541 2692 1721 2738 autem
1773 2684 1875 2739 hoc
1927 2683 2131 2739 factum

535 2760 601 2815 ad
632 2762 764 2819 illud
799 2777 1017 2836 propter
1061 2771 1204 2840 quod
1254 2773 1667 2843 signiﬁcandum
1699 2790 1888 2830 revera
1931 2776 2130 2832 factum

534 2862 618 2910 est
665 2856 932 2915 referatur
962 2903 976 2929 ,
1027 2879 1126 2934 per
1181 2864 1423 2921 haedinas
1479 2868 1652 2937 pelles
1707 2879 1968 2939 peccata,
2036 2884 2132 2939 per

533 2958 658 3004 eum
733 2964 863 3006 vero
930 2954 1022 3023 qui
1092 2956 1170 3010 eis
1235 2972 1295 3012 se
1360 2960 1575 3027 operuit
1632 2960 1724 3016 ille
1798 2960 2132 3031 significatus

532 3047 622 3096 est
663 3044 752 3112 qui
810 3061 917 3100 non
980 3061 1119 3115 sua,
1188 3051 1284 3107 sed
1357 3053 1529 3109 aliena
1599 3066 1820 3125 peccata
1875 3059 2127 3126 portavit.

534 3129 713 3189 Verax
736 3149 870 3207 ergo
896 3139 1219 3209 significatio
1247 3142 1394 3199 nullo
1423 3146 1584 3201 modo
1615 3148 1954 3202 mendacium
1981 3156 2131 3204 recte

532 3223 639 3285 dici
667 3238 866 3297 potest.
905 3231 971 3287 Ut
997 3242 1179 3289 autem
1221 3236 1274 3291 in
1314 3238 1454 3294 facta
1484 3241 1556 3295 ita
1600 3250 1655 3296 et
1691 3243 1743 3297 in
1773 3244 1957 3298 verba.
1996 3243 2128 3298 Nam

2243 2044 2419 2089 menta
2465 2053 2584 2107 quae
2622 2037 2880 2094 divinitus
2929 2049 3196 2110 praecepta
3239 2056 3365 2097 esse
3407 2053 3669 2098 constaret
3706 2057 3790 2096 non

2240 2137 2492 2198 tanquam
2535 2132 2815 2202 sacrilegia
2862 2132 3195 2203 fugerentur,
3233 2149 3335 2190 nec
3367 2145 3542 2191 tamen
3568 2147 3790 2206 putaren-

2240 2226 2326 2274 tur
2356 2219 2434 2276 sic
2464 2223 2799 2289 necessaria,
2828 2223 2942 2294 jam
2985 2224 3140 2280 Nova
3178 2225 3520 2282 Testamento
3547 2229 3786 2295 revelato,

2239 2319 2492 2380 tanquam
2517 2314 2635 2368 sine
2658 2314 2742 2369 his
2768 2318 3079 2388 quicunque
3102 2329 3530 2374 converterentur
3549 2320 3606 2374 ad
3633 2320 3786 2374 Deum

2237 2400 2369 2455 salvi
2402 2416 2521 2457 esse
2551 2418 2655 2458 non
2687 2416 2927 2473 possent.
2963 2408 3134 2464 Erant
3155 2411 3301 2464 enim
3329 2412 3415 2480 qui
3438 2411 3539 2466 hoc
3559 2412 3788 2481 putabant

2236 2502 2396 2562 atque
2448 2495 2843 2565 prmdicabant,
2905 2501 3150 2570 quamvis
3203 2503 3316 2572 jam
3371 2514 3579 2573 recepto
3619 2504 3786 2560 Christi

2237 2583 2551 2656 Evangelia,
2599 2598 2653 2644 et
2691 2591 2770 2645 eis
2815 2592 3069 2649 simulate
3111 2606 3505 2652 consenserant
3545 2597 3710 2652 Petrus
3744 2605 3782 2652 et

2237 2676 2510 2733 Barnabas
2545 2693 2557 2737 :
2591 2680 2820 2752 ideoque
2869 2683 3138 2754 cogebant
3187 2697 3382 2756 gentes
3428 2689 3691 2758 judaizare.
3735 2688 3774 2742 id

2235 2779 2351 2825 erat
2381 2773 2521 2826 enim
2554 2788 2780 2844 cogere,
2814 2777 2893 2830 sic
2923 2792 2983 2832 ea
3017 2780 3327 2834 necessaria
3363 2783 3654 2850 praedicare,
3686 2790 3766 2834 tan-

2236 2877 2395 2932 quam
2429 2873 2483 2918 et
2513 2875 2732 2936 recepto
2763 2868 3061 2938 Evangelia
3090 2872 3237 2926 nulla
3271 2873 3394 2929 sine
3443 2875 3556 2930 illis
3577 2876 3677 2930 salus
3694 2888 3759 2928 es-

2236 2967 2320 3013 set
2364 2958 2418 3012 in
2459 2957 2690 3015 Christo.
2731 2961 2846 3017 lloc
2874 2978 3030 3019 error
3059 2967 3423 3035 quorumdam
3469 2968 3768 3039 putabat,hoc

2237 3050 2395 3105 timor
2440 3052 2582 3108 Petri
2624 3054 2933 3122 simulabat,
2969 3058 3071 3113 hoc
3095 3057 3319 3115 libertas
3354 3061 3510 3116 Pauli
3547 3061 3774 3130 redargue-

2240 3142 2350 3196 bat.
2384 3143 2538 3210 Quod
2569 3161 2697 3216 ergo
2727 3148 2825 3215 ait,
2873 3147 3136 3206 Omnibus
3180 3154 3364 3207 omnia
3396 3153 3572 3209 factus
3604 3168 3716 3216 sum,
3738 3160 3780 3204 ut

2236 3250 2422 3294 omnes
2453 3238 2857 3310 lucrifacerem,
2889 3244 3268 3314 compatiendo
3290 3245 3344 3301 id
3377 3246 3531 3313 fecit,
3554 3262 3648 3301 non
3671 3259 3783 3300 mea-

530 3331 654 3374 cum
684 3319 736 3375 ei
783 3329 937 3391 pater
963 3323 1188 3382 dixisset
1214 3345 1226 3380 :
1256 3330 1387 3397 Quis
1415 3345 1474 3386 es
1516 3342 1593 3400 ιιι,
1627 3333 1739 3389 ﬁli?
1779 3335 1870 3391 me
1900 3352 2127 3407 respon.
2158 3340 2205 3403 α
2238 3330 2439 3385 tiendo.
2491 3331 2577 3386 Fit
2607 3335 2750 3389 enim
2779 3336 3008 3406 quisque
3038 3346 3292 3407 tanquam
3327 3339 3420 3394 ille
3448 3341 3536 3395 cui
3563 3341 3662 3394 vult
3686 3337 3783 3392 sub-

532 3407 613 3465 dit
640 3426 656 3465 :
684 3411 798 3481 Ego
828 3429 945 3471 sum
978 3417 1118 3473 Esau
1150 3421 1541 3493 primogenitus
1569 3435 1710 3483 tuus.
1749 3427 1863 3483 Hoc
1905 3429 1949 3484 si
1987 3431 2128 3486 refe-

531 3509 688 3558 ratur
716 3507 784 3561 ad
815 3509 939 3564 illos
979 3511 1115 3568 duos
1154 3518 1432 3589 geminos,
1464 3521 1807 3577 mendacium
1841 3524 2130 3593 videbitur,

534 3596 581 3689 si
613 3607 794 3655 autem
823 3601 954 3658 illud
984 3619 1207 3678 propter
1235 3613 1377 3682 quod
1408 3614 1823 3686 signiﬁcandum
1854 3619 1955 3673 ista
1980 3629 2130 3689 gesta

533 3685 786 3758 dictaque
827 3698 1134 3765 conscripta
1155 3711 1304 3770 sunt,
1331 3703 1422 3758 ille
1447 3685 1531 3760 est
1561 3705 1647 3761 hic
1671 3685 2050 3777 intelligendus
2077 3711 2129 3764 in

537 3793 672 3849 pore
701 3795 821 3850 sua,
867 3789 1011 3854 quod
1050 3800 1134 3844 est
1164 3793 1281 3860 ejus
1310 3795 1573 3864 Ecclesia,
1615 3801 1706 3868 qui
1737 3802 1804 3855 de
1837 3803 1934 3856 hac
1961 3818 2020 3857 re
2048 3803 2131 3858 lo-

537 3883 710 3941 quens
732 3873 806 3929 ait
838 3892 851 3928 :
883 3875 1016 3931 Cum
1041 3879 1287 3938 videritis
1314 3885 1590 3943 Abraham
1622 3899 1676 3944 et
1708 3890 1858 3947 Isaac
1881 3902 1934 3948 et
1965 3893 2132 3951 Jacob

532 3975 587 4021 et
610 3980 800 4024 omnes
821 3970 1117 4041 prophetas
1149 3976 1201 4031 in
1235 3993 1402 4048 regno
1434 3981 1553 4050 Dei,
1599 3999 1695 4040 vos
1721 3993 1900 4042 autem
1931 3988 2130 4058 expelli

526 4055 700 4126 foras,
743 4071 799 4116 et
828 4063 1048 4121 venient
1078 4066 1146 4121 ab
1177 4069 1410 4138 oriente,
1441 4081 1497 4128 et
1537 4075 1845 4143 occidente,
1888 4089 1944 4134 et
1973 4055 2127 4149 aqui.

527 4149 672 4218 lane,
705 4163 761 4210 et
789 4165 995 4224 austro,
1028 4169 1083 4216 et
1107 4165 1432 4222 accumbent
1460 4168 1520 4222 in
1548 4184 1718 4240 regno
1746 4170 1840 4226 Dei
1866 4190 1878 4226 :
1909 4181 1965 4228 et
2004 4187 2130 4228 ecce

526 4252 656 4299 sunt
707 4251 990 4307 novissimi
1015 4255 1106 4325 qui
1149 4267 1307 4314 erant
1344 4262 1526 4332 primi,
1561 4272 1616 4319 et
1659 4273 1785 4320 sunt
1831 4266 1990 4335 primi
2039 4268 2130 4338 qui

528 4350 686 4397 erant
712 4346 1014 4401 novissimi.
1060 4353 1153 4405 Sic
1186 4357 1330 4407 enim
1362 4359 1767 4425 quodammodo
1798 4363 1977 4418 minor
2016 4379 2129 4420 ma-

529 4430 664 4498 joris
696 4433 984 4501 primatum
1018 4438 1183 4496 frater
1213 4443 1456 4515 abstulit,
1490 4456 1651 4518 atque
1688 4451 1741 4506 in
1767 4466 1826 4508 se
1855 4455 2131 4510 transmlit

529 4520 735 4578 fratris.
765 4526 901 4583 Cum
932 4528 1096 4600 igitur
1127 4541 1232 4589 tam
1265 4551 1395 4592 vera
1425 4547 1642 4611 tamque
1669 4547 1936 4603 veraciter
1965 4547 2131 4618 signi-

533 4613 787 4684 ﬁcentur,
845 4621 971 4690 quid
1027 4624 1113 4679 hic
1167 4626 1328 4684 debet
1376 4633 1553 4700 putari
1599 4635 1797 4692 factum
1855 4613 2129 4697 dictumve

2235 3423 2440 3489 venire,
2471 3426 2686 3495 quando
2715 3437 2860 3482 tanta
2902 3431 3272 3486 misericordia
3318 3433 3591 3498 subvenit,
3619 3437 3781 3501 quanta

2232 3517 2332 3572 sibi
2364 3519 2641 3575 subveniri
2681 3523 2842 3578 vellet
2882 3524 2927 3578 si
2965 3535 3107 3580 esset
3137 3526 3255 3596 ipse
3292 3527 3345 3579 in
3379 3527 3566 3580 eadem
3607 3524 3788 3579 miseria

2233 3612 2583 3668 constitutus.
2617 3614 2806 3684 Itaque
2847 3617 2928 3684 ﬁt,
2964 3627 3216 3685 tanquam
3249 3617 3360 3684 ille,
3393 3633 3497 3672 non
3537 3618 3648 3687 quia
3679 3616 3790 3670 fallit

2233 3701 2400 3768 illum,
2443 3705 2538 3759 sed
2567 3707 2689 3776 quia
2718 3723 2777 3762 se
2806 3709 3007 3779 cogitat
3033 3713 3174 3764 sicut
3203 3709 3374 3764 illum.
3403 3709 3543 3765 Unde
3569 3709 3692 3763 illud
3717 3717 3792 3762 est

2232 3793 2349 3861 ejus
2389 3798 2616 3864 apostoli
2653 3798 2794 3866 quod
2832 3799 2945 3869 jam
2986 3815 3146 3868 supra
3195 3800 3589 3855 commemoravi
3619 3817 3630 3849 :
3663 3797 3786 3851 Fra-

2233 3892 2361 3950 tres,
2404 3888 2448 3940 si
2500 3899 2910 3960 praaoccupatus
2936 3891 2986 3962 5
3019 3891 3186 3948 fuerit
3224 3892 3374 3947 homo
3416 3893 3462 3944 in
3495 3891 3662 3960 aliqua
3700 3889 3788 3943 de-

2234 3977 2382 4045 licto,
2416 3994 2515 4035 vos
2539 3983 2628 4051 qui
2670 3983 2942 4051 spiritales
2974 3983 3103 4038 estis
3148 3984 3397 4041 instruite
3424 3979 3714 4052 hujusmodi
3745 3982 3797 4034 in

2231 4068 2437 4139 Spiritu
2468 4076 2924 4143 mansuetudinis,
2956 4077 3244 4135 intendens
3278 4089 3328 4136 te
3359 4081 3551 4150 ipsum,
3594 4093 3657 4133 ne
3680 4088 3730 4132 et
3755 4090 3800 4131 tu
3893 4093 3902 4104 ο

2233 4166 2479 4220 tenteris.
2511 4167 2648 4221 Nam
2680 4168 2725 4224 si
2760 4179 3079 4239 prapterea,
3108 4173 3232 4242 quia
3265 4173 3432 4231 dixit:
3490 4172 3676 4227 Factus
3702 4183 3800 4225 sum

2230 4254 2430 4312 iudicis
2461 4267 2709 4328 tanquam
2739 4259 2978 4329 Judaeus,
3012 4264 3086 4332 ζει
3137 4265 3218 4319 his
3249 4265 3341 4334 qui
3381 4265 3490 4318 sub
3517 4265 3633 4334 lege
3674 4273 3800 4319 erant

2236 4357 2484 4418 tanquam
2521 4351 2621 4405 sub
2658 4353 2810 4422 lege,
2867 4354 2988 4409 ideo
3033 4355 3302 4424 putandus
3354 4367 3447 4413 est
3499 4358 3795 4414 mendaciter

2234 4442 2540 4510 suscepisse
2580 4443 2714 4513 legis
2750 4446 2950 4500 veteris
2979 4457 3338 4514 sacramenta,
3380 4450 3577 4507 debuit
3619 4464 3667 4506 et
3690 4452 3798 4506 Gen-

2235 4534 2363 4589 tium
2398 4535 2755 4593 idololatriam
2774 4541 2964 4595 eodem
2991 4541 3153 4597 modo
3182 4544 3512 4600 mentiendo
3542 4546 3788 4615 suscipere.

2233 4627 2361 4694 quia
2395 4628 2529 4683 dixit
2561 4649 2572 4682 ε
2608 4631 2784 4686 Etiam
2831 4632 2913 4687 his
2951 4635 3039 4703 qui
3071 4635 3188 4690 sine
3216 4636 3337 4706 lege
3379 4649 3551 4694 erant
3599 4650 3800 4708 tanquam

529 4704 904 4765 mendaciter?
940 4712 1072 4769 Cum
1102 4718 1244 4774 enim
1276 4736 1395 4791 qua:
1433 4724 1836 4795 significantur,
1873 4747 1979 4787 non
2021 4734 2127 4788 uti-

2235 4721 2350 4777 sine
2384 4725 2498 4792 lege
2529 4741 2588 4780 se
2621 4727 2842 4793 factum,
2866 4737 2923 4783 ut
2945 4744 3038 4784 eos
3066 4730 3436 4788 lucrifaceret.
3478 4735 3636 4803 Quod
3665 4733 3805 4800 utique

530 4811 637 4867 que
663 4811 773 4854 non
793 4809 919 4856 sunt
957 4805 1009 4858 in
1041 4808 1290 4879 veritate,
1316 4813 1413 4868 sed
1436 4826 1562 4872 sunt
1594 4833 1687 4874 seu
1708 4825 2006 4889 praeterita,
2028 4839 2124 4881 seu

529 4889 840 4958 prasentia,
887 4906 982 4948 seu
1010 4894 1208 4979 futura,
1260 4906 1616 4971 proculdubio
1642 4925 1771 4966 vera
1801 4913 2126 4985 significatio

529 4986 616 5037 est
652 4981 964 5055 nullumque
1003 4990 1364 5048 mendacium.
1397 4995 1502 5052 Sed
1545 4999 1820 5070 aliquanto
1847 4981 2124 5061 commen-

527 5071 708 5130 datius
729 5087 943 5146 oportet
971 5089 1030 5135 ut
1058 5079 1231 5137 dicam
1258 5099 1352 5140 cur
1375 5088 1476 5143 ista
1508 5092 1637 5145 mihi
1663 5094 1904 5151 videatur
1928 5099 2120 5168 tripara

532 5166 627 5221 tita
651 5168 790 5224 ratio
815 5169 1123 5241 disputandi
1155 5175 1417 5234 adversus
1440 5195 1532 5237 eos
1564 5185 1653 5253 qui
1687 5197 1939 5254 patronas
1969 5166 2119 5246 men‘

527 5259 698 5315 daciis
747 5265 856 5320 suis
898 5264 1205 5338 Scripturas
1246 5271 1429 5327 volunt
1483 5275 1743 5335 adhibere
1779 5279 2017 5349 divinas,
2065 5291 2119 5340 ut
2183 5263 2187 5283 ι

527 5349 681 5420 prius
719 5357 1069 5413 ostendamus
1112 5362 1368 5418 nonnulla
1407 5380 1526 5434 quae
1558 5367 1631 5423 ibi
1675 5378 1933 5439 putantur
1976 5387 2118 5443 esse,

527 5442 808 5500 mendacia
851 5461 956 5503 non
988 5463 1130 5520 esse,
1166 5454 1306 5521 quod
1338 5466 1625 5527 putantur,
1669 5463 1713 5516 si
1750 5474 1897 5520 recte
1925 5442 2124 5522 intelli~

527 5625 790 5685 imitanda
847 5647 954 5688 non
999 5650 1149 5698 esse:
1200 5642 1358 5696 tertio
1399 5654 1585 5699 contra
1633 5661 1824 5703 omnes
1883 5655 2123 5709 omnium

526 5719 830 5815 opiniones,
864 5725 1058 5794 quibus
1087 5729 1300 5787 videtur
1328 5734 1395 5790 ad
1425 5737 1529 5791 viri
1561 5738 1686 5795 boni
1717 5741 1957 5799 ofﬁcium
2004 5761 2121 5815 per-

526 5808 706 5868 tinere
747 5817 1033 5887 aliquando
1075 5828 1314 5895 mentiri,
1369 5835 1682 5890 omnimodo
1721 5837 2018 5892 tenendum
2068 5841 2121 5895 in

523 5897 771 5962 doctrina
824 5909 1101 5979 religionis
1151 5919 1299 5976 nullo
1345 5926 1504 5982 modo
1554 5943 1675 5984 esse
1722 5931 2120 6004 mentiendum,

2234 4829 2340 4869 non
2395 4815 2543 4882 fecit,
2581 4834 2685 4874 non
2732 4822 2875 4875 enim
2914 4821 3112 4877 alicubi
3161 4824 3505 4883 sacrificavit
3559 4829 3707 4883 idolis
3743 4831 3808 4876 aut

2232 4907 2479 4963 adoravit
2529 4910 2636 4966 ulla
2681 4912 2956 4983 ﬁgmenta,
2989 4929 3053 4970 ac
3082 4931 3190 4972 non
3237 4916 3423 4986 potius
3479 4920 3674 4982 libere,
3719 4927 3810 4968 tan-

2232 5013 2391 5066 quam
2411 5011 2614 5073 martyr
2641 5003 2866 5073 Christi,
2892 5006 3209 5062 detestanda
3231 5015 3288 5061 et
3321 5006 3562 5064 vitanda
3588 5018 3814 5064 monstra-

2231 5091 2328 5145 vit.
2360 5092 2693 5148 Mendacium
2727 5105 2806 5150 est
2841 5096 3042 5166 quippe
3073 5099 3206 5153 falsa
3233 5097 3582 5168 signiﬁcatio
3611 5117 3722 5157 cum
3745 5114 3814 5152 vo-

2235 5184 2444 5243 luntate
2472 5187 2689 5244 fallendi
2713 5205 2730 5245 :
2757 5204 2862 5245 non
2888 5199 2971 5246 est
2993 5201 3174 5246 autem
3205 5191 3337 5246 falsa
3370 5194 3733 5263 signiﬁcatio,
3755 5194 3817 5247 ubi

2238 5287 2295 5335 et
2321 5279 2366 5334 si
2387 5280 2530 5335 aliud
2552 5296 2616 5336 ex
2641 5282 2748 5337 alia
2776 5281 3129 5352 significatur,
3159 5299 3343 5340 verum
3369 5295 3467 5340 est
3494 5295 3684 5342 tamen
3711 5286 3820 5355 quod

2237 5372 2591 5442 signiﬁcatur,
2623 5374 2668 5428 si
2693 5384 2839 5430 recte
2868 5375 3222 5447 intelligatur.
3255 5376 3396 5433 Sunt
3422 5382 3691 5449 qumdam
3714 5381 3823 5448 ejus-

2185 5507 2191 5514 .
2235 5464 2384 5519 modi
2427 5465 2587 5520 etiam
2633 5465 2929 5522 Salvatoris
2977 5468 3031 5522 in
3079 5468 3410 5539 Evangelia,
3471 5472 3608 5540 quia
3648 5482 3700 5525 et
3740 5471 3826 5538 ipse

525 5545 750 5604 gantur;
794 5538 990 5598 deinde
1018 5544 1063 5599 si
1091 5561 1194 5616 qua
1229 5547 1302 5602 ibi
1333 5552 1610 5607 mendacia
1654 5559 1937 5615 manifesta
1974 5570 2119 5632 sunt,
2184 5560 2188 5565 ”

2236 5553 2497 5610 Dominus
2544 5557 2931 5627 prophetarum
2977 5559 3240 5629 prapheta
3276 5574 3401 5614 esse
3442 5562 3712 5633 dignatus
3749 5569 3828 5615 est.

2231 5647 2384 5702 Talia
2414 5657 2538 5703 sunt
2576 5650 2667 5704 illa
2693 5650 2778 5705 ubi
2807 5650 2875 5706 de
2905 5651 3135 5709 muliere
3165 5668 3284 5723 qua:
3311 5653 3548 5711 ﬂuxum
3585 5653 3831 5725 sanguinis

2231 5734 2535 5810 patiebatur
2564 5741 2677 5796 ait:
2712 5745 2842 5812 Quis
2871 5760 2957 5802 me
2991 5745 3203 5818 tetigit?
3236 5755 3290 5801 et
3337 5745 3413 5802 de
3459 5749 3686 5817 Lazaro
3715 5770 3727 5805 :
3754 5744 3833 5803 L'h':

2231 5833 2489 5900 posuistis
2527 5837 2687 5890 eum?
2735 5835 2824 5893 Sic
2867 5840 3066 5909 quippe
3106 5839 3503 5908 interrogavit,
3554 5844 3716 5913 quasi
3758 5852 3834 5892 nec

2230 5933 2406 5992 sciens
2439 5937 2581 6008 quod
2628 5938 2810 6010 utique
2858 5939 3085 6006 sciebat,
3133 5955 3196 5996 ac
3230 5937 3484 6009 peroboc
3528 5941 3747 5997 nescire
3791 5953 3835 6017 Sf
