3986 6382
214 347 322 407 849

1423 329 1864 394 THESAURUS.
1905 329 2062 393 CAP.
2101 334 2328 394 CXCIII.

3376 338 3483 395 850

211 461 386 528 ﬁnxit,
431 467 488 516 ut
527 457 732 532 aliquid
775 455 920 514 aliud
951 456 1037 512 illa
1069 454 1212 512 velut
1257 452 1555 523 ignorantia
1597 463 1692 503 sua
1723 445 1800 499 si-
1829 445 1882 504 A
1907 450 2279 506 mentiendum
2324 448 2559 506 secundo
2588 461 2805 519 genere,
2835 447 2958 519 quia
2979 445 3110 503 nulli
3135 445 3376 504 facienda
3403 458 3488 505 est

209 556 511 628 gniﬁcaret.
565 554 695 622 Quae
751 550 1090 623 signiﬁcatio,
1146 548 1398 618 quoniam
1448 559 1610 600 verax
1654 550 1792 607 erat,

211 646 551 705 mendacium
586 644 827 715 profecto
865 659 973 698 non
1001 650 1138 698 erat.
1174 641 1277 695 Eos
1318 652 1547 709 namque
1595 634 1798 707 signiﬁ-

210 743 423 808 cabant,
458 741 571 796 sive
608 740 694 795 illa
726 739 1007 809 sanguinis
1054 736 1259 790 ﬂuxum
1298 735 1526 804 patiens,
1558 732 1672 786 sive
1707 729 1797 784 ille

209 844 458 892 mortuus
489 833 895 905 quatriduanus,
942 847 1074 900 quos
1115 830 1284 884 etiam
1327 827 1415 898 qui
1447 834 1634 881 cuncta
1667 838 1799 896 quo-

209 928 496 984 dammodo
535 926 740 982 sciebat
787 924 1093 981 nesciebat.
1129 923 1259 977 Nam
1297 930 1350 977 et
1383 921 1469 975 illa
1499 929 1679 991 typum
1711 933 1800 988 ge-

207 1025 364 1074 rebat
385 1018 555 1088 plebis
583 1019 850 1089 gentium,
880 1017 1019 1072 unde
1053 1015 1328 1085 praemissa
1376 1017 1546 1068 fuerat
1573 1011 1801 1081 prophe-

209 1110 286 1165 tia
330 1127 345 1164 :
389 1111 627 1180 Populus
663 1126 820 1182 quem
864 1125 969 1164 non
1013 1108 1245 1178 cognovi
1288 1106 1505 1162 servivit
1545 1105 1693 1160 mihi.
1737 1103 1802 1158 Et

210 1203 452 1260 Lazarus
469 1212 709 1259 remotus
727 1218 758 1258 a
777 1203 1082 1259 viventibus
1105 1210 1354 1269 tanquam
1378 1198 1447 1253 ibi
1471 1197 1683 1268 jacebat
1710 1209 1804 1265 per

209 1296 627 1366 signiﬁcativam
655 1295 1086 1359 similitudinem,
1119 1292 1210 1347 ubi
1245 1291 1337 1346 ille
1369 1290 1522 1360 cujus
1549 1303 1654 1343 vox
1678 1297 1762 1343 est
1786 1303 1801 1339 :

210 1389 495 1459 Proiectus
538 1403 655 1443 sum
692 1403 722 1442 a
762 1387 902 1444 facie
945 1387 1225 1441 oculorum
1271 1393 1507 1438 tuorum.
1561 1380 1630 1434 Et
1684 1379 1805 1434 ideo

213 1490 471 1553 tanquam
525 1483 824 1538 nesciretur
846 1495 875 1534 a
906 1478 1155 1546 Christo,
1185 1485 1242 1533 et
1272 1476 1360 1530 illa
1390 1489 1506 1545 quae
1538 1472 1714 1536 fuerit,
1753 1480 1809 1525 et

211 1574 318 1632 iste
343 1575 428 1629 ubi
462 1575 667 1645 positus
693 1573 870 1638 fuerit,
893 1573 1066 1629 verbis
1097 1568 1477 1638 interrogantis
1509 1575 1592 1622 est
1617 1566 1807 1634 ﬁgura-

211 1676 348 1734 tum,
365 1679 419 1726 et
432 1685 592 1726 omne
605 1670 830 1724 vitatum
845 1667 1022 1722 veraci
1038 1663 1430 1736 signiﬁcatione
1445 1659 1805 1717 mendacium.

770 1780 999 1837 CAPUT
1038 1777 1246 1835 CXCII.

1901 542 2134 610 injuria;
2187 559 2296 599 non
2343 555 2427 599 est
2481 541 2846 598 mentiendum
2896 543 3055 598 tertio
3106 557 3324 613 genere,
3361 544 3484 614 quia

1901 634 2029 689 nulli
2056 650 2176 691 cum
2212 638 2436 691 alterius
2466 636 2657 706 injuria
2685 634 3070 690 consulendum
3101 643 3222 700 est;
3266 651 3372 691 non
3404 646 3487 691 est

1901 726 2266 782 mentiendum
2299 735 2496 798 quarto
2524 742 2743 795 genere,
2775 735 2993 796 propter
3015 727 3278 782 mendacii
3311 728 3488 783 libidi-

1902 833 2048 885 nem,
2072 835 2190 890 qua:
2223 835 2318 888 per
2335 834 2395 875 se
2417 820 2586 888 ipsam
2616 818 2806 872 vitiosa
2833 826 2951 882 est;
2986 831 3092 872 non
3122 827 3207 873 est
3227 819 3491 874 mentien-
3531 835 3537 842 ·

1903 910 2030 965 dum
2075 911 2261 980 quinto
2303 925 2534 981 genere,
2566 911 2687 979 quia
2726 908 2958 979 necipsa
3001 908 3206 964 veritas
3238 911 3342 965 ﬁne
3375 910 3488 980 pla-

1909 1003 2070 1059 cendi
2102 1002 2407 1057 hominibus
2431 1001 2758 1057 enuntianda
2787 1010 2892 1068 est,
2914 1010 3118 1072 quanto
3141 1002 3319 1057 minus
3340 1017 3491 1058 men-

1906 1098 2118 1154 dacium
2149 1097 2289 1167 quod
2319 1111 2414 1164 per
2436 1098 2670 1166 seipsum
2691 1137 2704 1161 ,
2741 1097 2863 1167 quia
2891 1096 3232 1153 mendacium
3261 1105 3363 1160 est,
3389 1095 3493 1150 uti-

1909 1207 2014 1262 que
2046 1201 2198 1259 turpe
2234 1189 2350 1246 est?
2400 1189 2515 1245 Non
2546 1197 2630 1244 est
2668 1189 3031 1246 mentiendum
3069 1198 3227 1245 sexto
3265 1204 3487 1260 genere,

1911 1299 2088 1355 neque
2119 1283 2260 1338 enim
2291 1289 2438 1337 recte
2461 1281 2623 1336 etiam
2653 1282 2943 1338 testimonii
2968 1279 3171 1336 veritas
3192 1295 3288 1351 pro
3315 1281 3495 1349 cujus-

1913 1394 2072 1450 quam
2101 1377 2380 1447 temporali
2409 1377 2696 1432 commodo
2719 1392 2782 1432 ac
2804 1379 2974 1432 salute
3002 1377 3390 1448 corrumpitur.
3416 1375 3497 1431 Ad

1915 1472 2304 1541 sempiternam
2332 1484 2462 1525 vero
2500 1469 2726 1525 salutem
2761 1469 2939 1525 nullus
2975 1469 3256 1525 ducendus
3275 1479 3359 1524 est
3386 1469 3498 1540 opi-

1919 1564 2126 1619 tulante
2172 1561 2481 1626 mendacio;
2539 1575 2646 1615 non
2685 1563 2829 1615 enim
2873 1561 3027 1616 malis
3068 1562 3498 1617 converteutium

1916 1658 2159 1712 moribus
2187 1656 2252 1711 ad
2296 1656 2466 1710 bonos
2493 1668 2672 1710 mores
2718 1652 3112 1708 convertendus
3143 1662 3250 1721 est,
3298 1653 3422 1722 quia
3452 1649 3502 1708 si

1919 1766 2048 1822 erga
2078 1751 2227 1805 illum
2260 1748 2562 1804 faciendum
2603 1755 2710 1813 est,
2750 1746 2910 1802 debet
2938 1746 3098 1801 etiam
3129 1746 3244 1816 ipse
3278 1758 3501 1801 conver-

243 1874 323 1929 De
352 1874 604 1928 mendacii
642 1835 908 1945 generibus
936 1882 1083 1936 octo;
1124 1887 1187 1924 ea:
1217 1853 1440 1922 libro'de
1476 1865 1768 1922 Mendacio.

1922 1858 2008 1899 sus
2037 1843 2216 1897 facere
2240 1856 2369 1912 ergo
2395 1841 2552 1906 alios,
2577 1849 2736 1911 atque
2759 1839 2831 1894 ita
2862 1853 2971 1893 non
3001 1837 3068 1892 ad
3094 1838 3284 1904 bonos,
3315 1836 3412 1893 sed
3435 1835 3502 1892 ad

287 1985 522 2040 Primum
569 1998 738 2054 genus
769 1992 853 2038 est
881 1981 1109 2050 capitale
1155 1978 1493 2034 mendacium
1537 1975 1804 2046 longeque

214 2072 553 2146 fugiendum,
584 2075 727 2146 quod
762 2075 819 2128 ﬁt
848 2073 900 2128 in
942 2073 1185 2129 doctrina
1216 2070 1512 2140 religionis,
1548 2070 1614 2124 ad
1659 2068 1803 2140 quod

214 2171 557 2224 mendacium
578 2167 725 2224 nulla
754 2167 1062 2223 conditione
1089 2167 1368 2237 quisquam
1401 2165 1561 2220 debet
1586 2164 1802 2220 adduci.

213 2262 550 2329 Secundum,
603 2271 661 2316 ut
687 2263 921 2333 aliquem
954 2261 1112 2316 laedat
1147 2260 1377 2329 injuste,
1411 2257 1552 2328 quod
1587 2257 1691 2312 tale
1722 2266 1808 2312 est

212 2365 274 2411 ut
311 2365 366 2412 et
393 2357 526 2410 nulli
565 2355 758 2426 prosit,
795 2365 848 2410 et
878 2354 1019 2410 obsit
1042 2353 1221 2407 alicui.
1256 2350 1520 2413 Tertium,
1554 2348 1696 2418 quod
1734 2349 1804 2402 ita

216 2447 442 2518 prodest
477 2446 655 2511 alteri,
699 2455 756 2499 ut
795 2447 938 2501 obsit
974 2445 1152 2510 alteri,
1185 2442 1429 2512 quamvis
1470 2456 1575 2495 non
1610 2441 1676 2495 ad
1711 2442 1809 2493 im-

218 2535 543 2593 munditiam
572 2536 716 2591 obsit
743 2535 1102 2604 corporalem.
1132 2534 1412 2602 Quartum,
1444 2533 1586 2602 quod
1608 2531 1665 2586 fit
1697 2532 1807 2586 sola

219 2630 524 2685 mentiendi
551 2629 876 2699 fallendique
907 2627 1149 2692 libidine,
1177 2625 1320 2696 quod
1347 2641 1530 2681 verum
1555 2623 1808 2697 [merum]

219 2722 562 2778 mendacium
596 2731 701 2778 est.
736 2722 1012 2788 Quintum,
1048 2719 1189 2789 quod
1229 2720 1287 2774 ﬁt
1316 2717 1565 2789 placendi
1596 2716 1805 2786 cupidi-

221 2821 331 2869 tate
353 2813 419 2868 de
448 2813 598 2866 suavi
630 2812 867 2882 eloquio.
903 2811 997 2865 His
1026 2810 1277 2866 omnibus
1308 2809 1524 2879 penitus
1552 2817 1608 2862 et
1631 2807 1810 2862 vitatis

219 2911 383 2974 atque
410 2903 648 2974 rejectis,
679 2901 921 2972 sequitur
951 2909 1162 2956 sextum
1205 2916 1394 2970 genus,
1428 2898 1568 2969 quod
1600 2907 1652 2952 et
1679 2897 1811 2953 nulli

217 2996 399 3062 obest,
430 3003 486 3053 et
514 2996 731 3064 prodest
753 2995 938 3059 alicui,
989 2994 1138 3049 velut
1160 2994 1207 3048 si
1236 2993 1500 3065 quispiam
1530 2993 1809 3062 pecuniam

219 3088 449 3159 alicujus
477 3088 670 3158 injuste
697 3087 1010 3152 tollendam,
1055 3085 1234 3141 sciens
1266 3085 1357 3140 ubi
1389 3087 1478 3151 sit,
1513 3085 1724 3138 nescire
1751 3098 1810 3139 se

218 3181 533 3236 mentiatur.
555 3180 877 3250 Septimum,
913 3177 1055 3248 quod
1080 3176 1283 3233 etnulli
1313 3176 1489 3241 obest,
1517 3183 1572 3230 et
1592 3174 1812 3245 prodest

221 3274 406 3340 alicui,
442 3275 587 3328 velut
615 3273 660 3328 si
705 3272 895 3328 nolens
928 3271 1204 3325 hominem
1245 3269 1310 3323 ad
1344 3278 1575 3322 mortem
1615 3267 1809 3336 quaesi-

218 3373 335 3422 tum
361 3366 608 3436 prodere,
645 3365 938 3420 mentiatur
969 3378 1074 3418 non
1103 3362 1280 3417 solum
1309 3360 1515 3429 justum
1539 3368 1703 3428 atque
1731 3360 1813 3412 in-

219 3468 528 3524 nocentem,
570 3458 665 3514 sed
705 3467 761 3513 et
782 3472 935 3512 reum
973 3457 1096 3525 quia
1149 3453 1470 3509 Christiana:
1512 3453 1813 3522 disciplinac

221 3552 296 3607 sit
329 3561 388 3606 ut
422 3565 598 3621 neque
635 3549 704 3605 de
734 3551 1052 3618 cujusquam
1091 3544 1434 3612 correptione
1471 3543 1810 3611 desperetur,

220 3659 398 3715 neque
433 3645 681 3712 cuiquam
722 3640 1016 3713 poenitendi
1055 3637 1232 3693 aditus
1276 3634 1684 3692 intercludatur.
1742 3635 1818 3690 De

226 3739 427 3811 quibus
457 3738 666 3794 duobus
681 3727 974 3807 generibus
1000 3748 1120 3803 qua:
1148 3730 1326 3786 solent
1345 3728 1543 3784 habere
1565 3742 1816 3797 tnagnam

218 3830 674 3897 controversiam,
706 3828 838 3884 satis
870 3827 1247 3889 tractavimus,
1274 3823 1482 3894 etquid
1516 3821 1672 3877 nobis
1704 3819 1818 3890 pla-

221 3932 373 3980 ceret
400 3923 757 3990 ostendimus,
799 3930 854 3975 ut
895 3916 1252 3989 suscipiendis
1284 3912 1817 3970 incommoditatibus

223 4033 350 4088 qua:
380 4017 606 4072 honeste
639 4031 700 4070 ac
742 4015 954 4069 fortiter
984 4013 1304 4076 tolerantur,
1349 4011 1465 4065 hate
1493 4023 1706 4079 quoque
1731 4024 1822 4076 ge-

227 4124 362 4167 nera
389 4111 694 4164 devitentur
721 4122 750 4160 a
781 4107 1028 4170 fortibus,
1075 4113 1131 4159 et
1165 4103 1434 4168 fidelibus,
1463 4109 1518 4156 et
1541 4102 1823 4156 veracibus

225 4199 360 4256 viris
389 4215 449 4256 ac
475 4200 708 4256 feminis.
742 4199 858 4254 Non
883 4212 1012 4267 ergo
1044 4195 1416 4252 mentiendum
1448 4194 1710 4265 quaerenti
1732 4193 1823 4248 ubi

226 4295 300 4350 sit
344 4294 435 4363 qui
475 4307 531 4347 se
576 4291 700 4346 fidei
743 4290 1044 4359 cujuspiam
1089 4287 1458 4354 commiserit,
1499 4287 1592 4341 sed
1634 4285 1824 4340 fortius

224 4384 667 4456 respondendum
697 4402 708 4436 :
745 4384 855 4440 Nec
881 4382 1124 4452 prodam,
1156 4395 1256 4435 nec
1286 4381 1533 4441 mentiar.
1553 4379 1699 4435 Fecit
1723 4377 1825 4432 hoc

227 4481 520 4551 episcopus
570 4479 844 4550 quondam
908 4476 1251 4547 Tagastensis
1290 4475 1558 4540 Ecclesiae,
1617 4473 1826 4529 Firmus

227 4573 478 4637 nomine,
531 4571 735 4626 ﬁrmior
759 4570 1052 4624 voluntate.
1108 4566 1242 4622 Nam
1269 4581 1391 4623 cum
1416 4566 1483 4620 ab
1513 4580 1579 4620 eo
1610 4577 1822 4634 quaere-

227 4672 382 4720 retur
410 4664 570 4717 hom'o
593 4663 748 4732 jussu
775 4662 1140 4730 imperatoris,
1171 4673 1270 4730 per
1301 4659 1639 4728 apparitores
1661 4655 1730 4712 ab
1756 4671 1823 4711 eo

229 4757 457 4822 missos,
506 4771 665 4826 quem
697 4756 763 4811 ad
793 4771 854 4811 se
892 4754 1286 4824 confugientem
1318 4752 1594 4825 diligentia
1625 4758 1824 4821 quanta

231 4860 448 4922 poterat
477 4850 802 4915 occultabat,
835 4847 1114 4918 reSpondit
1143 4846 1507 4917 quaerentibus
1536 4859 1637 4900 nec
1676 4858 1826 4898 men-

233 4944 326 5000 tiri
368 4957 426 4997 se
455 4956 632 5010 posse,
667 4957 768 4997 nec
798 4941 1068 4995 hominem
1103 4939 1362 5008 prodere,
1394 4951 1692 5006 passusque
1719 4944 1827 4988 tam

233 5036 405 5095 multa
434 5043 699 5090 tormenta
728 5032 970 5102 corporis
999 5031 1258 5100 (nondum
1302 5031 1445 5084 enim
1477 5036 1629 5083 erant
1659 5027 1827 5096 impe-

233 5138 445 5188 ratores
466 5126 797 5198 Christiani),
821 5125 1116 5196 permansit
1142 5125 1192 5178 in
1216 5122 1504 5178 sententia.
1524 5120 1733 5198 Deinde
1757 5119 1826 5175 ad

236 5221 625 5290 imperatorem
675 5197 867 5273 ductus
900 5231 1070 5287 usque
1114 5215 1248 5270 adeo
1292 5197 1617 5268 miserabilis
1659 5225 1825 5280 appa-

234 5318 367 5379 ruit,
401 5327 458 5369 ut
480 5314 596 5384 ipse
619 5313 822 5368 homini
851 5327 1006 5382 quem
1031 5309 1279 5365 servabat
1307 5307 1691 5377 indulgentiam
1710 5305 1827 5360 sine

235 5407 348 5465 ulla
374 5405 692 5462 difficultate
722 5404 1057 5473 impetraret.
1090 5401 1227 5468 Quid
1263 5400 1364 5455 hoc
1393 5399 1505 5453 ﬁeri
1531 5397 1828 5469 potestfor-

237 5502 352 5560 tius
377 5509 538 5570 atque
566 5495 933 5554 constantius?
963 5495 1222 5551 Octavum
1253 5502 1334 5549 est
1363 5505 1531 5564 genus
1562 5488 1826 5546 mendacii

239 5593 386 5664 quod
416 5591 621 5648 et'nulli
651 5590 826 5656 obest,
852 5596 908 5644 et
934 5587 999 5641 ad
1028 5588 1127 5642 hoc
1156 5585 1394 5654 prodest,
1420 5593 1477 5638 ut
1497 5583 1566 5638 ab
1600 5583 1829 5637 immun-

242 5687 372 5741 ditia
402 5683 670 5754 corporali
701 5681 931 5748 aliquem
965 5687 1196 5734 tueatur.
1230 5676 1344 5731 Non
1374 5676 1532 5747 igitur
1564 5673 1829 5729 mentien-

245 5781 374 5832 dum
409 5779 460 5832 in
491 5777 734 5833 doctrina
768 5774 1006 5844 pietatis,
1045 5787 1293 5843 magnum
1337 5773 1479 5826 enim
1517 5771 1695 5828 scelus
1721 5779 1823 5832 est,

247 5876 312 5930 et
354 5871 580 5940 primum
631 5883 803 5942 genus
847 5865 1179 5926 detestabilis
1230 5864 1522 5930 mendacii;
1586 5878 1692 5920 non
1744 5862 1829 5922 est

1912 1937 2085 1992 malos
2109 1950 2288 1991 mores
2313 1941 2661 1989 convertetur
2683 1975 2698 1999 ,
2728 1948 2850 1988 cum
2879 1932 2982 1987 hoc
3010 1931 3060 1986 ei
3082 1930 3351 2001 praebetur
3379 1927 3503 1984 imi-

1910 2029 2130 2085 tandum
2156 2041 2441 2093 converso,
2465 2027 2608 2096 quod
2626 2026 2676 2082 ei
2699 2027 2995 2096 praestitum
3021 2034 3105 2080 est
3118 2021 3501 2079 convertenda.

1909 2121 2097 2191 Neque
2143 2119 2374 2189 septimo
2412 2133 2610 2189 genere
2646 2116 3011 2172 mentiendum
3050 2124 3162 2182 est,
3212 2129 3321 2170 non
3361 2113 3505 2173 enim

1909 2213 2226 2283 cujusquam
2268 2213 2624 2268 commoditas
2672 2220 2765 2265 aut
2805 2211 2950 2265 salus
2989 2209 3299 2279 temporalis
3349 2206 3508 2276 perfi-

1910 2304 2113 2359 ciendae
2143 2303 2266 2358 ﬁdei
2289 2302 2619 2371 praeferenda
2644 2310 2758 2366 est;
2781 2315 2878 2356 nec
2900 2301 2944 2355 si
2973 2301 3256 2369 quisquam
3279 2299 3332 2353 in
3352 2307 3503 2353 recte

1912 2399 2068 2452 factis
2096 2395 2292 2450 nostris
2319 2404 2428 2448 tam
2459 2394 2597 2449 male
2629 2400 2906 2458 movetur,
2937 2400 2993 2445 ut
3017 2391 3110 2445 ﬁat
3137 2391 3302 2445 etiam
3330 2389 3510 2443 animo

1914 2489 2171 2552 deterior,
2199 2489 2458 2557 longeque
2487 2486 2692 2557 pietate
2729 2486 3011 2553 remotior,
3044 2492 3332 2554 propterea
3359 2490 3510 2538 recte

1915 2582 2055 2636 facta
2078 2579 2381 2635 deserenda
2410 2587 2558 2644 sunt,
2593 2592 2718 2633 cum
2751 2577 2804 2632 id
2836 2576 2993 2632 nobis
3025 2575 3296 2646 praecipue
3323 2582 3511 2628 tenen-

1915 2673 2045 2728 dum
2084 2673 2175 2737 sit,
2207 2686 2313 2742 quo
2353 2684 2551 2725 vocare
2585 2678 2747 2738 atque
2795 2667 3028 2722 invitare
3075 2665 3336 2720 debemus
3379 2676 3514 2734 quos

1915 2767 2054 2820 sicut
2113 2763 2474 2832 nosmetipsos
2528 2760 2824 2830 diligimus,
2885 2757 3292 2826 fortissimaque
3331 2754 3514 2809 animo

1919 2856 2148 2912 bibenda
2194 2866 2278 2912 est
2312 2853 2609 2926 apostolica
2650 2853 2738 2907 illa
2767 2851 3037 2907 sententia
3072 2867 3085 2902 :
3120 2848 3255 2903 Aliis
3295 2845 3514 2918 quidem

1917 2965 2104 3006 sumus
2133 2950 2267 3005 odor
2291 2949 2412 3004 vitae
2444 2951 2496 3003 in
2527 2946 2720 3027 vitam,
2751 2944 2872 2999 aliis
2903 2943 3039 2998 odor
3066 2940 3256 2996 mortis
3287 2939 3339 2993 in
3369 2950 3515 2992 mor-

1916 3057 2050 3114 tem,
2083 3056 2136 3102 et
2165 3065 2178 3100 :
2210 3046 2291 3101 Ad
2333 3045 2449 3100 haec
2476 3045 2596 3114 quis
2625 3040 2897 3098 idoneus?
2943 3038 3053 3094 Nec
3080 3046 3271 3092 octavo
3312 3047 3514 3105 genere

1916 3137 2287 3194 mentiendum
2320 3145 2424 3205 est,
2459 3136 2582 3206 quia
2609 3144 2660 3189 et
2690 3135 2743 3188 in
2774 3131 2931 3187 bonis
2960 3130 3182 3187 castitas
3213 3128 3382 3182 animi
3412 3139 3508 3194 pu-

1835 3230 1884 3294 C
1916 3232 2101 3288 dicitia
2125 3229 2394 3300 corporis,
2435 3236 2490 3283 et
2528 3227 2582 3282 in
2613 3225 2774 3282 malis
2802 3225 2857 3280 id
2879 3223 3022 3295 quod
3066 3221 3168 3294 ipsi
3205 3220 3429 3276 facimus
3451 3229 3518 3274 eo

1917 3324 2063 3396 quod
2093 3322 2207 3378 ﬁeri
2234 3322 2463 3376 sinimus
2492 3319 2666 3389 majus
2705 3326 2810 3373 est.
2847 3315 2903 3370 In
2935 3315 3019 3371 his
3046 3322 3226 3369 autem
3258 3320 3384 3369 octo
3419 3323 3514 3379 ge-

1918 3416 2158 3479 neribus,
2198 3423 2348 3468 tanto
2385 3413 2613 3481 quisque
2644 3411 2820 3472 minus
2858 3416 3195 3478 peccatcum
3235 3403 3514 3469 mentitur,

1919 3515 2119 3577 quanto
2148 3504 2377 3574 emergit
2405 3503 2471 3556 ad
2501 3511 2788 3565 octavum;
2823 3508 2972 3554 tanto
3014 3498 3272 3567 amplius,
3315 3501 3518 3565 quanto

1921 3597 2116 3669 mergit
2145 3597 2209 3650 ad
2241 3596 2495 3665 primum.
2529 3591 2787 3662 Quisquis
2820 3599 2999 3646 autem
3027 3603 3151 3645 esse
3178 3586 3394 3657 aliquod
3418 3600 3515 3657 ge-

1923 3706 2023 3746 nus
2052 3688 2317 3745 mendacii
2355 3685 2501 3758 quod
2530 3690 2808 3756 peccatum
2838 3697 2946 3738 non
2977 3681 3050 3736 sit
3088 3679 3378 3751 putaverit,
3421 3677 3519 3734 dos

1922 3783 2082 3854 cipiet
2129 3797 2188 3838 se
2220 3781 2394 3852 ipsum
2431 3777 2684 3849 turpiter,
2724 3790 2846 3832 cum
2878 3771 3252 3845 honestumzse
3277 3770 3517 3842 decepto

1923 3874 2353 3948 remjarbitratur
2374 3872 2623 3928 aliorum.

2475 3985 2706 4043 CAPUT
2733 3983 2958 4040 CXCIII.

1927 4106 2120 4163 Contra
2171 4118 2257 4159 eos
2307 4104 2397 4172 qui
2443 4105 2511 4155 ad
2550 4099 2902 4172 mentiendum
2948 4096 3084 4150 velut
3131 4088 3514 4172 patrocinantio

1999 4177 2096 4231 sibi
2149 4177 2212 4228 de
2256 4162 2542 4241 scripturis
2591 4170 2825 4241 exempla
2878 4162 3216 4241 praponttitt;
3268 4179 3333 4218 ea:
3387 4162 3520 4215 libro

2001 4256 2177 4302 contra
2207 4240 2537 4300 Mendacium
2567 4243 2634 4295 ad
2672 4240 3028 4295 Consentium.

2001 4358 2225 4427 Quando
2264 4357 2420 4415 nobis
2447 4357 2515 4411 de
2540 4353 2831 4422 Scripturis
2857 4350 3060 4406 sanctis
3090 4341 3385 4402 mentiendi
3419 4357 3519 4414 po-

1932 4461 2132 4509 nuntur
2158 4447 2422 4518 exempla,
2454 4455 2546 4502 aut
2574 4443 2859 4500 mendacia
2890 4455 2998 4497 non
3025 4447 3174 4506 sunt,
3199 4437 3295 4494 sed
3323 4445 3519 4509 putan-

1931 4555 2018 4603 tur
2057 4559 2178 4601 esse
2221 4543 2348 4598 dum
2393 4556 2503 4596 non
2544 4533 2961 4608 intelliguntur;
3008 4541 3102 4588 aut
3153 4532 3200 4588 si
3236 4530 3521 4588 mendacia

1927 4648 2072 4704 sunt,
2105 4635 2362 4692 imitanda
2409 4647 2516 4688 non
2554 4639 2697 4696 sunt,
2740 4629 2863 4698 quia
2896 4627 3041 4695 justa
3082 4637 3205 4680 esse
3240 4638 3349 4680 non
3386 4637 3515 4695 pos-

1929 4740 2073 4790 sunt.
2105 4729 2212 4785 Sed
2237 4727 2378 4796 quod
2402 4725 2664 4794 scriptum
2691 4728 2795 4787 est,
2822 4719 2962 4774 bene
2987 4717 3155 4772 Deum
3179 4715 3373 4772 fecisse
3395 4729 3521 4772 cum

1933 4825 2191 4882 Hmbraeis
2222 4817 2626 4882 obstetricibus,
2668 4821 2726 4870 et
2751 4826 2872 4868 eum
2914 4805 3104 4865 Rabab
3143 4807 3520 4864 Jerichontina

1933 4923 2241 4984 meretrice,
2275 4934 2382 4974 non
2410 4916 2532 4970 ideo
2570 4914 2767 4967 factum
2795 4917 2896 4974 est,
2945 4906 3069 4979 quia
3102 4906 3341 4962 mentitae
3371 4911 3519 4968 sunt,

1933 5015 2029 5071 sed
2058 5014 2184 5080 quia
2219 5011 2272 5063 in
2306 5006 2554 5062 homines
2590 5003 2684 5057 Dei
2717 4998 3098 5056 misericordes
3127 4995 3364 5051 fuerunt.
3403 4992 3524 5052 Non

1939 5117 2022 5164 est
2043 5108 2223 5174 itaque
2247 5101 2300 5157 in
2333 5099 2411 5154 eis
2439 5102 2780 5152 remunerata
2809 5090 3038 5156 fallacia,
3067 5086 3164 5142 sed
3194 5083 3524 5140 benevolen-

1937 5205 2031 5268 tia,
2047 5198 2346 5270 benignitas
2369 5193 2586 5258 mentis,
2612 5206 2716 5246 non
2744 5187 2998 5258 iniquitas
3016 5180 3345 5238 mentientis.
3374 5177 3525 5235 Sicut

1935 5298 2077 5355 enim
2115 5295 2314 5351 mirum
2359 5291 2761 5360 absurdumque
2797 5300 2906 5342 non
2943 5287 3120 5347 esset,
3154 5278 3201 5333 si
3228 5276 3338 5333 alio
3376 5275 3526 5346 prius

1935 5401 2178 5461 tempore
2200 5387 2489 5443 commissa
2519 5383 2586 5439 ab
2610 5383 2687 5439 eis
2717 5394 2880 5451 opera
2904 5375 3043 5430 mala
3067 5372 3283 5442 Deusc
3301 5376 3524 5442 propter

1935 5481 2233 5556 posteriora
2276 5492 2442 5548 opera
2478 5476 2618 5531 bona
2656 5471 2820 5528 vellet
2858 5467 3142 5537 ignoscere
3172 5479 3186 5517 :
3218 5462 3291 5517 ita
3321 5460 3523 5515 miran-

1933 5580 2062 5637 dum
2106 5590 2210 5632 non
2253 5583 2356 5636 est,
2401 5571 2567 5642 quod,
2619 5582 2725 5623 uno
2771 5573 3037 5635 tempore,
3082 5558 3138 5615 in
3178 5570 3282 5614 una
3331 5569 3524 5623 causa,

1935 5675 2077 5730 Deus
2099 5678 2384 5735 utrumque
2413 5661 2774 5730 conspiciens,
2804 5657 2856 5714 id
2877 5663 2960 5712 est
2989 5653 3186 5709 factum
3214 5649 3521 5707 misericor-

1935 5766 2076 5821 diter
2105 5762 2408 5828 factumque
2437 5753 2722 5818 fallaciter,
2747 5758 2802 5807 et
2827 5750 3023 5806 bonum
3047 5741 3520 5831 remune.ra_v_i__t,‘£t

1947 5864 2171 5934 propter
2210 5849 2313 5908 hoc
2354 5846 2555 5908 bonum
2599 5841 2733 5909 illud
2776 5840 2974 5902 malum
3009 5830 3338 5908 ignoviL’Si
3375 5830 3517 5889 enim
