3986 6382
508 367 610 429 8M

1603 372 1668 427 D.
1710 367 2030 427 EUGYPPII
2068 368 2360 427 ABBATIS
2395 368 2718 427 AFRICANI

3686 365 3784 425 852

511 487 734 555 peccata
786 496 930 553 qua,
973 493 1192 554 propter
1230 484 1406 541 carnis
1449 486 1963 555 concupiscentiam,
1996 499 2104 538 non
2133 484 2187 545 Α
2212 483 2361 538 addit
2383 486 2564 555 potius
2593 484 2657 538 ad
2684 491 2912 551 reatum,
2945 492 2999 541 et
3029 499 3124 541 sua
3152 482 3486 548 excusando,
3506 498 3617 539 non
3644 500 3783 543 accu-

508 584 733 647 propter
757 574 1184 630 misericordiam
1217 576 1368 644 ﬁunt,
1394 587 1616 647 propter
1643 580 1939 647 posteriora
1964 588 2099 634 tem-

510 683 644 741 pora
670 668 1054 724 misericordiae
1082 669 1450 737 dimittuntur,
1478 686 1575 725 cur
1602 686 1707 725 non
1738 673 1952 738 merito,
1979 688 2099 741 qute

511 771 734 834 propter
778 763 953 833 ipsam
1006 763 1453 827 misericordiam,
1491 766 1936 823 committuntur?
1980 783 2103 837 gra-

512 856 636 911 vius
661 865 746 913 est
765 856 908 912 enim
939 869 1218 927 peccatum
1247 860 1389 930 quod
1421 861 1603 916 animo
1631 863 1897 926 nocentis.
1939 878 2099 932 quam

514 950 658 1020 quod
680 950 891 1006 animos
914 951 1285 1008 subvenientis
1320 952 1574 1010 efﬁcitur.
1610 957 1686 1011 Ac
1709 970 1805 1025 per
1831 954 1932 1011 hoc
1960 956 2004 1010 si
2037 956 2102 1011 il-

512 1040 602 1097 lud
626 1043 836 1099 deletur
874 1060 1040 1115 opere
1070 1047 1461 1104 misericordia:
1504 1059 1687 1118 postea
1717 1051 2098 1118 subsequente,

512 1149 611 1192 cur
648 1137 751 1193 hoc
772 1139 915 1207 quod
954 1148 1039 1196 est
1076 1140 1249 1197 levius
1288 1158 1395 1198 non
1426 1142 1668 1199 deleatur
1708 1145 1826 1214 ipsa
1867 1143 2102 1201 hominis

514 1226 907 1297 misericordia,
941 1239 993 1286 et
1024 1232 1369 1301 praecedente
1404 1242 1463 1289 ut
1497 1245 1701 1304 peccet,
1737 1244 1792 1290 et
1813 1236 2104 1293 comitante

512 1332 634 1375 cum
667 1321 893 1388 peccat?
926 1324 997 1376 Ita
1026 1323 1245 1392 quidem
1271 1324 1440 1382 videri
1476 1334 1687 1395 potest;
1732 1339 2101 1384 verumtamen

513 1410 657 1468 aliud
684 1414 991 1477 estdicere,
1025 1431 1250 1485 peccare
1288 1418 1503 1488 quidem
1540 1434 1645 1474 non
1685 1420 1963 1486 debuisse;
2006 1420 2102 1476 sed

513 1517 677 1575 opera
728 1506 1114 1564 misericordiae
1172 1509 1383 1577 faciam,
1444 1512 1640 1581 quibus
1693 1512 1903 1568 deleam
1957 1512 2103 1583 quod

514 1606 637 1654 ante
666 1599 908 1669 peccavi,
957 1611 1013 1655 et
1060 1600 1204 1655 aliud
1252 1611 1336 1658 est
1378 1602 1590 1670 dicere,
1644 1620 1868 1672 peccare
1906 1606 2100 1675 debeo,

512 1688 632 1761 quia
660 1706 766 1749 non
794 1706 1011 1760 possum
1041 1692 1198 1749 aliter
1229 1695 1472 1751 misereri
1507 1714 1519 1750 :
1551 1695 1697 1751 aliud
1724 1705 1827 1763 est,
1858 1697 2097 1767 inquam,

511 1780 714 1849 dicere,
747 1785 869 1853 quia
896 1784 1009 1855 jam
1034 1788 1379 1857 peccavimus
1410 1788 1834 1844 benefaciamus:
1881 1798 1935 1844 et
1957 1788 2101 1843 aliud

2204 575 2374 631 sando
2404 587 2644 646 peccata,
2672 577 2881 646 ignorat
2902 591 3007 631 non
3036 591 3097 631 se
3127 592 3341 647 poenam
3372 591 3683 642 removere,
3700 576 3781 632 sed

2203 666 2431 720 veniam.
2448 665 2602 735 Apud
2624 666 2867 722 homines
2883 668 3022 721 enim
3039 667 3253 738 judices
3270 669 3527 738 quoniam
3546 668 3659 723 falli
3677 684 3783 740 pos-

2203 770 2347 827 sunt,
2381 776 2720 831 quacumque
2748 761 2895 816 velut
2916 777 3143 832 purgare
3172 762 3381 818 fallacia
3414 762 3575 832 quod
3612 779 3783 834 perpe-

2203 866 2319 907 ram
2374 851 2570 909 factum
2603 860 2708 920 est,
2756 852 3012 923 prodesse
3062 854 3265 926 aliquid
3314 854 3540 911 videtur
3571 854 3640 908 ad
3680 866 3783 910 tem-

2204 949 2511 1019 puszapud
2557 949 2723 1004 Deum
2753 958 2954 1019 autem,
2998 951 3087 1020 qui
3119 950 3232 1006 falli
3274 966 3381 1007 non
3427 960 3641 1022 potest,
3693 968 3781 1008 non

2205 1053 2288 1098 est
2325 1043 2631 1100 adhibenda
2660 1041 2823 1099 fallax
2869 1043 3135 1113 defensio,
3184 1044 3279 1100 sed
3310 1060 3476 1102 verax
3531 1045 3778 1101 confessio

2206 1144 2570 1204 peccatorum,
2604 1142 2659 1191 et
2688 1135 2779 1191 alii
2808 1136 3023 1207 quidem
3054 1136 3147 1208 qui
3187 1153 3281 1193 sua
3328 1153 3674 1194 consuevere
3705 1154 3780 1194 ex-

2207 1245 2397 1289 cusare
2450 1240 2702 1302 peccata,
2759 1232 2870 1288 fato
2917 1247 2979 1289 se
3020 1233 3086 1287 ad
3135 1234 3464 1303 peccandum
3507 1245 3778 1304 queruntur

2208 1320 2433 1393 impelli,
2467 1337 2719 1395 tanquam
2752 1325 2855 1381 hoc
2900 1325 3242 1381 decreverint
3271 1326 3473 1390 sidera,
3512 1335 3577 1382 et
3616 1328 3777 1382 caelum

2209 1419 2361 1489 prius
2388 1419 2511 1474 talia
2535 1419 2879 1475 decernendo
2900 1420 3204 1489 peccaverit
3227 1418 3533 1492 [peccare],
3569 1431 3628 1475 ut
3650 1421 3772 1475 homo

2210 1516 2398 1580 postea
2445 1508 2569 1563 talia
2628 1508 3015 1565 committendo
3066 1518 3337 1579 peccaret.
3393 1510 3499 1565 Alii
3558 1510 3772 1565 Fortuna

2208 1602 2418 1657 malunt
2458 1602 2721 1672 imputare
2766 1602 2909 1673 quod
2963 1610 3213 1672 peccant,
3261 1603 3526 1673 quoniam
3578 1602 3773 1659 fortuitis

2208 1692 2421 1748 casibus
2450 1694 2639 1764 agitari
2670 1702 2879 1764 putant,
2912 1709 3013 1749 nec
3043 1702 3224 1749 tamen
3257 1694 3364 1750 hoc
3385 1709 3447 1749 se
3478 1694 3690 1751 fortuita
3714 1704 3773 1751 tce

2210 1788 2483 1855 meritate,
2519 1787 2611 1843 sed
2643 1796 2922 1857 perspecta
2948 1789 3169 1843 ratione'
3183 1802 3377 1856 sapere
3407 1798 3572 1859 atque
3592 1803 3771 1844 asseve-

509 1884 594 1930 est
616 1874 816 1940 dicere,
846 1854 1131 1946 peccemus
1155 1888 1212 1935 ut
1240 1880 1653 1937 benefaciamus.
1680 1882 1752 1936 Ibi
1781 1881 1997 1948 dicitur,
2031 1881 2107 1936 fa-
2135 1854 2185 1935 Β
2214 1896 2337 1935 rare
2364 1854 2715 1936 contendunt.
2748 1854 2933 1947 Qualis
2970 1895 3099 1951 ergo
3128 1854 3399 1936 dementia
3430 1854 3535 1947 est,
3570 1880 3770 1949 disputa-

510 1976 719 2031 ciamus
747 1976 909 2043 bona,
935 1978 1053 2047 quia
1076 1977 1302 2035 fecimus
1321 1981 1484 2047 mala;
1516 1980 1604 2036 hic
1629 1989 1830 2047 autem,
1850 1980 2108 2036 faciamus

510 2065 654 2120 mala
681 2074 741 2121 ut
778 2069 997 2124 veniant
1030 2070 1190 2136 bona,
1210 2085 1273 2126 ac
1293 2071 1505 2140 perhoc
1529 2072 1601 2126 ibi
1626 2070 1988 2128 exltaurienda
2024 2080 2107 2126 est

511 2159 779 2215 sententia
817 2163 1059 2232 peccati,
1095 2162 1180 2218 hic
1200 2164 1449 2219 cavenda
1488 2174 1572 2220 est
1602 2164 1848 2220 docttina
1876 2164 2103 2234 peccati.

1062 2253 1291 2311 CAPUT
1330 2256 1556 2313 CXCIV.

513 2339 704 2399 Contra
726 2346 950 2402 diversos
980 2346 1068 2417 qui
1094 2349 1250 2403 variis
1277 2349 1442 2403 modis
1476 2366 1571 2403 sua
1602 2350 1835 2404 nituntur
1861 2365 2108 2405 excusare

582 2425 811 2483 peccata,
855 2434 971 2492 quae
1000 2417 1434 2492 nullaimpunita
1473 2437 1579 2476 esse
1621 2438 1772 2492 posse
1799 2422 2106 2491 conﬁrmat;

580 2500 643 2541 ea:
671 2504 902 2544 sermone
929 2489 992 2544 de
1022 2488 1370 2548 Continentia.

578 2594 652 2655 ‘Ut
676 2601 868 2669 spiritu
916 2610 1104 2658 nostro
1137 2619 1301 2675 opera
1332 2606 1513 2661 carnis
1542 2607 1950 2672 mortificemus,
1998 2606 2108 2676 spi-

511 2691 615 2747 ritu
637 2691 731 2748 Dei
772 2694 1025 2764 agimtur,
1047 2695 1139 2766 qui
1166 2696 1257 2750 dat
1280 2688 1661 2753 continentiam
1687 2713 1787 2767 qua
1812 2696 2106 2764 frenenius,

514 2782 816 2852 domemus,
870 2786 1149 2843 vincamus
1195 2790 1710 2859 concupiscentiam.
1749 2789 1803 2843 In
1857 2790 1958 2844 hoc
1999 2798 2107 2844 tam

516 2889 714 2945 magno
748 2878 939 2947 praelio
979 2878 1032 2934 in
1062 2895 1168 2951 quo
1198 2880 1331 2935 vivit
1363 2882 1525 2936 homo
1549 2882 1650 2937 sub
1692 2884 1884 2951 gratia,
1910 2892 1963 2938 et
1986 2898 2106 2938 cum

519 2966 659 3024 bene
691 2978 893 3040 pugnat
940 2971 1159 3040 adjutus
1205 2972 1443 3028 exsultat
1483 2973 1537 3027 in
1583 2972 1815 3028 Domino
1843 2990 1963 3028 cum
1995 2984 2107 3029 tre-

515 3074 667 3116 more
692 3079 706 3117 :
731 3077 838 3118 non
871 3062 1069 3118 desunt
1098 3074 1303 3133 tamen,
1346 3064 1509 3118 etiam
1560 3066 1794 3119 strenuis
1827 3065 2107 3120 bellatori-

515 3149 637 3216 bus,
670 3162 727 3207 et
754 3168 979 3221 operum
1016 3154 1195 3209 carnis
1227 3154 1471 3223 quamvis
1500 3154 1718 3210 invictis
1764 3155 2110 3212 mortiﬁcate

2212 1974 2385 2031 tiones
2414 1987 2541 2027 suas
2567 1971 2761 2027 rationi
2790 1973 3047 2040 tribuere,
3079 1981 3136 2029 et
3158 1973 3400 2029 actiones
3428 1989 3557 2031 suas
3588 1975 3772 2033 casibus

2208 2068 2538 2139 subjugare?
2570 2066 2675 2121 Alii
2726 2074 2896 2121 totum
2927 2066 3068 2136 quod
3116 2066 3256 2122 male
3284 2067 3491 2123 faciunt
3519 2069 3569 2124 in
3610 2069 3771 2125 diabo-

2207 2163 2315 2217 lum
2344 2160 2606 2223 referunt,
2636 2173 2738 2214 nec
2758 2158 2949 2215 volunt
2969 2175 3089 2215 cum
3115 2159 3208 2215 illo
3240 2160 3437 2217 habere
3462 2162 3543 2216 vel
3562 2173 3766 2231 partem,

2208 2271 2326 2311 cum
2358 2255 2504 2310 illum
2532 2255 2631 2310 sibi
2659 2253 2884 2310 occultis
2913 2253 3347 2325 suggestionibus
3379 2257 3510 2310 mala
3547 2256 3764 2312 suasisse

2208 2347 2464 2419 suspicari
2499 2347 2723 2417 possint,
2754 2362 2813 2403 se
2852 2357 3032 2402 autem
3077 2346 3186 2402 illis
3216 2348 3622 2417 suggestionibus
3658 2364 3760 2403 un-

2210 2439 2508 2508 decumque
2534 2438 2726 2493 fuerint
2756 2438 3119 2507 consensisse,
3153 2437 3403 2494 dubitare
3431 2455 3532 2494 non
3556 2441 3765 2510 possint.

2209 2531 2340 2587 Sunt
2373 2531 2532 2586 etiam
2561 2532 2650 2600 qui
2673 2531 3073 2586 excusationem
3096 2543 3247 2585 suam
3276 2534 3598 2597 extendunt,
3626 2532 3673 2586 in
3695 2547 3764 2588 ac-

2211 2623 2542 2679 cusationem
2574 2621 2691 2691 Dei,
2717 2621 2901 2677 divino
2921 2621 3122 2691 judicio
3152 2624 3363 2691 miseri,
3392 2639 3493 2680 suo
3522 2633 3680 2680 autem
3698 2624 3759 2679 fu-

2210 2730 2335 2770 rore
2374 2712 2717 2784 blasphemi;
2752 2716 2953 2770 etenim
2986 2716 3244 2771 adversus
3286 2730 3412 2771 eum
3445 2715 3560 2791 [ex]
3588 2726 3753 2772 contra-

2212 2806 2294 2859 rio
2318 2803 2580 2875 principio
2603 2803 2860 2859 inducunt
2887 2804 3011 2859 mali
3035 2805 3396 2862 substantiam
3431 2808 3737 2871 rebellantem,

2215 2896 2300 2951 cui
2333 2911 2440 2951 non
2474 2897 2737 2966 potuisset
2765 2898 3044 2964 resistere,
3080 2896 3181 2952 nisi
3220 2899 3548 2956 substantias
3576 2912 3738 2956 natura

2216 3003 2320 3059 que
2366 3002 2479 3043 suae
2529 2997 2760 3058 partem,
2788 2988 2965 3045 eidem
3014 2989 3295 3046 rebellanti
3340 2993 3751 3048 contamiuaudam

2213 3081 2773 3153 corrumpendamque
2802 3080 3125 3150 miscuisset,
3157 3092 3206 3138 et
3232 3090 3365 3141 tunc
3397 3100 3460 3142 se
3485 3102 3682 3157 peccare
3702 3086 3759 3140 di-

2216 3183 2365 3240 cunt,
2399 3174 2612 3243 quando
2642 3182 2830 3229 natura
2857 3174 2979 3231 mali
3011 3179 3271 3247 praevalet
3299 3188 3517 3238 naturae
3546 3182 3645 3237 Dei.
3668 3179 3763 3235 Hac

514 3240 688 3311 ribus,
719 3243 899 3315 aliqua
940 3246 1162 3302 vulnera
1209 3258 1577 3317 peccatorum,
1630 3257 1849 3319 pr0pter
1876 3246 1995 3319 quae
2025 3264 2110 3305 sa-

2219 3265 2639 3321 Manichaaorum
2685 3274 2768 3322 est
2817 3267 3245 3324 immundissima
3306 3271 3541 3339 insania,
3583 3286 3767 3343 quorum

516 3337 689 3393 nanda
730 3338 979 3406 quotidie
1026 3343 1297 3398 veraciter
1326 3343 1507 3398 dicant
1533 3361 1546 3395 :
1576 3343 1987 3400 Dimittevtobis
2018 3346 2109 3402 de-

515 3429 625 3489 bita
653 3444 873 3501 nostra;
928 3444 1117 3492 contra
1146 3435 1335 3493 eadem
1376 3436 1505 3492 vitia
1535 3446 1589 3492 et
1618 3445 1804 3492 contra
1836 3437 2109 3495 diabolum

514 3526 816 3597 principem
857 3544 1153 3600 regemque
1182 3530 1458 3598 vitiorum,
1508 3531 1681 3585 multo
1712 3531 2017 3603 vigilantius
2057 3543 2110 3588 et

518 3619 695 3699 acrius
743 3607 862 3690 ipsa
913 3623 1160 3678 oratione
1211 3632 1506 3691 certantes,
1543 3638 1611 3679 ne
1650 3624 1864 3679 valeant
1909 3625 2109 3695 aliquid

518 3710 816 3766 mortifera:
841 3717 1216 3785 suggestiones
1248 3718 1388 3788 ejus,
1419 3718 1614 3788 quibus
1641 3721 1861 3789 instigat
1891 3722 2111 3791 insuper

518 3811 860 3869 peccator-em
912 3806 979 3860 ad
1028 3821 1122 3863 sua
1165 3811 1496 3875 excusanda,
1544 3811 1722 3881 potius
1763 3828 1921 3883 quam
1954 3828 2112 3868 accu-

521 3893 687 3949 sanda
742 3904 995 3965 peccata;
1029 3913 1093 3954 ac
1142 3900 1220 3955 sic
1243 3902 1333 3955 illa
1365 3888 1611 3968 vulnera,
1660 3919 1763 3957 non
1812 3904 1973 3959 modo
2004 3919 2111 3960 non

520 3994 796 4057 sanentur,
850 4004 1037 4046 verum
1088 3992 1251 4047 etiam
1296 3992 1398 4047 etsi
1448 3993 1721 4049 mortifera
1774 4011 1882 4050 non
1933 4008 2112 4064 erant,

518 4082 755 4150 graviter
778 4089 835 4139 ct
856 4082 1130 4139 lethaliter
1159 4085 1473 4157 inligantur.
1512 4087 1577 4141 Et
1603 4088 1689 4141 ltic
1718 4098 1846 4159 ergo
1872 4089 2113 4145 cautiore

516 4186 652 4240 Opus
702 4168 787 4230 est
836 4177 1190 4244 continentia,
1242 4193 1347 4248 qua
1388 4178 1711 4235 cohibeatur
1755 4183 1971 4250 superbi
2015 4183 2116 4238 ho-

518 4264 680 4341 minis
723 4268 1018 4334 appetitus,
1051 4283 1159 4337 quo
1198 4270 1375 4337 placet
1402 4273 1526 4338 sibi,
1557 4281 1611 4328 et
1642 4288 1748 4327 non
1773 4273 1887 4327 vult
1933 4273 2117 4343 culpa-

520 4350 645 4407 bilis
687 4352 945 4418 inveniri,
1002 4350 1437 4427 dedignaturque
1478 4375 1597 4415 cum
1630 4371 1818 4430 peccat
1865 4364 2115 4419 convinci

522 4428 667 4512 quod
687 4428 808 4512 ipse
836 4444 1173 4513 peccaverit,
1223 4460 1329 4501 non
1380 4449 1586 4505 salubri
1618 4428 1915 4511 linmilitate
1941 4457 2116 4513 susci-

523 4536 676 4605 piens
731 4538 1132 4595 accusationem
1177 4539 1281 4609 sui,
1330 4541 1426 4598 sed
1485 4545 1887 4603 excusatiOnem
1939 4551 2117 4620 potius

2218 3356 2646 3413 machinamenta
2686 3356 2953 3415 diabolica
2985 3359 3239 3419 facillime
3269 3368 3474 3419 veritas
3515 3365 3768 3419 indubitata

2214 3453 2494 3519 subvertit,
2528 3469 2647 3521 qua:
2677 3452 2773 3508 Dei
2797 3464 3041 3510 naturam
3088 3456 3615 3515 iucontaminabilem
3639 3470 3771 3527 atque

2214 3544 2676 3615 incorruptibilem
2724 3545 3038 3602 confitetur.
3096 3547 3235 3613 Quid
3292 3559 3472 3605 autem
3524 3550 3771 3620 ﬂagitiosae

2214 3637 2685 3692 contaminationis
2712 3646 2765 3692 et
2799 3638 3161 3709 corruptionis
3183 3638 3296 3713 [de]
3321 3642 3438 3697 istis
3475 3642 3653 3697 merito
3682 3655 3775 3695 non

2215 3728 2475 3791 creditur,
2510 3744 2537 3781 a
2573 3729 2765 3799 quibus
2792 3729 2952 3793 Deus,
2982 3732 3073 3801 qui
3099 3746 3309 3789 summe
3335 3743 3485 3803 atque
3514 3734 3773 3801 incompa-

2214 3820 2461 3876 rabiliter
2490 3821 2662 3877 bonus
2711 3831 2813 3889 est,
2846 3824 3283 3880 contaminabiiis
3323 3834 3374 3880 et
3422 3822 3762 3891 corruptibilis

2215 3912 2487 3969 creditur?
2544 3913 2683 3970 Sunt
2731 3920 2785 3969 et
2851 3914 2943 3985 qui
2991 3930 3057 3971 eo
3105 3919 3269 3972 modo
3329 3915 3383 3971 in
3442 3914 3771 3970 excusatione

2218 4010 2561 4076 peccatorum
2592 4019 2810 4061 suorum
2836 4018 3091 4080 accusant
3111 4006 3307 4075 Deum,
3336 4017 3395 4064 ut
3415 4008 3592 4063 dicant
3608 4009 3656 4064 ei
3682 4006 3781 4078 pla-

2218 4116 2342 4157 cere
2387 4109 2604 4171 peccata
2633 4119 2646 4153 :
2674 4100 2805 4156 Nam
2856 4104 2901 4158 si
2932 4102 3298 4175 displicerent,
3350 4106 3609 4175 inquiunt,
3654 4103 3785 4158 nullo

2218 4195 2380 4250 modo
2406 4209 2470 4249 ea
2493 4194 2612 4251 fieri
2636 4196 3162 4265 omnipotentissima
3193 4199 3381 4269 utique
3400 4208 3663 4269 potestate
3686 4213 3786 4268 pes-

2221 4291 2492 4355 mitteret;
2525 4290 2829 4359 quasivero,
2850 4300 3069 4360 peccata
3093 4291 3232 4347 Deus
3253 4291 3522 4364 impunita
3553 4309 3667 4349 esse
3689 4307 3786 4362 per-

2224 4376 2432 4436 miserit
2456 4383 2614 4435 etiam
2638 4382 2690 4435 in
2724 4380 2825 4449 eis,
2857 4397 2992 4453 quos
3021 4397 3051 4438 a
3080 4384 3346 4455 supplicio
3371 4387 3705 4459 sempiterno
3728 4400 3788 4441 re-

2223 4474 2482 4528 missione
2519 4472 2712 4529 liberat
2743 4484 3110 4544 peccatorum.
3160 4476 3351 4532 Nullus
3382 4479 3595 4551 quippe
3632 4479 3785 4534 debita

2222 4564 2481 4635 gravioris
2511 4579 2685 4635 paena:
2731 4566 2925 4637 accipit
2955 4567 3188 4637 veniam,
3223 4568 3327 4625 nisi
3363 4572 3783 4641 qualemcumque

523 4628 740 4736 ruinosa
766 4628 999 4687 elatione
1012 4633 1378 4736 conquirens.
1408 4634 1490 4692 Ad
1522 4636 1661 4692 hanc
1688 4640 1995 4707 superbiam
2019 4656 2116 4699 co-
2141 4631 2197 4695 D
2223 4628 2280 4711 ξι
2302 4656 2345 4711 εί
2376 4628 2534 4727 longe;
2566 4658 2827 4714 minorem
2850 4628 3021 4727 ἠιηηη
3054 4628 3289 4717 δεδέιηι
3308 4628 3551 4719 sciverit
3577 4628 3790 4736 ρωηεξης

524 4720 834 4790 ercendam,
881 4724 1271 4784 continentiam
1300 4728 1489 4799 petivit
1524 4744 1553 4784 a
1602 4729 1830 4786 Domino
1874 4731 1989 4799 ille,
2023 4749 2121 4790 cu-

521 4811 611 4885 ius
659 4817 911 4886 superius
956 4818 1120 4874 verba
1147 4820 1259 4889 jam
1308 4822 1483 4891 posui,
1516 4831 1569 4879 et
1612 4824 1751 4879 sicut
1778 4826 1927 4896 potui
1969 4841 2119 4884 com-

525 4905 806 4974 mendavi;
840 4921 1071 4979 namque
1097 4924 1219 4964 cum
1250 4910 1474 4967 dixisset
1500 4931 1511 4968 :
1542 4911 1710 4981 Pone,
1739 4915 1985 4985 Domine,
2021 4934 2118 4975 cu-

527 4998 758 5054 stodiam
798 4998 885 5055 ori
918 5006 1060 5067 meo,
1109 5009 1165 5056 et
1194 5000 1392 5057 ostium
1421 5004 1770 5061 continentiae
1806 5008 2007 5065 circum
2036 5010 2118 5066 la-

525 5087 614 5148 bia
635 5107 775 5161 mea,
808 5109 875 5149 ne
922 5092 1158 5151 declinet
1203 5110 1297 5151 cor
1325 5113 1504 5153 meum
1552 5101 1605 5155 in
1645 5102 1809 5158 verba
1841 5105 2116 5175 malignat

528 5184 672 5242 unde
703 5189 806 5244 hoc
844 5188 1071 5257 diceret,
1121 5190 1429 5249 evidentius
1480 5195 1760 5266 eXplicans
1789 5198 1910 5255 :Ad
1958 5216 2123 5257 excu-

528 5276 747 5346 sandas,
780 5280 975 5353 inquit,
1007 5284 1388 5342 excusationes
1417 5285 1473 5342 in
1504 5291 1768 5358 peccatis.
1805 5292 1949 5360 Quid
1976 5297 2122 5353 enini

530 5365 819 5464 malignius
848 5378 934 5434 his
965 5382 1164 5452 verbis,
1198 5382 1392 5456 quibus
1420 5385 1594 5442 malus
1622 5388 1824 5444 malum
1856 5404 1916 5447 se
1939 5400 2119 5464 negat,

530 5466 699 5525 etiam
750 5462 819 5529 de
860 5474 1004 5532 malo
1049 5492 1214 5549 Opere
1264 5481 1564 5549 convictus,
1596 5484 1739 5553 quod
1768 5499 1970 5556 negare
2015 5462 2121 5544 non

528 5558 749 5618 valeat?
778 5572 833 5620 et
853 5569 1108 5637 quoniam
1136 5571 1336 5628 factum
1356 5588 1462 5628 non
1484 5582 1664 5644 potest
1685 5585 1888 5648 tegere,
1917 5595 2015 5636 nec
2030 5581 2124 5638 be-

530 5652 805 5739 nefactum
838 5667 1014 5728 potest
1040 5662 1245 5730 dicere,
1273 5674 1325 5719 et
1352 5679 1381 5720 a
1411 5680 1471 5722 se
1501 5666 1701 5724 factum
1732 5670 1882 5727 videt
1900 5685 2119 5744 patere;

533 5748 726 5811 quierit
752 5749 806 5805 in
860 5750 1255 5812 aliud'referre
1303 5759 1448 5829 quod
1497 5759 1648 5828 fecit,
1704 5772 1958 5835 tanquam
1994 5767 2125 5827 inde

533 5837 709 5909 possit
751 5843 965 5903 auferre
1000 5849 1141 5918 quod
1192 5853 1411 5921 meruit,
1441 5856 1630 5914 nolens
1676 5872 1799 5915 esse
1846 5873 1905 5917 se
1949 5875 2125 5932 reum,

2223 4755 2383 4815 atque
2412 4748 2483 4802 ita
2533 4748 2841 4818 impertitur
2888 4750 3111 4822 largitas
3157 4751 3593 4820 misericordia,
3625 4764 3680 4810 ut
3716 4766 3797 4807 non

2224 4841 2559 4910 relinquatur
2589 4842 2754 4896 etiam
2777 4842 2979 4912 justitia
3010 4844 3333 4913 disciplinas.
3372 4844 3521 4903 Nam
3564 4858 3620 4903 et
3645 4858 3800 4916 peca-

2222 4936 2336 4987 tum
2365 4931 2510 5003 quod
2564 4933 2791 4989 inultum
2824 4934 3054 5003 videtur,
3105 4935 3270 4991 habet
3313 4938 3683 5009 pedisequam
3710 4951 3802 5008 pm-

2227 5038 2351 5079 uam
2393 5042 2565 5093 suam,
2597 5037 2656 5083 ut
2698 5024 2859 5085 nemo
2888 5028 2955 5084 de
2998 5028 3269 5095 admisso,
3320 5038 3421 5085 aut
3471 5031 3808 5089 amaritudine

2228 5119 2427 5189 doleat,
2456 5132 2547 5177 aut
2576 5124 2818 5179 caacitate
2847 5139 2953 5178 non
2986 5124 3187 5179 doleat.
3220 5123 3376 5180 Sicut
3404 5140 3555 5197 ergo
3585 5138 3642 5183 tu
3663 5127 3808 5183 dicis:

2230 5213 2337 5269 Cur
2365 5218 2636 5285 permittat
2663 5217 2786 5283 ista,
2835 5218 2878 5272 si
2909 5216 3229 5287 displicent?
3270 5216 3347 5271 ita
3380 5232 3497 5289 ego
3542 5221 3705 5277 dico:
3731 5219 3816 5275 Cur

2230 5308 2381 5379 punit
2413 5308 2540 5377 ista,
2593 5308 2637 5365 si
2680 5308 2923 5378 placent?
2970 5309 3048 5365 Ac
3078 5324 3175 5380 per
3214 5308 3314 5365 hoc
3338 5310 3500 5368 sicut
3531 5322 3642 5385 ego
3683 5310 3818 5369 conli-

2234 5406 2373 5469 teor,
2407 5402 2550 5473 quod
2582 5404 2805 5459 omnino
2829 5404 2926 5457 ista
2962 5417 3067 5458 non
3094 5404 3310 5468 fierent,
3340 5403 3453 5460 nisi
3488 5405 3568 5462 ab
3598 5408 3820 5476 omnipo-

2233 5500 2380 5550 tente
2410 5497 2896 5567 permitterentur;
2924 5498 2993 5551 ita
3022 5507 3078 5553 tu
3108 5496 3390 5563 conﬁtere,
3430 5497 3701 5558 facienda
3740 5514 3825 5557 non

2230 5605 2350 5648 esse
2382 5607 2500 5659 quae
2551 5607 2579 5647 a
2629 5592 2774 5663 justo
2816 5593 3130 5662 puniuntur,
3177 5600 3238 5649 ut
3281 5606 3386 5649 non
3431 5592 3703 5653 faciendo
3732 5609 3829 5667 qua

2234 5680 2406 5751 punit,
2440 5696 2746 5739 mereamur
2790 5683 2859 5738 ab
2908 5696 2974 5739 eo
3005 5683 3235 5755 discere,
3276 5698 3374 5740 cur
3404 5690 3697 5755 permittit
3733 5699 3832 5744 esse

2235 5787 2356 5843 quas
2398 5773 2605 5842 puniat.
2640 5773 3008 5833 Perfectorum
3056 5786 3141 5832 est
3180 5776 3344 5839 enim.
3384 5776 3553 5835 sicut
3596 5782 3834 5851 scriptun

2234 5875 2339 5937 est,
2374 5866 2579 5923 solidus
2609 5867 2781 5939 cibus,
2809 5867 2861 5923 in
2894 5883 3001 5941 quo
3028 5870 3082 5926 bi
3108 5869 3199 5942 qui
3227 5869 3362 5925 bene
3390 5870 3728 5939 profane,
3748 5870 3836 5943 iant
