  <div class='ocr_page' id='page_1' title='image "/cluster/home/n/w/nwhite01/storage/ocr_20150623/62/hvd.32044015706393/432.png"; bbox 0 0 3986 6382; ppageno 0'>
   <div class='ocr_carea' id='block_1_1' title="bbox 185 365 290 424">
    <p class='ocr_par' dir='ltr' id='par_1_1' title="bbox 185 365 290 424">
     <span class='ocr_line' id='line_1_1' title="bbox 185 365 290 424; baseline 0 0"><span class='ocrx_word' id='word_1_1' title='bbox 185 365 290 424; x_wconf 77' lang='grc'><strong>863</strong></span> 
     </span>
    </p>
   </div>
   <div class='ocr_carea' id='block_1_2' title="bbox 1381 363 2280 428">
    <p class='ocr_par' dir='ltr' id='par_1_2' title="bbox 1381 363 2280 428">
     <span class='ocr_line' id='line_1_2' title="bbox 1381 363 2280 428; baseline 0.006 -6"><span class='ocrx_word' id='word_1_2' title='bbox 1381 363 1818 425; x_wconf 74' lang='lat' dir='ltr'><strong>THESAURUS.</strong></span> <span class='ocrx_word' id='word_1_3' title='bbox 1859 365 2014 424; x_wconf 84' lang='lat' dir='ltr'><strong>CAP.</strong></span> <span class='ocrx_word' id='word_1_4' title='bbox 2056 368 2280 428; x_wconf 76' lang='lat' dir='ltr'><strong>CXCIII.</strong></span> 
     </span>
    </p>
   </div>
   <div class='ocr_carea' id='block_1_3' title="bbox 3367 378 3474 435">
    <p class='ocr_par' dir='ltr' id='par_1_3' title="bbox 3367 378 3474 435">
     <span class='ocr_line' id='line_1_3' title="bbox 3367 378 3474 435; baseline -0.009 0"><span class='ocrx_word' id='word_1_5' title='bbox 3367 378 3474 435; x_wconf 69' lang='grc' dir='ltr'><strong>8ἳᾶ</strong></span> 
     </span>
    </p>
   </div>
   <div class='ocr_carea' id='block_1_4' title="bbox 186 480 3474 560">
    <p class='ocr_par' dir='ltr' id='par_1_4' title="bbox 186 480 3474 560">
     <span class='ocr_line' id='line_1_4' title="bbox 186 480 3474 560; baseline 0.002 -17"><span class='ocrx_word' id='word_1_6' title='bbox 186 485 487 558; x_wconf 85' lang='lat' dir='ltr'><strong>intelligunt</strong></span> <span class='ocrx_word' id='word_1_7' title='bbox 528 486 596 543; x_wconf 84' lang='lat' dir='ltr'><strong>ad</strong></span> <span class='ocrx_word' id='word_1_8' title='bbox 644 483 1089 555; x_wconf 88' lang='lat' dir='ltr'><strong>omnipotentiam</strong></span> <span class='ocrx_word' id='word_1_9' title='bbox 1146 480 1246 538; x_wconf 90' lang='lat' dir='ltr'><strong>Dei</strong></span> <span class='ocrx_word' id='word_1_10' title='bbox 1297 483 1474 553; x_wconf 79' lang='lat' dir='ltr'><strong>potius</strong></span> <span class='ocrx_word' id='word_1_11' title='bbox 1515 482 1568 537; x_wconf 96' lang='lat' dir='ltr'><strong>id</strong></span> <span class='ocrx_word' id='word_1_12' title='bbox 1598 482 1771 552; x_wconf 88' lang='lat' dir='ltr'><strong>perti-</strong></span> <span class='ocrx_word' id='word_1_13' title='bbox 1801 482 1856 545; x_wconf 78' lang='grc' dir='ltr'><strong>Α</strong></span> <span class='ocrx_word' id='word_1_14' title='bbox 1885 494 1990 540; x_wconf 92' lang='lat' dir='ltr'><strong>tur.</strong></span> <span class='ocrx_word' id='word_1_15' title='bbox 2019 486 2142 542; x_wconf 61' lang='lat' dir='ltr'><strong>Haec</strong></span> <span class='ocrx_word' id='word_1_16' title='bbox 2175 488 2336 558; x_wconf 91' lang='lat' dir='ltr'><strong>igitur</strong></span> <span class='ocrx_word' id='word_1_17' title='bbox 2381 487 2511 555; x_wconf 90' lang='lat' dir='ltr'><strong>duo,</strong></span> <span class='ocrx_word' id='word_1_18' title='bbox 2545 503 2663 560; x_wconf 72' lang='lat' dir='ltr'><strong>qua:</strong></span> <span class='ocrx_word' id='word_1_19' title='bbox 2690 503 2832 545; x_wconf 88' lang='lat' dir='ltr'><strong>nunc</strong></span> <span class='ocrx_word' id='word_1_20' title='bbox 2859 490 3088 548; x_wconf 81' lang='lat' dir='ltr'><strong>invicem</strong></span> <span class='ocrx_word' id='word_1_21' title='bbox 3117 491 3474 551; x_wconf 70' lang='lat' dir='ltr'><strong>adversantur</strong></span> 
     </span>
    </p>
   </div>
   <div class='ocr_carea' id='block_1_5' title="bbox 187 573 1771 646">
    <p class='ocr_par' dir='ltr' id='par_1_5' title="bbox 187 573 1771 646">
     <span class='ocr_line' id='line_1_5' title="bbox 187 573 1771 646; baseline -0.004 -10"><span class='ocrx_word' id='word_1_22' title='bbox 187 580 388 646; x_wconf 87' lang='lat' dir='ltr'><strong>nuisse,</strong></span> <span class='ocrx_word' id='word_1_23' title='bbox 433 587 491 633; x_wconf 91' lang='lat' dir='ltr'><strong>ut</strong></span> <span class='ocrx_word' id='word_1_24' title='bbox 538 594 601 634; x_wconf 81' lang='lat' dir='ltr'><strong>ex</strong></span> <span class='ocrx_word' id='word_1_25' title='bbox 649 579 814 632; x_wconf 86' lang='lat' dir='ltr'><strong>libero</strong></span> <span class='ocrx_word' id='word_1_26' title='bbox 865 577 1112 639; x_wconf 80' lang='lat' dir='ltr'><strong>arbitrio,</strong></span> <span class='ocrx_word' id='word_1_27' title='bbox 1165 573 1453 629; x_wconf 76' lang='lat' dir='ltr'><strong>voluntatis</strong></span> <span class='ocrx_word' id='word_1_28' title='bbox 1499 575 1771 629; x_wconf 77' lang='lat' dir='ltr'><strong>venientia</strong></span> 
     </span>
    </p>
   </div>
   <div class='ocr_carea' id='block_1_6' title="bbox 186 668 1771 744">
    <p class='ocr_par' dir='ltr' id='par_1_6' title="bbox 186 668 1771 744">
     <span class='ocr_line' id='line_1_6' title="bbox 186 668 1771 744; baseline -0.004 -16"><span class='ocrx_word' id='word_1_29' title='bbox 186 673 322 729; x_wconf 86' lang='lat' dir='ltr'><strong>mala</strong></span> <span class='ocrx_word' id='word_1_30' title='bbox 355 689 472 728; x_wconf 88' lang='lat' dir='ltr'><strong>esse</strong></span> <span class='ocrx_word' id='word_1_31' title='bbox 501 673 859 744; x_wconf 89' lang='lat' dir='ltr'><strong>permitteret.</strong></span> <span class='ocrx_word' id='word_1_32' title='bbox 894 671 1010 726; x_wconf 82' lang='lat' dir='ltr'><strong>Jam</strong></span> <span class='ocrx_word' id='word_1_33' title='bbox 1047 669 1240 741; x_wconf 89' lang='lat' dir='ltr'><strong>[tanta]</strong></span> <span class='ocrx_word' id='word_1_34' title='bbox 1270 669 1465 739; x_wconf 89' lang='lat' dir='ltr'><strong>quippe</strong></span> <span class='ocrx_word' id='word_1_35' title='bbox 1488 679 1570 724; x_wconf 86' lang='lat' dir='ltr'><strong>est</strong></span> <span class='ocrx_word' id='word_1_36' title='bbox 1595 668 1771 722; x_wconf 89' lang='lat' dir='ltr'><strong>omni-</strong></span> 
     </span>
    </p>
   </div>
   <div class='ocr_carea' id='block_1_7' title="bbox 186 763 1772 839">
    <p class='ocr_par' dir='ltr' id='par_1_7' title="bbox 186 763 1772 839">
     <span class='ocr_line' id='line_1_7' title="bbox 186 763 1772 839; baseline -0.001 -21"><span class='ocrx_word' id='word_1_37' title='bbox 186 778 374 839; x_wconf 90' lang='lat' dir='ltr'><strong>potens</strong></span> <span class='ocrx_word' id='word_1_38' title='bbox 403 767 614 822; x_wconf 86' lang='lat' dir='ltr'><strong>bonitas</strong></span> <span class='ocrx_word' id='word_1_39' title='bbox 637 765 777 837; x_wconf 82' lang='lat' dir='ltr'><strong>eius,</strong></span> <span class='ocrx_word' id='word_1_40' title='bbox 808 777 867 820; x_wconf 90' lang='lat' dir='ltr'><strong>ut</strong></span> <span class='ocrx_word' id='word_1_41' title='bbox 905 767 1066 821; x_wconf 91' lang='lat' dir='ltr'><strong>etiam</strong></span> <span class='ocrx_word' id='word_1_42' title='bbox 1098 763 1167 819; x_wconf 91' lang='lat' dir='ltr'><strong>de</strong></span> <span class='ocrx_word' id='word_1_43' title='bbox 1198 763 1353 818; x_wconf 86' lang='lat' dir='ltr'><strong>malis</strong></span> <span class='ocrx_word' id='word_1_44' title='bbox 1399 763 1574 819; x_wconf 79' lang='lat' dir='ltr'><strong>facere</strong></span> <span class='ocrx_word' id='word_1_45' title='bbox 1603 764 1772 832; x_wconf 82' lang='lat' dir='ltr'><strong>possit</strong></span> 
     </span>
    </p>
   </div>
   <div class='ocr_carea' id='block_1_8' title="bbox 188 853 1773 928">
    <p class='ocr_par' dir='ltr' id='par_1_8' title="bbox 188 853 1773 928">
     <span class='ocr_line' id='line_1_8' title="bbox 188 853 1773 928; baseline -0.003 -15"><span class='ocrx_word' id='word_1_46' title='bbox 188 859 349 924; x_wconf 87' lang='lat' dir='ltr'><strong>bona,</strong></span> <span class='ocrx_word' id='word_1_47' title='bbox 383 860 494 914; x_wconf 84' lang='lat' dir='ltr'><strong>sive</strong></span> <span class='ocrx_word' id='word_1_48' title='bbox 526 859 872 928; x_wconf 79' lang='lat' dir='ltr'><strong>ignoscendo,</strong></span> <span class='ocrx_word' id='word_1_49' title='bbox 907 857 1018 912; x_wconf 87' lang='lat' dir='ltr'><strong>sive</strong></span> <span class='ocrx_word' id='word_1_50' title='bbox 1048 854 1308 919; x_wconf 88' lang='lat' dir='ltr'><strong>sanando,</strong></span> <span class='ocrx_word' id='word_1_51' title='bbox 1338 855 1451 909; x_wconf 88' lang='lat' dir='ltr'><strong>sive</strong></span> <span class='ocrx_word' id='word_1_52' title='bbox 1481 853 1546 909; x_wconf 92' lang='lat' dir='ltr'><strong>ad</strong></span> <span class='ocrx_word' id='word_1_53' title='bbox 1570 854 1773 908; x_wconf 82' lang='lat' dir='ltr'><strong>utilita-</strong></span> 
     </span>
    </p>
   </div>
   <div class='ocr_carea' id='block_1_9' title="bbox 190 949 1771 1024">
    <p class='ocr_par' dir='ltr' id='par_1_9' title="bbox 190 949 1771 1024">
     <span class='ocr_line' id='line_1_9' title="bbox 190 949 1771 1024; baseline -0.004 -17"><span class='ocrx_word' id='word_1_54' title='bbox 190 965 269 1010; x_wconf 89' lang='lat' dir='ltr'><strong>tes</strong></span> <span class='ocrx_word' id='word_1_55' title='bbox 304 955 510 1023; x_wconf 82' lang='lat' dir='ltr'><strong>piorum</strong></span> <span class='ocrx_word' id='word_1_56' title='bbox 543 954 864 1024; x_wconf 85' lang='lat' dir='ltr'><strong>coaptando,</strong></span> <span class='ocrx_word' id='word_1_57' title='bbox 918 963 1077 1022; x_wconf 87' lang='lat' dir='ltr'><strong>atque</strong></span> <span class='ocrx_word' id='word_1_58' title='bbox 1122 952 1406 1020; x_wconf 88' lang='lat' dir='ltr'><strong>vertendo,</strong></span> <span class='ocrx_word' id='word_1_59' title='bbox 1457 951 1570 1006; x_wconf 86' lang='lat' dir='ltr'><strong>sive</strong></span> <span class='ocrx_word' id='word_1_60' title='bbox 1608 949 1771 1004; x_wconf 90' lang='lat' dir='ltr'><strong>etiam</strong></span> 
     </span>
    </p>
   </div>
   <div class='ocr_carea' id='block_1_10' title="bbox 184 1041 1774 1115">
    <p class='ocr_par' dir='ltr' id='par_1_10' title="bbox 184 1041 1774 1115">
     <span class='ocr_line' id='line_1_10' title="bbox 184 1041 1774 1115; baseline -0.003 -16"><span class='ocrx_word' id='word_1_61' title='bbox 184 1044 480 1115; x_wconf 73' lang='lat' dir='ltr'><strong>iustissime</strong></span> <span class='ocrx_word' id='word_1_62' title='bbox 535 1045 877 1100; x_wconf 89' lang='lat' dir='ltr'><strong>vindicando.</strong></span> <span class='ocrx_word' id='word_1_63' title='bbox 938 1045 1130 1101; x_wconf 80' lang='lat' dir='ltr'><strong>Omnia</strong></span> <span class='ocrx_word' id='word_1_64' title='bbox 1186 1059 1414 1114; x_wconf 86' lang='lat' dir='ltr'><strong>namque</strong></span> <span class='ocrx_word' id='word_1_65' title='bbox 1476 1044 1576 1098; x_wconf 90' lang='lat' dir='ltr'><strong>ista</strong></span> <span class='ocrx_word' id='word_1_66' title='bbox 1631 1041 1774 1096; x_wconf 85' lang='lat' dir='ltr'><strong>bona</strong></span> 
     </span>
    </p>
   </div>
   <div class='ocr_carea' id='block_1_11' title="bbox 184 1133 1774 1206">
    <p class='ocr_par' dir='ltr' id='par_1_11' title="bbox 184 1133 1774 1206">
     <span class='ocr_line' id='line_1_11' title="bbox 184 1133 1774 1206; baseline -0.005 -12"><span class='ocrx_word' id='word_1_67' title='bbox 184 1149 326 1201; x_wconf 84' lang='lat' dir='ltr'><strong>sunt.</strong></span> <span class='ocrx_word' id='word_1_68' title='bbox 362 1149 415 1192; x_wconf 90' lang='lat' dir='ltr'><strong>et</strong></span> <span class='ocrx_word' id='word_1_69' title='bbox 462 1137 569 1192; x_wconf 91' lang='lat' dir='ltr'><strong>Deo</strong></span> <span class='ocrx_word' id='word_1_70' title='bbox 616 1138 756 1192; x_wconf 90' lang='lat' dir='ltr'><strong>bono</strong></span> <span class='ocrx_word' id='word_1_71' title='bbox 809 1147 967 1206; x_wconf 90' lang='lat' dir='ltr'><strong>atque</strong></span> <span class='ocrx_word' id='word_1_72' title='bbox 1015 1137 1374 1204; x_wconf 90' lang='lat' dir='ltr'><strong>omnipotenti</strong></span> <span class='ocrx_word' id='word_1_73' title='bbox 1423 1133 1774 1205; x_wconf 87' lang='lat' dir='ltr'><strong>dignissima;</strong></span> 
     </span>
    </p>
   </div>
   <div class='ocr_carea' id='block_1_12' title="bbox 184 1226 1773 1299">
    <p class='ocr_par' dir='ltr' id='par_1_12' title="bbox 184 1226 1773 1299">
     <span class='ocr_line' id='line_1_12' title="bbox 184 1226 1773 1299; baseline -0.006 -11"><span class='ocrx_word' id='word_1_74' title='bbox 184 1247 283 1288; x_wconf 91' lang='lat' dir='ltr'><strong>nec</strong></span> <span class='ocrx_word' id='word_1_75' title='bbox 321 1241 495 1285; x_wconf 89' lang='lat' dir='ltr'><strong>tamen</strong></span> <span class='ocrx_word' id='word_1_76' title='bbox 541 1230 674 1284; x_wconf 88' lang='lat' dir='ltr'><strong>ﬁunt</strong></span> <span class='ocrx_word' id='word_1_77' title='bbox 716 1231 817 1284; x_wconf 91' lang='lat' dir='ltr'><strong>nisi</strong></span> <span class='ocrx_word' id='word_1_78' title='bbox 851 1232 916 1285; x_wconf 91' lang='lat' dir='ltr'><strong>de</strong></span> <span class='ocrx_word' id='word_1_79' title='bbox 960 1230 1133 1284; x_wconf 90' lang='lat' dir='ltr'><strong>malis.</strong></span> <span class='ocrx_word' id='word_1_80' title='bbox 1186 1230 1324 1298; x_wconf 86' lang='lat' dir='ltr'><strong>Quid</strong></span> <span class='ocrx_word' id='word_1_81' title='bbox 1370 1229 1528 1299; x_wconf 82' lang='lat' dir='ltr'><strong>igitur</strong></span> <span class='ocrx_word' id='word_1_82' title='bbox 1558 1226 1773 1292; x_wconf 90' lang='lat' dir='ltr'><strong>melius,</strong></span> 
     </span>
    </p>
   </div>
   <div class='ocr_carea' id='block_1_13' title="bbox 185 1320 1770 1396">
    <p class='ocr_par' dir='ltr' id='par_1_13' title="bbox 185 1320 1770 1396">
     <span class='ocr_line' id='line_1_13' title="bbox 185 1320 1770 1396; baseline -0.006 -16"><span class='ocrx_word' id='word_1_83' title='bbox 185 1326 313 1396; x_wconf 89' lang='lat' dir='ltr'><strong>quid</strong></span> <span class='ocrx_word' id='word_1_84' title='bbox 345 1325 768 1395; x_wconf 80' lang='lat' dir='ltr'><strong>omnipotentius</strong></span> <span class='ocrx_word' id='word_1_85' title='bbox 798 1339 884 1389; x_wconf 90' lang='lat' dir='ltr'><strong>eo,</strong></span> <span class='ocrx_word' id='word_1_86' title='bbox 933 1325 1025 1393; x_wconf 89' lang='lat' dir='ltr'><strong>qui</strong></span> <span class='ocrx_word' id='word_1_87' title='bbox 1076 1339 1196 1378; x_wconf 81' lang='lat' dir='ltr'><strong>cum</strong></span> <span class='ocrx_word' id='word_1_88' title='bbox 1229 1325 1368 1377; x_wconf 82' lang='lat' dir='ltr'><strong>male</strong></span> <span class='ocrx_word' id='word_1_89' title='bbox 1416 1320 1551 1377; x_wconf 87' lang='lat' dir='ltr'><strong>nihil</strong></span> <span class='ocrx_word' id='word_1_90' title='bbox 1591 1320 1770 1385; x_wconf 82' lang='lat' dir='ltr'><strong>faciat,</strong></span> 
     </span>
    </p>
   </div>
   <div class='ocr_carea' id='block_1_14' title="bbox 187 1407 1776 1479">
    <p class='ocr_par' dir='ltr' id='par_1_14' title="bbox 187 1407 1776 1479">
     <span class='ocr_line' id='line_1_14' title="bbox 187 1407 1776 1479; baseline -0.007 -6"><span class='ocrx_word' id='word_1_91' title='bbox 187 1417 327 1473; x_wconf 83' lang='lat' dir='ltr'><strong>bene</strong></span> <span class='ocrx_word' id='word_1_92' title='bbox 371 1415 534 1470; x_wconf 87' lang='lat' dir='ltr'><strong>etiam</strong></span> <span class='ocrx_word' id='word_1_93' title='bbox 582 1415 651 1470; x_wconf 90' lang='lat' dir='ltr'><strong>de</strong></span> <span class='ocrx_word' id='word_1_94' title='bbox 680 1414 837 1469; x_wconf 87' lang='lat' dir='ltr'><strong>malis</strong></span> <span class='ocrx_word' id='word_1_95' title='bbox 884 1414 1041 1469; x_wconf 74' lang='lat' dir='ltr'><strong>facit?</strong></span> <span class='ocrx_word' id='word_1_96' title='bbox 1068 1413 1378 1468; x_wconf 86' lang='lat' dir='ltr'><strong>Clamantes</strong></span> <span class='ocrx_word' id='word_1_97' title='bbox 1424 1411 1489 1466; x_wconf 92' lang='lat' dir='ltr'><strong>ad</strong></span> <span class='ocrx_word' id='word_1_98' title='bbox 1532 1426 1654 1465; x_wconf 90' lang='lat' dir='ltr'><strong>eum</strong></span> <span class='ocrx_word' id='word_1_99' title='bbox 1685 1407 1776 1479; x_wconf 89' lang='lat' dir='ltr'><strong>qui</strong></span> 
     </span>
    </p>
   </div>
   <div class='ocr_carea' id='block_1_15' title="bbox 183 1505 1772 1575">
    <p class='ocr_par' dir='ltr' id='par_1_15' title="bbox 183 1505 1772 1575">
     <span class='ocr_line' id='line_1_15' title="bbox 183 1505 1772 1575; baseline -0.006 -9"><span class='ocrx_word' id='word_1_100' title='bbox 183 1511 325 1566; x_wconf 89' lang='lat' dir='ltr'><strong>male</strong></span> <span class='ocrx_word' id='word_1_101' title='bbox 353 1511 563 1575; x_wconf 80' lang='lat' dir='ltr'><strong>fecere,</strong></span> <span class='ocrx_word' id='word_1_102' title='bbox 601 1509 823 1565; x_wconf 89' lang='lat' dir='ltr'><strong>Dimitte</strong></span> <span class='ocrx_word' id='word_1_103' title='bbox 874 1510 1029 1565; x_wconf 89' lang='lat' dir='ltr'><strong>nobis</strong></span> <span class='ocrx_word' id='word_1_104' title='bbox 1057 1509 1238 1564; x_wconf 88' lang='lat' dir='ltr'><strong>debita</strong></span> <span class='ocrx_word' id='word_1_105' title='bbox 1282 1517 1462 1563; x_wconf 89' lang='lat' dir='ltr'><strong>nostra</strong></span> <span class='ocrx_word' id='word_1_106' title='bbox 1489 1549 1504 1573; x_wconf 92' lang='lat'><strong>,</strong></span> <span class='ocrx_word' id='word_1_107' title='bbox 1534 1505 1772 1571; x_wconf 81' lang='lat' dir='ltr'><strong>exaudit,</strong></span> 
     </span>
    </p>
   </div>
   <div class='ocr_carea' id='block_1_16' title="bbox 189 1598 1778 1676">
    <p class='ocr_par' dir='ltr' id='par_1_16' title="bbox 189 1598 1778 1676">
     <span class='ocr_line' id='line_1_16' title="bbox 189 1598 1778 1676; baseline -0.005 -17"><span class='ocrx_word' id='word_1_108' title='bbox 189 1605 439 1676; x_wconf 81' lang='lat' dir='ltr'><strong>ignoscit.</strong></span> <span class='ocrx_word' id='word_1_109' title='bbox 475 1603 788 1659; x_wconf 80' lang='lat' dir='ltr'><strong>Nocuerunt</strong></span> <span class='ocrx_word' id='word_1_110' title='bbox 819 1619 913 1658; x_wconf 87' lang='lat' dir='ltr'><strong>sua</strong></span> <span class='ocrx_word' id='word_1_111' title='bbox 945 1604 1085 1657; x_wconf 90' lang='lat' dir='ltr'><strong>mala</strong></span> <span class='ocrx_word' id='word_1_112' title='bbox 1119 1601 1490 1673; x_wconf 88' lang='lat' dir='ltr'><strong>peccantibus,</strong></span> <span class='ocrx_word' id='word_1_113' title='bbox 1529 1598 1778 1654; x_wconf 82' lang='lat' dir='ltr'><strong>subvenit</strong></span> 
     </span>
    </p>
   </div>
   <div class='ocr_carea' id='block_1_17' title="bbox 185 1691 1778 1766">
    <p class='ocr_par' dir='ltr' id='par_1_17' title="bbox 185 1691 1778 1766">
     <span class='ocr_line' id='line_1_17' title="bbox 185 1691 1778 1766; baseline -0.006 -14"><span class='ocrx_word' id='word_1_114' title='bbox 185 1712 370 1753; x_wconf 87' lang='lat' dir='ltr'><strong>eorum</strong></span> <span class='ocrx_word' id='word_1_115' title='bbox 401 1696 760 1766; x_wconf 86' lang='lat' dir='ltr'><strong>medeturque</strong></span> <span class='ocrx_word' id='word_1_116' title='bbox 783 1695 1152 1764; x_wconf 75' lang='lat' dir='ltr'><strong>languoribus,</strong></span> <span class='ocrx_word' id='word_1_117' title='bbox 1177 1696 1404 1748; x_wconf 80' lang='lat' dir='ltr'><strong>saeviunt</strong></span> <span class='ocrx_word' id='word_1_118' title='bbox 1437 1708 1654 1747; x_wconf 90' lang='lat' dir='ltr'><strong>suorum</strong></span> <span class='ocrx_word' id='word_1_119' title='bbox 1684 1691 1778 1744; x_wconf 89' lang='lat' dir='ltr'><strong>ho-</strong></span> 
     </span>
    </p>
   </div>
   <div class='ocr_carea' id='block_1_18' title="bbox 186 1784 1778 1858">
    <p class='ocr_par' dir='ltr' id='par_1_18' title="bbox 186 1784 1778 1858">
     <span class='ocr_line' id='line_1_18' title="bbox 186 1784 1778 1858; baseline -0.007 -11"><span class='ocrx_word' id='word_1_120' title='bbox 186 1799 317 1858; x_wconf 90' lang='lat' dir='ltr'><strong>stes,</strong></span> <span class='ocrx_word' id='word_1_121' title='bbox 365 1790 432 1846; x_wconf 93' lang='lat' dir='ltr'><strong>de</strong></span> <span class='ocrx_word' id='word_1_122' title='bbox 465 1790 678 1844; x_wconf 89' lang='lat' dir='ltr'><strong>illorum</strong></span> <span class='ocrx_word' id='word_1_123' title='bbox 728 1789 934 1843; x_wconf 76' lang='lat' dir='ltr'><strong>saevitia</strong></span> <span class='ocrx_word' id='word_1_124' title='bbox 983 1787 1113 1842; x_wconf 82' lang='lat' dir='ltr'><strong>facit</strong></span> <span class='ocrx_word' id='word_1_125' title='bbox 1158 1797 1443 1856; x_wconf 77' lang='lat' dir='ltr'><strong>martyres.</strong></span> <span class='ocrx_word' id='word_1_126' title='bbox 1495 1784 1778 1839; x_wconf 89' lang='lat' dir='ltr'><strong>Postremo</strong></span> 
     </span>
    </p>
   </div>
   <div class='ocr_carea' id='block_1_19' title="bbox 1882 581 3469 654">
    <p class='ocr_par' dir='ltr' id='par_1_19' title="bbox 1882 581 3469 654">
     <span class='ocr_line' id='line_1_19' title="bbox 1882 581 3469 654; baseline 0.007 -21"><span class='ocrx_word' id='word_1_127' title='bbox 1882 581 1935 634; x_wconf 92' lang='lat' dir='ltr'><strong>in</strong></span> <span class='ocrx_word' id='word_1_128' title='bbox 1967 581 2142 646; x_wconf 90' lang='lat' dir='ltr'><strong>nobis,</strong></span> <span class='ocrx_word' id='word_1_129' title='bbox 2173 583 2426 647; x_wconf 90' lang='lat' dir='ltr'><strong>quoniam</strong></span> <span class='ocrx_word' id='word_1_130' title='bbox 2457 585 2507 638; x_wconf 93' lang='lat' dir='ltr'><strong>in</strong></span> <span class='ocrx_word' id='word_1_131' title='bbox 2541 593 2766 654; x_wconf 91' lang='lat' dir='ltr'><strong>utraque</strong></span> <span class='ocrx_word' id='word_1_132' title='bbox 2791 600 2888 640; x_wconf 92' lang='lat' dir='ltr'><strong>nos</strong></span> <span class='ocrx_word' id='word_1_133' title='bbox 2914 600 3116 652; x_wconf 87' lang='lat' dir='ltr'><strong>sumus,</strong></span> <span class='ocrx_word' id='word_1_134' title='bbox 3152 594 3210 642; x_wconf 92' lang='lat' dir='ltr'><strong>ut</strong></span> <span class='ocrx_word' id='word_1_135' title='bbox 3236 602 3469 646; x_wconf 86' lang='lat' dir='ltr'><strong>concor-</strong></span> 
     </span>
    </p>
   </div>
   <div class='ocr_carea' id='block_1_20' title="bbox 1880 671 3470 746">
    <p class='ocr_par' dir='ltr' id='par_1_20' title="bbox 1880 671 3470 746">
     <span class='ocr_line' id='line_1_20' title="bbox 1880 671 3470 746; baseline 0.009 -22"><span class='ocrx_word' id='word_1_136' title='bbox 1880 671 2014 725; x_wconf 90' lang='lat' dir='ltr'><strong>dent</strong></span> <span class='ocrx_word' id='word_1_137' title='bbox 2044 687 2259 729; x_wconf 91' lang='lat' dir='ltr'><strong>oremus</strong></span> <span class='ocrx_word' id='word_1_138' title='bbox 2293 685 2349 730; x_wconf 88' lang='lat' dir='ltr'><strong>et</strong></span> <span class='ocrx_word' id='word_1_139' title='bbox 2392 691 2631 746; x_wconf 79' lang='lat' dir='ltr'><strong>agamus.</strong></span> <span class='ocrx_word' id='word_1_140' title='bbox 2681 677 2796 732; x_wconf 84' lang='lat' dir='ltr'><strong>Non</strong></span> <span class='ocrx_word' id='word_1_141' title='bbox 2825 678 2969 733; x_wconf 89' lang='lat' dir='ltr'><strong>enim</strong></span> <span class='ocrx_word' id='word_1_142' title='bbox 3001 679 3229 734; x_wconf 90' lang='lat' dir='ltr'><strong>alterum</strong></span> <span class='ocrx_word' id='word_1_143' title='bbox 3280 696 3470 738; x_wconf 88' lang='lat' dir='ltr'><strong>eorum</strong></span> 
     </span>
    </p>
   </div>
   <div class='ocr_carea' id='block_1_21' title="bbox 1883 767 3471 843">
    <p class='ocr_par' dir='ltr' id='par_1_21' title="bbox 1883 767 3471 843">
     <span class='ocr_line' id='line_1_21' title="bbox 1883 767 3471 843; baseline 0.008 -26"><span class='ocrx_word' id='word_1_144' title='bbox 1883 772 2070 834; x_wconf 89' lang='lat' dir='ltr'><strong>putare</strong></span> <span class='ocrx_word' id='word_1_145' title='bbox 2117 767 2380 823; x_wconf 87' lang='lat' dir='ltr'><strong>debemus</strong></span> <span class='ocrx_word' id='word_1_146' title='bbox 2427 769 2726 836; x_wconf 90' lang='lat' dir='ltr'><strong>inimicum,</strong></span> <span class='ocrx_word' id='word_1_147' title='bbox 2781 769 2874 824; x_wconf 91' lang='lat' dir='ltr'><strong>sed</strong></span> <span class='ocrx_word' id='word_1_148' title='bbox 2926 770 3138 838; x_wconf 88' lang='lat' dir='ltr'><strong>vitium,</strong></span> <span class='ocrx_word' id='word_1_149' title='bbox 3189 787 3294 843; x_wconf 93' lang='lat' dir='ltr'><strong>quo</strong></span> <span class='ocrx_word' id='word_1_150' title='bbox 3343 785 3471 830; x_wconf 87' lang='lat' dir='ltr'><strong>caro</strong></span> 
     </span>
    </p>
   </div>
   <div class='ocr_carea' id='block_1_22' title="bbox 1881 858 3476 930">
    <p class='ocr_par' dir='ltr' id='par_1_22' title="bbox 1881 858 3476 930">
     <span class='ocr_line' id='line_1_22' title="bbox 1881 858 3476 930; baseline 0.004 -18"><span class='ocrx_word' id='word_1_151' title='bbox 1881 858 2218 928; x_wconf 89' lang='lat' dir='ltr'><strong>concupiscit</strong></span> <span class='ocrx_word' id='word_1_152' title='bbox 2265 860 2523 916; x_wconf 88' lang='lat' dir='ltr'><strong>adversus</strong></span> <span class='ocrx_word' id='word_1_153' title='bbox 2575 861 3022 930; x_wconf 88' lang='lat' dir='ltr'><strong>spiritum:quod</strong></span> <span class='ocrx_word' id='word_1_154' title='bbox 3075 873 3319 918; x_wconf 90' lang='lat' dir='ltr'><strong>sanatum</strong></span> <span class='ocrx_word' id='word_1_155' title='bbox 3374 877 3476 918; x_wconf 89' lang='lat' dir='ltr'><strong>nec</strong></span> 
     </span>
    </p>
   </div>
   <div class='ocr_carea' id='block_1_23' title="bbox 1882 951 3476 1023">
    <p class='ocr_par' dir='ltr' id='par_1_23' title="bbox 1882 951 3476 1023">
     <span class='ocr_line' id='line_1_23' title="bbox 1882 951 3476 1023; baseline 0.004 -19"><span class='ocrx_word' id='word_1_156' title='bbox 1882 951 2056 1020; x_wconf 89' lang='lat' dir='ltr'><strong>ipsum</strong></span> <span class='ocrx_word' id='word_1_157' title='bbox 2085 953 2208 1017; x_wconf 89' lang='lat' dir='ltr'><strong>erit,</strong></span> <span class='ocrx_word' id='word_1_158' title='bbox 2243 961 2296 1006; x_wconf 90' lang='lat' dir='ltr'><strong>et</strong></span> <span class='ocrx_word' id='word_1_159' title='bbox 2324 953 2626 1008; x_wconf 80' lang='lat' dir='ltr'><strong>substantia</strong></span> <span class='ocrx_word' id='word_1_160' title='bbox 2651 962 2878 1023; x_wconf 91' lang='lat' dir='ltr'><strong>utraque</strong></span> <span class='ocrx_word' id='word_1_161' title='bbox 2907 954 3052 1008; x_wconf 87' lang='lat' dir='ltr'><strong>salva</strong></span> <span class='ocrx_word' id='word_1_162' title='bbox 3084 955 3210 1021; x_wconf 89' lang='lat' dir='ltr'><strong>erit,</strong></span> <span class='ocrx_word' id='word_1_163' title='bbox 3241 961 3296 1008; x_wconf 91' lang='lat' dir='ltr'><strong>et</strong></span> <span class='ocrx_word' id='word_1_164' title='bbox 3333 955 3476 1010; x_wconf 84' lang='lat' dir='ltr'><strong>inter</strong></span> 
     </span>
    </p>
   </div>
   <div class='ocr_carea' id='block_1_24' title="bbox 1886 1037 3474 1115">
    <p class='ocr_par' dir='ltr' id='par_1_24' title="bbox 1886 1037 3474 1115">
     <span class='ocr_line' id='line_1_24' title="bbox 1886 1037 3474 1115; baseline 0.001 -17"><span class='ocrx_word' id='word_1_165' title='bbox 1886 1055 2167 1113; x_wconf 84' lang='lat' dir='ltr'><strong>utramque</strong></span> <span class='ocrx_word' id='word_1_166' title='bbox 2209 1037 2350 1098; x_wconf 88' lang='lat' dir='ltr'><strong>nulla</strong></span> <span class='ocrx_word' id='word_1_167' title='bbox 2383 1060 2560 1115; x_wconf 89' lang='lat' dir='ltr'><strong>pugna</strong></span> <span class='ocrx_word' id='word_1_168' title='bbox 2607 1046 2730 1101; x_wconf 89' lang='lat' dir='ltr'><strong>erit.</strong></span> <span class='ocrx_word' id='word_1_169' title='bbox 2775 1045 3070 1101; x_wconf 83' lang='lat' dir='ltr'><strong>Audiamus</strong></span> <span class='ocrx_word' id='word_1_170' title='bbox 3116 1047 3474 1115; x_wconf 83' lang='lat' dir='ltr'><strong>Apostolum:</strong></span> 
     </span>
    </p>
   </div>
   <div class='ocr_carea' id='block_1_25' title="bbox 1885 1137 3481 1208">
    <p class='ocr_par' dir='ltr' id='par_1_25' title="bbox 1885 1137 3481 1208">
     <span class='ocr_line' id='line_1_25' title="bbox 1885 1137 3481 1208; baseline 0.003 -16"><span class='ocrx_word' id='word_1_171' title='bbox 1885 1137 2030 1204; x_wconf 88' lang='lat' dir='ltr'><strong>Scio,</strong></span> <span class='ocrx_word' id='word_1_172' title='bbox 2089 1138 2286 1207; x_wconf 88' lang='lat' dir='ltr'><strong>inquit,</strong></span> <span class='ocrx_word' id='word_1_173' title='bbox 2337 1139 2457 1208; x_wconf 89' lang='lat' dir='ltr'><strong>quia</strong></span> <span class='ocrx_word' id='word_1_174' title='bbox 2500 1155 2604 1195; x_wconf 89' lang='lat' dir='ltr'><strong>non</strong></span> <span class='ocrx_word' id='word_1_175' title='bbox 2656 1139 2860 1194; x_wconf 88' lang='lat' dir='ltr'><strong>habitat</strong></span> <span class='ocrx_word' id='word_1_176' title='bbox 2899 1139 2951 1194; x_wconf 91' lang='lat' dir='ltr'><strong>in</strong></span> <span class='ocrx_word' id='word_1_177' title='bbox 2998 1155 3105 1206; x_wconf 92' lang='lat' dir='ltr'><strong>me,</strong></span> <span class='ocrx_word' id='word_1_178' title='bbox 3136 1139 3238 1195; x_wconf 88' lang='lat' dir='ltr'><strong>hoc</strong></span> <span class='ocrx_word' id='word_1_179' title='bbox 3283 1148 3381 1206; x_wconf 88' lang='lat' dir='ltr'><strong>est,</strong></span> <span class='ocrx_word' id='word_1_180' title='bbox 3420 1140 3481 1198; x_wconf 83' lang='lat' dir='ltr'><strong>in</strong></span> 
     </span>
    </p>
   </div>
   <div class='ocr_carea' id='block_1_26' title="bbox 1888 1232 3479 1305">
    <p class='ocr_par' dir='ltr' id='par_1_26' title="bbox 1888 1232 3479 1305">
     <span class='ocr_line' id='line_1_26' title="bbox 1888 1232 3479 1305; baseline 0.005 -21"><span class='ocrx_word' id='word_1_181' title='bbox 1888 1245 2053 1285; x_wconf 87' lang='lat' dir='ltr'><strong>carne</strong></span> <span class='ocrx_word' id='word_1_182' title='bbox 2087 1247 2204 1286; x_wconf 90' lang='lat' dir='ltr'><strong>mea</strong></span> <span class='ocrx_word' id='word_1_183' title='bbox 2238 1232 2458 1286; x_wconf 89' lang='lat' dir='ltr'><strong>bonum.</strong></span> <span class='ocrx_word' id='word_1_184' title='bbox 2490 1233 2605 1288; x_wconf 92' lang='lat' dir='ltr'><strong>lloc</strong></span> <span class='ocrx_word' id='word_1_185' title='bbox 2633 1235 2818 1303; x_wconf 87' lang='lat' dir='ltr'><strong>utique</strong></span> <span class='ocrx_word' id='word_1_186' title='bbox 2852 1235 2947 1300; x_wconf 89' lang='lat' dir='ltr'><strong>ait,</strong></span> <span class='ocrx_word' id='word_1_187' title='bbox 2995 1237 3117 1305; x_wconf 83' lang='lat' dir='ltr'><strong>quia</strong></span> <span class='ocrx_word' id='word_1_188' title='bbox 3147 1236 3328 1291; x_wconf 89' lang='lat' dir='ltr'><strong>vitium</strong></span> <span class='ocrx_word' id='word_1_189' title='bbox 3362 1249 3479 1292; x_wconf 86' lang='lat' dir='ltr'><strong>car-</strong></span> 
     </span>
    </p>
   </div>
   <div class='ocr_carea' id='block_1_27' title="bbox 1888 1323 3481 1396">
    <p class='ocr_par' dir='ltr' id='par_1_27' title="bbox 1888 1323 3481 1396">
     <span class='ocr_line' id='line_1_27' title="bbox 1888 1323 3481 1396; baseline 0.004 -20"><span class='ocrx_word' id='word_1_190' title='bbox 1888 1324 1970 1377; x_wconf 89' lang='lat' dir='ltr'><strong>nis</strong></span> <span class='ocrx_word' id='word_1_191' title='bbox 1999 1323 2050 1378; x_wconf 93' lang='lat' dir='ltr'><strong>in</strong></span> <span class='ocrx_word' id='word_1_192' title='bbox 2078 1340 2135 1378; x_wconf 91' lang='lat' dir='ltr'><strong>re</strong></span> <span class='ocrx_word' id='word_1_193' title='bbox 2167 1325 2306 1379; x_wconf 88' lang='lat' dir='ltr'><strong>bona</strong></span> <span class='ocrx_word' id='word_1_194' title='bbox 2331 1340 2437 1379; x_wconf 91' lang='lat' dir='ltr'><strong>non</strong></span> <span class='ocrx_word' id='word_1_195' title='bbox 2466 1334 2549 1380; x_wconf 91' lang='lat' dir='ltr'><strong>est</strong></span> <span class='ocrx_word' id='word_1_196' title='bbox 2578 1327 2775 1380; x_wconf 89' lang='lat' dir='ltr'><strong>bonum</strong></span> <span class='ocrx_word' id='word_1_197' title='bbox 2807 1345 2820 1379; x_wconf 87' lang='lat'><strong>:</strong></span> <span class='ocrx_word' id='word_1_198' title='bbox 2847 1327 2988 1396; x_wconf 91' lang='lat' dir='ltr'><strong>quod</strong></span> <span class='ocrx_word' id='word_1_199' title='bbox 3017 1341 3140 1381; x_wconf 91' lang='lat' dir='ltr'><strong>cum</strong></span> <span class='ocrx_word' id='word_1_200' title='bbox 3168 1342 3287 1383; x_wconf 90' lang='lat' dir='ltr'><strong>esse</strong></span> <span class='ocrx_word' id='word_1_201' title='bbox 3314 1327 3481 1383; x_wconf 73' lang='lat' dir='ltr'><strong>desti-</strong></span> 
     </span>
    </p>
   </div>
   <div class='ocr_carea' id='block_1_28' title="bbox 1892 1418 3480 1488">
    <p class='ocr_par' dir='ltr' id='par_1_28' title="bbox 1892 1418 3480 1488">
     <span class='ocr_line' id='line_1_28' title="bbox 1892 1418 3480 1488; baseline 0.002 -16"><span class='ocrx_word' id='word_1_202' title='bbox 1892 1419 2038 1483; x_wconf 90' lang='lat' dir='ltr'><strong>terit,</strong></span> <span class='ocrx_word' id='word_1_203' title='bbox 2070 1434 2196 1474; x_wconf 91' lang='lat' dir='ltr'><strong>caro</strong></span> <span class='ocrx_word' id='word_1_204' title='bbox 2227 1420 2349 1484; x_wconf 85' lang='lat' dir='ltr'><strong>erit,</strong></span> <span class='ocrx_word' id='word_1_205' title='bbox 2377 1419 2470 1474; x_wconf 90' lang='lat' dir='ltr'><strong>sed</strong></span> <span class='ocrx_word' id='word_1_206' title='bbox 2496 1418 2607 1488; x_wconf 85' lang='lat' dir='ltr'><strong>jam</strong></span> <span class='ocrx_word' id='word_1_207' title='bbox 2633 1420 2835 1485; x_wconf 91' lang='lat' dir='ltr'><strong>vitiata,</strong></span> <span class='ocrx_word' id='word_1_208' title='bbox 2859 1421 2939 1476; x_wconf 89' lang='lat' dir='ltr'><strong>vel</strong></span> <span class='ocrx_word' id='word_1_209' title='bbox 2966 1421 3180 1486; x_wconf 88' lang='lat' dir='ltr'><strong>vitiosa,</strong></span> <span class='ocrx_word' id='word_1_210' title='bbox 3210 1436 3314 1476; x_wconf 93' lang='lat' dir='ltr'><strong>non</strong></span> <span class='ocrx_word' id='word_1_211' title='bbox 3344 1420 3480 1486; x_wconf 92' lang='lat' dir='ltr'><strong>erit;</strong></span> 
     </span>
    </p>
   </div>
   <div class='ocr_carea' id='block_1_29' title="bbox 1889 1512 3482 1582">
    <p class='ocr_par' dir='ltr' id='par_1_29' title="bbox 1889 1512 3482 1582">
     <span class='ocr_line' id='line_1_29' title="bbox 1889 1512 3482 1582; baseline 0.001 -17"><span class='ocrx_word' id='word_1_212' title='bbox 1889 1528 2045 1582; x_wconf 88' lang='lat' dir='ltr'><strong>quam</strong></span> <span class='ocrx_word' id='word_1_213' title='bbox 2072 1522 2249 1567; x_wconf 91' lang='lat' dir='ltr'><strong>tamen</strong></span> <span class='ocrx_word' id='word_1_214' title='bbox 2281 1512 2345 1568; x_wconf 89' lang='lat' dir='ltr'><strong>ad</strong></span> <span class='ocrx_word' id='word_1_215' title='bbox 2369 1525 2608 1567; x_wconf 86' lang='lat' dir='ltr'><strong>nostram</strong></span> <span class='ocrx_word' id='word_1_216' title='bbox 2633 1513 2902 1582; x_wconf 87' lang='lat' dir='ltr'><strong>pertinere</strong></span> <span class='ocrx_word' id='word_1_217' title='bbox 2933 1523 3184 1568; x_wconf 88' lang='lat' dir='ltr'><strong>naturam</strong></span> <span class='ocrx_word' id='word_1_218' title='bbox 3217 1513 3360 1568; x_wconf 90' lang='lat' dir='ltr'><strong>idem</strong></span> <span class='ocrx_word' id='word_1_219' title='bbox 3385 1512 3482 1566; x_wconf 86' lang='lat' dir='ltr'><strong>do-</strong></span> 
     </span>
    </p>
   </div>
   <div class='ocr_carea' id='block_1_30' title="bbox 1886 1603 3483 1675">
    <p class='ocr_par' dir='ltr' id='par_1_30' title="bbox 1886 1603 3483 1675">
     <span class='ocr_line' id='line_1_30' title="bbox 1886 1603 3483 1675; baseline -0.002 -15"><span class='ocrx_word' id='word_1_220' title='bbox 1886 1614 2007 1660; x_wconf 89' lang='lat' dir='ltr'><strong>ctor</strong></span> <span class='ocrx_word' id='word_1_221' title='bbox 2031 1606 2264 1660; x_wconf 89' lang='lat' dir='ltr'><strong>ostendit</strong></span> <span class='ocrx_word' id='word_1_222' title='bbox 2309 1605 2478 1675; x_wconf 89' lang='lat' dir='ltr'><strong>prius,</strong></span> <span class='ocrx_word' id='word_1_223' title='bbox 2528 1603 2762 1659; x_wconf 90' lang='lat' dir='ltr'><strong>dicendo</strong></span> <span class='ocrx_word' id='word_1_224' title='bbox 2789 1622 2800 1658; x_wconf 90' lang='lat'><strong>:</strong></span> <span class='ocrx_word' id='word_1_225' title='bbox 2827 1603 2938 1660; x_wconf 91' lang='lat' dir='ltr'><strong>scio</strong></span> <span class='ocrx_word' id='word_1_226' title='bbox 2965 1605 3090 1675; x_wconf 89' lang='lat' dir='ltr'><strong>quia</strong></span> <span class='ocrx_word' id='word_1_227' title='bbox 3139 1621 3246 1660; x_wconf 91' lang='lat' dir='ltr'><strong>non</strong></span> <span class='ocrx_word' id='word_1_228' title='bbox 3274 1604 3483 1659; x_wconf 86' lang='lat' dir='ltr'><strong>habitat</strong></span> 
     </span>
    </p>
   </div>
   <div class='ocr_carea' id='block_1_31' title="bbox 1889 1695 3484 1766">
    <p class='ocr_par' dir='ltr' id='par_1_31' title="bbox 1889 1695 3484 1766">
     <span class='ocr_line' id='line_1_31' title="bbox 1889 1695 3484 1766; baseline -0.002 -14"><span class='ocrx_word' id='word_1_229' title='bbox 1889 1697 1942 1752; x_wconf 89' lang='lat' dir='ltr'><strong>in</strong></span> <span class='ocrx_word' id='word_1_230' title='bbox 1972 1714 2077 1764; x_wconf 91' lang='lat' dir='ltr'><strong>me,</strong></span> <span class='ocrx_word' id='word_1_231' title='bbox 2113 1697 2253 1766; x_wconf 92' lang='lat' dir='ltr'><strong>quod</strong></span> <span class='ocrx_word' id='word_1_232' title='bbox 2284 1706 2342 1751; x_wconf 92' lang='lat' dir='ltr'><strong>ut</strong></span> <span class='ocrx_word' id='word_1_233' title='bbox 2370 1704 2667 1766; x_wconf 79' lang='lat' dir='ltr'><strong>exponeret</strong></span> <span class='ocrx_word' id='word_1_234' title='bbox 2693 1695 2922 1763; x_wconf 85' lang='lat' dir='ltr'><strong>addidit,</strong></span> <span class='ocrx_word' id='word_1_235' title='bbox 2967 1695 3069 1750; x_wconf 83' lang='lat' dir='ltr'><strong>hoc</strong></span> <span class='ocrx_word' id='word_1_236' title='bbox 3103 1703 3206 1760; x_wconf 85' lang='lat' dir='ltr'><strong>est,</strong></span> <span class='ocrx_word' id='word_1_237' title='bbox 3239 1696 3291 1749; x_wconf 90' lang='lat' dir='ltr'><strong>in</strong></span> <span class='ocrx_word' id='word_1_238' title='bbox 3320 1707 3484 1749; x_wconf 84' lang='lat' dir='ltr'><strong>carne</strong></span> 
     </span>
    </p>
   </div>
   <div class='ocr_carea' id='block_1_32' title="bbox 1887 1790 3485 1859">
    <p class='ocr_par' dir='ltr' id='par_1_32' title="bbox 1887 1790 3485 1859">
     <span class='ocr_line' id='line_1_32' title="bbox 1887 1790 3485 1859; baseline -0.001 -13"><span class='ocrx_word' id='word_1_239' title='bbox 1887 1807 2007 1846; x_wconf 89' lang='lat' dir='ltr'><strong>mea</strong></span> <span class='ocrx_word' id='word_1_240' title='bbox 2037 1791 2234 1844; x_wconf 91' lang='lat' dir='ltr'><strong>bonum</strong></span> <span class='ocrx_word' id='word_1_241' title='bbox 2271 1809 2282 1842; x_wconf 92' lang='lat'><strong>:</strong></span> <span class='ocrx_word' id='word_1_242' title='bbox 2308 1805 2367 1845; x_wconf 87' lang='lat' dir='ltr'><strong>se</strong></span> <span class='ocrx_word' id='word_1_243' title='bbox 2399 1790 2577 1859; x_wconf 88' lang='lat' dir='ltr'><strong>itaque</strong></span> <span class='ocrx_word' id='word_1_244' title='bbox 2605 1790 2737 1844; x_wconf 89' lang='lat' dir='ltr'><strong>dicit</strong></span> <span class='ocrx_word' id='word_1_245' title='bbox 2765 1803 2886 1844; x_wconf 89' lang='lat' dir='ltr'><strong>esse</strong></span> <span class='ocrx_word' id='word_1_246' title='bbox 2912 1803 3130 1843; x_wconf 87' lang='lat' dir='ltr'><strong>carnem</strong></span> <span class='ocrx_word' id='word_1_247' title='bbox 3161 1803 3336 1857; x_wconf 90' lang='lat' dir='ltr'><strong>suam,</strong></span> <span class='ocrx_word' id='word_1_248' title='bbox 3376 1805 3485 1844; x_wconf 92' lang='lat' dir='ltr'><strong>non</strong></span> 
     </span>
    </p>
   </div>
   <div class='ocr_carea' id='block_1_33' title="bbox 189 1869 3487 1952">
    <p class='ocr_par' dir='ltr' id='par_1_33' title="bbox 189 1869 3487 1952">
     <span class='ocr_line' id='line_1_33' title="bbox 189 1869 3487 1952; baseline -0.003 -9"><span class='ocrx_word' id='word_1_249' title='bbox 189 1886 350 1940; x_wconf 85' lang='lat' dir='ltr'><strong>etiam</strong></span> <span class='ocrx_word' id='word_1_250' title='bbox 398 1883 721 1938; x_wconf 77' lang='lat' dir='ltr'><strong>condemnat</strong></span> <span class='ocrx_word' id='word_1_251' title='bbox 766 1896 880 1946; x_wconf 85' lang='lat' dir='ltr'><strong>eos,</strong></span> <span class='ocrx_word' id='word_1_252' title='bbox 929 1893 1063 1948; x_wconf 82' lang='lat' dir='ltr'><strong>quos</strong></span> <span class='ocrx_word' id='word_1_253' title='bbox 1095 1879 1440 1932; x_wconf 68' lang='lat' dir='ltr'><strong>damnatione</strong></span> <span class='ocrx_word' id='word_1_254' title='bbox 1470 1876 1669 1946; x_wconf 75' lang='lat' dir='ltr'><strong>iudicat</strong></span> <span class='ocrx_word' id='word_1_255' title='bbox 1701 1875 1782 1929; x_wconf 83' lang='lat' dir='ltr'><strong>di-</strong></span> <span class='ocrx_word' id='word_1_256' title='bbox 1814 1869 1864 1940; x_wconf 81' lang='grc' dir='ltr'><strong><em>Β</em></strong></span> <span class='ocrx_word' id='word_1_257' title='bbox 1890 1897 2018 1952; x_wconf 79' lang='lat' dir='ltr'><strong>ergo</strong></span> <span class='ocrx_word' id='word_1_258' title='bbox 2049 1881 2160 1950; x_wconf 89' lang='lat' dir='ltr'><strong>ipsa</strong></span> <span class='ocrx_word' id='word_1_259' title='bbox 2202 1887 2284 1936; x_wconf 89' lang='lat' dir='ltr'><strong>est</strong></span> <span class='ocrx_word' id='word_1_260' title='bbox 2328 1880 2544 1936; x_wconf 88' lang='lat' dir='ltr'><strong>inimica</strong></span> <span class='ocrx_word' id='word_1_261' title='bbox 2596 1890 2800 1947; x_wconf 85' lang='lat' dir='ltr'><strong>nostra,</strong></span> <span class='ocrx_word' id='word_1_262' title='bbox 2854 1889 2907 1936; x_wconf 91' lang='lat' dir='ltr'><strong>et</strong></span> <span class='ocrx_word' id='word_1_263' title='bbox 2937 1880 3153 1950; x_wconf 85' lang='lat' dir='ltr'><strong>quando</strong></span> <span class='ocrx_word' id='word_1_264' title='bbox 3195 1881 3312 1950; x_wconf 83' lang='lat' dir='ltr'><strong>ejus</strong></span> <span class='ocrx_word' id='word_1_265' title='bbox 3345 1879 3487 1934; x_wconf 82' lang='lat' dir='ltr'><strong>vitiis</strong></span> 
     </span>
    </p>
   </div>
   <div class='ocr_carea' id='block_1_34' title="bbox 187 1972 1779 2051">
    <p class='ocr_par' dir='ltr' id='par_1_34' title="bbox 187 1972 1779 2051">
     <span class='ocr_line' id='line_1_34' title="bbox 187 1972 1779 2051; baseline -0.004 -18"><span class='ocrx_word' id='word_1_266' title='bbox 187 1994 321 2051; x_wconf 89' lang='lat' dir='ltr'><strong>gnos</strong></span> <span class='ocrx_word' id='word_1_267' title='bbox 352 1983 466 2049; x_wconf 87' lang='lat' dir='ltr'><strong>(sua</strong></span> <span class='ocrx_word' id='word_1_268' title='bbox 490 1977 616 2034; x_wconf 89' lang='lat' dir='ltr'><strong>licet</strong></span> <span class='ocrx_word' id='word_1_269' title='bbox 639 1977 712 2032; x_wconf 93' lang='lat' dir='ltr'><strong>illi</strong></span> <span class='ocrx_word' id='word_1_270' title='bbox 744 1976 881 2030; x_wconf 86' lang='lat' dir='ltr'><strong>mala</strong></span> <span class='ocrx_word' id='word_1_271' title='bbox 911 1976 1184 2044; x_wconf 88' lang='lat' dir='ltr'><strong>patiuntur</strong></span> <span class='ocrx_word' id='word_1_272' title='bbox 1206 1972 1515 2046; x_wconf 90' lang='lat' dir='ltr'><strong>[patiantur]</strong></span> <span class='ocrx_word' id='word_1_273' title='bbox 1535 1973 1576 2044; x_wconf 95' lang='lat'><strong>),</strong></span> <span class='ocrx_word' id='word_1_274' title='bbox 1602 1983 1779 2026; x_wconf 89' lang='lat' dir='ltr'><strong>tamen</strong></span> 
     </span>
    </p>
   </div>
   <div class='ocr_carea' id='block_1_35' title="bbox 188 2065 1779 2138">
    <p class='ocr_par' dir='ltr' id='par_1_35' title="bbox 188 2065 1779 2138">
     <span class='ocr_line' id='line_1_35' title="bbox 188 2065 1779 2138; baseline -0.005 -14"><span class='ocrx_word' id='word_1_275' title='bbox 188 2070 314 2125; x_wconf 82' lang='lat' dir='ltr'><strong>facit</strong></span> <span class='ocrx_word' id='word_1_276' title='bbox 342 2069 432 2124; x_wconf 91' lang='lat' dir='ltr'><strong>ille</strong></span> <span class='ocrx_word' id='word_1_277' title='bbox 464 2069 602 2138; x_wconf 92' lang='lat' dir='ltr'><strong>quod</strong></span> <span class='ocrx_word' id='word_1_278' title='bbox 649 2069 851 2123; x_wconf 91' lang='lat' dir='ltr'><strong>bonum</strong></span> <span class='ocrx_word' id='word_1_279' title='bbox 883 2076 986 2122; x_wconf 85' lang='lat' dir='ltr'><strong>est.</strong></span> <span class='ocrx_word' id='word_1_280' title='bbox 1022 2065 1136 2120; x_wconf 84' lang='lat' dir='ltr'><strong>Non</strong></span> <span class='ocrx_word' id='word_1_281' title='bbox 1169 2073 1350 2135; x_wconf 87' lang='lat' dir='ltr'><strong>potest</strong></span> <span class='ocrx_word' id='word_1_282' title='bbox 1397 2066 1539 2120; x_wconf 92' lang='lat' dir='ltr'><strong>enim</strong></span> <span class='ocrx_word' id='word_1_283' title='bbox 1581 2065 1779 2118; x_wconf 91' lang='lat' dir='ltr'><strong>bonum</strong></span> 
     </span>
    </p>
   </div>
   <div class='ocr_carea' id='block_1_36' title="bbox 187 2155 1782 2230">
    <p class='ocr_par' dir='ltr' id='par_1_36' title="bbox 187 2155 1782 2230">
     <span class='ocr_line' id='line_1_36' title="bbox 187 2155 1782 2230; baseline -0.004 -14"><span class='ocrx_word' id='word_1_284' title='bbox 187 2176 296 2216; x_wconf 90' lang='lat' dir='ltr'><strong>non</strong></span> <span class='ocrx_word' id='word_1_285' title='bbox 329 2176 472 2227; x_wconf 86' lang='lat' dir='ltr'><strong>esse,</strong></span> <span class='ocrx_word' id='word_1_286' title='bbox 505 2161 644 2230; x_wconf 88' lang='lat' dir='ltr'><strong>quod</strong></span> <span class='ocrx_word' id='word_1_287' title='bbox 677 2158 878 2228; x_wconf 78' lang='lat' dir='ltr'><strong>justum</strong></span> <span class='ocrx_word' id='word_1_288' title='bbox 910 2166 1010 2212; x_wconf 74' lang='lat' dir='ltr'><strong>est.</strong></span> <span class='ocrx_word' id='word_1_289' title='bbox 1047 2157 1114 2211; x_wconf 82' lang='lat' dir='ltr'><strong>Et</strong></span> <span class='ocrx_word' id='word_1_290' title='bbox 1138 2159 1321 2228; x_wconf 90' lang='lat' dir='ltr'><strong>utique</strong></span> <span class='ocrx_word' id='word_1_291' title='bbox 1361 2157 1499 2212; x_wconf 88' lang='lat' dir='ltr'><strong>sicut</strong></span> <span class='ocrx_word' id='word_1_292' title='bbox 1523 2155 1782 2225; x_wconf 86' lang='lat' dir='ltr'><strong>injustum</strong></span> 
     </span>
    </p>
   </div>
   <div class='ocr_carea' id='block_1_37' title="bbox 190 2249 1780 2324">
    <p class='ocr_par' dir='ltr' id='par_1_37' title="bbox 190 2249 1780 2324">
     <span class='ocr_line' id='line_1_37' title="bbox 190 2249 1780 2324; baseline -0.008 -12"><span class='ocrx_word' id='word_1_293' title='bbox 190 2264 273 2312; x_wconf 85' lang='lat' dir='ltr'><strong>est</strong></span> <span class='ocrx_word' id='word_1_294' title='bbox 319 2263 616 2324; x_wconf 88' lang='lat' dir='ltr'><strong>peccatum,</strong></span> <span class='ocrx_word' id='word_1_295' title='bbox 670 2253 741 2306; x_wconf 90' lang='lat' dir='ltr'><strong>ita</strong></span> <span class='ocrx_word' id='word_1_296' title='bbox 786 2251 988 2314; x_wconf 84' lang='lat' dir='ltr'><strong>justum</strong></span> <span class='ocrx_word' id='word_1_297' title='bbox 1045 2258 1128 2305; x_wconf 91' lang='lat' dir='ltr'><strong>est</strong></span> <span class='ocrx_word' id='word_1_298' title='bbox 1180 2249 1386 2320; x_wconf 87' lang='lat' dir='ltr'><strong>peccati</strong></span> <span class='ocrx_word' id='word_1_299' title='bbox 1433 2249 1780 2317; x_wconf 85' lang='lat' dir='ltr'><strong>supplicium.</strong></span> 
     </span>
    </p>
   </div>
   <div class='ocr_carea' id='block_1_38' title="bbox 190 2340 1785 2413">
    <p class='ocr_par' dir='ltr' id='par_1_38' title="bbox 190 2340 1785 2413">
     <span class='ocr_line' id='line_1_38' title="bbox 190 2340 1785 2413; baseline -0.008 -11"><span class='ocrx_word' id='word_1_300' title='bbox 190 2346 304 2402; x_wconf 81' lang='lat' dir='ltr'><strong>Non</strong></span> <span class='ocrx_word' id='word_1_301' title='bbox 349 2357 529 2399; x_wconf 87' lang='lat' dir='ltr'><strong>autem</strong></span> <span class='ocrx_word' id='word_1_302' title='bbox 561 2352 797 2413; x_wconf 89' lang='lat' dir='ltr'><strong>potestas</strong></span> <span class='ocrx_word' id='word_1_303' title='bbox 837 2343 946 2398; x_wconf 90' lang='lat' dir='ltr'><strong>Deo</strong></span> <span class='ocrx_word' id='word_1_304' title='bbox 989 2342 1160 2397; x_wconf 82' lang='lat' dir='ltr'><strong>defuit</strong></span> <span class='ocrx_word' id='word_1_305' title='bbox 1207 2344 1370 2397; x_wconf 86' lang='lat' dir='ltr'><strong>talem</strong></span> <span class='ocrx_word' id='word_1_306' title='bbox 1403 2342 1580 2396; x_wconf 83' lang='lat' dir='ltr'><strong>facere</strong></span> <span class='ocrx_word' id='word_1_307' title='bbox 1614 2340 1785 2392; x_wconf 84' lang='lat' dir='ltr'><strong>homi-</strong></span> 
     </span>
    </p>
   </div>
   <div class='ocr_carea' id='block_1_39' title="bbox 193 2432 1788 2504">
    <p class='ocr_par' dir='ltr' id='par_1_39' title="bbox 193 2432 1788 2504">
     <span class='ocr_line' id='line_1_39' title="bbox 193 2432 1788 2504; baseline -0.006 -12"><span class='ocrx_word' id='word_1_308' title='bbox 193 2454 342 2502; x_wconf 88' lang='lat' dir='ltr'><strong>nem,</strong></span> <span class='ocrx_word' id='word_1_309' title='bbox 377 2437 465 2504; x_wconf 87' lang='lat' dir='ltr'><strong>qni</strong></span> <span class='ocrx_word' id='word_1_310' title='bbox 496 2449 720 2504; x_wconf 86' lang='lat' dir='ltr'><strong>peccare</strong></span> <span class='ocrx_word' id='word_1_311' title='bbox 752 2451 859 2489; x_wconf 87' lang='lat' dir='ltr'><strong>non</strong></span> <span class='ocrx_word' id='word_1_312' title='bbox 889 2443 1094 2504; x_wconf 86' lang='lat' dir='ltr'><strong>posset,</strong></span> <span class='ocrx_word' id='word_1_313' title='bbox 1129 2434 1222 2488; x_wconf 88' lang='lat' dir='ltr'><strong>sed</strong></span> <span class='ocrx_word' id='word_1_314' title='bbox 1255 2435 1304 2504; x_wconf 81' lang='lat'><strong>7</strong></span> <span class='ocrx_word' id='word_1_315' title='bbox 1331 2432 1521 2487; x_wconf 88' lang='lat' dir='ltr'><strong>maluit</strong></span> <span class='ocrx_word' id='word_1_316' title='bbox 1545 2446 1669 2486; x_wconf 91' lang='lat' dir='ltr'><strong>eum</strong></span> <span class='ocrx_word' id='word_1_317' title='bbox 1711 2441 1788 2483; x_wconf 82' lang='lat' dir='ltr'><strong>ta-</strong></span> 
     </span>
    </p>
   </div>
   <div class='ocr_carea' id='block_1_40' title="bbox 196 2525 1790 2597">
    <p class='ocr_par' dir='ltr' id='par_1_40' title="bbox 196 2525 1790 2597">
     <span class='ocr_line' id='line_1_40' title="bbox 196 2525 1790 2597; baseline -0.004 -14"><span class='ocrx_word' id='word_1_318' title='bbox 196 2528 303 2583; x_wconf 87' lang='lat' dir='ltr'><strong>lem</strong></span> <span class='ocrx_word' id='word_1_319' title='bbox 337 2527 534 2591; x_wconf 81' lang='lat' dir='ltr'><strong>facere,</strong></span> <span class='ocrx_word' id='word_1_320' title='bbox 567 2528 651 2580; x_wconf 90' lang='lat' dir='ltr'><strong>cui</strong></span> <span class='ocrx_word' id='word_1_321' title='bbox 677 2526 952 2596; x_wconf 82' lang='lat' dir='ltr'><strong>adjaceret</strong></span> <span class='ocrx_word' id='word_1_322' title='bbox 980 2541 1210 2597; x_wconf 87' lang='lat' dir='ltr'><strong>peccare</strong></span> <span class='ocrx_word' id='word_1_323' title='bbox 1236 2527 1279 2580; x_wconf 93' lang='lat' dir='ltr'><strong>si</strong></span> <span class='ocrx_word' id='word_1_324' title='bbox 1312 2525 1495 2588; x_wconf 86' lang='lat' dir='ltr'><strong>vellet,</strong></span> <span class='ocrx_word' id='word_1_325' title='bbox 1527 2539 1636 2578; x_wconf 90' lang='lat' dir='ltr'><strong>non</strong></span> <span class='ocrx_word' id='word_1_326' title='bbox 1663 2537 1790 2592; x_wconf 88' lang='lat' dir='ltr'><strong>pec-</strong></span> 
     </span>
    </p>
   </div>
   <div class='ocr_carea' id='block_1_41' title="bbox 196 2616 1790 2694">
    <p class='ocr_par' dir='ltr' id='par_1_41' title="bbox 196 2616 1790 2694">
     <span class='ocr_line' id='line_1_41' title="bbox 196 2616 1790 2694; baseline -0.003 -20"><span class='ocrx_word' id='word_1_327' title='bbox 196 2636 325 2675; x_wconf 88' lang='lat' dir='ltr'><strong>care</strong></span> <span class='ocrx_word' id='word_1_328' title='bbox 354 2619 397 2673; x_wconf 88' lang='lat' dir='ltr'><strong>si</strong></span> <span class='ocrx_word' id='word_1_329' title='bbox 428 2618 631 2673; x_wconf 91' lang='lat' dir='ltr'><strong>nollet:</strong></span> <span class='ocrx_word' id='word_1_330' title='bbox 660 2617 788 2694; x_wconf 81' lang='lat' dir='ltr'><strong>hoc_</strong></span> <span class='ocrx_word' id='word_1_331' title='bbox 817 2617 1131 2686; x_wconf 87' lang='lat' dir='ltr'><strong>prohibens,</strong></span> <span class='ocrx_word' id='word_1_332' title='bbox 1180 2617 1306 2672; x_wconf 92' lang='lat' dir='ltr'><strong>illud</strong></span> <span class='ocrx_word' id='word_1_333' title='bbox 1354 2616 1702 2685; x_wconf 70' lang='lat' dir='ltr'><strong>prrecipiens,</strong></span> <span class='ocrx_word' id='word_1_334' title='bbox 1733 2624 1790 2669; x_wconf 90' lang='lat' dir='ltr'><strong>ut</strong></span> 
     </span>
    </p>
   </div>
   <div class='ocr_carea' id='block_1_42' title="bbox 196 2709 1794 2783">
    <p class='ocr_par' dir='ltr' id='par_1_42' title="bbox 196 2709 1794 2783">
     <span class='ocr_line' id='line_1_42' title="bbox 196 2709 1794 2783; baseline -0.002 -17"><span class='ocrx_word' id='word_1_335' title='bbox 196 2713 348 2781; x_wconf 84' lang='lat' dir='ltr'><strong>prius</strong></span> <span class='ocrx_word' id='word_1_336' title='bbox 397 2712 507 2765; x_wconf 91' lang='lat' dir='ltr'><strong>illic</strong></span> <span class='ocrx_word' id='word_1_337' title='bbox 538 2710 705 2783; x_wconf 89' lang='lat' dir='ltr'><strong>[esset</strong></span> <span class='ocrx_word' id='word_1_338' title='bbox 749 2709 849 2782; x_wconf 86' lang='lat' dir='ltr'><strong>illi]</strong></span> <span class='ocrx_word' id='word_1_339' title='bbox 876 2721 930 2765; x_wconf 89' lang='lat' dir='ltr'><strong>et</strong></span> <span class='ocrx_word' id='word_1_340' title='bbox 977 2711 1175 2764; x_wconf 91' lang='lat' dir='ltr'><strong>bonum</strong></span> <span class='ocrx_word' id='word_1_341' title='bbox 1220 2710 1472 2765; x_wconf 89' lang='lat' dir='ltr'><strong>meritum</strong></span> <span class='ocrx_word' id='word_1_342' title='bbox 1518 2723 1625 2762; x_wconf 92' lang='lat' dir='ltr'><strong>non</strong></span> <span class='ocrx_word' id='word_1_343' title='bbox 1668 2722 1794 2776; x_wconf 90' lang='lat' dir='ltr'><strong>pec-</strong></span> 
     </span>
    </p>
   </div>
   <div class='ocr_carea' id='block_1_43' title="bbox 197 2800 1789 2871">
    <p class='ocr_par' dir='ltr' id='par_1_43' title="bbox 197 2800 1789 2871">
     <span class='ocr_line' id='line_1_43' title="bbox 197 2800 1789 2871; baseline -0.003 -13"><span class='ocrx_word' id='word_1_344' title='bbox 197 2817 347 2868; x_wconf 90' lang='lat' dir='ltr'><strong>care,</strong></span> <span class='ocrx_word' id='word_1_345' title='bbox 377 2810 430 2856; x_wconf 91' lang='lat' dir='ltr'><strong>et</strong></span> <span class='ocrx_word' id='word_1_346' title='bbox 470 2811 655 2870; x_wconf 87' lang='lat' dir='ltr'><strong>postea</strong></span> <span class='ocrx_word' id='word_1_347' title='bbox 683 2800 886 2870; x_wconf 83' lang='lat' dir='ltr'><strong>justum</strong></span> <span class='ocrx_word' id='word_1_348' title='bbox 923 2803 1200 2871; x_wconf 84' lang='lat' dir='ltr'><strong>praemium</strong></span> <span class='ocrx_word' id='word_1_349' title='bbox 1233 2817 1338 2856; x_wconf 90' lang='lat' dir='ltr'><strong>non</strong></span> <span class='ocrx_word' id='word_1_350' title='bbox 1365 2815 1521 2870; x_wconf 90' lang='lat' dir='ltr'><strong>posse</strong></span> <span class='ocrx_word' id='word_1_351' title='bbox 1544 2814 1789 2870; x_wconf 88' lang='lat' dir='ltr'><strong>peccare.</strong></span> 
     </span>
    </p>
   </div>
   <div class='ocr_carea' id='block_1_44' title="bbox 197 2894 1789 2960">
    <p class='ocr_par' dir='ltr' id='par_1_44' title="bbox 197 2894 1789 2960">
     <span class='ocr_line' id='line_1_44' title="bbox 197 2894 1789 2960; baseline -0.003 -8"><span class='ocrx_word' id='word_1_352' title='bbox 197 2895 333 2952; x_wconf 74' lang='lat' dir='ltr'><strong>Nam</strong></span> <span class='ocrx_word' id='word_1_353' title='bbox 364 2894 525 2949; x_wconf 90' lang='lat' dir='ltr'><strong>etiam</strong></span> <span class='ocrx_word' id='word_1_354' title='bbox 570 2895 709 2948; x_wconf 82' lang='lat' dir='ltr'><strong>tales</strong></span> <span class='ocrx_word' id='word_1_355' title='bbox 755 2904 974 2949; x_wconf 89' lang='lat' dir='ltr'><strong>sanctos</strong></span> <span class='ocrx_word' id='word_1_356' title='bbox 1004 2909 1131 2950; x_wconf 89' lang='lat' dir='ltr'><strong>suos</strong></span> <span class='ocrx_word' id='word_1_357' title='bbox 1176 2895 1228 2950; x_wconf 91' lang='lat' dir='ltr'><strong>in</strong></span> <span class='ocrx_word' id='word_1_358' title='bbox 1283 2894 1390 2950; x_wconf 84' lang='lat' dir='ltr'><strong>ﬁne</strong></span> <span class='ocrx_word' id='word_1_359' title='bbox 1420 2895 1658 2949; x_wconf 79' lang='lat' dir='ltr'><strong>faeturus</strong></span> <span class='ocrx_word' id='word_1_360' title='bbox 1687 2903 1789 2960; x_wconf 88' lang='lat' dir='ltr'><strong>est,</strong></span> 
     </span>
    </p>
   </div>
   <div class='ocr_carea' id='block_1_45' title="bbox 200 2985 1796 3058">
    <p class='ocr_par' dir='ltr' id='par_1_45' title="bbox 200 2985 1796 3058">
     <span class='ocr_line' id='line_1_45' title="bbox 200 2985 1796 3058; baseline 0 -17"><span class='ocrx_word' id='word_1_361' title='bbox 200 2988 293 3057; x_wconf 89' lang='lat' dir='ltr'><strong>qui</strong></span> <span class='ocrx_word' id='word_1_362' title='bbox 324 2985 540 3041; x_wconf 91' lang='lat' dir='ltr'><strong>omnino</strong></span> <span class='ocrx_word' id='word_1_363' title='bbox 570 3000 800 3056; x_wconf 85' lang='lat' dir='ltr'><strong>peccare</strong></span> <span class='ocrx_word' id='word_1_364' title='bbox 828 3001 932 3040; x_wconf 92' lang='lat' dir='ltr'><strong>non</strong></span> <span class='ocrx_word' id='word_1_365' title='bbox 964 2987 1191 3057; x_wconf 85' lang='lat' dir='ltr'><strong>possint.</strong></span> <span class='ocrx_word' id='word_1_366' title='bbox 1222 2988 1381 3042; x_wconf 84' lang='lat' dir='ltr'><strong>Tales</strong></span> <span class='ocrx_word' id='word_1_367' title='bbox 1412 2987 1574 3043; x_wconf 88' lang='lat' dir='ltr'><strong>habet</strong></span> <span class='ocrx_word' id='word_1_368' title='bbox 1597 2988 1796 3058; x_wconf 88' lang='lat' dir='ltr'><strong>quippe</strong></span> 
     </span>
    </p>
   </div>
   <div class='ocr_carea' id='block_1_46' title="bbox 202 3080 1793 3150">
    <p class='ocr_par' dir='ltr' id='par_1_46' title="bbox 202 3080 1793 3150">
     <span class='ocr_line' id='line_1_46' title="bbox 202 3080 1793 3150; baseline -0.003 -13"><span class='ocrx_word' id='word_1_369' title='bbox 202 3082 366 3137; x_wconf 86' lang='lat' dir='ltr'><strong>etiam</strong></span> <span class='ocrx_word' id='word_1_370' title='bbox 398 3093 542 3135; x_wconf 87' lang='lat' dir='ltr'><strong>nunc</strong></span> <span class='ocrx_word' id='word_1_371' title='bbox 572 3082 790 3150; x_wconf 84' lang='lat' dir='ltr'><strong>angelos</strong></span> <span class='ocrx_word' id='word_1_372' title='bbox 821 3094 970 3145; x_wconf 87' lang='lat' dir='ltr'><strong>suos,</strong></span> <span class='ocrx_word' id='word_1_373' title='bbox 1001 3095 1138 3149; x_wconf 90' lang='lat' dir='ltr'><strong>quos</strong></span> <span class='ocrx_word' id='word_1_374' title='bbox 1188 3081 1241 3135; x_wconf 91' lang='lat' dir='ltr'><strong>in</strong></span> <span class='ocrx_word' id='word_1_375' title='bbox 1272 3080 1364 3134; x_wconf 91' lang='lat' dir='ltr'><strong>illo</strong></span> <span class='ocrx_word' id='word_1_376' title='bbox 1412 3081 1491 3136; x_wconf 91' lang='lat' dir='ltr'><strong>sic</strong></span> <span class='ocrx_word' id='word_1_377' title='bbox 1527 3093 1793 3143; x_wconf 87' lang='lat' dir='ltr'><strong>amamus,</strong></span> 
     </span>
    </p>
   </div>
   <div class='ocr_carea' id='block_1_47' title="bbox 205 3170 1798 3242">
    <p class='ocr_par' dir='ltr' id='par_1_47' title="bbox 205 3170 1798 3242">
     <span class='ocr_line' id='line_1_47' title="bbox 205 3170 1798 3242; baseline -0.003 -12"><span class='ocrx_word' id='word_1_378' title='bbox 205 3182 269 3230; x_wconf 86' lang='lat' dir='ltr'><strong>ut</strong></span> <span class='ocrx_word' id='word_1_379' title='bbox 296 3174 363 3229; x_wconf 89' lang='lat' dir='ltr'><strong>de</strong></span> <span class='ocrx_word' id='word_1_380' title='bbox 390 3173 536 3228; x_wconf 92' lang='lat' dir='ltr'><strong>nullo</strong></span> <span class='ocrx_word' id='word_1_381' title='bbox 561 3185 749 3227; x_wconf 88' lang='lat' dir='ltr'><strong>eorum</strong></span> <span class='ocrx_word' id='word_1_382' title='bbox 789 3187 858 3226; x_wconf 88' lang='lat' dir='ltr'><strong>ne</strong></span> <span class='ocrx_word' id='word_1_383' title='bbox 889 3172 1161 3242; x_wconf 83' lang='lat' dir='ltr'><strong>peccando</strong></span> <span class='ocrx_word' id='word_1_384' title='bbox 1200 3171 1293 3228; x_wconf 88' lang='lat' dir='ltr'><strong>ﬁat</strong></span> <span class='ocrx_word' id='word_1_385' title='bbox 1321 3171 1568 3228; x_wconf 88' lang='lat' dir='ltr'><strong>diabolus</strong></span> <span class='ocrx_word' id='word_1_386' title='bbox 1609 3170 1798 3228; x_wconf 85' lang='lat' dir='ltr'><strong>formi-</strong></span> 
     </span>
    </p>
   </div>
   <div class='ocr_carea' id='block_1_48' title="bbox 1891 1976 3489 2047">
    <p class='ocr_par' dir='ltr' id='par_1_48' title="bbox 1891 1976 3489 2047">
     <span class='ocr_line' id='line_1_48' title="bbox 1891 1976 3489 2047; baseline -0.002 -16"><span class='ocrx_word' id='word_1_387' title='bbox 1891 1977 2182 2041; x_wconf 89' lang='lat' dir='ltr'><strong>resistitur,</strong></span> <span class='ocrx_word' id='word_1_388' title='bbox 2239 1976 2354 2046; x_wconf 89' lang='lat' dir='ltr'><strong>ipsa</strong></span> <span class='ocrx_word' id='word_1_389' title='bbox 2405 1986 2634 2041; x_wconf 88' lang='lat' dir='ltr'><strong>amatur,</strong></span> <span class='ocrx_word' id='word_1_390' title='bbox 2685 1977 2809 2046; x_wconf 90' lang='lat' dir='ltr'><strong>quia</strong></span> <span class='ocrx_word' id='word_1_391' title='bbox 2857 1979 2969 2047; x_wconf 87' lang='lat' dir='ltr'><strong>ipsa</strong></span> <span class='ocrx_word' id='word_1_392' title='bbox 3022 1985 3259 2031; x_wconf 86' lang='lat' dir='ltr'><strong>curatur.</strong></span> <span class='ocrx_word' id='word_1_393' title='bbox 3318 1976 3489 2030; x_wconf 85' lang='lat' dir='ltr'><strong>Nemo</strong></span> 
     </span>
    </p>
   </div>
   <div class='ocr_carea' id='block_1_49' title="bbox 1890 2066 3492 2137">
    <p class='ocr_par' dir='ltr' id='par_1_49' title="bbox 1890 2066 3492 2137">
     <span class='ocr_line' id='line_1_49' title="bbox 1890 2066 3492 2137; baseline -0.001 -15"><span class='ocrx_word' id='word_1_394' title='bbox 1890 2069 2034 2122; x_wconf 90' lang='lat' dir='ltr'><strong>enim</strong></span> <span class='ocrx_word' id='word_1_395' title='bbox 2071 2083 2302 2137; x_wconf 89' lang='lat' dir='ltr'><strong>unquam</strong></span> <span class='ocrx_word' id='word_1_396' title='bbox 2347 2081 2566 2122; x_wconf 87' lang='lat' dir='ltr'><strong>carnem</strong></span> <span class='ocrx_word' id='word_1_397' title='bbox 2616 2081 2765 2121; x_wconf 87' lang='lat' dir='ltr'><strong>suam</strong></span> <span class='ocrx_word' id='word_1_398' title='bbox 2798 2067 2922 2123; x_wconf 90' lang='lat' dir='ltr'><strong>odio</strong></span> <span class='ocrx_word' id='word_1_399' title='bbox 2955 2066 3118 2122; x_wconf 87' lang='lat' dir='ltr'><strong>habet</strong></span> <span class='ocrx_word' id='word_1_400' title='bbox 3147 2084 3162 2134; x_wconf 89' lang='lat'><strong>;</strong></span> <span class='ocrx_word' id='word_1_401' title='bbox 3195 2066 3332 2121; x_wconf 87' lang='lat' dir='ltr'><strong>sicut</strong></span> <span class='ocrx_word' id='word_1_402' title='bbox 3376 2066 3492 2134; x_wconf 83' lang='lat' dir='ltr'><strong>ipse</strong></span> 
     </span>
    </p>
   </div>
   <div class='ocr_carea' id='block_1_50' title="bbox 1893 2158 3492 2230">
    <p class='ocr_par' dir='ltr' id='par_1_50' title="bbox 1893 2158 3492 2230">
     <span class='ocr_line' id='line_1_50' title="bbox 1893 2158 3492 2230; baseline -0.003 -16"><span class='ocrx_word' id='word_1_403' title='bbox 1893 2160 2183 2230; x_wconf 83' lang='lat' dir='ltr'><strong>Apostolus</strong></span> <span class='ocrx_word' id='word_1_404' title='bbox 2227 2158 2378 2223; x_wconf 88' lang='lat' dir='ltr'><strong>dicit,</strong></span> <span class='ocrx_word' id='word_1_405' title='bbox 2434 2167 2488 2213; x_wconf 91' lang='lat' dir='ltr'><strong>et</strong></span> <span class='ocrx_word' id='word_1_406' title='bbox 2529 2158 2634 2213; x_wconf 89' lang='lat' dir='ltr'><strong>alio</strong></span> <span class='ocrx_word' id='word_1_407' title='bbox 2687 2159 2806 2214; x_wconf 92' lang='lat' dir='ltr'><strong>loco</strong></span> <span class='ocrx_word' id='word_1_408' title='bbox 2861 2159 2937 2213; x_wconf 90' lang='lat' dir='ltr'><strong>ait</strong></span> <span class='ocrx_word' id='word_1_409' title='bbox 2971 2177 2983 2211; x_wconf 93' lang='lat'>:</span> <span class='ocrx_word' id='word_1_410' title='bbox 3016 2158 3178 2227; x_wconf 86' lang='lat' dir='ltr'><strong>Igitur</strong></span> <span class='ocrx_word' id='word_1_411' title='bbox 3221 2158 3339 2228; x_wconf 91' lang='lat' dir='ltr'><strong>ipse</strong></span> <span class='ocrx_word' id='word_1_412' title='bbox 3390 2171 3492 2226; x_wconf 84' lang='lat' dir='ltr'><strong>ego</strong></span> 
     </span>
    </p>
   </div>
   <div class='ocr_carea' id='block_1_51' title="bbox 1893 2248 3491 2321">
    <p class='ocr_par' dir='ltr' id='par_1_51' title="bbox 1893 2248 3491 2321">
     <span class='ocr_line' id='line_1_51' title="bbox 1893 2248 3491 2321; baseline -0.002 -17"><span class='ocrx_word' id='word_1_413' title='bbox 1893 2260 2071 2306; x_wconf 88' lang='lat' dir='ltr'><strong>mente</strong></span> <span class='ocrx_word' id='word_1_414' title='bbox 2099 2251 2271 2304; x_wconf 89' lang='lat' dir='ltr'><strong>servio</strong></span> <span class='ocrx_word' id='word_1_415' title='bbox 2300 2251 2402 2319; x_wconf 88' lang='lat' dir='ltr'><strong>legi</strong></span> <span class='ocrx_word' id='word_1_416' title='bbox 2431 2250 2550 2315; x_wconf 89' lang='lat' dir='ltr'><strong>Dei,</strong></span> <span class='ocrx_word' id='word_1_417' title='bbox 2579 2266 2744 2306; x_wconf 89' lang='lat' dir='ltr'><strong>carne</strong></span> <span class='ocrx_word' id='word_1_418' title='bbox 2770 2260 2947 2304; x_wconf 88' lang='lat' dir='ltr'><strong>autem</strong></span> <span class='ocrx_word' id='word_1_419' title='bbox 2980 2250 3083 2321; x_wconf 90' lang='lat' dir='ltr'><strong>legi</strong></span> <span class='ocrx_word' id='word_1_420' title='bbox 3113 2250 3339 2319; x_wconf 79' lang='lat' dir='ltr'><strong>peccati.</strong></span> <span class='ocrx_word' id='word_1_421' title='bbox 3376 2248 3491 2302; x_wconf 78' lang='lat' dir='ltr'><strong>Au-</strong></span> 
     </span>
    </p>
   </div>
   <div class='ocr_carea' id='block_1_52' title="bbox 1896 2341 3491 2414">
    <p class='ocr_par' dir='ltr' id='par_1_52' title="bbox 1896 2341 3491 2414">
     <span class='ocr_line' id='line_1_52' title="bbox 1896 2341 3491 2414; baseline 0.002 -18"><span class='ocrx_word' id='word_1_422' title='bbox 1896 2343 2046 2396; x_wconf 87' lang='lat' dir='ltr'><strong>diant</strong></span> <span class='ocrx_word' id='word_1_423' title='bbox 2078 2344 2166 2408; x_wconf 90' lang='lat' dir='ltr'><strong>qui</strong></span> <span class='ocrx_word' id='word_1_424' title='bbox 2196 2358 2360 2407; x_wconf 40' lang='lat' dir='ltr'><strong>aures,</strong></span> <span class='ocrx_word' id='word_1_425' title='bbox 2383 2341 2624 2408; x_wconf 84' lang='lat' dir='ltr'><strong>habent;</strong></span> <span class='ocrx_word' id='word_1_426' title='bbox 2652 2344 2817 2412; x_wconf 83' lang='lat' dir='ltr'><strong>igitur</strong></span> <span class='ocrx_word' id='word_1_427' title='bbox 2845 2345 2960 2414; x_wconf 86' lang='lat' dir='ltr'><strong>ipse</strong></span> <span class='ocrx_word' id='word_1_428' title='bbox 2993 2358 3116 2413; x_wconf 87' lang='lat' dir='ltr'><strong>ego,</strong></span> <span class='ocrx_word' id='word_1_429' title='bbox 3160 2358 3259 2412; x_wconf 86' lang='lat' dir='ltr'><strong>ego</strong></span> <span class='ocrx_word' id='word_1_430' title='bbox 3287 2354 3491 2412; x_wconf 81' lang='lat' dir='ltr'><strong>mente,</strong></span> 
     </span>
    </p>
   </div>
   <div class='ocr_carea' id='block_1_53' title="bbox 1908 2433 3501 2505">
    <p class='ocr_par' dir='ltr' id='par_1_53' title="bbox 1908 2433 3501 2505">
     <span class='ocr_line' id='line_1_53' title="bbox 1908 2433 3501 2505; baseline 0.001 -18"><span class='ocrx_word' id='word_1_431' title='bbox 1908 2449 2008 2504; x_wconf 86' lang='lat' dir='ltr'><strong>ego</strong></span> <span class='ocrx_word' id='word_1_432' title='bbox 2040 2449 2222 2500; x_wconf 91' lang='lat' dir='ltr'><strong>carne,</strong></span> <span class='ocrx_word' id='word_1_433' title='bbox 2270 2433 2366 2488; x_wconf 85' lang='lat' dir='ltr'><strong>sed</strong></span> <span class='ocrx_word' id='word_1_434' title='bbox 2400 2443 2581 2489; x_wconf 92' lang='lat' dir='ltr'><strong>mente</strong></span> <span class='ocrx_word' id='word_1_435' title='bbox 2610 2435 2788 2489; x_wconf 88' lang='lat' dir='ltr'><strong>servio</strong></span> <span class='ocrx_word' id='word_1_436' title='bbox 2817 2435 2914 2505; x_wconf 88' lang='lat' dir='ltr'><strong>legi</strong></span> <span class='ocrx_word' id='word_1_437' title='bbox 2970 2434 3092 2500; x_wconf 90' lang='lat' dir='ltr'><strong>Dei;</strong></span> <span class='ocrx_word' id='word_1_438' title='bbox 3125 2449 3289 2490; x_wconf 90' lang='lat' dir='ltr'><strong>carne</strong></span> <span class='ocrx_word' id='word_1_439' title='bbox 3319 2441 3501 2494; x_wconf 86' lang='lat' dir='ltr'><strong>autem</strong></span> 
     </span>
    </p>
   </div>
   <div class='ocr_carea' id='block_1_54' title="bbox 1899 2523 3500 2598">
    <p class='ocr_par' dir='ltr' id='par_1_54' title="bbox 1899 2523 3500 2598">
     <span class='ocr_line' id='line_1_54' title="bbox 1899 2523 3500 2598; baseline 0.001 -20"><span class='ocrx_word' id='word_1_440' title='bbox 1899 2523 2003 2592; x_wconf 81' lang='lat' dir='ltr'><strong>legi</strong></span> <span class='ocrx_word' id='word_1_441' title='bbox 2039 2523 2263 2591; x_wconf 83' lang='lat' dir='ltr'><strong>peccati.</strong></span> <span class='ocrx_word' id='word_1_442' title='bbox 2312 2524 2593 2592; x_wconf 88' lang='lat' dir='ltr'><strong>Quomodo</strong></span> <span class='ocrx_word' id='word_1_443' title='bbox 2637 2525 2861 2598; x_wconf 91' lang='lat' dir='ltr'><strong>[autem]</strong></span> <span class='ocrx_word' id='word_1_444' title='bbox 2914 2541 3078 2582; x_wconf 90' lang='lat' dir='ltr'><strong>carne</strong></span> <span class='ocrx_word' id='word_1_445' title='bbox 3108 2526 3210 2596; x_wconf 90' lang='lat' dir='ltr'><strong>legi</strong></span> <span class='ocrx_word' id='word_1_446' title='bbox 3255 2523 3500 2595; x_wconf 71' lang='lat' dir='ltr'><strong>peccati!</strong></span> 
     </span>
    </p>
   </div>
   <div class='ocr_carea' id='block_1_55' title="bbox 1904 2617 3500 2686">
    <p class='ocr_par' dir='ltr' id='par_1_55' title="bbox 1904 2617 3500 2686">
     <span class='ocr_line' id='line_1_55' title="bbox 1904 2617 3500 2686; baseline 0.001 -15"><span class='ocrx_word' id='word_1_447' title='bbox 1904 2617 2143 2686; x_wconf 89' lang='lat' dir='ltr'><strong>nunquid</strong></span> <span class='ocrx_word' id='word_1_448' title='bbox 2165 2617 2614 2686; x_wconf 77' lang='lat' dir='ltr'><strong>concupiscentiae</strong></span> <span class='ocrx_word' id='word_1_449' title='bbox 2642 2619 3032 2674; x_wconf 87' lang='lat' dir='ltr'><strong>consentiendo</strong></span> <span class='ocrx_word' id='word_1_450' title='bbox 3054 2619 3296 2676; x_wconf 80' lang='lat' dir='ltr'><strong>carnali?</strong></span> <span class='ocrx_word' id='word_1_451' title='bbox 3320 2619 3500 2684; x_wconf 82' lang='lat' dir='ltr'><strong>Absit;</strong></span> 
     </span>
    </p>
   </div>
   <div class='ocr_carea' id='block_1_56' title="bbox 1905 2709 3504 2784">
    <p class='ocr_par' dir='ltr' id='par_1_56' title="bbox 1905 2709 3504 2784">
     <span class='ocr_line' id='line_1_56' title="bbox 1905 2709 3504 2784; baseline 0.003 -21"><span class='ocrx_word' id='word_1_452' title='bbox 1905 2709 2000 2764; x_wconf 92' lang='lat' dir='ltr'><strong>sed</strong></span> <span class='ocrx_word' id='word_1_453' title='bbox 2034 2720 2210 2765; x_wconf 93' lang='lat' dir='ltr'><strong>motus</strong></span> <span class='ocrx_word' id='word_1_454' title='bbox 2241 2710 2634 2767; x_wconf 89' lang='lat' dir='ltr'><strong>desideriorum</strong></span> <span class='ocrx_word' id='word_1_455' title='bbox 2667 2709 2775 2767; x_wconf 87' lang='lat' dir='ltr'><strong>illic</strong></span> <span class='ocrx_word' id='word_1_456' title='bbox 2805 2713 3078 2780; x_wconf 90' lang='lat' dir='ltr'><strong>habendo,</strong></span> <span class='ocrx_word' id='word_1_457' title='bbox 3125 2728 3262 2784; x_wconf 90' lang='lat' dir='ltr'><strong>quos</strong></span> <span class='ocrx_word' id='word_1_458' title='bbox 3300 2713 3504 2768; x_wconf 78' lang='lat' dir='ltr'><strong>habere</strong></span> 
     </span>
    </p>
   </div>
   <div class='ocr_carea' id='block_1_57' title="bbox 1905 2804 3504 2872">
    <p class='ocr_par' dir='ltr' id='par_1_57' title="bbox 1905 2804 3504 2872">
     <span class='ocr_line' id='line_1_57' title="bbox 1905 2804 3504 2872; baseline 0.001 -14"><span class='ocrx_word' id='word_1_459' title='bbox 1905 2804 2141 2870; x_wconf 87' lang='lat' dir='ltr'><strong>nolebat,</strong></span> <span class='ocrx_word' id='word_1_460' title='bbox 2191 2813 2246 2859; x_wconf 91' lang='lat' dir='ltr'><strong>et</strong></span> <span class='ocrx_word' id='word_1_461' title='bbox 2297 2812 2476 2860; x_wconf 88' lang='lat' dir='ltr'><strong>tamen</strong></span> <span class='ocrx_word' id='word_1_462' title='bbox 2528 2806 2798 2872; x_wconf 81' lang='lat' dir='ltr'><strong>habebat;</strong></span> <span class='ocrx_word' id='word_1_463' title='bbox 2854 2806 2948 2862; x_wconf 91' lang='lat' dir='ltr'><strong>sed</strong></span> <span class='ocrx_word' id='word_1_464' title='bbox 2991 2807 3069 2861; x_wconf 87' lang='lat' dir='ltr'><strong>eis</strong></span> <span class='ocrx_word' id='word_1_465' title='bbox 3118 2821 3224 2861; x_wconf 91' lang='lat' dir='ltr'><strong>non</strong></span> <span class='ocrx_word' id='word_1_466' title='bbox 3267 2820 3504 2860; x_wconf 87' lang='lat' dir='ltr'><strong>consen-</strong></span> 
     </span>
    </p>
   </div>
   <div class='ocr_carea' id='block_1_58' title="bbox 1906 2898 3508 2971">
    <p class='ocr_par' dir='ltr' id='par_1_58' title="bbox 1906 2898 3508 2971">
     <span class='ocr_line' id='line_1_58' title="bbox 1906 2898 3508 2971; baseline 0.001 -17"><span class='ocrx_word' id='word_1_467' title='bbox 1906 2898 2108 2966; x_wconf 89' lang='lat' dir='ltr'><strong>tiendo,</strong></span> <span class='ocrx_word' id='word_1_468' title='bbox 2146 2909 2325 2954; x_wconf 90' lang='lat' dir='ltr'><strong>mente</strong></span> <span class='ocrx_word' id='word_1_469' title='bbox 2356 2898 2624 2955; x_wconf 91' lang='lat' dir='ltr'><strong>serviebat</strong></span> <span class='ocrx_word' id='word_1_470' title='bbox 2659 2900 2765 2971; x_wconf 87' lang='lat' dir='ltr'><strong>legi</strong></span> <span class='ocrx_word' id='word_1_471' title='bbox 2796 2900 2916 2968; x_wconf 89' lang='lat' dir='ltr'><strong>Dei,</strong></span> <span class='ocrx_word' id='word_1_472' title='bbox 2941 2908 2996 2956; x_wconf 92' lang='lat' dir='ltr'><strong>et</strong></span> <span class='ocrx_word' id='word_1_473' title='bbox 3021 2900 3241 2956; x_wconf 88' lang='lat' dir='ltr'><strong>tenebat</strong></span> <span class='ocrx_word' id='word_1_474' title='bbox 3261 2898 3508 2957; x_wconf 76' lang='lat' dir='ltr'><strong>membra</strong></span> 
     </span>
    </p>
   </div>
   <div class='ocr_carea' id='block_1_59' title="bbox 1907 2992 3510 3066">
    <p class='ocr_par' dir='ltr' id='par_1_59' title="bbox 1907 2992 3510 3066">
     <span class='ocr_line' id='line_1_59' title="bbox 1907 2992 3510 3066; baseline 0.001 -18"><span class='ocrx_word' id='word_1_475' title='bbox 1907 3009 1974 3050; x_wconf 91' lang='lat' dir='ltr'><strong>ne</strong></span> <span class='ocrx_word' id='word_1_476' title='bbox 2010 2994 2200 3050; x_wconf 88' lang='lat' dir='ltr'><strong>ﬁerent</strong></span> <span class='ocrx_word' id='word_1_477' title='bbox 2224 3010 2373 3050; x_wconf 90' lang='lat' dir='ltr'><strong>arma</strong></span> <span class='ocrx_word' id='word_1_478' title='bbox 2405 2995 2631 3064; x_wconf 88' lang='lat' dir='ltr'><strong>peccati.</strong></span> <span class='ocrx_word' id='word_1_479' title='bbox 2660 2993 2799 3050; x_wconf 86' lang='lat' dir='ltr'><strong>Sunt</strong></span> <span class='ocrx_word' id='word_1_480' title='bbox 2819 3011 2948 3066; x_wconf 86' lang='lat' dir='ltr'><strong>ergo</strong></span> <span class='ocrx_word' id='word_1_481' title='bbox 2976 2995 3031 3050; x_wconf 93' lang='lat' dir='ltr'><strong>in</strong></span> <span class='ocrx_word' id='word_1_482' title='bbox 3055 2994 3210 3050; x_wconf 89' lang='lat' dir='ltr'><strong>nobis</strong></span> <span class='ocrx_word' id='word_1_483' title='bbox 3237 2992 3510 3051; x_wconf 77' lang='lat' dir='ltr'><strong>desideria</strong></span> 
     </span>
    </p>
   </div>
   <div class='ocr_carea' id='block_1_60' title="bbox 1908 3086 3508 3158">
    <p class='ocr_par' dir='ltr' id='par_1_60' title="bbox 1908 3086 3508 3158">
     <span class='ocr_line' id='line_1_60' title="bbox 1908 3086 3508 3158; baseline 0.001 -16"><span class='ocrx_word' id='word_1_484' title='bbox 1908 3088 2069 3154; x_wconf 89' lang='lat' dir='ltr'><strong>mala,</strong></span> <span class='ocrx_word' id='word_1_485' title='bbox 2103 3088 2295 3158; x_wconf 89' lang='lat' dir='ltr'><strong>quibus</strong></span> <span class='ocrx_word' id='word_1_486' title='bbox 2344 3102 2451 3142; x_wconf 91' lang='lat' dir='ltr'><strong>non</strong></span> <span class='ocrx_word' id='word_1_487' title='bbox 2484 3088 2875 3144; x_wconf 89' lang='lat' dir='ltr'><strong>consentiendo</strong></span> <span class='ocrx_word' id='word_1_488' title='bbox 2915 3102 3023 3142; x_wconf 91' lang='lat' dir='ltr'><strong>non</strong></span> <span class='ocrx_word' id='word_1_489' title='bbox 3069 3086 3302 3142; x_wconf 82' lang='lat' dir='ltr'><strong>vivimus</strong></span> <span class='ocrx_word' id='word_1_490' title='bbox 3340 3086 3508 3144; x_wconf 80' lang='lat' dir='ltr'><strong>male.</strong></span> 
     </span>
    </p>
   </div>
   <div class='ocr_carea' id='block_1_61' title="bbox 1908 3179 3511 3249">
    <p class='ocr_par' dir='ltr' id='par_1_61' title="bbox 1908 3179 3511 3249">
     <span class='ocr_line' id='line_1_61' title="bbox 1908 3179 3511 3249; baseline 0.001 -14"><span class='ocrx_word' id='word_1_491' title='bbox 1908 3179 2042 3235; x_wconf 89' lang='lat' dir='ltr'><strong>Sunt</strong></span> <span class='ocrx_word' id='word_1_492' title='bbox 2088 3182 2141 3235; x_wconf 91' lang='lat' dir='ltr'><strong>in</strong></span> <span class='ocrx_word' id='word_1_493' title='bbox 2191 3180 2346 3236; x_wconf 91' lang='lat' dir='ltr'><strong>nobis</strong></span> <span class='ocrx_word' id='word_1_494' title='bbox 2392 3181 2849 3249; x_wconf 53' lang='lat' dir='ltr'><strong>concupiscentiae</strong></span> <span class='ocrx_word' id='word_1_495' title='bbox 2899 3188 3264 3249; x_wconf 86' lang='lat' dir='ltr'><strong>peccatorum,</strong></span> <span class='ocrx_word' id='word_1_496' title='bbox 3311 3179 3511 3248; x_wconf 79' lang='lat' dir='ltr'><strong>quibul</strong></span> 
     </span>
    </p>
   </div>
   <div class='ocr_carea' id='block_1_62' title="bbox 205 3263 3511 3346">
    <p class='ocr_par' dir='ltr' id='par_1_62' title="bbox 205 3263 3511 3346">
     <span class='ocr_line' id='line_1_62' title="bbox 205 3263 3511 3346; baseline -0.002 -13"><span class='ocrx_word' id='word_1_497' title='bbox 205 3267 434 3332; x_wconf 70' lang='lat' dir='ltr'><strong>demus;</strong></span> <span class='ocrx_word' id='word_1_498' title='bbox 466 3266 608 3335; x_wconf 74' lang='grc' dir='ltr'><strong>(μιοά</strong></span> <span class='ocrx_word' id='word_1_499' title='bbox 641 3266 709 3321; x_wconf 73' lang='lat' dir='ltr'><strong>de</strong></span> <span class='ocrx_word' id='word_1_500' title='bbox 739 3267 956 3320; x_wconf 69' lang='grc' dir='ltr'><strong>ηεπιῖηθ</strong></span> <span class='ocrx_word' id='word_1_501' title='bbox 984 3266 1395 3336; x_wconf 59' lang='grc' dir='ltr'><strong>δοπιίηθὶυδῑον</strong></span> <span class='ocrx_word' id='word_1_502' title='bbox 1429 3267 1483 3320; x_wconf 73' lang='lat' dir='ltr'><strong>in</strong></span> <span class='ocrx_word' id='word_1_503' title='bbox 1518 3265 1678 3334; x_wconf 61' lang='lat' dir='ltr'><strong>huius</strong></span> <span class='ocrx_word' id='word_1_504' title='bbox 1710 3263 1794 3318; x_wconf 66' lang='lat' dir='ltr'><strong>Vi&#39;</strong></span> <span class='ocrx_word' id='word_1_505' title='bbox 1825 3263 1874 3335; x_wconf 83' lang='lat' dir='ltr'><strong><em>C</em></strong></span> <span class='ocrx_word' id='word_1_506' title='bbox 1907 3291 2012 3331; x_wconf 90' lang='lat' dir='ltr'><strong>non</strong></span> <span class='ocrx_word' id='word_1_507' title='bbox 2045 3274 2350 3332; x_wconf 88' lang='lat' dir='ltr'><strong>obediendo</strong></span> <span class='ocrx_word' id='word_1_508' title='bbox 2397 3291 2505 3331; x_wconf 90' lang='lat' dir='ltr'><strong>non</strong></span> <span class='ocrx_word' id='word_1_509' title='bbox 2535 3276 2844 3346; x_wconf 88' lang='lat' dir='ltr'><strong>perﬁcimus</strong></span> <span class='ocrx_word' id='word_1_510' title='bbox 2891 3275 3115 3340; x_wconf 86' lang='lat' dir='ltr'><strong>malum,</strong></span> <span class='ocrx_word' id='word_1_511' title='bbox 3145 3272 3242 3328; x_wconf 90' lang='lat' dir='ltr'><strong>sed</strong></span> <span class='ocrx_word' id='word_1_512' title='bbox 3289 3286 3382 3327; x_wconf 87' lang='lat' dir='ltr'><strong>eas</strong></span> <span class='ocrx_word' id='word_1_513' title='bbox 3415 3272 3511 3326; x_wconf 81' lang='lat' dir='ltr'><strong>ha-</strong></span> 
     </span>
    </p>
   </div>
   <div class='ocr_carea' id='block_1_63' title="bbox 206 3354 1800 3426">
    <p class='ocr_par' dir='ltr' id='par_1_63' title="bbox 206 3354 1800 3426">
     <span class='ocr_line' id='line_1_63' title="bbox 206 3354 1800 3426; baseline -0.002 -11"><span class='ocrx_word' id='word_1_514' title='bbox 206 3369 281 3415; x_wconf 66' lang='lat' dir='ltr'><strong>te</strong></span> <span class='ocrx_word' id='word_1_515' title='bbox 303 3359 627 3413; x_wconf 83' lang='lat' dir='ltr'><strong>mortalitate</strong></span> <span class='ocrx_word' id='word_1_516' title='bbox 657 3358 1051 3426; x_wconf 66' lang='lat' dir='ltr'><strong>praesumimus,</strong></span> <span class='ocrx_word' id='word_1_517' title='bbox 1080 3358 1216 3412; x_wconf 87' lang='lat' dir='ltr'><strong>tales</strong></span> <span class='ocrx_word' id='word_1_518' title='bbox 1246 3369 1423 3411; x_wconf 85' lang='lat' dir='ltr'><strong>autem</strong></span> <span class='ocrx_word' id='word_1_519' title='bbox 1455 3371 1644 3412; x_wconf 88' lang='lat' dir='ltr'><strong>omnes</strong></span> <span class='ocrx_word' id='word_1_520' title='bbox 1665 3354 1800 3412; x_wconf 82' lang='lat' dir='ltr'><strong>futu-</strong></span> 
     </span>
    </p>
   </div>
   <div class='ocr_carea' id='block_1_64' title="bbox 204 3449 1800 3518">
    <p class='ocr_par' dir='ltr' id='par_1_64' title="bbox 204 3449 1800 3518">
     <span class='ocr_line' id='line_1_64' title="bbox 204 3449 1800 3518; baseline -0.004 -9"><span class='ocrx_word' id='word_1_521' title='bbox 204 3467 327 3518; x_wconf 81' lang='lat' dir='ltr'><strong>ros,</strong></span> <span class='ocrx_word' id='word_1_522' title='bbox 358 3455 410 3505; x_wconf 88' lang='lat' dir='ltr'><strong>in</strong></span> <span class='ocrx_word' id='word_1_523' title='bbox 440 3451 583 3506; x_wconf 86' lang='lat' dir='ltr'><strong>illius</strong></span> <span class='ocrx_word' id='word_1_524' title='bbox 631 3451 753 3504; x_wconf 69' lang='lat' dir='ltr'><strong>vitte</strong></span> <span class='ocrx_word' id='word_1_525' title='bbox 784 3452 1189 3504; x_wconf 87' lang='lat' dir='ltr'><strong>immortalitate</strong></span> <span class='ocrx_word' id='word_1_526' title='bbox 1218 3449 1560 3505; x_wconf 74' lang='lat' dir='ltr'><strong>confidimus.</strong></span> <span class='ocrx_word' id='word_1_527' title='bbox 1608 3449 1800 3504; x_wconf 84' lang='lat' dir='ltr'><strong>Omni-</strong></span> 
     </span>
    </p>
   </div>
   <div class='ocr_carea' id='block_1_65' title="bbox 204 3541 1806 3618">
    <p class='ocr_par' dir='ltr' id='par_1_65' title="bbox 204 3541 1806 3618">
     <span class='ocr_line' id='line_1_65' title="bbox 204 3541 1806 3618; baseline -0.002 -21"><span class='ocrx_word' id='word_1_528' title='bbox 204 3553 406 3618; x_wconf 84' lang='lat' dir='ltr'><strong>potens</strong></span> <span class='ocrx_word' id='word_1_529' title='bbox 435 3545 579 3599; x_wconf 87' lang='lat' dir='ltr'><strong>enim</strong></span> <span class='ocrx_word' id='word_1_530' title='bbox 614 3543 774 3606; x_wconf 86' lang='lat' dir='ltr'><strong>Deus,</strong></span> <span class='ocrx_word' id='word_1_531' title='bbox 805 3542 895 3611; x_wconf 90' lang='lat' dir='ltr'><strong>qui</strong></span> <span class='ocrx_word' id='word_1_532' title='bbox 939 3551 1191 3610; x_wconf 89' lang='lat' dir='ltr'><strong>operatur</strong></span> <span class='ocrx_word' id='word_1_533' title='bbox 1223 3543 1384 3604; x_wconf 86' lang='lat' dir='ltr'><strong>bona.</strong></span> <span class='ocrx_word' id='word_1_534' title='bbox 1416 3541 1576 3596; x_wconf 91' lang='lat' dir='ltr'><strong>etiam</strong></span> <span class='ocrx_word' id='word_1_535' title='bbox 1609 3541 1676 3596; x_wconf 90' lang='lat' dir='ltr'><strong>de</strong></span> <span class='ocrx_word' id='word_1_536' title='bbox 1706 3555 1806 3595; x_wconf 89' lang='lat' dir='ltr'><strong>no-</strong></span> 
     </span>
    </p>
   </div>
   <div class='ocr_carea' id='block_1_66' title="bbox 209 3633 1810 3705">
    <p class='ocr_par' dir='ltr' id='par_1_66' title="bbox 209 3633 1810 3705">
     <span class='ocr_line' id='line_1_66' title="bbox 209 3633 1810 3705; baseline -0.005 -12"><span class='ocrx_word' id='word_1_537' title='bbox 209 3639 345 3694; x_wconf 80' lang='lat' dir='ltr'><strong>stris</strong></span> <span class='ocrx_word' id='word_1_538' title='bbox 367 3637 544 3701; x_wconf 91' lang='lat' dir='ltr'><strong>malis,</strong></span> <span class='ocrx_word' id='word_1_539' title='bbox 571 3634 750 3705; x_wconf 89' lang='lat' dir='ltr'><strong>qualia</strong></span> <span class='ocrx_word' id='word_1_540' title='bbox 777 3633 926 3688; x_wconf 87' lang='lat' dir='ltr'><strong>dabit</strong></span> <span class='ocrx_word' id='word_1_541' title='bbox 943 3634 1103 3697; x_wconf 81' lang='lat' dir='ltr'><strong>bona,</strong></span> <span class='ocrx_word' id='word_1_542' title='bbox 1125 3645 1247 3688; x_wconf 88' lang='lat' dir='ltr'><strong>eum</strong></span> <span class='ocrx_word' id='word_1_543' title='bbox 1273 3633 1579 3687; x_wconf 87' lang='lat' dir='ltr'><strong>liberaverit</strong></span> <span class='ocrx_word' id='word_1_544' title='bbox 1602 3633 1671 3687; x_wconf 88' lang='lat' dir='ltr'><strong>ab</strong></span> <span class='ocrx_word' id='word_1_545' title='bbox 1693 3646 1810 3686; x_wconf 91' lang='lat' dir='ltr'><strong>om-</strong></span> 
     </span>
    </p>
   </div>
   <div class='ocr_carea' id='block_1_67' title="bbox 210 3729 606 3786">
    <p class='ocr_par' dir='ltr' id='par_1_67' title="bbox 210 3729 606 3786">
     <span class='ocr_line' id='line_1_67' title="bbox 210 3729 606 3786; baseline -0.01 0"><span class='ocrx_word' id='word_1_546' title='bbox 210 3731 377 3786; x_wconf 88' lang='lat' dir='ltr'><strong>nibus</strong></span> <span class='ocrx_word' id='word_1_547' title='bbox 407 3730 566 3785; x_wconf 88' lang='lat' dir='ltr'><strong>malis</strong></span> <span class='ocrx_word' id='word_1_548' title='bbox 581 3729 606 3781; x_wconf 71' lang='grc' dir='ltr'><strong><em>Ἰ</em></strong></span> 
     </span>
    </p>
   </div>
   <div class='ocr_carea' id='block_1_68' title="bbox 775 3797 1247 3856">
    <p class='ocr_par' dir='ltr' id='par_1_68' title="bbox 775 3797 1247 3856">
     <span class='ocr_line' id='line_1_68' title="bbox 775 3797 1247 3856; baseline -0.006 -1"><span class='ocrx_word' id='word_1_549' title='bbox 775 3797 1000 3856; x_wconf 77' lang='lat' dir='ltr'><strong>CAPUT</strong></span> <span class='ocrx_word' id='word_1_550' title='bbox 1041 3797 1247 3854; x_wconf 77' lang='lat' dir='ltr'><strong>CXCV.</strong></span> 
     </span>
    </p>
   </div>
   <div class='ocr_carea' id='block_1_69' title="bbox 217 3900 1807 3988">
    <p class='ocr_par' dir='ltr' id='par_1_69' title="bbox 217 3900 1807 3988">
     <span class='ocr_line' id='line_1_69' title="bbox 217 3900 1807 3988; baseline 0 -18"><span class='ocrx_word' id='word_1_551' title='bbox 217 3915 302 3970; x_wconf 85' lang='lat' dir='ltr'><strong>De</strong></span> <span class='ocrx_word' id='word_1_552' title='bbox 325 3930 384 3970; x_wconf 75' lang='lat' dir='ltr'><strong>eo</strong></span> <span class='ocrx_word' id='word_1_553' title='bbox 413 3917 548 3985; x_wconf 75' lang='lat' dir='ltr'><strong>quod</strong></span> <span class='ocrx_word' id='word_1_554' title='bbox 577 3916 650 3968; x_wconf 75' lang='lat' dir='ltr'><strong>ait</strong></span> <span class='ocrx_word' id='word_1_555' title='bbox 677 3900 982 3986; x_wconf 37' lang='lat' dir='ltr'><strong>&#39;Apostolus,</strong></span> <span class='ocrx_word' id='word_1_556' title='bbox 1009 3913 1370 3988; x_wconf 81' lang='lat' dir='ltr'><strong>mente_servr&#39;a</strong></span> <span class='ocrx_word' id='word_1_557' title='bbox 1396 3915 1499 3988; x_wconf 81' lang='lat' dir='ltr'><strong>legi</strong></span> <span class='ocrx_word' id='word_1_558' title='bbox 1521 3913 1639 3986; x_wconf 84' lang='lat' dir='ltr'><strong>Dei,</strong></span> <span class='ocrx_word' id='word_1_559' title='bbox 1674 3925 1807 3983; x_wconf 84' lang='lat' dir='ltr'><strong>etc.;</strong></span> 
     </span>
    </p>
   </div>
   <div class='ocr_carea' id='block_1_70' title="bbox 528 3986 1512 4042">
    <p class='ocr_par' dir='ltr' id='par_1_70' title="bbox 528 3986 1512 4042">
     <span class='ocr_line' id='line_1_70' title="bbox 528 3986 1512 4042; baseline 0.002 -2"><span class='ocrx_word' id='word_1_560' title='bbox 528 4003 590 4040; x_wconf 74' lang='lat' dir='ltr'><strong>ea:</strong></span> <span class='ocrx_word' id='word_1_561' title='bbox 617 3988 794 4041; x_wconf 74' lang='lat' dir='ltr'><strong>eodem</strong></span> <span class='ocrx_word' id='word_1_562' title='bbox 823 4001 1053 4042; x_wconf 80' lang='lat' dir='ltr'><strong>sermone</strong></span> <span class='ocrx_word' id='word_1_563' title='bbox 1079 3988 1144 4040; x_wconf 83' lang='lat' dir='ltr'><strong>de</strong></span> <span class='ocrx_word' id='word_1_564' title='bbox 1163 3986 1512 4042; x_wconf 73' lang='lat' dir='ltr'><strong>Continentia.</strong></span> 
     </span>
    </p>
   </div>
   <div class='ocr_carea' id='block_1_71' title="bbox 297 4115 1816 4188">
    <p class='ocr_par' dir='ltr' id='par_1_71' title="bbox 297 4115 1816 4188">
     <span class='ocr_line' id='line_1_71' title="bbox 297 4115 1816 4188; baseline 0.005 -20"><span class='ocrx_word' id='word_1_565' title='bbox 297 4115 590 4184; x_wconf 82' lang='lat' dir='ltr'><strong>Apostolus</strong></span> <span class='ocrx_word' id='word_1_566' title='bbox 612 4131 718 4172; x_wconf 89' lang='lat' dir='ltr'><strong>non</strong></span> <span class='ocrx_word' id='word_1_567' title='bbox 753 4117 862 4171; x_wconf 86' lang='lat' dir='ltr'><strong>ait:</strong></span> <span class='ocrx_word' id='word_1_568' title='bbox 888 4115 1272 4188; x_wconf 88' lang='lat' dir='ltr'><strong>Unusquisque</strong></span> <span class='ocrx_word' id='word_1_569' title='bbox 1311 4127 1489 4174; x_wconf 88' lang='lat' dir='ltr'><strong>autem</strong></span> <span class='ocrx_word' id='word_1_570' title='bbox 1523 4128 1758 4174; x_wconf 88' lang='lat' dir='ltr'><strong>tentatur</strong></span> <span class='ocrx_word' id='word_1_571' title='bbox 1784 4136 1816 4177; x_wconf 91' lang='lat' dir='ltr'><strong>a</strong></span> 
     </span>
    </p>
   </div>
   <div class='ocr_carea' id='block_1_72' title="bbox 220 4209 1814 4283">
    <p class='ocr_par' dir='ltr' id='par_1_72' title="bbox 220 4209 1814 4283">
     <span class='ocr_line' id='line_1_72' title="bbox 220 4209 1814 4283; baseline 0.002 -19"><span class='ocrx_word' id='word_1_572' title='bbox 220 4209 683 4278; x_wconf 86' lang='lat' dir='ltr'><strong>concupiscentia,</strong></span> <span class='ocrx_word' id='word_1_573' title='bbox 714 4209 808 4265; x_wconf 90' lang='lat' dir='ltr'><strong>sed</strong></span> <span class='ocrx_word' id='word_1_574' title='bbox 858 4211 1086 4275; x_wconf 88' lang='lat' dir='ltr'><strong>addidit,</strong></span> <span class='ocrx_word' id='word_1_575' title='bbox 1121 4225 1215 4264; x_wconf 87' lang='lat' dir='ltr'><strong>sua</strong></span> <span class='ocrx_word' id='word_1_576' title='bbox 1245 4227 1259 4264; x_wconf 84' lang='lat'><strong>:</strong></span> <span class='ocrx_word' id='word_1_577' title='bbox 1285 4219 1342 4266; x_wconf 90' lang='lat' dir='ltr'><strong>ut</strong></span> <span class='ocrx_word' id='word_1_578' title='bbox 1382 4214 1469 4283; x_wconf 91' lang='lat' dir='ltr'><strong>qui</strong></span> <span class='ocrx_word' id='word_1_579' title='bbox 1505 4213 1607 4267; x_wconf 89' lang='lat' dir='ltr'><strong>hoc</strong></span> <span class='ocrx_word' id='word_1_580' title='bbox 1647 4213 1814 4282; x_wconf 89' lang='lat' dir='ltr'><strong>audit,</strong></span> 
     </span>
    </p>
   </div>
   <div class='ocr_carea' id='block_1_73' title="bbox 222 4298 1820 4373">
    <p class='ocr_par' dir='ltr' id='par_1_73' title="bbox 222 4298 1820 4373">
     <span class='ocr_line' id='line_1_73' title="bbox 222 4298 1820 4373; baseline 0.004 -20"><span class='ocrx_word' id='word_1_581' title='bbox 222 4298 516 4369; x_wconf 85' lang='lat' dir='ltr'><strong>intelligat,</strong></span> <span class='ocrx_word' id='word_1_582' title='bbox 563 4301 834 4369; x_wconf 89' lang='lat' dir='ltr'><strong>quomodo</strong></span> <span class='ocrx_word' id='word_1_583' title='bbox 858 4301 1100 4356; x_wconf 87' lang='lat' dir='ltr'><strong>clamare</strong></span> <span class='ocrx_word' id='word_1_584' title='bbox 1133 4300 1347 4367; x_wconf 88' lang='lat' dir='ltr'><strong>debeat,</strong></span> <span class='ocrx_word' id='word_1_585' title='bbox 1390 4301 1502 4373; x_wconf 82' lang='lat' dir='ltr'><strong>Ego</strong></span> <span class='ocrx_word' id='word_1_586' title='bbox 1543 4303 1692 4358; x_wconf 86' lang='lat' dir='ltr'><strong>dixi:</strong></span> <span class='ocrx_word' id='word_1_587' title='bbox 1726 4305 1820 4360; x_wconf 84' lang='lat' dir='ltr'><strong>Do-</strong></span> 
     </span>
    </p>
   </div>
   <div class='ocr_carea' id='block_1_74' title="bbox 223 4390 1820 4466">
    <p class='ocr_par' dir='ltr' id='par_1_74' title="bbox 223 4390 1820 4466">
     <span class='ocr_line' id='line_1_74' title="bbox 223 4390 1820 4466; baseline 0.003 -20"><span class='ocrx_word' id='word_1_588' title='bbox 223 4390 398 4457; x_wconf 82' lang='lat' dir='ltr'><strong>mine,</strong></span> <span class='ocrx_word' id='word_1_589' title='bbox 434 4391 693 4448; x_wconf 91' lang='lat' dir='ltr'><strong>miserere</strong></span> <span class='ocrx_word' id='word_1_590' title='bbox 734 4393 864 4460; x_wconf 93' lang='lat' dir='ltr'><strong>mei,</strong></span> <span class='ocrx_word' id='word_1_591' title='bbox 901 4408 1030 4448; x_wconf 87' lang='lat' dir='ltr'><strong>sana</strong></span> <span class='ocrx_word' id='word_1_592' title='bbox 1073 4394 1307 4449; x_wconf 89' lang='lat' dir='ltr'><strong>animam</strong></span> <span class='ocrx_word' id='word_1_593' title='bbox 1341 4411 1535 4463; x_wconf 89' lang='lat' dir='ltr'><strong>meam,</strong></span> <span class='ocrx_word' id='word_1_594' title='bbox 1568 4397 1820 4466; x_wconf 88' lang='lat' dir='ltr'><strong>quoniam</strong></span> 
     </span>
    </p>
   </div>
   <div class='ocr_carea' id='block_1_75' title="bbox 221 4481 1822 4556">
    <p class='ocr_par' dir='ltr' id='par_1_75' title="bbox 221 4481 1822 4556">
     <span class='ocr_line' id='line_1_75' title="bbox 221 4481 1822 4556; baseline 0.004 -20"><span class='ocrx_word' id='word_1_595' title='bbox 221 4481 445 4552; x_wconf 88' lang='lat' dir='ltr'><strong>peccavi</strong></span> <span class='ocrx_word' id='word_1_596' title='bbox 487 4482 604 4536; x_wconf 87' lang='lat' dir='ltr'><strong>tibi.</strong></span> <span class='ocrx_word' id='word_1_597' title='bbox 654 4481 769 4537; x_wconf 79' lang='lat' dir='ltr'><strong>Non</strong></span> <span class='ocrx_word' id='word_1_598' title='bbox 819 4482 962 4537; x_wconf 91' lang='lat' dir='ltr'><strong>enim</strong></span> <span class='ocrx_word' id='word_1_599' title='bbox 1019 4484 1303 4538; x_wconf 90' lang='lat' dir='ltr'><strong>sanatione</strong></span> <span class='ocrx_word' id='word_1_600' title='bbox 1349 4485 1686 4556; x_wconf 85' lang='lat' dir='ltr'><strong>indiguisset,</strong></span> <span class='ocrx_word' id='word_1_601' title='bbox 1718 4486 1822 4542; x_wconf 87' lang='lat' dir='ltr'><strong>nisi</strong></span> 
     </span>
    </p>
   </div>
   <div class='ocr_carea' id='block_1_76' title="bbox 219 4572 1824 4644">
    <p class='ocr_par' dir='ltr' id='par_1_76' title="bbox 219 4572 1824 4644">
     <span class='ocr_line' id='line_1_76' title="bbox 219 4572 1824 4644; baseline 0.002 -15"><span class='ocrx_word' id='word_1_602' title='bbox 219 4574 500 4644; x_wconf 89' lang='lat' dir='ltr'><strong>peccando</strong></span> <span class='ocrx_word' id='word_1_603' title='bbox 546 4589 606 4630; x_wconf 91' lang='lat' dir='ltr'><strong>se</strong></span> <span class='ocrx_word' id='word_1_604' title='bbox 656 4573 768 4644; x_wconf 83' lang='lat' dir='ltr'><strong>ipsa</strong></span> <span class='ocrx_word' id='word_1_605' title='bbox 819 4572 1087 4643; x_wconf 89' lang='lat' dir='ltr'><strong>vitiasset,</strong></span> <span class='ocrx_word' id='word_1_606' title='bbox 1142 4585 1202 4630; x_wconf 90' lang='lat' dir='ltr'><strong>ut</strong></span> <span class='ocrx_word' id='word_1_607' title='bbox 1231 4576 1490 4631; x_wconf 89' lang='lat' dir='ltr'><strong>adversus</strong></span> <span class='ocrx_word' id='word_1_608' title='bbox 1538 4593 1656 4633; x_wconf 89' lang='lat' dir='ltr'><strong>eam</strong></span> <span class='ocrx_word' id='word_1_609' title='bbox 1696 4592 1824 4633; x_wconf 90' lang='lat' dir='ltr'><strong>caro</strong></span> 
     </span>
    </p>
   </div>
   <div class='ocr_carea' id='block_1_77' title="bbox 1909 3364 3513 3440">
    <p class='ocr_par' dir='ltr' id='par_1_77' title="bbox 1909 3364 3513 3440">
     <span class='ocr_line' id='line_1_77' title="bbox 1909 3364 3513 3440; baseline -0.004 -15"><span class='ocrx_word' id='word_1_610' title='bbox 1909 3370 2086 3426; x_wconf 91' lang='lat' dir='ltr'><strong>bendo</strong></span> <span class='ocrx_word' id='word_1_611' title='bbox 2113 3372 2352 3426; x_wconf 90' lang='lat' dir='ltr'><strong>nondum</strong></span> <span class='ocrx_word' id='word_1_612' title='bbox 2376 3371 2684 3440; x_wconf 89' lang='lat' dir='ltr'><strong>perﬁcimus</strong></span> <span class='ocrx_word' id='word_1_613' title='bbox 2706 3370 2930 3425; x_wconf 90' lang='lat' dir='ltr'><strong>bonum.</strong></span> <span class='ocrx_word' id='word_1_614' title='bbox 2953 3369 3254 3439; x_wconf 88' lang='lat' dir='ltr'><strong>Utrumque</strong></span> <span class='ocrx_word' id='word_1_615' title='bbox 3273 3364 3513 3423; x_wconf 87' lang='lat' dir='ltr'><strong>ostendit</strong></span> 
     </span>
    </p>
   </div>
   <div class='ocr_carea' id='block_1_78' title="bbox 1913 3458 3514 3534">
    <p class='ocr_par' dir='ltr' id='par_1_78' title="bbox 1913 3458 3514 3534">
     <span class='ocr_line' id='line_1_78' title="bbox 1913 3458 3514 3534; baseline -0.003 -16"><span class='ocrx_word' id='word_1_616' title='bbox 1913 3464 2243 3534; x_wconf 80' lang='lat' dir='ltr'><strong>Apostolus,</strong></span> <span class='ocrx_word' id='word_1_617' title='bbox 2301 3478 2400 3518; x_wconf 81' lang='lat' dir='ltr'><strong>nec</strong></span> <span class='ocrx_word' id='word_1_618' title='bbox 2445 3465 2646 3518; x_wconf 92' lang='lat' dir='ltr'><strong>bonum</strong></span> <span class='ocrx_word' id='word_1_619' title='bbox 2697 3463 2786 3518; x_wconf 87' lang='lat' dir='ltr'><strong>hic</strong></span> <span class='ocrx_word' id='word_1_620' title='bbox 2832 3462 3016 3533; x_wconf 86' lang='lat' dir='ltr'><strong>perﬁci</strong></span> <span class='ocrx_word' id='word_1_621' title='bbox 3061 3461 3153 3516; x_wconf 89' lang='lat' dir='ltr'><strong>ubi</strong></span> <span class='ocrx_word' id='word_1_622' title='bbox 3199 3461 3399 3516; x_wconf 84' lang='lat' dir='ltr'><strong>malum</strong></span> <span class='ocrx_word' id='word_1_623' title='bbox 3434 3458 3514 3514; x_wconf 80' lang='lat' dir='ltr'><strong>sic</strong></span> 
     </span>
    </p>
   </div>
   <div class='ocr_carea' id='block_1_79' title="bbox 1913 3546 3514 3622">
    <p class='ocr_par' dir='ltr' id='par_1_79' title="bbox 1913 3546 3514 3622">
     <span class='ocr_line' id='line_1_79' title="bbox 1913 3546 3514 3622; baseline -0.002 -13"><span class='ocrx_word' id='word_1_624' title='bbox 1913 3555 2328 3622; x_wconf 89' lang='lat' dir='ltr'><strong>concupiscitur,</strong></span> <span class='ocrx_word' id='word_1_625' title='bbox 2382 3568 2480 3609; x_wconf 91' lang='lat' dir='ltr'><strong>nec</strong></span> <span class='ocrx_word' id='word_1_626' title='bbox 2532 3553 2732 3607; x_wconf 88' lang='lat' dir='ltr'><strong>malum</strong></span> <span class='ocrx_word' id='word_1_627' title='bbox 2785 3553 2872 3606; x_wconf 76' lang='lat' dir='ltr'><strong>hic</strong></span> <span class='ocrx_word' id='word_1_628' title='bbox 2914 3551 3244 3621; x_wconf 87' lang='lat' dir='ltr'><strong>perﬁciendo</strong></span> <span class='ocrx_word' id='word_1_629' title='bbox 3296 3546 3514 3622; x_wconf 69' lang='lat' dir='ltr'><strong>[perﬁci</strong></span> 
     </span>
    </p>
   </div>
   <div class='ocr_carea' id='block_1_80' title="bbox 1913 3641 3512 3716">
    <p class='ocr_par' dir='ltr' id='par_1_80' title="bbox 1913 3641 3512 3716">
     <span class='ocr_line' id='line_1_80' title="bbox 1913 3641 3512 3716; baseline -0.003 -18"><span class='ocrx_word' id='word_1_630' title='bbox 1913 3641 2150 3716; x_wconf 88' lang='lat' dir='ltr'><strong>quando]</strong></span> <span class='ocrx_word' id='word_1_631' title='bbox 2165 3645 2254 3698; x_wconf 85' lang='lat' dir='ltr'><strong>tali</strong></span> <span class='ocrx_word' id='word_1_632' title='bbox 2271 3645 2726 3714; x_wconf 81' lang='lat' dir='ltr'><strong>concupiscentiae</strong></span> <span class='ocrx_word' id='word_1_633' title='bbox 2743 3657 2850 3698; x_wconf 89' lang='lat' dir='ltr'><strong>non</strong></span> <span class='ocrx_word' id='word_1_634' title='bbox 2869 3642 3136 3698; x_wconf 89' lang='lat' dir='ltr'><strong>obeditur.</strong></span> <span class='ocrx_word' id='word_1_635' title='bbox 3161 3641 3296 3697; x_wconf 91' lang='lat' dir='ltr'><strong>Illud</strong></span> <span class='ocrx_word' id='word_1_636' title='bbox 3313 3642 3512 3712; x_wconf 78' lang='lat' dir='ltr'><strong>quippe</strong></span> 
     </span>
    </p>
   </div>
   <div class='ocr_carea' id='block_1_81' title="bbox 1915 3734 3512 3806">
    <p class='ocr_par' dir='ltr' id='par_1_81' title="bbox 1915 3734 3512 3806">
     <span class='ocr_line' id='line_1_81' title="bbox 1915 3734 3512 3806; baseline -0.003 -13"><span class='ocrx_word' id='word_1_637' title='bbox 1915 3736 2149 3793; x_wconf 90' lang='lat' dir='ltr'><strong>ostendit</strong></span> <span class='ocrx_word' id='word_1_638' title='bbox 2177 3737 2266 3791; x_wconf 92' lang='lat' dir='ltr'><strong>ubi</strong></span> <span class='ocrx_word' id='word_1_639' title='bbox 2288 3737 2363 3791; x_wconf 89' lang='lat' dir='ltr'><strong>ait</strong></span> <span class='ocrx_word' id='word_1_640' title='bbox 2389 3755 2400 3789; x_wconf 91' lang='lat'>:</span> <span class='ocrx_word' id='word_1_641' title='bbox 2429 3736 2584 3792; x_wconf 84' lang='lat' dir='ltr'><strong>Velle</strong></span> <span class='ocrx_word' id='word_1_642' title='bbox 2606 3735 2819 3806; x_wconf 83' lang='lat' dir='ltr'><strong>adjacet</strong></span> <span class='ocrx_word' id='word_1_643' title='bbox 2855 3735 3009 3802; x_wconf 86' lang='lat' dir='ltr'><strong>mihi,</strong></span> <span class='ocrx_word' id='word_1_644' title='bbox 3040 3734 3305 3806; x_wconf 88' lang='lat' dir='ltr'><strong>perﬁcere</strong></span> <span class='ocrx_word' id='word_1_645' title='bbox 3325 3743 3512 3789; x_wconf 82' lang='lat' dir='ltr'><strong>autem</strong></span> 
     </span>
    </p>
   </div>
   <div class='ocr_carea' id='block_1_82' title="bbox 1915 3826 3514 3900">
    <p class='ocr_par' dir='ltr' id='par_1_82' title="bbox 1915 3826 3514 3900">
     <span class='ocr_line' id='line_1_82' title="bbox 1915 3826 3514 3900; baseline -0.004 -12"><span class='ocrx_word' id='word_1_646' title='bbox 1915 3833 2139 3898; x_wconf 87' lang='lat' dir='ltr'><strong>bonum,</strong></span> <span class='ocrx_word' id='word_1_647' title='bbox 2170 3846 2276 3886; x_wconf 91' lang='lat' dir='ltr'><strong>non</strong></span> <span class='ocrx_word' id='word_1_648' title='bbox 2301 3849 2318 3898; x_wconf 87' lang='lat'><strong>;</strong></span> <span class='ocrx_word' id='word_1_649' title='bbox 2345 3831 2450 3886; x_wconf 86' lang='lat' dir='ltr'><strong>hoc</strong></span> <span class='ocrx_word' id='word_1_650' title='bbox 2486 3846 2615 3887; x_wconf 88' lang='lat' dir='ltr'><strong>vero</strong></span> <span class='ocrx_word' id='word_1_651' title='bbox 2640 3830 2733 3886; x_wconf 90' lang='lat' dir='ltr'><strong>ubi</strong></span> <span class='ocrx_word' id='word_1_652' title='bbox 2759 3830 2833 3884; x_wconf 88' lang='lat' dir='ltr'><strong>ait</strong></span> <span class='ocrx_word' id='word_1_653' title='bbox 2859 3847 2871 3883; x_wconf 94' lang='lat'>:</span> <span class='ocrx_word' id='word_1_654' title='bbox 2900 3828 3105 3900; x_wconf 87' lang='lat' dir='ltr'><strong>Spiritu</strong></span> <span class='ocrx_word' id='word_1_655' title='bbox 3132 3826 3426 3889; x_wconf 80' lang='lat' dir='ltr'><strong>ambulate.</strong></span> <span class='ocrx_word' id='word_1_656' title='bbox 3455 3831 3514 3882; x_wconf 78' lang='lat' dir='ltr'><strong>et</strong></span> 
     </span>
    </p>
   </div>
   <div class='ocr_carea' id='block_1_83' title="bbox 1919 3920 3516 3998">
    <p class='ocr_par' dir='ltr' id='par_1_83' title="bbox 1919 3920 3516 3998">
     <span class='ocr_line' id='line_1_83' title="bbox 1919 3920 3516 3998; baseline -0.004 -15"><span class='ocrx_word' id='word_1_657' title='bbox 1919 3927 2388 3998; x_wconf 88' lang='lat' dir='ltr'><strong>concupiscentias</strong></span> <span class='ocrx_word' id='word_1_658' title='bbox 2413 3927 2592 3982; x_wconf 89' lang='lat' dir='ltr'><strong>carnis</strong></span> <span class='ocrx_word' id='word_1_659' title='bbox 2631 3940 2740 3981; x_wconf 89' lang='lat' dir='ltr'><strong>non</strong></span> <span class='ocrx_word' id='word_1_660' title='bbox 2767 3923 3106 3995; x_wconf 88' lang='lat' dir='ltr'><strong>perﬁceretis</strong></span> <span class='ocrx_word' id='word_1_661' title='bbox 3141 3922 3220 3995; x_wconf 87' lang='lat' dir='ltr'><strong>[et</strong></span> <span class='ocrx_word' id='word_1_662' title='bbox 3241 3920 3516 3976; x_wconf 72' lang='lat' dir='ltr'><strong>desideria</strong></span> 
     </span>
    </p>
   </div>
   <div class='ocr_carea' id='block_1_84' title="bbox 1921 4011 3519 4092">
    <p class='ocr_par' dir='ltr' id='par_1_84' title="bbox 1921 4011 3519 4092">
     <span class='ocr_line' id='line_1_84' title="bbox 1921 4011 3519 4092; baseline -0.004 -16"><span class='ocrx_word' id='word_1_663' title='bbox 1921 4025 2098 4076; x_wconf 89' lang='lat' dir='ltr'><strong>carnis</strong></span> <span class='ocrx_word' id='word_1_664' title='bbox 2125 4036 2190 4075; x_wconf 89' lang='lat' dir='ltr'><strong>ne</strong></span> <span class='ocrx_word' id='word_1_665' title='bbox 2213 4019 2602 4092; x_wconf 84' lang='lat' dir='ltr'><strong>perfeceritis];</strong></span> <span class='ocrx_word' id='word_1_666' title='bbox 2625 4034 2800 4089; x_wconf 88' lang='lat' dir='ltr'><strong>neque</strong></span> <span class='ocrx_word' id='word_1_667' title='bbox 2823 4020 2966 4073; x_wconf 90' lang='lat' dir='ltr'><strong>enim</strong></span> <span class='ocrx_word' id='word_1_668' title='bbox 2997 4017 3068 4071; x_wconf 88' lang='lat' dir='ltr'><strong>ibi</strong></span> <span class='ocrx_word' id='word_1_669' title='bbox 3094 4015 3249 4080; x_wconf 88' lang='lat' dir='ltr'><strong>dicit,</strong></span> <span class='ocrx_word' id='word_1_670' title='bbox 3281 4030 3390 4069; x_wconf 91' lang='lat' dir='ltr'><strong>non</strong></span> <span class='ocrx_word' id='word_1_671' title='bbox 3413 4011 3519 4070; x_wconf 84' lang='lat' dir='ltr'><strong>sibi</strong></span> 
     </span>
    </p>
   </div>
   <div class='ocr_carea' id='block_1_85' title="bbox 1924 4105 3521 4182">
    <p class='ocr_par' dir='ltr' id='par_1_85' title="bbox 1924 4105 3521 4182">
     <span class='ocr_line' id='line_1_85' title="bbox 1924 4105 3521 4182; baseline -0.004 -16"><span class='ocrx_word' id='word_1_672' title='bbox 1924 4114 2174 4182; x_wconf 89' lang='lat' dir='ltr'><strong>adjacere</strong></span> <span class='ocrx_word' id='word_1_673' title='bbox 2199 4112 2374 4167; x_wconf 84' lang='lat' dir='ltr'><strong>facere</strong></span> <span class='ocrx_word' id='word_1_674' title='bbox 2404 4113 2630 4178; x_wconf 91' lang='lat' dir='ltr'><strong>bonum,</strong></span> <span class='ocrx_word' id='word_1_675' title='bbox 2659 4111 2753 4166; x_wconf 89' lang='lat' dir='ltr'><strong>sed</strong></span> <span class='ocrx_word' id='word_1_676' title='bbox 2780 4111 3079 4179; x_wconf 84' lang='lat' dir='ltr'><strong>perﬁcere;</strong></span> <span class='ocrx_word' id='word_1_677' title='bbox 3118 4121 3294 4176; x_wconf 85' lang='lat' dir='ltr'><strong>neque</strong></span> <span class='ocrx_word' id='word_1_678' title='bbox 3319 4107 3408 4161; x_wconf 83' lang='lat' dir='ltr'><strong>hic</strong></span> <span class='ocrx_word' id='word_1_679' title='bbox 3429 4105 3521 4160; x_wconf 64' lang='lat' dir='ltr'><strong>dio</strong></span> 
     </span>
    </p>
   </div>
   <div class='ocr_carea' id='block_1_86' title="bbox 1925 4195 3520 4272">
    <p class='ocr_par' dir='ltr' id='par_1_86' title="bbox 1925 4195 3520 4272">
     <span class='ocr_line' id='line_1_86' title="bbox 1925 4195 3520 4272; baseline -0.003 -14"><span class='ocrx_word' id='word_1_680' title='bbox 1925 4205 2019 4272; x_wconf 90' lang='lat' dir='ltr'><strong>cit,</strong></span> <span class='ocrx_word' id='word_1_681' title='bbox 2072 4204 2536 4272; x_wconf 83' lang='lat' dir='ltr'><strong>concupiscentias</strong></span> <span class='ocrx_word' id='word_1_682' title='bbox 2583 4202 2763 4256; x_wconf 86' lang='lat' dir='ltr'><strong>carnis</strong></span> <span class='ocrx_word' id='word_1_683' title='bbox 2810 4215 2880 4256; x_wconf 85' lang='lat' dir='ltr'><strong>ne</strong></span> <span class='ocrx_word' id='word_1_684' title='bbox 2928 4198 3256 4261; x_wconf 82' lang='lat' dir='ltr'><strong>habueritis,</strong></span> <span class='ocrx_word' id='word_1_685' title='bbox 3304 4195 3402 4251; x_wconf 84' lang='lat' dir='ltr'><strong>sed</strong></span> <span class='ocrx_word' id='word_1_686' title='bbox 3451 4208 3520 4254; x_wconf 76' lang='lat' dir='ltr'><strong>ne</strong></span> 
     </span>
    </p>
   </div>
   <div class='ocr_carea' id='block_1_87' title="bbox 1929 4289 3522 4368">
    <p class='ocr_par' dir='ltr' id='par_1_87' title="bbox 1929 4289 3522 4368">
     <span class='ocr_line' id='line_1_87' title="bbox 1929 4289 3522 4368; baseline -0.006 -15"><span class='ocrx_word' id='word_1_687' title='bbox 1929 4296 2301 4368; x_wconf 81' lang='lat' dir='ltr'><strong>perieceretis.</strong></span> <span class='ocrx_word' id='word_1_688' title='bbox 2336 4296 2497 4350; x_wconf 88' lang='lat' dir='ltr'><strong>Fiunt</strong></span> <span class='ocrx_word' id='word_1_689' title='bbox 2543 4295 2724 4363; x_wconf 85' lang='lat' dir='ltr'><strong>itaque</strong></span> <span class='ocrx_word' id='word_1_690' title='bbox 2773 4296 2829 4348; x_wconf 90' lang='lat' dir='ltr'><strong>in</strong></span> <span class='ocrx_word' id='word_1_691' title='bbox 2868 4291 3026 4348; x_wconf 90' lang='lat' dir='ltr'><strong>nobis</strong></span> <span class='ocrx_word' id='word_1_692' title='bbox 3070 4289 3522 4357; x_wconf 71' lang='lat' dir='ltr'><strong>concupiscentia</strong></span> 
     </span>
    </p>
   </div>
   <div class='ocr_carea' id='block_1_88' title="bbox 1929 4381 3520 4464">
    <p class='ocr_par' dir='ltr' id='par_1_88' title="bbox 1929 4381 3520 4464">
     <span class='ocr_line' id='line_1_88' title="bbox 1929 4381 3520 4464; baseline -0.006 -17"><span class='ocrx_word' id='word_1_693' title='bbox 1929 4393 2110 4457; x_wconf 64' lang='lat' dir='ltr'><strong>malae,</strong></span> <span class='ocrx_word' id='word_1_694' title='bbox 2139 4391 2357 4462; x_wconf 91' lang='lat' dir='ltr'><strong>quando</strong></span> <span class='ocrx_word' id='word_1_695' title='bbox 2389 4389 2476 4444; x_wconf 87' lang='lat' dir='ltr'><strong>hic</strong></span> <span class='ocrx_word' id='word_1_696' title='bbox 2507 4385 2610 4464; x_wconf 85' lang='lat' dir='ltr'><strong>[id]</strong></span> <span class='ocrx_word' id='word_1_697' title='bbox 2631 4388 2771 4458; x_wconf 90' lang='lat' dir='ltr'><strong>quod</strong></span> <span class='ocrx_word' id='word_1_698' title='bbox 2802 4403 2909 4442; x_wconf 88' lang='lat' dir='ltr'><strong>non</strong></span> <span class='ocrx_word' id='word_1_699' title='bbox 2934 4387 3060 4440; x_wconf 89' lang='lat' dir='ltr'><strong>licet</strong></span> <span class='ocrx_word' id='word_1_700' title='bbox 3097 4383 3252 4449; x_wconf 82' lang='lat' dir='ltr'><strong>libet.</strong></span> <span class='ocrx_word' id='word_1_701' title='bbox 3282 4381 3376 4437; x_wconf 90' lang='lat' dir='ltr'><strong>sed</strong></span> <span class='ocrx_word' id='word_1_702' title='bbox 3409 4395 3520 4438; x_wconf 82' lang='lat' dir='ltr'><strong>non</strong></span> 
     </span>
    </p>
   </div>
   <div class='ocr_carea' id='block_1_89' title="bbox 1929 4476 3521 4556">
    <p class='ocr_par' dir='ltr' id='par_1_89' title="bbox 1929 4476 3521 4556">
     <span class='ocr_line' id='line_1_89' title="bbox 1929 4476 3521 4556; baseline -0.005 -15"><span class='ocrx_word' id='word_1_703' title='bbox 1929 4487 2300 4556; x_wconf 87' lang='lat' dir='ltr'><strong>perﬁciuntur,</strong></span> <span class='ocrx_word' id='word_1_704' title='bbox 2333 4500 2455 4541; x_wconf 91' lang='lat' dir='ltr'><strong>cum</strong></span> <span class='ocrx_word' id='word_1_705' title='bbox 2479 4485 2582 4556; x_wconf 73' lang='lat' dir='ltr'><strong>legi</strong></span> <span class='ocrx_word' id='word_1_706' title='bbox 2612 4484 2711 4538; x_wconf 85' lang='lat' dir='ltr'><strong>Dei</strong></span> <span class='ocrx_word' id='word_1_707' title='bbox 2738 4492 2918 4538; x_wconf 88' lang='lat' dir='ltr'><strong>mente</strong></span> <span class='ocrx_word' id='word_1_708' title='bbox 2940 4480 3232 4546; x_wconf 85' lang='lat' dir='ltr'><strong>serviente,</strong></span> <span class='ocrx_word' id='word_1_709' title='bbox 3265 4476 3521 4533; x_wconf 78' lang='lat' dir='ltr'><strong>libidines</strong></span> 
     </span>
    </p>
   </div>
   <div class='ocr_carea' id='block_1_90' title="bbox 1929 4572 3518 4645">
    <p class='ocr_par' dir='ltr' id='par_1_90' title="bbox 1929 4572 3518 4645">
     <span class='ocr_line' id='line_1_90' title="bbox 1929 4572 3518 4645; baseline -0.004 -12"><span class='ocrx_word' id='word_1_710' title='bbox 1929 4580 2308 4645; x_wconf 89' lang='lat' dir='ltr'><strong>continentur;</strong></span> <span class='ocrx_word' id='word_1_711' title='bbox 2343 4588 2400 4635; x_wconf 89' lang='lat' dir='ltr'><strong>et</strong></span> <span class='ocrx_word' id='word_1_712' title='bbox 2427 4579 2626 4633; x_wconf 85' lang='lat' dir='ltr'><strong>bonum</strong></span> <span class='ocrx_word' id='word_1_713' title='bbox 2659 4578 2716 4630; x_wconf 83' lang='lat' dir='ltr'><strong>iit</strong></span> <span class='ocrx_word' id='word_1_714' title='bbox 2750 4591 2872 4631; x_wconf 87' lang='lat' dir='ltr'><strong>cum</strong></span> <span class='ocrx_word' id='word_1_715' title='bbox 2904 4575 2958 4630; x_wconf 93' lang='lat' dir='ltr'><strong>id</strong></span> <span class='ocrx_word' id='word_1_716' title='bbox 2983 4573 3126 4644; x_wconf 92' lang='lat' dir='ltr'><strong>quod</strong></span> <span class='ocrx_word' id='word_1_717' title='bbox 3177 4573 3318 4628; x_wconf 84' lang='lat' dir='ltr'><strong>male</strong></span> <span class='ocrx_word' id='word_1_718' title='bbox 3362 4572 3518 4636; x_wconf 84' lang='lat' dir='ltr'><strong>libet.</strong></span> 
     </span>
    </p>
   </div>
   <div class='ocr_carea' id='block_1_91' title="bbox 221 4651 3534 4743">
    <p class='ocr_par' dir='ltr' id='par_1_91' title="bbox 221 4651 3534 4743">
     <span class='ocr_line' id='line_1_91' title="bbox 221 4651 3534 4743; baseline -0.001 -21"><span class='ocrx_word' id='word_1_719' title='bbox 221 4682 324 4722; x_wconf 85' lang='lat' dir='ltr'><strong>sua</strong></span> <span class='ocrx_word' id='word_1_720' title='bbox 363 4670 787 4737; x_wconf 87' lang='lat' dir='ltr'><strong>concupisceret,</strong></span> <span class='ocrx_word' id='word_1_721' title='bbox 841 4667 896 4723; x_wconf 91' lang='lat' dir='ltr'><strong>id</strong></span> <span class='ocrx_word' id='word_1_722' title='bbox 942 4677 1027 4722; x_wconf 84' lang='lat' dir='ltr'><strong>est</strong></span> <span class='ocrx_word' id='word_1_723' title='bbox 1070 4668 1182 4736; x_wconf 92' lang='lat' dir='ltr'><strong>ipsa</strong></span> <span class='ocrx_word' id='word_1_724' title='bbox 1238 4669 1454 4723; x_wconf 89' lang='lat' dir='ltr'><strong>sibimet</strong></span> <span class='ocrx_word' id='word_1_725' title='bbox 1495 4670 1616 4739; x_wconf 86' lang='lat' dir='ltr'><strong>ipsi,</strong></span> <span class='ocrx_word' id='word_1_726' title='bbox 1656 4685 1719 4726; x_wconf 81' lang='lat' dir='ltr'><strong>ex</strong></span> <span class='ocrx_word' id='word_1_727' title='bbox 1760 4685 1822 4726; x_wconf 86' lang='lat' dir='ltr'><strong>ea</strong></span> <span class='ocrx_word' id='word_1_728' title='bbox 1848 4651 1904 4722; x_wconf 78' lang='lat' dir='ltr'><strong>D</strong></span> <span class='ocrx_word' id='word_1_729' title='bbox 1933 4674 2180 4728; x_wconf 83' lang='lat' dir='ltr'><strong>vincente</strong></span> <span class='ocrx_word' id='word_1_730' title='bbox 2209 4673 2349 4726; x_wconf 89' lang='lat' dir='ltr'><strong>bona</strong></span> <span class='ocrx_word' id='word_1_731' title='bbox 2377 4670 2758 4733; x_wconf 85' lang='lat' dir='ltr'><strong>delectatione,</strong></span> <span class='ocrx_word' id='word_1_732' title='bbox 2791 4683 2896 4722; x_wconf 76' lang='lat' dir='ltr'><strong>non</strong></span> <span class='ocrx_word' id='word_1_733' title='bbox 2925 4666 3024 4732; x_wconf 82' lang='lat' dir='ltr'><strong>ﬁt;</strong></span> <span class='ocrx_word' id='word_1_734' title='bbox 3058 4667 3151 4722; x_wconf 88' lang='lat' dir='ltr'><strong>sed</strong></span> <span class='ocrx_word' id='word_1_735' title='bbox 3185 4665 3312 4721; x_wconf 87' lang='lat' dir='ltr'><strong>boni</strong></span> <span class='ocrx_word' id='word_1_736' title='bbox 3343 4663 3534 4743; x_wconf 80' lang='lat' dir='ltr'><strong>perfo-_</strong></span> 
     </span>
    </p>
   </div>
   <div class='ocr_carea' id='block_1_92' title="bbox 220 4759 1827 4834">
    <p class='ocr_par' dir='ltr' id='par_1_92' title="bbox 220 4759 1827 4834">
     <span class='ocr_line' id='line_1_92' title="bbox 220 4759 1827 4834; baseline 0.006 -23"><span class='ocrx_word' id='word_1_737' title='bbox 220 4769 384 4828; x_wconf 86' lang='lat' dir='ltr'><strong>parte</strong></span> <span class='ocrx_word' id='word_1_738' title='bbox 412 4773 512 4828; x_wconf 88' lang='lat' dir='ltr'><strong>qua</strong></span> <span class='ocrx_word' id='word_1_739' title='bbox 547 4759 600 4812; x_wconf 90' lang='lat' dir='ltr'><strong>in</strong></span> <span class='ocrx_word' id='word_1_740' title='bbox 633 4775 797 4815; x_wconf 85' lang='lat' dir='ltr'><strong>carne</strong></span> <span class='ocrx_word' id='word_1_741' title='bbox 839 4759 1105 4815; x_wconf 85' lang='lat' dir='ltr'><strong>inﬁrmata</strong></span> <span class='ocrx_word' id='word_1_742' title='bbox 1147 4769 1246 4826; x_wconf 89' lang='lat' dir='ltr'><strong>est,</strong></span> <span class='ocrx_word' id='word_1_743' title='bbox 1295 4775 1638 4834; x_wconf 85' lang='lat' dir='ltr'><strong>repugnaret.</strong></span> <span class='ocrx_word' id='word_1_744' title='bbox 1685 4765 1827 4821; x_wconf 86' lang='lat' dir='ltr'><strong>Caro</strong></span> 
     </span>
    </p>
   </div>
   <div class='ocr_carea' id='block_1_93' title="bbox 224 4854 1826 4927">
    <p class='ocr_par' dir='ltr' id='par_1_93' title="bbox 224 4854 1826 4927">
     <span class='ocr_line' id='line_1_93' title="bbox 224 4854 1826 4927; baseline 0.003 -17"><span class='ocrx_word' id='word_1_745' title='bbox 224 4857 376 4910; x_wconf 86' lang='lat' dir='ltr'><strong>enim</strong></span> <span class='ocrx_word' id='word_1_746' title='bbox 415 4854 548 4910; x_wconf 88' lang='lat' dir='ltr'><strong>nihil</strong></span> <span class='ocrx_word' id='word_1_747' title='bbox 581 4856 681 4910; x_wconf 91' lang='lat' dir='ltr'><strong>nisi</strong></span> <span class='ocrx_word' id='word_1_748' title='bbox 716 4871 818 4925; x_wconf 88' lang='lat' dir='ltr'><strong>per</strong></span> <span class='ocrx_word' id='word_1_749' title='bbox 848 4859 1080 4910; x_wconf 88' lang='lat' dir='ltr'><strong>animam</strong></span> <span class='ocrx_word' id='word_1_750' title='bbox 1114 4859 1468 4927; x_wconf 87' lang='lat' dir='ltr'><strong>concupiscit,</strong></span> <span class='ocrx_word' id='word_1_751' title='bbox 1503 4860 1595 4914; x_wconf 91' lang='lat' dir='ltr'><strong>sed</strong></span> <span class='ocrx_word' id='word_1_752' title='bbox 1626 4874 1826 4915; x_wconf 87' lang='lat' dir='ltr'><strong>concu-</strong></span> 
     </span>
    </p>
   </div>
   <div class='ocr_carea' id='block_1_94' title="bbox 226 4949 1826 5024">
    <p class='ocr_par' dir='ltr' id='par_1_94' title="bbox 226 4949 1826 5024">
     <span class='ocr_line' id='line_1_94' title="bbox 226 4949 1826 5024; baseline 0.004 -23"><span class='ocrx_word' id='word_1_753' title='bbox 226 4949 443 5019; x_wconf 86' lang='lat' dir='ltr'><strong>piscere</strong></span> <span class='ocrx_word' id='word_1_754' title='bbox 500 4961 629 5002; x_wconf 90' lang='lat' dir='ltr'><strong>caro</strong></span> <span class='ocrx_word' id='word_1_755' title='bbox 687 4951 947 5003; x_wconf 88' lang='lat' dir='ltr'><strong>adversus</strong></span> <span class='ocrx_word' id='word_1_756' title='bbox 1010 4949 1264 5018; x_wconf 91' lang='lat' dir='ltr'><strong>Spiritum</strong></span> <span class='ocrx_word' id='word_1_757' title='bbox 1326 4952 1529 5008; x_wconf 92' lang='lat' dir='ltr'><strong>dicitur</strong></span> <span class='ocrx_word' id='word_1_758' title='bbox 1570 4954 1826 5024; x_wconf 86' lang='lat' dir='ltr'><strong>:quando</strong></span> 
     </span>
    </p>
   </div>
   <div class='ocr_carea' id='block_1_95' title="bbox 225 5039 1823 5111">
    <p class='ocr_par' dir='ltr' id='par_1_95' title="bbox 225 5039 1823 5111">
     <span class='ocr_line' id='line_1_95' title="bbox 225 5039 1823 5111; baseline 0.004 -17"><span class='ocrx_word' id='word_1_759' title='bbox 225 5041 410 5094; x_wconf 85' lang='lat' dir='ltr'><strong>anima</strong></span> <span class='ocrx_word' id='word_1_760' title='bbox 442 5039 642 5094; x_wconf 88' lang='lat' dir='ltr'><strong>carnali</strong></span> <span class='ocrx_word' id='word_1_761' title='bbox 685 5041 1123 5110; x_wconf 89' lang='lat' dir='ltr'><strong>concupiscentia</strong></span> <span class='ocrx_word' id='word_1_762' title='bbox 1167 5043 1358 5110; x_wconf 89' lang='lat' dir='ltr'><strong>spiritu</strong></span> <span class='ocrx_word' id='word_1_763' title='bbox 1391 5044 1706 5111; x_wconf 73' lang='lat' dir='ltr'><strong>relumatur,</strong></span> <span class='ocrx_word' id='word_1_764' title='bbox 1741 5057 1823 5100; x_wconf 87' lang='lat' dir='ltr'><strong>to-</strong></span> 
     </span>
    </p>
   </div>
   <div class='ocr_carea' id='block_1_96' title="bbox 227 5133 1823 5208">
    <p class='ocr_par' dir='ltr' id='par_1_96' title="bbox 227 5133 1823 5208">
     <span class='ocr_line' id='line_1_96' title="bbox 227 5133 1823 5208; baseline 0.006 -20"><span class='ocrx_word' id='word_1_765' title='bbox 227 5146 347 5188; x_wconf 85' lang='lat' dir='ltr'><strong>tum</strong></span> <span class='ocrx_word' id='word_1_766' title='bbox 392 5133 494 5186; x_wconf 87' lang='lat' dir='ltr'><strong>hoc</strong></span> <span class='ocrx_word' id='word_1_767' title='bbox 545 5147 641 5188; x_wconf 90' lang='lat' dir='ltr'><strong>nos</strong></span> <span class='ocrx_word' id='word_1_768' title='bbox 670 5149 894 5200; x_wconf 87' lang='lat' dir='ltr'><strong>sumus;</strong></span> <span class='ocrx_word' id='word_1_769' title='bbox 937 5145 990 5189; x_wconf 87' lang='lat' dir='ltr'><strong>et</strong></span> <span class='ocrx_word' id='word_1_770' title='bbox 1036 5150 1162 5189; x_wconf 86' lang='lat' dir='ltr'><strong>caro</strong></span> <span class='ocrx_word' id='word_1_771' title='bbox 1194 5136 1331 5207; x_wconf 88' lang='lat' dir='ltr'><strong>ipsa,</strong></span> <span class='ocrx_word' id='word_1_772' title='bbox 1365 5153 1485 5208; x_wconf 84' lang='lat' dir='ltr'><strong>quae</strong></span> <span class='ocrx_word' id='word_1_773' title='bbox 1511 5138 1823 5199; x_wconf 83' lang='lat' dir='ltr'><strong>discedente</strong></span> 
     </span>
    </p>
   </div>
   <div class='ocr_carea' id='block_1_97' title="bbox 225 5226 1824 5303">
    <p class='ocr_par' dir='ltr' id='par_1_97' title="bbox 225 5226 1824 5303">
     <span class='ocr_line' id='line_1_97' title="bbox 225 5226 1824 5303; baseline 0.004 -20"><span class='ocrx_word' id='word_1_774' title='bbox 225 5227 410 5283; x_wconf 81' lang='lat' dir='ltr'><strong>anima</strong></span> <span class='ocrx_word' id='word_1_775' title='bbox 433 5226 680 5292; x_wconf 90' lang='lat' dir='ltr'><strong>moritur,</strong></span> <span class='ocrx_word' id='word_1_776' title='bbox 706 5237 888 5282; x_wconf 89' lang='lat' dir='ltr'><strong>nostra</strong></span> <span class='ocrx_word' id='word_1_777' title='bbox 916 5245 1039 5299; x_wconf 87' lang='lat' dir='ltr'><strong>pars</strong></span> <span class='ocrx_word' id='word_1_778' title='bbox 1063 5229 1246 5284; x_wconf 88' lang='lat' dir='ltr'><strong>inﬁma</strong></span> <span class='ocrx_word' id='word_1_779' title='bbox 1278 5240 1380 5298; x_wconf 90' lang='lat' dir='ltr'><strong>est,</strong></span> <span class='ocrx_word' id='word_1_780' title='bbox 1424 5248 1531 5286; x_wconf 92' lang='lat' dir='ltr'><strong>non</strong></span> <span class='ocrx_word' id='word_1_781' title='bbox 1575 5231 1824 5303; x_wconf 86' lang='lat' dir='ltr'><strong>fugienda</strong></span> 
     </span>
    </p>
   </div>
   <div class='ocr_carea' id='block_1_98' title="bbox 227 5320 1821 5396">
    <p class='ocr_par' dir='ltr' id='par_1_98' title="bbox 227 5320 1821 5396">
     <span class='ocr_line' id='line_1_98' title="bbox 227 5320 1821 5396; baseline 0.003 -20"><span class='ocrx_word' id='word_1_782' title='bbox 227 5321 538 5383; x_wconf 85' lang='lat' dir='ltr'><strong>dimittitur,</strong></span> <span class='ocrx_word' id='word_1_783' title='bbox 570 5320 668 5377; x_wconf 87' lang='lat' dir='ltr'><strong>sed</strong></span> <span class='ocrx_word' id='word_1_784' title='bbox 691 5322 993 5390; x_wconf 86' lang='lat' dir='ltr'><strong>recipienda</strong></span> <span class='ocrx_word' id='word_1_785' title='bbox 1027 5324 1305 5389; x_wconf 90' lang='lat' dir='ltr'><strong>reponitur</strong></span> <span class='ocrx_word' id='word_1_786' title='bbox 1329 5322 1689 5396; x_wconf 90' lang='lat' dir='ltr'><strong>[deponitur],</strong></span> <span class='ocrx_word' id='word_1_787' title='bbox 1722 5340 1821 5381; x_wconf 90' lang='lat' dir='ltr'><strong>nec</strong></span> 
     </span>
    </p>
   </div>
   <div class='ocr_carea' id='block_1_99' title="bbox 229 5412 1826 5486">
    <p class='ocr_par' dir='ltr' id='par_1_99' title="bbox 229 5412 1826 5486">
     <span class='ocr_line' id='line_1_99' title="bbox 229 5412 1826 5486; baseline 0.004 -18"><span class='ocrx_word' id='word_1_788' title='bbox 229 5420 453 5480; x_wconf 80' lang='lat' dir='ltr'><strong>recepta</strong></span> <span class='ocrx_word' id='word_1_789' title='bbox 484 5412 706 5467; x_wconf 85' lang='lat' dir='ltr'><strong>ulterius</strong></span> <span class='ocrx_word' id='word_1_790' title='bbox 735 5413 1088 5483; x_wconf 86' lang='lat' dir='ltr'><strong>relinquetur.</strong></span> <span class='ocrx_word' id='word_1_791' title='bbox 1118 5415 1431 5471; x_wconf 89' lang='lat' dir='ltr'><strong>Seminatur</strong></span> <span class='ocrx_word' id='word_1_792' title='bbox 1460 5420 1603 5470; x_wconf 88' lang='lat' dir='ltr'><strong>enim</strong></span> <span class='ocrx_word' id='word_1_793' title='bbox 1631 5431 1826 5486; x_wconf 88' lang='lat' dir='ltr'><strong>corpus</strong></span> 
     </span>
    </p>
   </div>
   <div class='ocr_carea' id='block_1_100' title="bbox 230 5505 1816 5579">
    <p class='ocr_par' dir='ltr' id='par_1_100' title="bbox 230 5505 1816 5579">
     <span class='ocr_line' id='line_1_100' title="bbox 230 5505 1816 5579; baseline 0.004 -19"><span class='ocrx_word' id='word_1_794' title='bbox 230 5505 490 5568; x_wconf 80' lang='lat' dir='ltr'><strong>animale,</strong></span> <span class='ocrx_word' id='word_1_795' title='bbox 525 5505 696 5575; x_wconf 79' lang='lat' dir='ltr'><strong>surgit</strong></span> <span class='ocrx_word' id='word_1_796' title='bbox 723 5507 1208 5576; x_wconf 74' lang='lat' dir='ltr'><strong>corpusSpiritale.</strong></span> <span class='ocrx_word' id='word_1_797' title='bbox 1241 5508 1394 5564; x_wconf 83' lang='lat' dir='ltr'><strong>Tunc</strong></span> <span class='ocrx_word' id='word_1_798' title='bbox 1431 5509 1543 5579; x_wconf 88' lang='lat' dir='ltr'><strong>jam</strong></span> <span class='ocrx_word' id='word_1_799' title='bbox 1584 5523 1709 5565; x_wconf 87' lang='lat' dir='ltr'><strong>caro</strong></span> <span class='ocrx_word' id='word_1_800' title='bbox 1739 5511 1816 5566; x_wconf 87' lang='lat' dir='ltr'><strong>ni-</strong></span> 
     </span>
    </p>
   </div>
   <div class='ocr_carea' id='block_1_101' title="bbox 234 5586 1868 5675">
    <p class='ocr_par' dir='ltr' id='par_1_101' title="bbox 234 5586 1868 5675">
     <span class='ocr_line' id='line_1_101' title="bbox 234 5586 1868 5675; baseline 0.005 -21"><span class='ocrx_word' id='word_1_801' title='bbox 234 5599 315 5654; x_wconf 84' lang='lat' dir='ltr'><strong>hil</strong></span> <span class='ocrx_word' id='word_1_802' title='bbox 345 5598 680 5665; x_wconf 71' lang='lat' dir='ltr'><strong>concupiscit</strong></span> <span class='ocrx_word' id='word_1_803' title='bbox 727 5599 986 5654; x_wconf 87' lang='lat' dir='ltr'><strong>adversus</strong></span> <span class='ocrx_word' id='word_1_804' title='bbox 1035 5599 1301 5670; x_wconf 88' lang='lat' dir='ltr'><strong>spiritum,</strong></span> <span class='ocrx_word' id='word_1_805' title='bbox 1350 5602 1571 5673; x_wconf 91' lang='lat' dir='ltr'><strong>quando</strong></span> <span class='ocrx_word' id='word_1_806' title='bbox 1616 5612 1672 5659; x_wconf 91' lang='lat' dir='ltr'><strong>et</strong></span> <span class='ocrx_word' id='word_1_807' title='bbox 1710 5603 1825 5675; x_wconf 83' lang='lat' dir='ltr'><strong>ipsa</strong></span> <span class='ocrx_word' id='word_1_808' title='bbox 1863 5586 1868 5590; x_wconf 37' lang='grc'><strong>”</strong></span> 
     </span>
    </p>
   </div>
   <div class='ocr_carea' id='block_1_102' title="bbox 235 5692 1826 5763">
    <p class='ocr_par' dir='ltr' id='par_1_102' title="bbox 235 5692 1826 5763">
     <span class='ocr_line' id='line_1_102' title="bbox 235 5692 1826 5763; baseline 0.003 -13"><span class='ocrx_word' id='word_1_809' title='bbox 235 5692 498 5763; x_wconf 82' lang='lat' dir='ltr'><strong>spiritalis</strong></span> <span class='ocrx_word' id='word_1_810' title='bbox 526 5692 826 5757; x_wconf 83' lang='lat' dir='ltr'><strong>vocabitur,</strong></span> <span class='ocrx_word' id='word_1_811' title='bbox 856 5693 1106 5760; x_wconf 90' lang='lat' dir='ltr'><strong>quoniam</strong></span> <span class='ocrx_word' id='word_1_812' title='bbox 1136 5695 1344 5762; x_wconf 89' lang='lat' dir='ltr'><strong>spiritui</strong></span> <span class='ocrx_word' id='word_1_813' title='bbox 1373 5713 1478 5751; x_wconf 91' lang='lat' dir='ltr'><strong>non</strong></span> <span class='ocrx_word' id='word_1_814' title='bbox 1504 5697 1678 5752; x_wconf 90' lang='lat' dir='ltr'><strong>solum</strong></span> <span class='ocrx_word' id='word_1_815' title='bbox 1708 5698 1826 5756; x_wconf 89' lang='lat' dir='ltr'><strong>sine</strong></span> 
     </span>
    </p>
   </div>
   <div class='ocr_carea' id='block_1_103' title="bbox 238 5787 1826 5862">
    <p class='ocr_par' dir='ltr' id='par_1_103' title="bbox 238 5787 1826 5862">
     <span class='ocr_line' id='line_1_103' title="bbox 238 5787 1826 5862; baseline 0.006 -21"><span class='ocrx_word' id='word_1_816' title='bbox 238 5789 350 5842; x_wconf 84' lang='lat' dir='ltr'><strong>ulla</strong></span> <span class='ocrx_word' id='word_1_817' title='bbox 382 5787 754 5855; x_wconf 78' lang='lat' dir='ltr'><strong>repugnantia,</strong></span> <span class='ocrx_word' id='word_1_818' title='bbox 807 5803 991 5842; x_wconf 91' lang='lat' dir='ltr'><strong>verum</strong></span> <span class='ocrx_word' id='word_1_819' title='bbox 1034 5787 1197 5842; x_wconf 90' lang='lat' dir='ltr'><strong>etiam</strong></span> <span class='ocrx_word' id='word_1_820' title='bbox 1230 5787 1346 5843; x_wconf 90' lang='lat' dir='ltr'><strong>sine</strong></span> <span class='ocrx_word' id='word_1_821' title='bbox 1386 5791 1490 5845; x_wconf 90' lang='lat' dir='ltr'><strong>ulla</strong></span> <span class='ocrx_word' id='word_1_822' title='bbox 1520 5793 1826 5862; x_wconf 87' lang='lat' dir='ltr'><strong>corporalis</strong></span> 
     </span>
    </p>
   </div>
   <div class='ocr_carea' id='block_1_104' title="bbox 240 5879 1828 5950">
    <p class='ocr_par' dir='ltr' id='par_1_104' title="bbox 240 5879 1828 5950">
     <span class='ocr_line' id='line_1_104' title="bbox 240 5879 1828 5950; baseline 0.005 -14"><span class='ocrx_word' id='word_1_823' title='bbox 240 5879 484 5936; x_wconf 76' lang='lat' dir='ltr'><strong>alimenti</strong></span> <span class='ocrx_word' id='word_1_824' title='bbox 526 5880 840 5950; x_wconf 74' lang='lat' dir='ltr'><strong>indigentia,</strong></span> <span class='ocrx_word' id='word_1_825' title='bbox 895 5884 947 5936; x_wconf 92' lang='lat' dir='ltr'><strong>in</strong></span> <span class='ocrx_word' id='word_1_826' title='bbox 989 5890 1248 5938; x_wconf 63' lang='lat' dir='ltr'><strong>eternium</strong></span> <span class='ocrx_word' id='word_1_827' title='bbox 1284 5881 1597 5941; x_wconf 80' lang='lat' dir='ltr'><strong>viviﬁcanda</strong></span> <span class='ocrx_word' id='word_1_828' title='bbox 1633 5887 1828 5944; x_wconf 82' lang='lat' dir='ltr'><strong>subde-</strong></span> 
     </span>
    </p>
   </div>
   <div class='ocr_carea' id='block_1_105' title="bbox 1933 4759 3523 4834">
    <p class='ocr_par' dir='ltr' id='par_1_105' title="bbox 1933 4759 3523 4834">
     <span class='ocr_line' id='line_1_105' title="bbox 1933 4759 3523 4834; baseline -0.007 -14"><span class='ocrx_word' id='word_1_829' title='bbox 1933 4765 2039 4820; x_wconf 90' lang='lat' dir='ltr'><strong>ctio</strong></span> <span class='ocrx_word' id='word_1_830' title='bbox 2071 4780 2176 4819; x_wconf 88' lang='lat' dir='ltr'><strong>non</strong></span> <span class='ocrx_word' id='word_1_831' title='bbox 2223 4763 2497 4834; x_wconf 89' lang='lat' dir='ltr'><strong>impletur,</strong></span> <span class='ocrx_word' id='word_1_832' title='bbox 2522 4760 2758 4830; x_wconf 87' lang='lat' dir='ltr'><strong>quandiu</strong></span> <span class='ocrx_word' id='word_1_833' title='bbox 2807 4760 2908 4829; x_wconf 81' lang='lat' dir='ltr'><strong>legi</strong></span> <span class='ocrx_word' id='word_1_834' title='bbox 2957 4759 3162 4830; x_wconf 86' lang='lat' dir='ltr'><strong>peccati</strong></span> <span class='ocrx_word' id='word_1_835' title='bbox 3212 4771 3376 4812; x_wconf 79' lang='lat' dir='ltr'><strong>carne</strong></span> <span class='ocrx_word' id='word_1_836' title='bbox 3406 4769 3523 4810; x_wconf 82' lang='lat' dir='ltr'><strong>ser-</strong></span> 
     </span>
    </p>
   </div>
   <div class='ocr_carea' id='block_1_106' title="bbox 1934 4853 3511 4925">
    <p class='ocr_par' dir='ltr' id='par_1_106' title="bbox 1934 4853 3511 4925">
     <span class='ocr_line' id='line_1_106' title="bbox 1934 4853 3511 4925; baseline -0.006 -13"><span class='ocrx_word' id='word_1_837' title='bbox 1934 4862 2110 4914; x_wconf 89' lang='lat' dir='ltr'><strong>viente</strong></span> <span class='ocrx_word' id='word_1_838' title='bbox 2141 4859 2306 4914; x_wconf 89' lang='lat' dir='ltr'><strong>libido</strong></span> <span class='ocrx_word' id='word_1_839' title='bbox 2335 4857 2510 4924; x_wconf 80' lang='lat' dir='ltr'><strong>iilicit,</strong></span> <span class='ocrx_word' id='word_1_840' title='bbox 2548 4864 2628 4920; x_wconf 84' lang='lat' dir='ltr'><strong>et,</strong></span> <span class='ocrx_word' id='word_1_841' title='bbox 2661 4854 2914 4925; x_wconf 83' lang='lat' dir='ltr'><strong>quamvis</strong></span> <span class='ocrx_word' id='word_1_842' title='bbox 2941 4853 3301 4916; x_wconf 83' lang='lat' dir='ltr'><strong>contineatur,</strong></span> <span class='ocrx_word' id='word_1_843' title='bbox 3331 4862 3511 4905; x_wconf 85' lang='lat' dir='ltr'><strong>tamen</strong></span> 
     </span>
    </p>
   </div>
   <div class='ocr_carea' id='block_1_107' title="bbox 1932 4941 3518 5018">
    <p class='ocr_par' dir='ltr' id='par_1_107' title="bbox 1932 4941 3518 5018">
     <span class='ocr_line' id='line_1_107' title="bbox 1932 4941 3518 5018; baseline -0.004 -13"><span class='ocrx_word' id='word_1_844' title='bbox 1932 4961 2196 5006; x_wconf 88' lang='lat' dir='ltr'><strong>movetur.</strong></span> <span class='ocrx_word' id='word_1_845' title='bbox 2228 4950 2344 5004; x_wconf 73' lang='lat' dir='ltr'><strong>Non</strong></span> <span class='ocrx_word' id='word_1_846' title='bbox 2376 4949 2518 5004; x_wconf 88' lang='lat' dir='ltr'><strong>enim</strong></span> <span class='ocrx_word' id='word_1_847' title='bbox 2551 4959 2686 5018; x_wconf 80' lang='lat' dir='ltr'><strong>opus</strong></span> <span class='ocrx_word' id='word_1_848' title='bbox 2717 4957 2878 5015; x_wconf 87' lang='lat' dir='ltr'><strong>esset,</strong></span> <span class='ocrx_word' id='word_1_849' title='bbox 2917 4957 2975 5002; x_wconf 92' lang='lat' dir='ltr'><strong>ut</strong></span> <span class='ocrx_word' id='word_1_850' title='bbox 3001 4948 3387 5010; x_wconf 67' lang='lat' dir='ltr'><strong>contineretur,</strong></span> <span class='ocrx_word' id='word_1_851' title='bbox 3414 4941 3518 4998; x_wconf 80' lang='lat' dir='ltr'><strong>nisi</strong></span> 
     </span>
    </p>
   </div>
   <div class='ocr_carea' id='block_1_108' title="bbox 1931 5035 3520 5111">
    <p class='ocr_par' dir='ltr' id='par_1_108' title="bbox 1931 5035 3520 5111">
     <span class='ocr_line' id='line_1_108' title="bbox 1931 5035 3520 5111; baseline -0.006 -13"><span class='ocrx_word' id='word_1_852' title='bbox 1931 5049 2260 5098; x_wconf 87' lang='lat' dir='ltr'><strong>moveretur.</strong></span> <span class='ocrx_word' id='word_1_853' title='bbox 2317 5041 2429 5096; x_wconf 86' lang='lat' dir='ltr'><strong>Erit</strong></span> <span class='ocrx_word' id='word_1_854' title='bbox 2474 5041 2795 5111; x_wconf 88' lang='lat' dir='ltr'><strong>quandoque</strong></span> <span class='ocrx_word' id='word_1_855' title='bbox 2840 5043 3002 5097; x_wconf 87' lang='lat' dir='ltr'><strong>etiam</strong></span> <span class='ocrx_word' id='word_1_856' title='bbox 3055 5038 3317 5108; x_wconf 76' lang='lat' dir='ltr'><strong>perfectio</strong></span> <span class='ocrx_word' id='word_1_857' title='bbox 3353 5035 3520 5106; x_wconf 87' lang='lat' dir='ltr'><strong>boni,</strong></span> 
     </span>
    </p>
   </div>
   <div class='ocr_carea' id='block_1_109' title="bbox 1931 5127 3523 5205">
    <p class='ocr_par' dir='ltr' id='par_1_109' title="bbox 1931 5127 3523 5205">
     <span class='ocr_line' id='line_1_109' title="bbox 1931 5127 3523 5205; baseline -0.003 -17"><span class='ocrx_word' id='word_1_858' title='bbox 1931 5134 2144 5205; x_wconf 86' lang='lat' dir='ltr'><strong>quando</strong></span> <span class='ocrx_word' id='word_1_859' title='bbox 2185 5135 2525 5204; x_wconf 88' lang='lat' dir='ltr'><strong>consumptio</strong></span> <span class='ocrx_word' id='word_1_860' title='bbox 2568 5134 2692 5189; x_wconf 89' lang='lat' dir='ltr'><strong>mali</strong></span> <span class='ocrx_word' id='word_1_861' title='bbox 2724 5152 2737 5188; x_wconf 91' lang='lat'><strong>:</strong></span> <span class='ocrx_word' id='word_1_862' title='bbox 2769 5133 2905 5190; x_wconf 89' lang='lat' dir='ltr'><strong>illud</strong></span> <span class='ocrx_word' id='word_1_863' title='bbox 2948 5145 3250 5196; x_wconf 79' lang='lat' dir='ltr'><strong>summum,</strong></span> <span class='ocrx_word' id='word_1_864' title='bbox 3286 5127 3389 5182; x_wconf 88' lang='lat' dir='ltr'><strong>hoc</strong></span> <span class='ocrx_word' id='word_1_865' title='bbox 3418 5127 3523 5184; x_wconf 83' lang='lat' dir='ltr'><strong>erit</strong></span> 
     </span>
    </p>
   </div>
   <div class='ocr_carea' id='block_1_110' title="bbox 1931 5220 3524 5295">
    <p class='ocr_par' dir='ltr' id='par_1_110' title="bbox 1931 5220 3524 5295">
     <span class='ocr_line' id='line_1_110' title="bbox 1931 5220 3524 5295; baseline -0.005 -14"><span class='ocrx_word' id='word_1_866' title='bbox 1931 5228 2156 5282; x_wconf 90' lang='lat' dir='ltr'><strong>nullum.</strong></span> <span class='ocrx_word' id='word_1_867' title='bbox 2185 5227 2340 5295; x_wconf 85' lang='lat' dir='ltr'><strong>Quod</strong></span> <span class='ocrx_word' id='word_1_868' title='bbox 2369 5227 2414 5282; x_wconf 89' lang='lat' dir='ltr'><strong>si</strong></span> <span class='ocrx_word' id='word_1_869' title='bbox 2457 5227 2508 5282; x_wconf 90' lang='lat' dir='ltr'><strong>in</strong></span> <span class='ocrx_word' id='word_1_870' title='bbox 2540 5228 2637 5284; x_wconf 87' lang='lat' dir='ltr'><strong>ista</strong></span> <span class='ocrx_word' id='word_1_871' title='bbox 2661 5227 2986 5282; x_wconf 78' lang='lat' dir='ltr'><strong>mortalitate</strong></span> <span class='ocrx_word' id='word_1_872' title='bbox 3015 5220 3342 5293; x_wconf 80' lang='lat' dir='ltr'><strong>sperandum</strong></span> <span class='ocrx_word' id='word_1_873' title='bbox 3370 5228 3524 5289; x_wconf 76' lang='lat' dir='ltr'><strong>puta-</strong></span> 
     </span>
    </p>
   </div>
   <div class='ocr_carea' id='block_1_111' title="bbox 1930 5315 3523 5386">
    <p class='ocr_par' dir='ltr' id='par_1_111' title="bbox 1930 5315 3523 5386">
     <span class='ocr_line' id='line_1_111' title="bbox 1930 5315 3523 5386; baseline -0.002 -12"><span class='ocrx_word' id='word_1_874' title='bbox 1930 5336 2072 5385; x_wconf 88' lang='lat' dir='ltr'><strong>mus,</strong></span> <span class='ocrx_word' id='word_1_875' title='bbox 2102 5320 2355 5376; x_wconf 81' lang='lat' dir='ltr'><strong>iallimur.</strong></span> <span class='ocrx_word' id='word_1_876' title='bbox 2388 5319 2540 5378; x_wconf 85' lang='lat' dir='ltr'><strong>Tunc</strong></span> <span class='ocrx_word' id='word_1_877' title='bbox 2585 5321 2730 5376; x_wconf 88' lang='lat' dir='ltr'><strong>enim</strong></span> <span class='ocrx_word' id='word_1_878' title='bbox 2783 5318 2921 5385; x_wconf 86' lang='lat' dir='ltr'><strong>erit,</strong></span> <span class='ocrx_word' id='word_1_879' title='bbox 2968 5315 3186 5386; x_wconf 85' lang='lat' dir='ltr'><strong>quando</strong></span> <span class='ocrx_word' id='word_1_880' title='bbox 3224 5328 3372 5370; x_wconf 86' lang='lat' dir='ltr'><strong>mors</strong></span> <span class='ocrx_word' id='word_1_881' title='bbox 3415 5325 3523 5371; x_wconf 84' lang='lat' dir='ltr'><strong>uel</strong></span> 
     </span>
    </p>
   </div>
   <div class='ocr_carea' id='block_1_112' title="bbox 1931 5408 3523 5480">
    <p class='ocr_par' dir='ltr' id='par_1_112' title="bbox 1931 5408 3523 5480">
     <span class='ocr_line' id='line_1_112' title="bbox 1931 5408 3523 5480; baseline -0.004 -12"><span class='ocrx_word' id='word_1_882' title='bbox 1931 5416 2052 5480; x_wconf 87' lang='lat' dir='ltr'><strong>erit,</strong></span> <span class='ocrx_word' id='word_1_883' title='bbox 2086 5423 2139 5469; x_wconf 88' lang='lat' dir='ltr'><strong>et</strong></span> <span class='ocrx_word' id='word_1_884' title='bbox 2168 5415 2238 5469; x_wconf 90' lang='lat' dir='ltr'><strong>ibi</strong></span> <span class='ocrx_word' id='word_1_885' title='bbox 2270 5415 2393 5480; x_wconf 89' lang='lat' dir='ltr'><strong>erit,</strong></span> <span class='ocrx_word' id='word_1_886' title='bbox 2426 5415 2516 5470; x_wconf 90' lang='lat' dir='ltr'><strong>ubi</strong></span> <span class='ocrx_word' id='word_1_887' title='bbox 2553 5417 2659 5468; x_wconf 90' lang='lat' dir='ltr'><strong>vita</strong></span> <span class='ocrx_word' id='word_1_888' title='bbox 2706 5423 2907 5468; x_wconf 65' lang='lat' dir='ltr'><strong>aeterna</strong></span> <span class='ocrx_word' id='word_1_889' title='bbox 2953 5409 3081 5468; x_wconf 87' lang='lat' dir='ltr'><strong>erit.</strong></span> <span class='ocrx_word' id='word_1_890' title='bbox 3108 5409 3206 5464; x_wconf 79' lang='lat' dir='ltr'><strong>Illo</strong></span> <span class='ocrx_word' id='word_1_891' title='bbox 3230 5408 3373 5463; x_wconf 83' lang='lat' dir='ltr'><strong>enim</strong></span> <span class='ocrx_word' id='word_1_892' title='bbox 3420 5420 3523 5462; x_wconf 73' lang='lat' dir='ltr'><strong>sa-</strong></span> 
     </span>
    </p>
   </div>
   <div class='ocr_carea' id='block_1_113' title="bbox 1932 5500 3520 5578">
    <p class='ocr_par' dir='ltr' id='par_1_113' title="bbox 1932 5500 3520 5578">
     <span class='ocr_line' id='line_1_113' title="bbox 1932 5500 3520 5578; baseline -0.005 -17"><span class='ocrx_word' id='word_1_893' title='bbox 1932 5506 2052 5561; x_wconf 90' lang='lat' dir='ltr'><strong>culo</strong></span> <span class='ocrx_word' id='word_1_894' title='bbox 2079 5506 2162 5576; x_wconf 91' lang='lat' dir='ltr'><strong>[In</strong></span> <span class='ocrx_word' id='word_1_895' title='bbox 2194 5507 2284 5560; x_wconf 82' lang='lat' dir='ltr'><strong>illo</strong></span> <span class='ocrx_word' id='word_1_896' title='bbox 2312 5506 2453 5562; x_wconf 87' lang='lat' dir='ltr'><strong>enim</strong></span> <span class='ocrx_word' id='word_1_897' title='bbox 2503 5503 2744 5578; x_wconf 60' lang='lat' dir='ltr'><strong>sarculo],</strong></span> <span class='ocrx_word' id='word_1_898' title='bbox 2778 5512 2835 5558; x_wconf 87' lang='lat' dir='ltr'><strong>et</strong></span> <span class='ocrx_word' id='word_1_899' title='bbox 2874 5503 2930 5558; x_wconf 88' lang='lat' dir='ltr'><strong>in</strong></span> <span class='ocrx_word' id='word_1_900' title='bbox 2963 5501 3057 5556; x_wconf 80' lang='lat' dir='ltr'><strong>illo</strong></span> <span class='ocrx_word' id='word_1_901' title='bbox 3082 5515 3251 5571; x_wconf 74' lang='lat' dir='ltr'><strong>regno</strong></span> <span class='ocrx_word' id='word_1_902' title='bbox 3275 5501 3380 5556; x_wconf 85' lang='lat' dir='ltr'><strong>erit</strong></span> <span class='ocrx_word' id='word_1_903' title='bbox 3423 5500 3520 5554; x_wconf 59' lang='lat' dir='ltr'><strong>bo.</strong></span> 
     </span>
    </p>
   </div>
   <div class='ocr_carea' id='block_1_114' title="bbox 1939 5590 3521 5667">
    <p class='ocr_par' dir='ltr' id='par_1_114' title="bbox 1939 5590 3521 5667">
     <span class='ocr_line' id='line_1_114' title="bbox 1939 5590 3521 5667; baseline -0.003 -14"><span class='ocrx_word' id='word_1_904' title='bbox 1939 5614 2066 5653; x_wconf 91' lang='lat' dir='ltr'><strong>num</strong></span> <span class='ocrx_word' id='word_1_905' title='bbox 2108 5614 2400 5667; x_wconf 87' lang='lat' dir='ltr'><strong>summum,</strong></span> <span class='ocrx_word' id='word_1_906' title='bbox 2435 5607 2491 5654; x_wconf 91' lang='lat' dir='ltr'><strong>et</strong></span> <span class='ocrx_word' id='word_1_907' title='bbox 2517 5599 2715 5653; x_wconf 89' lang='lat' dir='ltr'><strong>malum</strong></span> <span class='ocrx_word' id='word_1_908' title='bbox 2745 5595 2974 5662; x_wconf 90' lang='lat' dir='ltr'><strong>nullum,</strong></span> <span class='ocrx_word' id='word_1_909' title='bbox 3001 5594 3215 5666; x_wconf 79' lang='lat' dir='ltr'><strong>quando</strong></span> <span class='ocrx_word' id='word_1_910' title='bbox 3242 5592 3345 5650; x_wconf 75' lang='lat' dir='ltr'><strong>erit</strong></span> <span class='ocrx_word' id='word_1_911' title='bbox 3368 5599 3427 5648; x_wconf 89' lang='lat' dir='ltr'><strong>et</strong></span> <span class='ocrx_word' id='word_1_912' title='bbox 3445 5590 3521 5649; x_wconf 62' lang='lat' dir='ltr'><strong>ili</strong></span> 
     </span>
    </p>
   </div>
   <div class='ocr_carea' id='block_1_115' title="bbox 1947 5685 3519 5764">
    <p class='ocr_par' dir='ltr' id='par_1_115' title="bbox 1947 5685 3519 5764">
     <span class='ocr_line' id='line_1_115' title="bbox 1947 5685 3519 5764; baseline -0.001 -19"><span class='ocrx_word' id='word_1_913' title='bbox 1947 5689 2062 5764; x_wconf 89' lang='lat' dir='ltr'><strong>[ubi</strong></span> <span class='ocrx_word' id='word_1_914' title='bbox 2093 5691 2216 5763; x_wconf 90' lang='lat' dir='ltr'><strong>erit]</strong></span> <span class='ocrx_word' id='word_1_915' title='bbox 2249 5692 2526 5762; x_wconf 69' lang='lat' dir='ltr'><strong>sapientiai</strong></span> <span class='ocrx_word' id='word_1_916' title='bbox 2555 5705 2708 5748; x_wconf 87' lang='lat' dir='ltr'><strong>amor</strong></span> <span class='ocrx_word' id='word_1_917' title='bbox 2753 5704 3020 5759; x_wconf 76' lang='lat' dir='ltr'><strong>summus,</strong></span> <span class='ocrx_word' id='word_1_918' title='bbox 3061 5688 3410 5746; x_wconf 65' lang='lat' dir='ltr'><strong>antinomia</strong></span> <span class='ocrx_word' id='word_1_919' title='bbox 3435 5685 3519 5745; x_wconf 59' lang='lat' dir='ltr'><strong>ita</strong></span> 
     </span>
    </p>
   </div>
   <div class='ocr_carea' id='block_1_116' title="bbox 1934 5784 2254 5841">
    <p class='ocr_par' dir='ltr' id='par_1_116' title="bbox 1934 5784 2254 5841">
     <span class='ocr_line' id='line_1_116' title="bbox 1934 5784 2254 5841; baseline 0 -1"><span class='ocrx_word' id='word_1_920' title='bbox 1934 5785 2032 5841; x_wconf 92' lang='lat' dir='ltr'><strong>bor</strong></span> <span class='ocrx_word' id='word_1_921' title='bbox 2059 5784 2254 5841; x_wconf 88' lang='lat' dir='ltr'><strong>nullus.</strong></span> 
     </span>
    </p>
   </div>
  </div>
