3986 6382
572 326 679 383 855

1121 443 1349 500 CAPUT
1389 443 1617 500 CXCVI.

571 539 765 598 Utrum
784 536 932 594 aliud
965 540 1030 594 sit
1058 540 1257 602 anima,
1285 537 1431 590 aliud
1467 539 1699 601 spiritus,
1737 554 1803 591 an
1828 547 2040 605 utroque
2067 553 2160 590 no-

643 614 780 665 mine
804 628 882 664 res
912 628 1015 682 una
1038 608 1284 663 vocetur?
1311 607 1393 662 Ea:
1415 608 1542 662 libro
1566 610 1628 663 de
1661 609 1869 682 Origine
1891 610 2075 662 anima:
2092 609 2160 661 ad

647 682 904 738 Victorem
939 681 1290 735 Vincentium.

648 794 838 852 Restat
866 795 1154 851 ostendere
1183 793 1655 865 quemadmodum,
1680 793 1926 864 quamvis
1955 799 2008 848 et
2035 805 2158 862 pro-

569 891 690 962 prie
716 889 924 944 dicatur
967 889 1211 957 spiritus,
1246 903 1351 942 non
1383 888 1633 943 universa
1680 889 1879 952 anima,
1928 885 2022 941 sed
2053 886 2157 940 ali-

570 983 697 1054 quid
722 983 912 1051 ipsius,
944 982 1083 1036 sicut
1107 981 1395 1050 Apostolus
1423 981 1550 1035 dicit
1575 999 1589 1035 :
1614 979 1681 1035 Et
1709 981 1914 1050 integer
1939 980 2158 1049 spiritus

569 1086 771 1140 vester,
801 1082 856 1129 et
883 1074 1085 1140 anima,
1116 1083 1171 1129 et
1197 1089 1410 1142 corpus.
1440 1072 1534 1127 Vel
1568 1073 1694 1128 illud
1733 1073 1904 1127 multo
1931 1087 2153 1141 expres-

566 1170 681 1224 sius
710 1168 761 1221 in
789 1165 924 1220 libro
955 1166 1054 1221 Job
1081 1183 1093 1218 :
1120 1165 1408 1220 Absolvisti
1435 1165 1667 1220 animam
1697 1179 1868 1220 meam
1893 1179 1921 1217 a
1963 1165 2153 1233 Spiritu

565 1276 692 1318 meo
721 1279 735 1327 ;
765 1271 943 1315 tamen
993 1270 1045 1315 et
1075 1259 1324 1313 universa
1373 1258 1673 1329 appellatur
1708 1260 1884 1313 anima
1917 1258 2018 1313 hoc
2057 1272 2154 1312 no-

563 1359 744 1422 mine;
773 1356 1020 1427 quamvis
1051 1354 1225 1410 multo
1254 1355 1423 1424 magis
1470 1354 1584 1409 haec
1614 1354 1839 1425 quaestio
1878 1355 2151 1409 nominum

564 1449 809 1504 videatur
851 1463 990 1511 esse,
1037 1461 1146 1501 non
1189 1462 1395 1502 rerum.
1439 1444 1571 1500 Cum
1615 1447 1758 1501 enim
1788 1455 1997 1502 constet
2033 1460 2153 1501 esse

565 1543 768 1610 aliquid
798 1542 851 1596 in
876 1542 1071 1605 anima,
1099 1539 1242 1609 quod
1297 1540 1510 1609 proprie
1557 1541 1777 1609 Spiritus
1826 1540 2150 1607 nominetur,

565 1651 672 1706 quo
705 1645 949 1704 excepto,
998 1633 1214 1702 proprie
1255 1634 1563 1686 nominatur
1607 1641 1663 1687 et
1707 1633 1904 1700 anima,
1931 1633 2039 1701 jam
2085 1634 2152 1688 de

563 1728 729 1785 rebus
757 1727 889 1796 ipsis
918 1726 1063 1780 nulla
1095 1726 1369 1780 contentio
1399 1734 1519 1790 est;
1544 1725 1843 1796 praesertim
1873 1727 1996 1796 quia
2027 1724 2152 1780 illud

1657 329 1720 383 D.
1763 321 2089 382 EUGYPPH
2129 320 2416 380 ABBATIS
2459 320 2782 379 AFRICANI
3747 325 3829 382 856

2195 435 2251 498 Α
2275 436 2508 506 peditius
2533 435 2679 507 quod
2706 435 2846 501 dico,
2881 433 3110 504 teipsum
3139 438 3326 489 testem
3349 431 3511 489 citius
3538 443 3598 489 et
3624 447 3830 494 commo-

2269 529 2388 585 dius
2411 528 2716 595 adhibebo;
2767 532 2846 584 sic
2891 528 3034 584 enim
3085 526 3328 598 spiritum
3371 525 3639 593 deﬁnisti,
3671 540 3726 585 ut
3759 546 3829 600 pe-

2269 636 2396 678 cora
2419 629 2718 692 appareant
2764 636 2869 676 non
2924 619 3172 691 spiritum
3227 618 3448 684 habere,
3479 619 3581 674 sed
3631 621 3825 678 animam

2267 713 2536 790 [habere].
2588 713 2924 768 lrrationalia
2969 712 3089 768 ideo
3146 712 3341 783 quippe
3377 713 3666 778 dicuntur,
3716 721 3825 785 quod

2262 808 2371 863 vim
2395 822 2502 862 non
2544 806 2777 862 habeant
2825 805 3193 872 intelligentiae
3235 815 3395 875 atque
3425 805 3675 862 rationis.
3707 806 3824 866 Unde

2261 914 2383 957 cum
2443 899 2715 954 hominem
2772 899 2944 966 ipsum
3001 912 3314 953 ammonere
3366 898 3646 954 voluisses
3708 915 3821 955 suam

2261 1005 2424 1048 nosse
2456 999 2700 1045 naturam
2731 989 3077 1064 [admoneres
3099 1004 3246 1044 suam
3270 1003 3435 1044 nosse
3465 988 3749 1063 naturam].
3773 994 3819 1045 ita

2258 1082 2468 1139 locutus
2492 1097 2587 1138 es:
2623 1102 2640 1134 ι
2669 1081 2798 1137 Nam
2830 1097 2952 1137 cum
2985 1081 3122 1135 Dens
3155 1080 3328 1136 bonus
3352 1080 3487 1135 nihil
3519 1096 3629 1136 non
3656 1085 3814 1137 ratione

2257 1176 2866 1247 condiderit,ipsumque
2881 1175 3169 1241 hominem,
3185 1174 3379 1230 animal
3397 1173 3686 1240 rationale,
3701 1177 3807 1230 intel-

2259 1272 2431 1328 lectus
2445 1286 2693 1341 capacem
2705 1313 2718 1336 ,
2735 1273 2956 1327 rationis
2975 1279 3272 1341 compotem
3296 1285 3579 1340 sensuque
3594 1270 3809 1338 vivacem,

2255 1368 2348 1437 qui
2366 1365 2542 1421 omnia
2561 1365 2779 1420 rationis
2797 1365 3034 1434 expertia
3052 1364 3297 1434 prudenti
3314 1364 3661 1420 ordinatione
3674 1365 3812 1420 distri-

2254 1459 2405 1525 buat,
2438 1458 2818 1529 procreaverit.
2849 1476 2867 1510 ι
2913 1457 3005 1513 llis
3049 1458 3154 1513 tuis
3179 1458 3359 1512 verbis
3387 1458 3534 1512 satis
3561 1459 3807 1513 asseruisti.

2254 1553 2395 1625 quod
2422 1553 2640 1608 omnino
2681 1551 3019 1606 verissimum
3063 1559 3168 1617 est,
3232 1549 3515 1604 hominem
3550 1565 3666 1605 esse
3699 1567 3808 1605 cem-

2254 1653 2432 1715 potem
2485 1645 2707 1699 rationis
2755 1653 2916 1713 atqne
2948 1642 3318 1712 intelligentia:
3370 1656 3650 1711 capacem,
3695 1644 3802 1711 quod

2256 1740 2439 1808 utique
2466 1754 2572 1793 non
2603 1747 2727 1792 sunt
2756 1736 3006 1792 animalia
3035 1737 3260 1791 rationis
3297 1736 3579 1803 expertia;
3615 1735 3733 1791 unde
3757 1749 3808 1791 te-

565 1823 727 1878 etiam
755 1823 877 1877 dico
909 1835 1032 1893 ego,
1063 1819 1279 1891 proprie
1306 1820 1490 1874 vocari
1519 1820 1788 1889 spiritum,
1831 1819 1975 1888 quod
2019 1829 2075 1874 et
2099 1829 2145 1874 tu

2258 1833 2514 1889 stimonio
2544 1832 2730 1887 divino
2760 1847 2874 1898 eos,
2918 1831 3008 1900 qui
3059 1846 3166 1886 non
3215 1829 3524 1900 intelligunt
3571 1830 3802 1901 pec0ribus

562 1913 719 1980 dicis,
749 1914 804 1969 id
829 1922 913 1968 est
943 1929 1048 1984 quo
1079 1913 1463 1968 ratiocinamur
1492 1921 1547 1968 et
1572 1913 1919 1984 intelligimus
1940 1916 2156 1985 quando

560 2009 640 2063 ita
669 2008 923 2062 distincte
948 2007 1049 2061 ista
1081 2005 1354 2071 dicuntur,
1386 2007 1838 2076 quemadmodum
1864 2007 2154 2076 Apostolus

565 2100 639 2154 ait
671 2118 684 2152 :
711 2100 776 2153 Et
805 2100 1010 2170 integer
1038 2099 1259 2168 spiritus
1285 2110 1485 2165 vester,
1517 2108 1574 2154 et
1613 2101 1812 2167 anima,
1846 2109 1901 2155 et
1935 2116 2150 2170 corpus.

562 2191 720 2248 Hunc
747 2201 922 2247 autem
952 2192 1222 2263 spiritum,
1253 2195 1414 2248 etiam
1457 2201 1694 2248 mentem
1730 2194 1934 2249 videtur
1968 2196 2151 2265 appel-

560 2284 705 2347 lare,
734 2299 856 2338 cum
884 2284 1053 2339 dicit:
1083 2285 1260 2341 Mente
1293 2286 1469 2340 servio
1504 2287 1604 2356 legi
1637 2286 1754 2352 Dei,
1784 2301 1945 2343 carne
1973 2297 2150 2343 autem

559 2376 668 2448 legi
699 2378 930 2448 peccati.
963 2377 1093 2432 Nam
1129 2378 1243 2448 ipsa
1267 2379 1532 2434 sententia
1562 2389 1647 2434 est
1673 2396 1686 2434 :
1714 2380 1781 2435 Et
1802 2396 1926 2436 caro
1952 2396 2153 2438 concu-

559 2470 719 2540 piscit
765 2470 1023 2524 adversus
1077 2471 1349 2538 spiritum,
1402 2472 1624 2540 spiritus
1669 2481 1847 2527 autem
1895 2475 2152 2530 adversus

558 2575 804 2616 carnem.
829 2561 899 2616 Ut
929 2561 1070 2631 quod
1102 2561 1174 2616 ibi
1204 2563 1337 2616 dixit
1363 2561 1535 2634 [dicit]
1581 2573 1782 2631 mente,
1817 2564 1917 2620 hoc
1948 2566 2150 2622 intelli-

559 2659 717 2720 gatur
741 2653 827 2706 hic
855 2652 1100 2721 spiritum
1128 2649 1329 2709 dicere.
1348 2653 1462 2709 Non
1486 2659 1627 2711 sicut
1659 2665 1712 2710 tn
1735 2658 2010 2714 existimas
2036 2661 2152 2716 uni-

559 2757 775 2798 versam
825 2755 1060 2801 mentem
1114 2750 1316 2813 vocari,
1356 2765 1477 2818 quae
1520 2761 1733 2807 constat
1767 2767 1833 2808 ex
1883 2755 2059 2810 anima
2092 2761 2153 2812 et

559 2834 776 2903 Spiritu,
804 2836 946 2906 quod
977 2838 1068 2892 ubi
1100 2838 1292 2909 legeris
1319 2841 1522 2896 nescio.
1566 2842 1799 2898 Mentem
1827 2846 2023 2916 quippe
2053 2863 2151 2902 no-

560 2929 885 2994 stram,'nisi
917 2930 1177 2987 rationale
1203 2939 1260 2986 et
1302 2933 1666 2992 intellectuale
1694 2948 1935 2994 nostrum
1968 2939 2150 2998 dicere

556 3037 669 3077 non
705 3024 944 3078 solemus
971 3042 982 3076 :
1009 3039 1072 3080 ac
1101 3040 1196 3094 per
1238 3025 1342 3082 hoc
1386 3028 1527 3096 quod
1557 3030 1631 3085 ait
1672 3034 1890 3101 quidem
1921 3036 2151 3105 Aposto-

557 3112 1051 3170 luszrenovamini
1095 3117 1285 3186 spiritu
1335 3121 1529 3174 mentis
1574 3132 1788 3191 vestrae,
1831 3127 1958 3196 quid
2002 3129 2147 3185 aliud

2258 1926 2611 1994 comparasti,
2640 1941 2746 1981 non
2777 1926 2956 1994 utique
2975 1924 3299 1980 habentibus
3322 1924 3674 1986 intellectum;
3695 1923 3803 1992 quod

2257 2031 2312 2077 et
2341 2020 2448 2075 alio
2474 2019 2592 2074 loco
2625 2020 2882 2089 scriptum
2909 2028 2992 2075 est
3017 2037 3029 2070 :
3076 2018 3251 2073 Nolite
3278 2032 3401 2073 esse
3427 2020 3567 2073 sicut
3595 2034 3742 2087 equus
3766 2027 3804 2074 et

2254 2112 2450 2175 mulus,
2486 2110 2678 2180 quibus
2701 2127 2807 2166 non
2837 2121 2918 2166 est
2941 2110 3264 2166 intellecms.
3293 2111 3421 2178 Quae
3445 2126 3564 2165 eum
3596 2112 3661 2166 ita
3692 2112 3802 2176 sint,

2254 2204 2473 2260 attende
2495 2204 2654 2259 etiam
2680 2204 2872 2274 quibus
2906 2202 3082 2258 verbis
3103 2203 3348 2275 spiritum
3377 2203 3635 2260 deﬁnieris
3656 2217 3800 2274 atque

2255 2297 2627 2363 descripseris,
2641 2311 2762 2351 cum
2780 2296 2928 2351 illum
2941 2296 3007 2352 ab
3019 2297 3197 2350 anima
3216 2297 3519 2364 distinguere
3534 2298 3790 2354 nitereris:

2262 2407 2282 2442 ‹
2303 2389 2426 2444 llaec
2442 2388 2638 2453 anima,
2665 2388 2860 2458 inquis,
2887 2404 3007 2459 quae
3024 2404 3089 2444 ex
3114 2388 3246 2444 ﬁatu
3269 2389 3353 2443 Dei
3367 2389 3520 2444 habet
3534 2391 3799 2458 originem,

2254 2482 2373 2538 sine
2396 2495 2554 2536 sensu
2585 2481 2802 2550 proprio
2846 2489 3007 2550 atque
3058 2479 3340 2535 intellectu
3371 2481 3552 2535 intimo
3577 2496 3688 2536 esse
3717 2497 3797 2536 non

2254 2576 2452 2645 p0tuit,
2488 2574 2628 2643 quod
2659 2583 2743 2630 est
2768 2573 3009 2644 Spiritus.
3039 2591 3059 2625 ›
3088 2574 3152 2628 Ει
3175 2574 3333 2644 paulo
3366 2587 3516 2644 post:
3544 2595 3562 2628 ι
3588 2576 3794 2644 Quamvis

2255 2664 2629 2740 [thuamvis]
2656 2666 2854 2732 anima,
2905 2664 3106 2736 inquis,
3157 2666 3362 2722 animet
3409 2683 3623 2737 corpus,
3657 2679 3788 2723 tamen

2254 2758 2397 2829 quod
2431 2761 2614 2824 sentit,
2659 2757 2800 2827 quod
2830 2757 2991 2828 sapit,
3021 2756 3167 2828 quod
3197 2759 3362 2827 viget,
3397 2761 3611 2828 Spiritus
3637 2760 3686 2813 sit
3708 2775 3777 2814 ue-

2254 2869 2406 2910 cesse
2421 2861 2523 2908 est.
2547 2870 2564 2904 ι
2586 2852 2716 2906 Item
2734 2850 2889 2920 paulo
2901 2859 3052 2921 post:
3075 2868 3094 2902 ι
3117 2851 3273 2906 Aliud
3295 2853 3425 2914 erit,
3444 2854 3769 2924 inquis,anima.

2251 2948 2397 3004 aliud
2420 2948 2658 3019 spiritus,
2685 2944 2949 3014 sapientia
2966 2955 3049 3000 est
3065 2959 3254 3002 sensus
3275 2946 3502 3004 animae.
3525 2968 3544 3000 ι
3567 2948 3774 3002 ﬂisverbis

2253 3042 2384 3097 satis
2411 3041 2614 3095 indicas
2656 3039 2782 3110 quid
2815 3039 2983 3113 [esse]
3008 3042 3170 3095 etiam
3196 3041 3452 3110 Spiritum
3481 3041 3679 3098 hominis
3694 3056 3782 3096 ten-

2257 3134 2376 3200 tias,
2400 3134 2451 3188 id
2479 3143 2562 3189 est
2579 3134 2841 3190 rationale
2860 3145 3101 3190 nostrum
3116 3151 3221 3206 quo
3242 3143 3410 3192 sentit
3426 3149 3583 3208 atque
3601 3135 3789 3204 intelligit

554 3200 690 3299 ίξξκίί
721 3201 1078 3299 [λάίοῖίν-η-Ῑεί]
1131 3221 1292 3275 quam
1342 3211 1673 3267 renovamini
1721 3225 1900 3272 mente
1929 3223 2154 3277 vestra?
2183 3206 2229 3272 C
2258 3227 2436 3282 anima
2467 3245 2480 3280 :
2513 3241 2619 3282 non
2655 3228 2794 3284 sicut
2823 3229 3053 3284 sentitur
3077 3200 3323 3299 corporis
3365 3200 3629 3297 sensibus,
3653 3200 3793 3284 sedsi-

553 3293 649 3349 Sic
676 3296 818 3349 enim
849 3295 1073 3364 Spiritus
1104 3299 1301 3353 mentis
1328 3301 1461 3356 nihil
1501 3314 1585 3357 est
1618 3304 1761 3360 aliud
1791 3323 1947 3378 quam
1977 3327 2149 3380 mens,

554 3386 830 3454 quomodo
857 3403 1054 3457 corpus
1085 3392 1270 3447 carnis
1301 3392 1438 3447 nihil
1466 3395 1609 3451 aliud
1644 3408 1821 3468 potest
1844 3416 1966 3458 esse
1992 3420 2150 3474 quam

554 3490 684 3533 caro
710 3495 726 3532 :
751 3496 872 3535 nam
897 3493 949 3538 et
975 3483 1079 3539 hoc
1100 3485 1360 3555 scriptum
1384 3499 1466 3544 est
1495 3489 1587 3546 :ln
1617 3496 2007 3562 exspoliatione
2027 3515 2151 3556 cor-

554 3571 710 3640 poris
730 3574 907 3630 carnis
933 3577 1028 3631 ubi
1073 3593 1292 3634 carnem
1333 3595 1532 3652 corpus
1561 3586 1814 3654 appellat,
1844 3589 1972 3645 dicit
2019 3608 2150 3650 sane

555 3670 614 3717 et
631 3663 734 3716 alio
758 3666 917 3721 modo
933 3669 1182 3737 spiritum
1211 3670 1466 3740 hominis,
1491 3690 1650 3743 quem
1679 3694 1898 3747 prorsus
1921 3697 1950 3736 a
1971 3694 2149 3740 mente

553 3752 839 3811 discernit.
891 3759 947 3813 Si
992 3760 1135 3813 enim
1178 3776 1409 3818 oravero
1448 3765 1650 3835 lingua,
1701 3771 1893 3839 inquit,
1927 3777 2148 3842 Spiritus

557 3856 718 3896 meus
754 3854 897 3936 orat,
956 3861 1110 3903 mens
1165 3858 1342 3906 autem
1394 3868 1513 3909 mea
1558 3858 1674 3911 sine
1723 3859 1896 3916 fructu
1945 3865 2149 3936 [infru-

552 3933 763 4006 ctuosa]
793 3945 893 3991 est.
940 3937 1136 3993 Verum
1181 3956 1323 3997 nunc
1371 3958 1478 3999 non
1509 3945 1577 4003 de
1606 3949 1710 4002 isto
1748 3933 2147 4026 spiritu—loqui-

550 4039 675 4080 mur
717 4029 808 4096 qni
860 4037 946 4084 est
982 4044 1012 4084 a
1043 4041 1227 4087 mente
1265 4033 1574 4094 distinctus.
1630 4040 1799 4097 Habet
1845 4045 1945 4102 iste
1991 4064 2144 4105 suam

547 4117 902 4188 eamdemque
958 4120 1235 4178 difﬁcilem
1301 4129 1694 4198 quaestionem;
1757 4136 1938 4192 multis
2000 4141 2142 4196 enim

546 4208 724 4264 modis
787 4223 948 4281 atque
1012 4212 1067 4266 in
1140 4215 1372 4272 diversis
1447 4220 1930 4290 signiﬁcationibus
2001 4233 2141 4286 scri-

545 4306 720 4366 ptura:
775 4300 969 4392 divina:
1031 4305 1281 4372 spiritum
1347 4310 1674 4380 nominant;
1748 4317 1845 4372 sed
1908 4318 1977 4375 de
2035 4338 2142 4392 quo

546 4400 694 4489 nunc
745 4401 993 4457 agimus,
1058 4409 1166 4462 quo
1243 4398 1668 4472 ratiocinamur,
1746 4407 2137 4485 intelligimus,

546 4487 828 4578 sapimus,
868 4494 1078 4540 constat
1115 4487 1255 4544 inter
1315 4507 1415 4548 nos
1478 4496 1557 4552 sic
1614 4514 1734 4555 eum
1792 4505 1955 4561 etiam
2004 4524 2138 4578 pro-

545 4569 665 4638 prie
725 4571 973 4639 spiritum
1037 4585 1379 4654 nuncupari,
1447 4596 1507 4643 ut
1586 4606 1693 4648 non
1749 4596 1821 4651 sit
1885 4569 2223 4660 universal)

544 4660 749 4766 anima,
792 4665 886 4719 sed
917 4668 1119 4766 aliquid
1158 4675 1296 4744 ejus.
1326 4678 1528 4735 Tamen
1567 4683 1802 4743 animam
1827 4691 1986 4747 etiam
2025 4698 2136 4766 spi-

544 4761 708 4860 ritum
731 4761 942 4860 esse,.si
969 4775 1249 4833 propterea
1277 4788 1464 4844 negas,
1487 4777 1609 4847 quia
1642 4781 1757 4850 ejus
1783 4761 2134 4860 intelligentia

543 4845 796 4945 distincte
837 4849 1031 4945 dicitur
1064 4860 1321 4931 spiritus;
1363 4845 1563 4936 poteris
1599 4845 1794 4945 negare
1823 4845 2133 4940 universum

623 4953 825 5048 semen?
852 4942 1309 5048 Jac-obgappellari
1339 4950 1503 5018 lsraél
1534 4983 1550 5020 :
1599 4938 1877 5040 quoniam,
1907 4938 2134 5048 excepto

542 5029 698 5130 .luda,
732 5033 906 5130 etiam
927 5034 1181 5098 distincte
1203 5049 1500 5115 appellatus
1530 5029 1629 5111 est'
1656 5059 1841 5130 Israel,

538 5121 726 5231 decem
753 5128 947 5231 q-umin
977 5131 1218 5231 samaria
1250 5139 1427 5213 [tunc]
1458 5147 1694 5207 fuerunt.
1719 5121 1971 5227 Sed'quid

537 5226 623 5272 est
653 5216 741 5271 hic
763 5219 964 5279 diutius
991 5226 1302 5287 immorari?
1329 5236 1446 5290 Jam
1472 5255 1613 5298 nunc
1644 5247 1785 5302 unde
1812 5216 2130 5310 facilius'os;

538 5315 821 5415 tendamus
849 5320 1087 5388 attende,
1120 5339 1239 5380 eam
1263 5343 1382 5398 quae
1409 5335 1587 5389 anima
1628 5348 1731 5407 est,
1776 5343 1937 5397 etiam
1969 5347 2130 5415 spiri-

536 5417 648 5463 tum
678 5410 804 5481 dici,
841 5429 1000 5485 quam
1036 5417 1201 5492 [cum]
1230 5423 1382 5477 audis
1410 5427 1494 5481 vel
1528 5429 1682 5500 legis,
1733 5433 1962 5493 Domino
2000 5410 2128 5498 imo-

535 5501 732 5594 riente,
765 5506 908 5574 quod
926 5509 1184 5580 scripturn
1216 5525 1316 5580 est,
1343 5517 1692 5579 Etdeclinato
1713 5530 1887 5594 capite
1909 5535 2127 5593 tradidit

535 5593 803 5696 spiritum.
837 5595 909 5651 lta
940 5600 1020 5654 vis
1051 5602 1277 5677 intelligi
1319 5617 1569 5682 tanquam
1601 5630 1630 5668 a
1668 5593 1819 5687 parte
1858 5625 2126 5696 signiﬁca-

535 5686 682 5791 verit
712 5695 904 5758 totum,
933 5707 1038 5749 non
1077 5699 1219 5768 quod
1255 5717 1318 5757 ea
1348 5720 1468 5774 quae
1511 5686 1688 5764 anima
1709 5723 1819 5783 est,
1868 5686 2045 5788 possit
2070 5733 2124 5780 et

533 5788 755 5851 Spiritus
798 5789 1121 5861 nuncupari.
1150 5791 1250 5864 |At
1284 5809 1385 5868 ego
1436 5809 1495 5858 ut
1527 5803 1729 5875 possim
1754 5809 1984 5880 probare
2021 5829 2120 5873 ex-

2258 3329 2350 3377 eut
2377 3330 2460 3376 est
2495 3320 2586 3376 ille
2611 3320 2832 3377 intimus
2871 3337 3085 3391 sensus,
3112 3339 3178 3379 ex
3204 3339 3312 3395 quo
3332 3335 3418 3380 est
3450 3324 3693 3395 appellata
3707 3337 3795 3376 sen-

2258 3414 2444 3470 tentia.
2479 3413 2612 3468 llinc
2640 3424 2819 3470 autem
2862 3417 3145 3485 pecoribus
3191 3417 3309 3472 sine
3340 3417 3667 3473 dubitatione
3692 3429 3796 3485 pru-

2254 3506 2525 3575 ponitnur,
2558 3520 2624 3560 eo
2654 3507 2796 3578 quod
2850 3516 2976 3564 sunt
3005 3509 3090 3564 illa
3147 3509 3374 3564 rationis
3426 3511 3671 3580 expertia.
3713 3508 3799 3563 Non

2254 3596 2455 3653 habent
2485 3599 2665 3668 itaque
2695 3599 2942 3668 spiritum
2972 3616 3187 3671 pecora,
3217 3602 3273 3657 id
3301 3612 3387 3658 est
3411 3602 3739 3670 intellectum,
3760 3610 3801 3656 et

2254 3691 2478 3747 rationis
2505 3706 2568 3746 ac
2595 3692 2874 3761 sapientiae
2903 3707 3140 3763 sensum,
3185 3694 3282 3749 sed
3331 3696 3552 3749 animam
3604 3704 3804 3748 tantum.

2254 3781 2387 3837 Nam
2415 3791 2470 3836 et
2491 3781 2558 3837 de
2589 3783 2692 3837 illis
2718 3784 2919 3838 dictum
2942 3794 3022 3840 est
3048 3803 3061 3840 :
3090 3785 3394 3840 Produeant
3413 3800 3552 3853 aqua:
3572 3784 3802 3852 repentia

2251 3873 2553 3928 animarum
2578 3874 2889 3943 viventium,
2917 3884 2972 3931 et
3015 3875 3279 3944 producat
3316 3886 3445 3932 terra
3471 3876 3693 3930 animam
3725 3876 3802 3928 vi-

2251 3976 2486 4022 ventem.
2511 3966 2580 4023 Ut
2593 3983 2722 4038 ergo
2746 3969 3055 4038 plenissime
3076 3985 3140 4026 ac
3166 3971 3461 4041 planissime
3477 3972 3686 4026 noveris
3700 3984 3807 4024 eam

2250 4073 2369 4128 quae
2391 4061 2566 4114 anima
2582 4070 2686 4127 est,
2702 4076 2852 4117 more
2873 4061 3177 4118 divinorum
3196 4064 3528 4134 eloquiorum
3545 4065 3700 4119 etiam
3719 4063 3810 4133 spi-

2249 4151 2562 4218 ritnmdici,
2591 4154 2892 4222 appellatur
2914 4154 3125 4224 pecoris
3162 4156 3408 4224 spiritus.
3437 4156 3501 4209 Et
3528 4158 3700 4226 utique
3725 4170 3824 4220 non,

2249 4242 2448 4300 habent
2465 4260 2659 4314 pecora
2674 4246 2819 4302 illum
2836 4247 3103 4317 spiritum,
3121 4265 3282 4319 quem
3304 4259 3393 4305 tua
3409 4250 3625 4305 dileCtio
3641 4250 3809 4305 discer-

2245 4351 2379 4392 nens
2409 4338 2476 4391 ab
2505 4339 2680 4394 anima
2705 4339 2964 4395 deﬁnivit.
3005 4340 3155 4398 Unde
3184 4343 3535 4399 manifestum
3565 4353 3664 4409 est,
3696 4340 3805 4413 quod

2244 4430 2482 4499 generali
2505 4433 2765 4487 vocabulo
2794 4434 2972 4488 anima
3018 4437 3228 4504 pecoris
3262 4445 3415 4492 recte
3443 4439 3625 4508 potuit
3648 4439 3715 4492 sic
3739 4452 3807 4488 ro-

2245 4524 2376 4587 cari,
2402 4524 2541 4579 sicut
2567 4524 2762 4593 legitur
2793 4525 2847 4579 in
2893 4526 3031 4582 libro
3063 4527 3413 4583 Ecclesiaste.
3468 4533 3606 4598 Quis
3653 4532 3727 4584 scit
3766 4527 3802 4578 si

2247 4616 2468 4686 spiritus
2496 4617 2725 4672 ﬁliorum
2757 4617 3013 4687 hominis,
3052 4621 3311 4676 ascendat
3355 4623 3478 4691 ipse
3528 4639 3746 4688 sursum,
3768 4633 3807 4675 et

2246 4708 2468 4778 Spiritus
2500 4711 2711 4778 pecoris
2740 4711 2786 4766 si
2816 4711 3110 4768 descendat
3154 4715 3272 4782 ipse
3318 4715 3590 4773 deorsum
3639 4720 3688 4772 in
3725 4727 3808 4770 ter-

2246 4816 2384 4856 ram.
2419 4801 2657 4871 Itemque
2681 4803 2734 4857 in
2765 4803 2951 4859 diluvii
2991 4806 3247 4862 vastitate
3292 4808 3366 4863 ita
3415 4813 3687 4880 scriptum
3715 4819 3812 4865 eSt:

2246 4894 2315 4949 Et
2345 4903 2557 4949 mortua
2596 4905 2678 4951 est
2721 4898 2899 4952 omnis
2943 4913 3091 4967 caro,
3139 4917 3259 4970 quae
3308 4906 3650 4960 movebatur
3692 4918 3816 4974 super

2244 4993 2465 5052 terram,
2490 4986 2810 5055 volatilium,
2844 5004 3120 5059 pecorum,
3150 5003 3203 5048 et
3244 4994 3662 5063 jumentorum,
3692 5010 3740 5052 et
3764 4997 3819 5051 le-

2241 5093 2445 5142 rarutn,
2475 5087 2530 5134 et
2554 5080 2729 5134 omnis
2757 5095 2981 5150 serpens
3008 5084 3099 5153 qui
3124 5094 3372 5142 movetur
3399 5102 3586 5160 super
3613 5102 3819 5146 terrain:

2240 5181 2296 5226 et
2323 5173 2498 5225 omnis
2521 5171 2702 5240 homo,
2736 5181 2789 5228 et
2809 5175 2991 5229 omnia
3007 5191 3340 5248 quareunque
3365 5179 3586 5238 habent
3607 5185 3823 5253 spiritum

2238 5271 2381 5323 vitae.
2420 5268 2521 5324 Ubi
2551 5271 2772 5327 remotis
2801 5274 3054 5330 omnibus
3098 5277 3448 5334 dubitationis
3502 5283 3824 5354 ambagibus.

2236 5364 2489 5433 generale
2521 5380 2716 5421 nomen
2741 5366 2934 5424 animas
2988 5385 3111 5426 esse
3157 5373 3523 5446 intelligimus
3579 5380 3824 5450 Spiritum.

2237 5453 2402 5523 Cujus
2434 5455 2647 5527 quidem
2698 5459 2932 5516 nominis
2974 5460 3313 5531 signiﬁcatio,
3368 5476 3484 5523 tam
3545 5473 3660 5528 late
3689 5480 3827 5541 patet,

2236 5554 2296 5600 ut
2321 5546 2480 5602 etiam
2508 5546 2652 5604 Deus
2679 5559 2909 5606 vocetur
2935 5552 3190 5623 spiritus;
3221 5567 3276 5611 et
3303 5557 3404 5614 iste
3431 5559 3619 5617 ﬂatus
3648 5565 3830 5624 aerius,

2232 5638 2476 5708 quamvis
2516 5641 2587 5693 sit
2614 5655 2927 5712 corporeus,
2978 5648 3280 5717 appellatur
3320 5651 3374 5705 in
3410 5656 3648 5722 psalmo
3677 5657 3831 5728 Spiri-

2233 5736 2321 5785 tus
2353 5735 2724 5801 tempestatis;
2781 5750 3105 5810 quapropter
3153 5757 3271 5800 eam
3321 5759 3448 5815 qua:
3499 5753 3700 5808 anima
3746 5763 3833 5810 est.

2229 5819 2396 5917 etiam
2441 5822 2716 5912 spiritum,
2740 5829 3035 5916 nuncupari
3076 5843 3242 5907 puto,
3295 5840 3623 5915 secundum
3673 5841 3834 5913 illud:
