  <div class='ocr_page' id='page_1' title='image "/cluster/home/n/w/nwhite01/storage/ocr_20150623/62/hvd.32044015706393/434.png"; bbox 0 0 3986 6382; ppageno 0'>
   <div class='ocr_carea' id='block_1_1' title="bbox 242 349 349 407">
    <p class='ocr_par' dir='ltr' id='par_1_1' title="bbox 242 349 349 407">
     <span class='ocr_line' id='line_1_1' title="bbox 242 349 349 407; baseline -0.009 0"><span class='ocrx_word' id='word_1_1' title='bbox 242 349 349 407; x_wconf 69' lang='grc'><strong>857</strong></span> 
     </span>
    </p>
   </div>
   <div class='ocr_carea' id='block_1_2' title="bbox 1411 349 2342 418">
    <p class='ocr_par' dir='ltr' id='par_1_2' title="bbox 1411 349 2342 418">
     <span class='ocr_line' id='line_1_2' title="bbox 1411 349 2342 418; baseline 0.014 -13"><span class='ocrx_word' id='word_1_2' title='bbox 1411 349 1842 413; x_wconf 78' lang='lat' dir='ltr'><strong>THESAURUS.</strong></span> <span class='ocrx_word' id='word_1_3' title='bbox 1880 351 2036 412; x_wconf 80' lang='lat' dir='ltr'><strong>CAP.</strong></span> <span class='ocrx_word' id='word_1_4' title='bbox 2073 355 2342 418; x_wconf 75' lang='lat' dir='ltr'><strong>CXCVIII.</strong></span> 
     </span>
    </p>
   </div>
   <div class='ocr_carea' id='block_1_3' title="bbox 3404 378 3508 438">
    <p class='ocr_par' dir='ltr' id='par_1_3' title="bbox 3404 378 3508 438">
     <span class='ocr_line' id='line_1_3' title="bbox 3404 378 3508 438; baseline 0.058 -6"><span class='ocrx_word' id='word_1_5' title='bbox 3404 378 3508 438; x_wconf 82' lang='lat'><strong>858</strong></span> 
     </span>
    </p>
   </div>
   <div class='ocr_carea' id='block_1_4' title="bbox 240 465 3508 556">
    <p class='ocr_par' dir='ltr' id='par_1_4' title="bbox 240 465 3508 556">
     <span class='ocr_line' id='line_1_4' title="bbox 240 465 3508 556; baseline 0.008 -32"><span class='ocrx_word' id='word_1_6' title='bbox 240 466 470 524; x_wconf 77' lang='lat' dir='ltr'><strong>Auferes</strong></span> <span class='ocrx_word' id='word_1_7' title='bbox 522 465 770 534; x_wconf 86' lang='lat' dir='ltr'><strong>spiritum</strong></span> <span class='ocrx_word' id='word_1_8' title='bbox 827 478 1032 534; x_wconf 89' lang='lat' dir='ltr'><strong>eorum,</strong></span> <span class='ocrx_word' id='word_1_9' title='bbox 1067 477 1120 522; x_wconf 90' lang='lat' dir='ltr'><strong>et</strong></span> <span class='ocrx_word' id='word_1_10' title='bbox 1164 466 1435 526; x_wconf 85' lang='lat' dir='ltr'><strong>deficient.</strong></span> <span class='ocrx_word' id='word_1_11' title='bbox 1470 469 1539 525; x_wconf 87' lang='lat' dir='ltr'><strong>Et</strong></span> <span class='ocrx_word' id='word_1_12' title='bbox 1579 471 1772 528; x_wconf 98' lang='lat' dir='ltr'><strong>iterum</strong></span> <span class='ocrx_word' id='word_1_13' title='bbox 1804 489 1819 528; x_wconf 91' lang='lat'><strong>:</strong></span> <span class='ocrx_word' id='word_1_14' title='bbox 1851 475 2162 547; x_wconf 70' lang='lat' dir='ltr'><strong>Aquinque</strong></span> <span class='ocrx_word' id='word_1_15' title='bbox 2209 486 2510 549; x_wconf 90' lang='lat' dir='ltr'><strong>temporum</strong></span> <span class='ocrx_word' id='word_1_16' title='bbox 2562 481 2818 540; x_wconf 75' lang='lat' dir='ltr'><strong>articulos</strong></span> <span class='ocrx_word' id='word_1_17' title='bbox 2864 487 3208 556; x_wconf 65' lang='lat' dir='ltr'><strong>prenuutiari</strong></span> <span class='ocrx_word' id='word_1_18' title='bbox 3253 497 3508 550; x_wconf 86' lang='lat' dir='ltr'><strong>venturus</strong></span> 
     </span>
    </p>
   </div>
   <div class='ocr_carea' id='block_1_5' title="bbox 240 559 1816 629">
    <p class='ocr_par' dir='ltr' id='par_1_5' title="bbox 240 559 1816 629">
     <span class='ocr_line' id='line_1_5' title="bbox 240 559 1816 629; baseline 0.004 -14"><span class='ocrx_word' id='word_1_19' title='bbox 240 560 399 616; x_wconf 84' lang='lat' dir='ltr'><strong>Exiet</strong></span> <span class='ocrx_word' id='word_1_20' title='bbox 430 559 644 629; x_wconf 86' lang='lat' dir='ltr'><strong>spiritus</strong></span> <span class='ocrx_word' id='word_1_21' title='bbox 674 575 886 626; x_wconf 87' lang='lat' dir='ltr'><strong>eorum,</strong></span> <span class='ocrx_word' id='word_1_22' title='bbox 919 571 975 616; x_wconf 91' lang='lat' dir='ltr'><strong>et</strong></span> <span class='ocrx_word' id='word_1_23' title='bbox 1003 570 1298 618; x_wconf 83' lang='lat' dir='ltr'><strong>revertetur</strong></span> <span class='ocrx_word' id='word_1_24' title='bbox 1322 563 1376 618; x_wconf 87' lang='lat' dir='ltr'><strong>in</strong></span> <span class='ocrx_word' id='word_1_25' title='bbox 1402 573 1596 619; x_wconf 89' lang='lat' dir='ltr'><strong>terram</strong></span> <span class='ocrx_word' id='word_1_26' title='bbox 1627 579 1816 621; x_wconf 84' lang='lat' dir='ltr'><strong>suam:</strong></span> 
     </span>
    </p>
   </div>
   <div class='ocr_carea' id='block_1_6' title="bbox 241 650 1818 729">
    <p class='ocr_par' dir='ltr' id='par_1_6' title="bbox 241 650 1818 729">
     <span class='ocr_line' id='line_1_6' title="bbox 241 650 1818 729; baseline 0.004 -21"><span class='ocrx_word' id='word_1_27' title='bbox 241 650 346 708; x_wconf 90' lang='lat' dir='ltr'><strong>hoc</strong></span> <span class='ocrx_word' id='word_1_28' title='bbox 375 663 476 718; x_wconf 84' lang='lat' dir='ltr'><strong>est,</strong></span> <span class='ocrx_word' id='word_1_29' title='bbox 511 667 706 722; x_wconf 91' lang='lat' dir='ltr'><strong>corpus</strong></span> <span class='ocrx_word' id='word_1_30' title='bbox 752 653 803 708; x_wconf 93' lang='lat' dir='ltr'><strong>in</strong></span> <span class='ocrx_word' id='word_1_31' title='bbox 859 655 1128 724; x_wconf 87' lang='lat' dir='ltr'><strong>pulverem</strong></span> <span class='ocrx_word' id='word_1_32' title='bbox 1185 671 1362 712; x_wconf 90' lang='lat' dir='ltr'><strong>suum.</strong></span> <span class='ocrx_word' id='word_1_33' title='bbox 1424 657 1567 729; x_wconf 84' lang='lat' dir='ltr'><strong>Ergo</strong></span> <span class='ocrx_word' id='word_1_34' title='bbox 1623 673 1818 716; x_wconf 87' lang='lat' dir='ltr'><strong>nomen</strong></span> 
     </span>
    </p>
   </div>
   <div class='ocr_carea' id='block_1_7' title="bbox 240 746 1819 820">
    <p class='ocr_par' dir='ltr' id='par_1_7' title="bbox 240 746 1819 820">
     <span class='ocr_line' id='line_1_7' title="bbox 240 746 1819 820; baseline 0.005 -19"><span class='ocrx_word' id='word_1_35' title='bbox 240 746 435 802; x_wconf 63' lang='lat' dir='ltr'><strong>animae</strong></span> <span class='ocrx_word' id='word_1_36' title='bbox 456 747 672 816; x_wconf 88' lang='lat' dir='ltr'><strong>spiritus</strong></span> <span class='ocrx_word' id='word_1_37' title='bbox 695 756 812 814; x_wconf 88' lang='lat' dir='ltr'><strong>est,</strong></span> <span class='ocrx_word' id='word_1_38' title='bbox 839 749 907 802; x_wconf 92' lang='lat' dir='ltr'><strong>ab</strong></span> <span class='ocrx_word' id='word_1_39' title='bbox 934 763 1021 818; x_wconf 89' lang='lat' dir='ltr'><strong>eo,</strong></span> <span class='ocrx_word' id='word_1_40' title='bbox 1050 749 1191 819; x_wconf 90' lang='lat' dir='ltr'><strong>quod</strong></span> <span class='ocrx_word' id='word_1_41' title='bbox 1219 751 1476 820; x_wconf 83' lang='lat' dir='ltr'><strong>spiritalis</strong></span> <span class='ocrx_word' id='word_1_42' title='bbox 1490 761 1601 819; x_wconf 86' lang='lat' dir='ltr'><strong>est;</strong></span> <span class='ocrx_word' id='word_1_43' title='bbox 1626 753 1819 809; x_wconf 85' lang='lat' dir='ltr'><strong>animae</strong></span> 
     </span>
    </p>
   </div>
   <div class='ocr_carea' id='block_1_8' title="bbox 240 843 1820 913">
    <p class='ocr_par' dir='ltr' id='par_1_8' title="bbox 240 843 1820 913">
     <span class='ocr_line' id='line_1_8' title="bbox 240 843 1820 913; baseline 0.004 -17"><span class='ocrx_word' id='word_1_44' title='bbox 240 857 436 898; x_wconf 89' lang='lat' dir='ltr'><strong>nomen</strong></span> <span class='ocrx_word' id='word_1_45' title='bbox 474 851 558 897; x_wconf 91' lang='lat' dir='ltr'><strong>est</strong></span> <span class='ocrx_word' id='word_1_46' title='bbox 586 843 654 898; x_wconf 92' lang='lat' dir='ltr'><strong>ab</strong></span> <span class='ocrx_word' id='word_1_47' title='bbox 681 859 768 911; x_wconf 89' lang='lat' dir='ltr'><strong>eo,</strong></span> <span class='ocrx_word' id='word_1_48' title='bbox 797 844 936 913; x_wconf 89' lang='lat' dir='ltr'><strong>quod</strong></span> <span class='ocrx_word' id='word_1_49' title='bbox 967 859 1161 913; x_wconf 88' lang='lat' dir='ltr'><strong>corpus</strong></span> <span class='ocrx_word' id='word_1_50' title='bbox 1183 846 1405 912; x_wconf 88' lang='lat' dir='ltr'><strong>animat,</strong></span> <span class='ocrx_word' id='word_1_51' title='bbox 1430 844 1531 900; x_wconf 90' lang='lat' dir='ltr'><strong>hoc</strong></span> <span class='ocrx_word' id='word_1_52' title='bbox 1558 856 1662 911; x_wconf 88' lang='lat' dir='ltr'><strong>est,</strong></span> <span class='ocrx_word' id='word_1_53' title='bbox 1689 847 1820 902; x_wconf 78' lang='lat' dir='ltr'><strong>vivi-</strong></span> 
     </span>
    </p>
   </div>
   <div class='ocr_carea' id='block_1_9' title="bbox 241 935 1820 1011">
    <p class='ocr_par' dir='ltr' id='par_1_9' title="bbox 241 935 1820 1011">
     <span class='ocr_line' id='line_1_9' title="bbox 241 935 1820 1011; baseline 0.005 -22"><span class='ocrx_word' id='word_1_54' title='bbox 241 936 386 991; x_wconf 78' lang='lat' dir='ltr'><strong>licet.</strong></span> <span class='ocrx_word' id='word_1_55' title='bbox 441 935 675 992; x_wconf 60' lang='lat' dir='ltr'><strong>zEstimo</strong></span> <span class='ocrx_word' id='word_1_56' title='bbox 702 937 841 1008; x_wconf 93' lang='lat' dir='ltr'><strong>quod</strong></span> <span class='ocrx_word' id='word_1_57' title='bbox 870 937 1172 994; x_wconf 91' lang='lat' dir='ltr'><strong>admonitus</strong></span> <span class='ocrx_word' id='word_1_58' title='bbox 1222 940 1306 994; x_wconf 89' lang='lat' dir='ltr'><strong>his</strong></span> <span class='ocrx_word' id='word_1_59' title='bbox 1347 955 1465 1011; x_wconf 71' lang='lat' dir='ltr'><strong>qua:</strong></span> <span class='ocrx_word' id='word_1_60' title='bbox 1493 954 1820 997; x_wconf 84' lang='lat' dir='ltr'><strong>commemo-</strong></span> 
     </span>
    </p>
   </div>
   <div class='ocr_carea' id='block_1_10' title="bbox 238 1029 1818 1102">
    <p class='ocr_par' dir='ltr' id='par_1_10' title="bbox 238 1029 1818 1102">
     <span class='ocr_line' id='line_1_10' title="bbox 238 1029 1818 1102; baseline 0.005 -19"><span class='ocrx_word' id='word_1_61' title='bbox 238 1029 351 1083; x_wconf 74' lang='lat' dir='ltr'><strong>rari</strong></span> <span class='ocrx_word' id='word_1_62' title='bbox 393 1029 688 1085; x_wconf 83' lang='lat' dir='ltr'><strong>divinarum</strong></span> <span class='ocrx_word' id='word_1_63' title='bbox 723 1031 1043 1087; x_wconf 87' lang='lat' dir='ltr'><strong>testimoniis</strong></span> <span class='ocrx_word' id='word_1_64' title='bbox 1077 1033 1411 1102; x_wconf 83' lang='lat' dir='ltr'><strong>paginarum,</strong></span> <span class='ocrx_word' id='word_1_65' title='bbox 1443 1033 1532 1088; x_wconf 90' lang='lat' dir='ltr'><strong>ubi</strong></span> <span class='ocrx_word' id='word_1_66' title='bbox 1563 1044 1618 1090; x_wconf 92' lang='lat' dir='ltr'><strong>et</strong></span> <span class='ocrx_word' id='word_1_67' title='bbox 1641 1035 1818 1091; x_wconf 90' lang='lat' dir='ltr'><strong>anima</strong></span> 
     </span>
    </p>
   </div>
   <div class='ocr_carea' id='block_1_11' title="bbox 237 1123 1817 1198">
    <p class='ocr_par' dir='ltr' id='par_1_11' title="bbox 237 1123 1817 1198">
     <span class='ocr_line' id='line_1_11' title="bbox 237 1123 1817 1198; baseline 0.006 -24"><span class='ocrx_word' id='word_1_68' title='bbox 237 1123 470 1190; x_wconf 85' lang='lat' dir='ltr'><strong>pecoris,</strong></span> <span class='ocrx_word' id='word_1_69' title='bbox 501 1123 584 1176; x_wconf 89' lang='lat' dir='ltr'><strong>cui</strong></span> <span class='ocrx_word' id='word_1_70' title='bbox 611 1139 714 1178; x_wconf 91' lang='lat' dir='ltr'><strong>non</strong></span> <span class='ocrx_word' id='word_1_71' title='bbox 737 1133 818 1179; x_wconf 90' lang='lat' dir='ltr'><strong>est</strong></span> <span class='ocrx_word' id='word_1_72' title='bbox 843 1124 1164 1190; x_wconf 89' lang='lat' dir='ltr'><strong>intellectus,</strong></span> <span class='ocrx_word' id='word_1_73' title='bbox 1196 1126 1461 1194; x_wconf 89' lang='lat' dir='ltr'><strong>appellata</strong></span> <span class='ocrx_word' id='word_1_74' title='bbox 1488 1128 1693 1198; x_wconf 76' lang='lat' dir='ltr'><strong>legatur</strong></span> <span class='ocrx_word' id='word_1_75' title='bbox 1713 1129 1817 1197; x_wconf 82' lang='lat' dir='ltr'><strong>spi-</strong></span> 
     </span>
    </p>
   </div>
   <div class='ocr_carea' id='block_1_12' title="bbox 236 1213 1820 1291">
    <p class='ocr_par' dir='ltr' id='par_1_12' title="bbox 236 1213 1820 1291">
     <span class='ocr_line' id='line_1_12' title="bbox 236 1213 1820 1291; baseline 0.005 -23"><span class='ocrx_word' id='word_1_76' title='bbox 236 1213 373 1268; x_wconf 86' lang='lat' dir='ltr'><strong>ritus</strong></span> <span class='ocrx_word' id='word_1_77' title='bbox 400 1232 412 1266; x_wconf 90' lang='lat'>:</span> <span class='ocrx_word' id='word_1_78' title='bbox 447 1229 549 1269; x_wconf 92' lang='lat' dir='ltr'><strong>non</strong></span> <span class='ocrx_word' id='word_1_79' title='bbox 582 1216 800 1287; x_wconf 81' lang='lat' dir='ltr'><strong>negabis</strong></span> <span class='ocrx_word' id='word_1_80' title='bbox 831 1217 1076 1273; x_wconf 90' lang='lat' dir='ltr'><strong>ulterius.</strong></span> <span class='ocrx_word' id='word_1_81' title='bbox 1109 1219 1373 1286; x_wconf 87' lang='lat' dir='ltr'><strong>Quocirca</strong></span> <span class='ocrx_word' id='word_1_82' title='bbox 1417 1219 1464 1274; x_wconf 87' lang='lat' dir='ltr'><strong>si</strong></span> <span class='ocrx_word' id='word_1_83' title='bbox 1509 1229 1564 1276; x_wconf 90' lang='lat' dir='ltr'><strong>et</strong></span> <span class='ocrx_word' id='word_1_84' title='bbox 1591 1221 1678 1276; x_wconf 91' lang='lat' dir='ltr'><strong>illa</strong></span> <span class='ocrx_word' id='word_1_85' title='bbox 1700 1236 1820 1291; x_wconf 75' lang='lat' dir='ltr'><strong>qua:</strong></span> 
     </span>
    </p>
   </div>
   <div class='ocr_carea' id='block_1_13' title="bbox 233 1305 1818 1386">
    <p class='ocr_par' dir='ltr' id='par_1_13' title="bbox 233 1305 1818 1386">
     <span class='ocr_line' id='line_1_13' title="bbox 233 1305 1818 1386; baseline 0.006 -25"><span class='ocrx_word' id='word_1_86' title='bbox 233 1305 305 1361; x_wconf 89' lang='lat' dir='ltr'><strong>de</strong></span> <span class='ocrx_word' id='word_1_87' title='bbox 344 1309 517 1362; x_wconf 85' lang='lat' dir='ltr'><strong>anima</strong></span> <span class='ocrx_word' id='word_1_88' title='bbox 551 1310 604 1362; x_wconf 89' lang='lat' dir='ltr'><strong>in</strong></span> <span class='ocrx_word' id='word_1_89' title='bbox 634 1325 892 1381; x_wconf 89' lang='lat' dir='ltr'><strong>corporea</strong></span> <span class='ocrx_word' id='word_1_90' title='bbox 935 1311 1200 1382; x_wconf 81' lang='lat' dir='ltr'><strong>disputata</strong></span> <span class='ocrx_word' id='word_1_91' title='bbox 1235 1323 1357 1368; x_wconf 89' lang='lat' dir='ltr'><strong>sunt</strong></span> <span class='ocrx_word' id='word_1_92' title='bbox 1394 1315 1544 1385; x_wconf 87' lang='lat' dir='ltr'><strong>capis</strong></span> <span class='ocrx_word' id='word_1_93' title='bbox 1574 1325 1627 1370; x_wconf 91' lang='lat' dir='ltr'><strong>et</strong></span> <span class='ocrx_word' id='word_1_94' title='bbox 1655 1316 1818 1386; x_wconf 86' lang='lat' dir='ltr'><strong>sapis,</strong></span> 
     </span>
    </p>
   </div>
   <div class='ocr_carea' id='block_1_14' title="bbox 237 1401 1820 1476">
    <p class='ocr_par' dir='ltr' id='par_1_14' title="bbox 237 1401 1820 1476">
     <span class='ocr_line' id='line_1_14' title="bbox 237 1401 1820 1476; baseline 0.008 -24"><span class='ocrx_word' id='word_1_95' title='bbox 237 1411 345 1453; x_wconf 87' lang='lat' dir='ltr'><strong>non</strong></span> <span class='ocrx_word' id='word_1_96' title='bbox 369 1407 467 1464; x_wconf 84' lang='lat' dir='ltr'><strong>est,</strong></span> <span class='ocrx_word' id='word_1_97' title='bbox 504 1401 642 1455; x_wconf 89' lang='lat' dir='ltr'><strong>unde</strong></span> <span class='ocrx_word' id='word_1_98' title='bbox 667 1403 756 1457; x_wconf 90' lang='lat' dir='ltr'><strong>tibi</strong></span> <span class='ocrx_word' id='word_1_99' title='bbox 787 1403 1092 1472; x_wconf 86' lang='lat' dir='ltr'><strong>displiceat,</strong></span> <span class='ocrx_word' id='word_1_100' title='bbox 1125 1406 1266 1476; x_wconf 93' lang='lat' dir='ltr'><strong>quod</strong></span> <span class='ocrx_word' id='word_1_101' title='bbox 1289 1421 1405 1460; x_wconf 90' lang='lat' dir='ltr'><strong>eam</strong></span> <span class='ocrx_word' id='word_1_102' title='bbox 1429 1423 1514 1462; x_wconf 93' lang='lat' dir='ltr'><strong>me</strong></span> <span class='ocrx_word' id='word_1_103' title='bbox 1540 1407 1682 1464; x_wconf 90' lang='lat' dir='ltr'><strong>scire</strong></span> <span class='ocrx_word' id='word_1_104' title='bbox 1709 1410 1820 1465; x_wconf 81' lang='lat' dir='ltr'><strong>dixi</strong></span> 
     </span>
    </p>
   </div>
   <div class='ocr_carea' id='block_1_15' title="bbox 233 1495 1820 1570">
    <p class='ocr_par' dir='ltr' id='par_1_15' title="bbox 233 1495 1820 1570">
     <span class='ocr_line' id='line_1_15' title="bbox 233 1495 1820 1570; baseline 0.008 -26"><span class='ocrx_word' id='word_1_105' title='bbox 233 1504 343 1544; x_wconf 82' lang='lat' dir='ltr'><strong>non</strong></span> <span class='ocrx_word' id='word_1_106' title='bbox 366 1505 562 1560; x_wconf 87' lang='lat' dir='ltr'><strong>corpus</strong></span> <span class='ocrx_word' id='word_1_107' title='bbox 590 1507 732 1560; x_wconf 87' lang='lat' dir='ltr'><strong>esse,</strong></span> <span class='ocrx_word' id='word_1_108' title='bbox 765 1495 858 1550; x_wconf 91' lang='lat' dir='ltr'><strong>sed</strong></span> <span class='ocrx_word' id='word_1_109' title='bbox 890 1497 1172 1565; x_wconf 90' lang='lat' dir='ltr'><strong>spiritum;</strong></span> <span class='ocrx_word' id='word_1_110' title='bbox 1219 1499 1340 1567; x_wconf 89' lang='lat' dir='ltr'><strong>quia</strong></span> <span class='ocrx_word' id='word_1_111' title='bbox 1389 1509 1443 1554; x_wconf 91' lang='lat' dir='ltr'><strong>et</strong></span> <span class='ocrx_word' id='word_1_112' title='bbox 1473 1514 1672 1570; x_wconf 87' lang='lat' dir='ltr'><strong>corpus</strong></span> <span class='ocrx_word' id='word_1_113' title='bbox 1714 1516 1820 1556; x_wconf 90' lang='lat' dir='ltr'><strong>non</strong></span> 
     </span>
    </p>
   </div>
   <div class='ocr_carea' id='block_1_16' title="bbox 233 1591 1823 1663">
    <p class='ocr_par' dir='ltr' id='par_1_16' title="bbox 233 1591 1823 1663">
     <span class='ocr_line' id='line_1_16' title="bbox 233 1591 1823 1663; baseline 0.008 -25"><span class='ocrx_word' id='word_1_114' title='bbox 233 1597 356 1638; x_wconf 85' lang='lat' dir='ltr'><strong>esse</strong></span> <span class='ocrx_word' id='word_1_115' title='bbox 384 1595 730 1654; x_wconf 87' lang='lat' dir='ltr'><strong>monstratur,</strong></span> <span class='ocrx_word' id='word_1_116' title='bbox 763 1596 816 1642; x_wconf 90' lang='lat' dir='ltr'><strong>et</strong></span> <span class='ocrx_word' id='word_1_117' title='bbox 847 1591 1086 1660; x_wconf 77' lang='lat' dir='ltr'><strong>generali</strong></span> <span class='ocrx_word' id='word_1_118' title='bbox 1115 1591 1336 1648; x_wconf 88' lang='lat' dir='ltr'><strong>nomine</strong></span> <span class='ocrx_word' id='word_1_119' title='bbox 1365 1592 1587 1663; x_wconf 90' lang='lat' dir='ltr'><strong>spiritus</strong></span> <span class='ocrx_word' id='word_1_120' title='bbox 1618 1610 1823 1650; x_wconf 83' lang='lat' dir='ltr'><strong>nuncu-</strong></span> 
     </span>
    </p>
   </div>
   <div class='ocr_carea' id='block_1_17' title="bbox 234 1676 1820 1748">
    <p class='ocr_par' dir='ltr' id='par_1_17' title="bbox 234 1676 1820 1748">
     <span class='ocr_line' id='line_1_17' title="bbox 234 1676 1820 1748; baseline 0.008 -20"><span class='ocrx_word' id='word_1_121' title='bbox 234 1684 411 1744; x_wconf 89' lang='lat' dir='ltr'><strong>patur.</strong></span> <span class='ocrx_word' id='word_1_122' title='bbox 444 1676 624 1731; x_wconf 75' lang='lat' dir='ltr'><strong>Lauda</strong></span> <span class='ocrx_word' id='word_1_123' title='bbox 654 1679 834 1735; x_wconf 87' lang='lat' dir='ltr'><strong>anima</strong></span> <span class='ocrx_word' id='word_1_124' title='bbox 860 1695 976 1736; x_wconf 88' lang='lat' dir='ltr'><strong>mea</strong></span> <span class='ocrx_word' id='word_1_125' title='bbox 1005 1682 1313 1748; x_wconf 90' lang='lat' dir='ltr'><strong>Dominum,</strong></span> <span class='ocrx_word' id='word_1_126' title='bbox 1363 1683 1595 1738; x_wconf 81' lang='lat' dir='ltr'><strong>laudabo</strong></span> <span class='ocrx_word' id='word_1_127' title='bbox 1642 1685 1820 1741; x_wconf 84' lang='lat' dir='ltr'><strong>Domi-</strong></span> 
     </span>
    </p>
   </div>
   <div class='ocr_carea' id='block_1_18' title="bbox 232 1768 1815 1848">
    <p class='ocr_par' dir='ltr' id='par_1_18' title="bbox 232 1768 1815 1848">
     <span class='ocr_line' id='line_1_18' title="bbox 232 1768 1815 1848; baseline 0.008 -25"><span class='ocrx_word' id='word_1_128' title='bbox 232 1782 360 1823; x_wconf 88' lang='lat' dir='ltr'><strong>num</strong></span> <span class='ocrx_word' id='word_1_129' title='bbox 392 1768 444 1824; x_wconf 92' lang='lat' dir='ltr'><strong>in</strong></span> <span class='ocrx_word' id='word_1_130' title='bbox 474 1770 583 1825; x_wconf 88' lang='lat' dir='ltr'><strong>vita</strong></span> <span class='ocrx_word' id='word_1_131' title='bbox 627 1787 776 1839; x_wconf 88' lang='lat' dir='ltr'><strong>mea;</strong></span> <span class='ocrx_word' id='word_1_132' title='bbox 812 1775 1034 1844; x_wconf 85' lang='lat' dir='ltr'><strong>psallam</strong></span> <span class='ocrx_word' id='word_1_133' title='bbox 1079 1776 1190 1831; x_wconf 91' lang='lat' dir='ltr'><strong>Deo</strong></span> <span class='ocrx_word' id='word_1_134' title='bbox 1235 1792 1356 1836; x_wconf 91' lang='lat' dir='ltr'><strong>meo</strong></span> <span class='ocrx_word' id='word_1_135' title='bbox 1387 1779 1620 1848; x_wconf 89' lang='lat' dir='ltr'><strong>quandiu</strong></span> <span class='ocrx_word' id='word_1_136' title='bbox 1657 1795 1815 1834; x_wconf 88' lang='lat' dir='ltr'><strong>sum:</strong></span> 
     </span>
    </p>
   </div>
   <div class='ocr_carea' id='block_1_19' title="bbox 1929 570 3508 656">
    <p class='ocr_par' dir='ltr' id='par_1_19' title="bbox 1929 570 3508 656">
     <span class='ocr_line' id='line_1_19' title="bbox 1929 570 3508 656; baseline 0.015 -35"><span class='ocrx_word' id='word_1_137' title='bbox 1929 570 2343 642; x_wconf 90' lang='lat' dir='ltr'><strong>prophetarique</strong></span> <span class='ocrx_word' id='word_1_138' title='bbox 2367 589 2472 628; x_wconf 89' lang='lat' dir='ltr'><strong>non</strong></span> <span class='ocrx_word' id='word_1_139' title='bbox 2494 574 2724 632; x_wconf 87' lang='lat' dir='ltr'><strong>destitit.</strong></span> <span class='ocrx_word' id='word_1_140' title='bbox 2759 579 2826 633; x_wconf 88' lang='lat' dir='ltr'><strong>Et</strong></span> <span class='ocrx_word' id='word_1_141' title='bbox 2848 579 2969 635; x_wconf 87' lang='lat' dir='ltr'><strong>huic</strong></span> <span class='ocrx_word' id='word_1_142' title='bbox 2997 584 3071 637; x_wconf 91' lang='lat' dir='ltr'><strong>rei</strong></span> <span class='ocrx_word' id='word_1_143' title='bbox 3095 597 3398 641; x_wconf 84' lang='lat' dir='ltr'><strong>consonans</strong></span> <span class='ocrx_word' id='word_1_144' title='bbox 3417 603 3508 656; x_wconf 87' lang='lat' dir='ltr'><strong>per</strong></span> 
     </span>
    </p>
   </div>
   <div class='ocr_carea' id='block_1_20' title="bbox 1927 664 3508 746">
    <p class='ocr_par' dir='ltr' id='par_1_20' title="bbox 1927 664 3508 746">
     <span class='ocr_line' id='line_1_20' title="bbox 1927 664 3508 746; baseline 0.012 -31"><span class='ocrx_word' id='word_1_145' title='bbox 1927 676 2083 732; x_wconf 89' lang='lat' dir='ltr'><strong>quem</strong></span> <span class='ocrx_word' id='word_1_146' title='bbox 2111 664 2200 719; x_wconf 92' lang='lat' dir='ltr'><strong>lex</strong></span> <span class='ocrx_word' id='word_1_147' title='bbox 2231 665 2349 720; x_wconf 90' lang='lat' dir='ltr'><strong>data</strong></span> <span class='ocrx_word' id='word_1_148' title='bbox 2378 678 2482 734; x_wconf 91' lang='lat' dir='ltr'><strong>est,</strong></span> <span class='ocrx_word' id='word_1_149' title='bbox 2507 668 2672 724; x_wconf 88' lang='lat' dir='ltr'><strong>libros</strong></span> <span class='ocrx_word' id='word_1_150' title='bbox 2695 672 2928 742; x_wconf 91' lang='lat' dir='ltr'><strong>quinque</strong></span> <span class='ocrx_word' id='word_1_151' title='bbox 2955 676 3298 746; x_wconf 79' lang='lat' dir='ltr'><strong>conscripsit.</strong></span> <span class='ocrx_word' id='word_1_152' title='bbox 3325 679 3391 732; x_wconf 87' lang='lat' dir='ltr'><strong>Et</strong></span> <span class='ocrx_word' id='word_1_153' title='bbox 3413 694 3508 734; x_wconf 88' lang='lat' dir='ltr'><strong>su-</strong></span> 
     </span>
    </p>
   </div>
   <div class='ocr_carea' id='block_1_21' title="bbox 1926 753 3507 835">
    <p class='ocr_par' dir='ltr' id='par_1_21' title="bbox 1926 753 3507 835">
     <span class='ocr_line' id='line_1_21' title="bbox 1926 753 3507 835; baseline 0.013 -30"><span class='ocrx_word' id='word_1_154' title='bbox 1926 753 2079 823; x_wconf 88' lang='lat' dir='ltr'><strong>perbi</strong></span> <span class='ocrx_word' id='word_1_155' title='bbox 2121 757 2412 812; x_wconf 88' lang='lat' dir='ltr'><strong>carnaliter</strong></span> <span class='ocrx_word' id='word_1_156' title='bbox 2463 760 2779 829; x_wconf 85' lang='lat' dir='ltr'><strong>sentientes,</strong></span> <span class='ocrx_word' id='word_1_157' title='bbox 2825 771 2880 817; x_wconf 91' lang='lat' dir='ltr'><strong>et</strong></span> <span class='ocrx_word' id='word_1_158' title='bbox 2925 779 3075 818; x_wconf 90' lang='lat' dir='ltr'><strong>suam</strong></span> <span class='ocrx_word' id='word_1_159' title='bbox 3121 766 3382 835; x_wconf 89' lang='lat' dir='ltr'><strong>justitiam</strong></span> <span class='ocrx_word' id='word_1_160' title='bbox 3410 785 3507 824; x_wconf 88' lang='lat' dir='ltr'><strong>vo-</strong></span> 
     </span>
    </p>
   </div>
   <div class='ocr_carea' id='block_1_22' title="bbox 1925 841 3506 929">
    <p class='ocr_par' dir='ltr' id='par_1_22' title="bbox 1925 841 3506 929">
     <span class='ocr_line' id='line_1_22' title="bbox 1925 841 3506 929; baseline 0.014 -33"><span class='ocrx_word' id='word_1_161' title='bbox 1925 841 2094 897; x_wconf 91' lang='lat' dir='ltr'><strong>lentes</strong></span> <span class='ocrx_word' id='word_1_162' title='bbox 2137 847 2488 916; x_wconf 83' lang='lat' dir='ltr'><strong>constituere,</strong></span> <span class='ocrx_word' id='word_1_163' title='bbox 2522 865 2626 904; x_wconf 91' lang='lat' dir='ltr'><strong>non</strong></span> <span class='ocrx_word' id='word_1_164' title='bbox 2658 861 2841 920; x_wconf 89' lang='lat' dir='ltr'><strong>aperta</strong></span> <span class='ocrx_word' id='word_1_165' title='bbox 2875 869 3034 909; x_wconf 91' lang='lat' dir='ltr'><strong>manu</strong></span> <span class='ocrx_word' id='word_1_166' title='bbox 3060 854 3264 911; x_wconf 86' lang='lat' dir='ltr'><strong>Christi</strong></span> <span class='ocrx_word' id='word_1_167' title='bbox 3316 861 3506 929; x_wconf 88' lang='lat' dir='ltr'><strong>repleti</strong></span> 
     </span>
    </p>
   </div>
   <div class='ocr_carea' id='block_1_23' title="bbox 1925 935 3506 1016">
    <p class='ocr_par' dir='ltr' id='par_1_23' title="bbox 1925 935 3506 1016">
     <span class='ocr_line' id='line_1_23' title="bbox 1925 935 3506 1016; baseline 0.011 -28"><span class='ocrx_word' id='word_1_168' title='bbox 1925 944 2049 988; x_wconf 90' lang='lat' dir='ltr'><strong>sunt</strong></span> <span class='ocrx_word' id='word_1_169' title='bbox 2098 935 2498 1006; x_wconf 87' lang='lat' dir='ltr'><strong>benedictione,</strong></span> <span class='ocrx_word' id='word_1_170' title='bbox 2555 941 2651 996; x_wconf 90' lang='lat' dir='ltr'><strong>sed</strong></span> <span class='ocrx_word' id='word_1_171' title='bbox 2698 947 2986 1000; x_wconf 88' lang='lat' dir='ltr'><strong>constricta</strong></span> <span class='ocrx_word' id='word_1_172' title='bbox 3043 955 3202 1016; x_wconf 91' lang='lat' dir='ltr'><strong>atque</strong></span> <span class='ocrx_word' id='word_1_173' title='bbox 3256 951 3506 1006; x_wconf 88' lang='lat' dir='ltr'><strong>conclusa</strong></span> 
     </span>
    </p>
   </div>
   <div class='ocr_carea' id='block_1_24' title="bbox 1923 1025 3506 1108">
    <p class='ocr_par' dir='ltr' id='par_1_24' title="bbox 1923 1025 3506 1108">
     <span class='ocr_line' id='line_1_24' title="bbox 1923 1025 3506 1108; baseline 0.009 -23"><span class='ocrx_word' id='word_1_174' title='bbox 1923 1030 2118 1085; x_wconf 87' lang='lat' dir='ltr'><strong>retenti</strong></span> <span class='ocrx_word' id='word_1_175' title='bbox 2146 1040 2290 1085; x_wconf 91' lang='lat' dir='ltr'><strong>sunt.</strong></span> <span class='ocrx_word' id='word_1_176' title='bbox 2323 1033 2503 1102; x_wconf 88' lang='lat' dir='ltr'><strong>Itaque</strong></span> <span class='ocrx_word' id='word_1_177' title='bbox 2535 1035 2640 1088; x_wconf 93' lang='lat' dir='ltr'><strong>illis</strong></span> <span class='ocrx_word' id='word_1_178' title='bbox 2667 1025 2900 1107; x_wconf 50' lang='lat' dir='ltr'><strong>&#39;ohligati</strong></span> <span class='ocrx_word' id='word_1_179' title='bbox 2946 1047 3071 1093; x_wconf 90' lang='lat' dir='ltr'><strong>sunt</strong></span> <span class='ocrx_word' id='word_1_180' title='bbox 3109 1040 3296 1108; x_wconf 88' lang='lat' dir='ltr'><strong>pedes,</strong></span> <span class='ocrx_word' id='word_1_181' title='bbox 3330 1053 3381 1098; x_wconf 94' lang='lat' dir='ltr'><strong>et</strong></span> <span class='ocrx_word' id='word_1_182' title='bbox 3414 1059 3506 1099; x_wconf 81' lang='lat' dir='ltr'><strong>ce-</strong></span> 
     </span>
    </p>
   </div>
   <div class='ocr_carea' id='block_1_25' title="bbox 1924 1121 3501 1189">
    <p class='ocr_par' dir='ltr' id='par_1_25' title="bbox 1924 1121 3501 1189">
     <span class='ocr_line' id='line_1_25' title="bbox 1924 1121 3501 1189; baseline 0.008 -12"><span class='ocrx_word' id='word_1_183' title='bbox 1924 1121 2204 1187; x_wconf 91' lang='lat' dir='ltr'><strong>ciderunt;</strong></span> <span class='ocrx_word' id='word_1_184' title='bbox 2257 1138 2353 1178; x_wconf 90' lang='lat' dir='ltr'><strong>nos</strong></span> <span class='ocrx_word' id='word_1_185' title='bbox 2409 1141 2536 1180; x_wconf 90' lang='lat' dir='ltr'><strong>vero</strong></span> <span class='ocrx_word' id='word_1_186' title='bbox 2589 1130 2921 1184; x_wconf 89' lang='lat' dir='ltr'><strong>surreximus</strong></span> <span class='ocrx_word' id='word_1_187' title='bbox 2972 1141 3026 1185; x_wconf 89' lang='lat' dir='ltr'><strong>et</strong></span> <span class='ocrx_word' id='word_1_188' title='bbox 3076 1134 3240 1187; x_wconf 90' lang='lat' dir='ltr'><strong>erecti</strong></span> <span class='ocrx_word' id='word_1_189' title='bbox 3300 1149 3501 1189; x_wconf 89' lang='lat' dir='ltr'><strong>sumus.</strong></span> 
     </span>
    </p>
   </div>
   <div class='ocr_carea' id='block_1_26' title="bbox 1924 1214 3507 1288">
    <p class='ocr_par' dir='ltr' id='par_1_26' title="bbox 1924 1214 3507 1288">
     <span class='ocr_line' id='line_1_26' title="bbox 1924 1214 3507 1288; baseline 0.01 -21"><span class='ocrx_word' id='word_1_190' title='bbox 1924 1214 2178 1282; x_wconf 85' lang='lat' dir='ltr'><strong>Quamvis</strong></span> <span class='ocrx_word' id='word_1_191' title='bbox 2207 1230 2356 1284; x_wconf 87' lang='lat' dir='ltr'><strong>ergo,</strong></span> <span class='ocrx_word' id='word_1_192' title='bbox 2387 1225 2446 1271; x_wconf 87' lang='lat' dir='ltr'><strong>ut</strong></span> <span class='ocrx_word' id='word_1_193' title='bbox 2471 1217 2604 1284; x_wconf 93' lang='lat' dir='ltr'><strong>dixi,</strong></span> <span class='ocrx_word' id='word_1_194' title='bbox 2633 1221 2950 1288; x_wconf 63' lang='lat' dir='ltr'><strong>prasmiscrit</strong></span> <span class='ocrx_word' id='word_1_195' title='bbox 2981 1223 3234 1280; x_wconf 91' lang='lat' dir='ltr'><strong>Dominus</strong></span> <span class='ocrx_word' id='word_1_196' title='bbox 3266 1226 3507 1283; x_wconf 85' lang='lat' dir='ltr'><strong>Christus</strong></span> 
     </span>
    </p>
   </div>
   <div class='ocr_carea' id='block_1_27' title="bbox 1924 1306 3500 1384">
    <p class='ocr_par' dir='ltr' id='par_1_27' title="bbox 1924 1306 3500 1384">
     <span class='ocr_line' id='line_1_27' title="bbox 1924 1306 3500 1384; baseline 0.009 -25"><span class='ocrx_word' id='word_1_197' title='bbox 1924 1306 2206 1376; x_wconf 83' lang='lat' dir='ltr'><strong>quamdam</strong></span> <span class='ocrx_word' id='word_1_198' title='bbox 2235 1317 2438 1376; x_wconf 89' lang='lat' dir='ltr'><strong>partem</strong></span> <span class='ocrx_word' id='word_1_199' title='bbox 2468 1311 2708 1378; x_wconf 85' lang='lat' dir='ltr'><strong>corporis</strong></span> <span class='ocrx_word' id='word_1_200' title='bbox 2733 1312 2788 1381; x_wconf 82' lang='lat'><strong>9</strong></span> <span class='ocrx_word' id='word_1_201' title='bbox 2813 1314 2894 1368; x_wconf 90' lang='lat' dir='ltr'><strong>sui</strong></span> <span class='ocrx_word' id='word_1_202' title='bbox 2918 1315 2969 1368; x_wconf 93' lang='lat' dir='ltr'><strong>in</strong></span> <span class='ocrx_word' id='word_1_203' title='bbox 2999 1319 3224 1380; x_wconf 88' lang='lat' dir='ltr'><strong>sanctis,</strong></span> <span class='ocrx_word' id='word_1_204' title='bbox 3259 1319 3348 1384; x_wconf 87' lang='lat' dir='ltr'><strong>qui</strong></span> <span class='ocrx_word' id='word_1_205' title='bbox 3380 1335 3500 1373; x_wconf 90' lang='lat' dir='ltr'><strong>eum</strong></span> 
     </span>
    </p>
   </div>
   <div class='ocr_carea' id='block_1_28' title="bbox 1925 1399 3504 1481">
    <p class='ocr_par' dir='ltr' id='par_1_28' title="bbox 1925 1399 3504 1481">
     <span class='ocr_line' id='line_1_28' title="bbox 1925 1399 3504 1481; baseline 0.01 -29"><span class='ocrx_word' id='word_1_206' title='bbox 1925 1399 2176 1454; x_wconf 86' lang='lat' dir='ltr'><strong>nascendi</strong></span> <span class='ocrx_word' id='word_1_207' title='bbox 2210 1408 2448 1470; x_wconf 88' lang='lat' dir='ltr'><strong>tempore</strong></span> <span class='ocrx_word' id='word_1_208' title='bbox 2475 1403 2792 1470; x_wconf 69' lang='lat' dir='ltr'><strong>praeierunt;</strong></span> <span class='ocrx_word' id='word_1_209' title='bbox 2845 1415 3022 1462; x_wconf 92' lang='lat' dir='ltr'><strong>tamen</strong></span> <span class='ocrx_word' id='word_1_210' title='bbox 3073 1409 3188 1478; x_wconf 89' lang='lat' dir='ltr'><strong>ipse</strong></span> <span class='ocrx_word' id='word_1_211' title='bbox 3236 1420 3317 1466; x_wconf 87' lang='lat' dir='ltr'><strong>est</strong></span> <span class='ocrx_word' id='word_1_212' title='bbox 3345 1422 3504 1481; x_wconf 85' lang='lat' dir='ltr'><strong>caput</strong></span> 
     </span>
    </p>
   </div>
   <div class='ocr_carea' id='block_1_29' title="bbox 1925 1491 3508 1573">
    <p class='ocr_par' dir='ltr' id='par_1_29' title="bbox 1925 1491 3508 1573">
     <span class='ocr_line' id='line_1_29' title="bbox 1925 1491 3508 1573; baseline 0.011 -29"><span class='ocrx_word' id='word_1_213' title='bbox 1925 1491 2164 1560; x_wconf 89' lang='lat' dir='ltr'><strong>corporis</strong></span> <span class='ocrx_word' id='word_1_214' title='bbox 2192 1491 2466 1560; x_wconf 67' lang='lat' dir='ltr'><strong>Ecclesim,</strong></span> <span class='ocrx_word' id='word_1_215' title='bbox 2499 1494 2680 1563; x_wconf 89' lang='lat' dir='ltr'><strong>illique</strong></span> <span class='ocrx_word' id='word_1_216' title='bbox 2707 1511 2896 1551; x_wconf 84' lang='lat' dir='ltr'><strong>omnes</strong></span> <span class='ocrx_word' id='word_1_217' title='bbox 2914 1500 3088 1555; x_wconf 90' lang='lat' dir='ltr'><strong>eidem</strong></span> <span class='ocrx_word' id='word_1_218' title='bbox 3117 1505 3332 1573; x_wconf 92' lang='lat' dir='ltr'><strong>corpori</strong></span> <span class='ocrx_word' id='word_1_219' title='bbox 3356 1505 3508 1573; x_wconf 88' lang='lat' dir='ltr'><strong>cujus</strong></span> 
     </span>
    </p>
   </div>
   <div class='ocr_carea' id='block_1_30' title="bbox 1926 1582 3509 1668">
    <p class='ocr_par' dir='ltr' id='par_1_30' title="bbox 1926 1582 3509 1668">
     <span class='ocr_line' id='line_1_30' title="bbox 1926 1582 3509 1668; baseline 0.009 -31"><span class='ocrx_word' id='word_1_220' title='bbox 1926 1582 2014 1638; x_wconf 90' lang='lat' dir='ltr'><strong>ille</strong></span> <span class='ocrx_word' id='word_1_221' title='bbox 2040 1595 2198 1654; x_wconf 89' lang='lat' dir='ltr'><strong>caput</strong></span> <span class='ocrx_word' id='word_1_222' title='bbox 2226 1585 2582 1651; x_wconf 77' lang='lat' dir='ltr'><strong>cohaeserunt,</strong></span> <span class='ocrx_word' id='word_1_223' title='bbox 2622 1587 2889 1644; x_wconf 89' lang='lat' dir='ltr'><strong>credendo</strong></span> <span class='ocrx_word' id='word_1_224' title='bbox 2920 1591 2972 1646; x_wconf 91' lang='lat' dir='ltr'><strong>in</strong></span> <span class='ocrx_word' id='word_1_225' title='bbox 3015 1607 3136 1647; x_wconf 89' lang='lat' dir='ltr'><strong>eum</strong></span> <span class='ocrx_word' id='word_1_226' title='bbox 3187 1610 3342 1664; x_wconf 87' lang='lat' dir='ltr'><strong>quem</strong></span> <span class='ocrx_word' id='word_1_227' title='bbox 3373 1613 3509 1668; x_wconf 65' lang='lat' dir='ltr'><strong>prte-</strong></span> 
     </span>
    </p>
   </div>
   <div class='ocr_carea' id='block_1_31' title="bbox 1925 1676 3503 1755">
    <p class='ocr_par' dir='ltr' id='par_1_31' title="bbox 1925 1676 3503 1755">
     <span class='ocr_line' id='line_1_31' title="bbox 1925 1676 3503 1755; baseline 0.008 -26"><span class='ocrx_word' id='word_1_228' title='bbox 1925 1676 2259 1731; x_wconf 90' lang='lat' dir='ltr'><strong>nuntiabant.</strong></span> <span class='ocrx_word' id='word_1_229' title='bbox 2289 1677 2402 1732; x_wconf 84' lang='lat' dir='ltr'><strong>Non</strong></span> <span class='ocrx_word' id='word_1_230' title='bbox 2432 1679 2574 1733; x_wconf 90' lang='lat' dir='ltr'><strong>enim</strong></span> <span class='ocrx_word' id='word_1_231' title='bbox 2599 1683 2979 1748; x_wconf 65' lang='lat' dir='ltr'><strong>praecurreudo</strong></span> <span class='ocrx_word' id='word_1_232' title='bbox 3009 1685 3201 1740; x_wconf 90' lang='lat' dir='ltr'><strong>divulsi</strong></span> <span class='ocrx_word' id='word_1_233' title='bbox 3228 1698 3374 1755; x_wconf 89' lang='lat' dir='ltr'><strong>sunt,</strong></span> <span class='ocrx_word' id='word_1_234' title='bbox 3408 1690 3503 1742; x_wconf 86' lang='lat' dir='ltr'><strong>ad-</strong></span> 
     </span>
    </p>
   </div>
   <div class='ocr_carea' id='block_1_32' title="bbox 1919 1765 3508 1852">
    <p class='ocr_par' dir='ltr' id='par_1_32' title="bbox 1919 1765 3508 1852">
     <span class='ocr_line' id='line_1_32' title="bbox 1919 1765 3508 1852; baseline 0.012 -33"><span class='ocrx_word' id='word_1_235' title='bbox 1919 1765 2093 1837; x_wconf 89' lang='lat' dir='ltr'><strong>juncti</strong></span> <span class='ocrx_word' id='word_1_236' title='bbox 2123 1770 2297 1837; x_wconf 89' lang='lat' dir='ltr'><strong>potius</strong></span> <span class='ocrx_word' id='word_1_237' title='bbox 2329 1770 2694 1840; x_wconf 86' lang='lat' dir='ltr'><strong>obsequendo.</strong></span> <span class='ocrx_word' id='word_1_238' title='bbox 2727 1773 2856 1828; x_wconf 85' lang='lat' dir='ltr'><strong>Nam</strong></span> <span class='ocrx_word' id='word_1_239' title='bbox 2890 1784 2943 1829; x_wconf 91' lang='lat' dir='ltr'><strong>et</strong></span> <span class='ocrx_word' id='word_1_240' title='bbox 2966 1778 3008 1830; x_wconf 92' lang='lat' dir='ltr'><strong>si</strong></span> <span class='ocrx_word' id='word_1_241' title='bbox 3053 1793 3242 1834; x_wconf 92' lang='lat' dir='ltr'><strong>manus</strong></span> <span class='ocrx_word' id='word_1_242' title='bbox 3271 1795 3300 1834; x_wconf 83' lang='lat' dir='ltr'><strong>a</strong></span> <span class='ocrx_word' id='word_1_243' title='bbox 3331 1783 3508 1852; x_wconf 88' lang='lat' dir='ltr'><strong>capite</strong></span> 
     </span>
    </p>
   </div>
   <div class='ocr_carea' id='block_1_33' title="bbox 231 1860 1814 1942">
    <p class='ocr_par' dir='ltr' id='par_1_33' title="bbox 231 1861 1814 1936">
     <span class='ocr_line' id='line_1_33' title="bbox 231 1861 1814 1936; baseline 0.008 -23"><span class='ocrx_word' id='word_1_244' title='bbox 231 1868 413 1913; x_wconf 83' lang='lat' dir='ltr'><strong>sancta</strong></span> <span class='ocrx_word' id='word_1_245' title='bbox 433 1867 489 1914; x_wconf 90' lang='lat' dir='ltr'><strong>et</strong></span> <span class='ocrx_word' id='word_1_246' title='bbox 505 1861 761 1930; x_wconf 88' lang='lat' dir='ltr'><strong>spiritalis</strong></span> <span class='ocrx_word' id='word_1_247' title='bbox 777 1865 976 1928; x_wconf 90' lang='lat' dir='ltr'><strong>anima,</strong></span> <span class='ocrx_word' id='word_1_248' title='bbox 999 1866 1110 1936; x_wconf 91' lang='lat' dir='ltr'><strong>ipsa</strong></span> <span class='ocrx_word' id='word_1_249' title='bbox 1125 1881 1185 1923; x_wconf 89' lang='lat' dir='ltr'><strong>se</strong></span> <span class='ocrx_word' id='word_1_250' title='bbox 1201 1869 1267 1922; x_wconf 88' lang='lat' dir='ltr'><strong>ad</strong></span> <span class='ocrx_word' id='word_1_251' title='bbox 1288 1867 1609 1924; x_wconf 89' lang='lat' dir='ltr'><strong>laudandum</strong></span> <span class='ocrx_word' id='word_1_252' title='bbox 1637 1869 1814 1926; x_wconf 92' lang='lat' dir='ltr'><strong>Domi-</strong></span> 
     </span>
    </p>
   </div>
   <div class='ocr_carea' id='block_1_34' title="bbox 1922 1860 3506 1942">
    <p class='ocr_par' dir='ltr' id='par_1_34' title="bbox 1925 1860 3506 1942">
     <span class='ocr_line' id='line_1_34' title="bbox 1925 1860 3506 1942; baseline 0.01 -31"><span class='ocrx_word' id='word_1_253' title='bbox 1925 1860 2175 1929; x_wconf 67' lang='lat' dir='ltr'><strong>prmmitti</strong></span> <span class='ocrx_word' id='word_1_254' title='bbox 2211 1871 2409 1930; x_wconf 88' lang='lat' dir='ltr'><strong>potest,</strong></span> <span class='ocrx_word' id='word_1_255' title='bbox 2438 1864 2708 1918; x_wconf 75' lang='lat' dir='ltr'><strong>connexio</strong></span> <span class='ocrx_word' id='word_1_256' title='bbox 2740 1874 2916 1922; x_wconf 90' lang='lat' dir='ltr'><strong>tamen</strong></span> <span class='ocrx_word' id='word_1_257' title='bbox 2936 1867 3052 1938; x_wconf 90' lang='lat' dir='ltr'><strong>ejus</strong></span> <span class='ocrx_word' id='word_1_258' title='bbox 3081 1871 3179 1925; x_wconf 94' lang='lat' dir='ltr'><strong>sub</strong></span> <span class='ocrx_word' id='word_1_259' title='bbox 3209 1874 3380 1942; x_wconf 88' lang='lat' dir='ltr'><strong>capite</strong></span> <span class='ocrx_word' id='word_1_260' title='bbox 3406 1883 3506 1940; x_wconf 92' lang='lat' dir='ltr'><strong>est,</strong></span> 
     </span>
    </p>
   </div>
   <div class='ocr_carea' id='block_1_35' title="bbox 232 1954 1812 2033">
    <p class='ocr_par' dir='ltr' id='par_1_35' title="bbox 232 1954 1812 2033">
     <span class='ocr_line' id='line_1_35' title="bbox 232 1954 1812 2033; baseline 0.009 -30"><span class='ocrx_word' id='word_1_261' title='bbox 232 1963 362 2004; x_wconf 85' lang='lat' dir='ltr'><strong>num</strong></span> <span class='ocrx_word' id='word_1_262' title='bbox 383 1954 713 2021; x_wconf 83' lang='lat' dir='ltr'><strong>cohortatur,</strong></span> <span class='ocrx_word' id='word_1_263' title='bbox 739 1964 792 2009; x_wconf 89' lang='lat' dir='ltr'><strong>et</strong></span> <span class='ocrx_word' id='word_1_264' title='bbox 819 1957 1202 2014; x_wconf 83' lang='lat' dir='ltr'><strong>excellentiore</strong></span> <span class='ocrx_word' id='word_1_265' title='bbox 1233 1961 1314 2015; x_wconf 89' lang='lat' dir='ltr'><strong>sui</strong></span> <span class='ocrx_word' id='word_1_266' title='bbox 1340 1970 1488 2026; x_wconf 89' lang='lat' dir='ltr'><strong>parte</strong></span> <span class='ocrx_word' id='word_1_267' title='bbox 1517 1977 1578 2016; x_wconf 90' lang='lat' dir='ltr'><strong>ea</strong></span> <span class='ocrx_word' id='word_1_268' title='bbox 1607 1978 1729 2033; x_wconf 86' lang='lat' dir='ltr'><strong>quae</strong></span> <span class='ocrx_word' id='word_1_269' title='bbox 1760 1963 1812 2018; x_wconf 92' lang='lat' dir='ltr'><strong>in</strong></span> 
     </span>
    </p>
   </div>
   <div class='ocr_carea' id='block_1_36' title="bbox 231 2048 1816 2128">
    <p class='ocr_par' dir='ltr' id='par_1_36' title="bbox 231 2048 1816 2128">
     <span class='ocr_line' id='line_1_36' title="bbox 231 2048 1816 2128; baseline 0.006 -27"><span class='ocrx_word' id='word_1_270' title='bbox 231 2059 294 2102; x_wconf 79' lang='lat' dir='ltr'><strong>se</strong></span> <span class='ocrx_word' id='word_1_271' title='bbox 332 2048 537 2103; x_wconf 91' lang='lat' dir='ltr'><strong>minora</strong></span> <span class='ocrx_word' id='word_1_272' title='bbox 576 2061 732 2116; x_wconf 84' lang='lat' dir='ltr'><strong>sunt,</strong></span> <span class='ocrx_word' id='word_1_273' title='bbox 777 2051 980 2107; x_wconf 88' lang='lat' dir='ltr'><strong>incitat.</strong></span> <span class='ocrx_word' id='word_1_274' title='bbox 1015 2052 1129 2109; x_wconf 82' lang='lat' dir='ltr'><strong>Non</strong></span> <span class='ocrx_word' id='word_1_275' title='bbox 1169 2055 1310 2110; x_wconf 91' lang='lat' dir='ltr'><strong>enim</strong></span> <span class='ocrx_word' id='word_1_276' title='bbox 1344 2055 1443 2110; x_wconf 91' lang='lat' dir='ltr'><strong>alia</strong></span> <span class='ocrx_word' id='word_1_277' title='bbox 1475 2066 1558 2112; x_wconf 91' lang='lat' dir='ltr'><strong>est</strong></span> <span class='ocrx_word' id='word_1_278' title='bbox 1584 2072 1704 2128; x_wconf 75' lang='lat' dir='ltr'><strong>qua:</strong></span> <span class='ocrx_word' id='word_1_279' title='bbox 1731 2057 1816 2112; x_wconf 89' lang='lat' dir='ltr'><strong>di-</strong></span> 
     </span>
    </p>
   </div>
   <div class='ocr_carea' id='block_1_37' title="bbox 230 2137 1815 2221">
    <p class='ocr_par' dir='ltr' id='par_1_37' title="bbox 230 2137 1815 2221">
     <span class='ocr_line' id='line_1_37' title="bbox 230 2137 1815 2221; baseline 0.008 -27"><span class='ocrx_word' id='word_1_280' title='bbox 230 2137 327 2204; x_wconf 86' lang='lat' dir='ltr'><strong>cit,</strong></span> <span class='ocrx_word' id='word_1_281' title='bbox 351 2147 406 2194; x_wconf 92' lang='lat' dir='ltr'><strong>et</strong></span> <span class='ocrx_word' id='word_1_282' title='bbox 427 2140 530 2193; x_wconf 87' lang='lat' dir='ltr'><strong>alia</strong></span> <span class='ocrx_word' id='word_1_283' title='bbox 547 2141 634 2196; x_wconf 93' lang='lat' dir='ltr'><strong>cui</strong></span> <span class='ocrx_word' id='word_1_284' title='bbox 656 2141 1174 2210; x_wconf 89' lang='lat' dir='ltr'><strong>dicit,aututcarnis</strong></span> <span class='ocrx_word' id='word_1_285' title='bbox 1198 2146 1312 2202; x_wconf 84' lang='lat' dir='ltr'><strong>haec</strong></span> <span class='ocrx_word' id='word_1_286' title='bbox 1341 2164 1438 2204; x_wconf 89' lang='lat' dir='ltr'><strong>vox</strong></span> <span class='ocrx_word' id='word_1_287' title='bbox 1463 2161 1567 2216; x_wconf 77' lang='grc' dir='ltr'><strong>εει,</strong></span> <span class='ocrx_word' id='word_1_288' title='bbox 1598 2165 1719 2221; x_wconf 71' lang='lat' dir='ltr'><strong>qnaa</strong></span> <span class='ocrx_word' id='word_1_289' title='bbox 1748 2151 1815 2207; x_wconf 86' lang='lat' dir='ltr'><strong>ab</strong></span> 
     </span>
    </p>
   </div>
   <div class='ocr_carea' id='block_1_38' title="bbox 228 2231 1812 2310">
    <p class='ocr_par' dir='ltr' id='par_1_38' title="bbox 228 2231 1812 2310">
     <span class='ocr_line' id='line_1_38' title="bbox 228 2231 1812 2310; baseline 0.009 -24"><span class='ocrx_word' id='word_1_290' title='bbox 228 2231 411 2288; x_wconf 83' lang='lat' dir='ltr'><strong>anima</strong></span> <span class='ocrx_word' id='word_1_291' title='bbox 437 2242 491 2288; x_wconf 93' lang='lat' dir='ltr'><strong>et</strong></span> <span class='ocrx_word' id='word_1_292' title='bbox 519 2236 680 2291; x_wconf 87' lang='lat' dir='ltr'><strong>vitam</strong></span> <span class='ocrx_word' id='word_1_293' title='bbox 695 2239 860 2293; x_wconf 89' lang='lat' dir='ltr'><strong>sumit</strong></span> <span class='ocrx_word' id='word_1_294' title='bbox 881 2248 934 2294; x_wconf 93' lang='lat' dir='ltr'><strong>et</strong></span> <span class='ocrx_word' id='word_1_295' title='bbox 961 2256 1177 2297; x_wconf 90' lang='lat' dir='ltr'><strong>sensum</strong></span> <span class='ocrx_word' id='word_1_296' title='bbox 1196 2284 1210 2310; x_wconf 93' lang='lat'><strong>,</strong></span> <span class='ocrx_word' id='word_1_297' title='bbox 1237 2258 1334 2299; x_wconf 88' lang='lat' dir='ltr'><strong>nec</strong></span> <span class='ocrx_word' id='word_1_298' title='bbox 1361 2245 1478 2299; x_wconf 89' lang='lat' dir='ltr'><strong>sine</strong></span> <span class='ocrx_word' id='word_1_299' title='bbox 1506 2247 1684 2300; x_wconf 85' lang='lat' dir='ltr'><strong>anima</strong></span> <span class='ocrx_word' id='word_1_300' title='bbox 1712 2245 1812 2300; x_wconf 92' lang='lat' dir='ltr'><strong>ali-</strong></span> 
     </span>
    </p>
   </div>
   <div class='ocr_carea' id='block_1_39' title="bbox 230 2325 1816 2407">
    <p class='ocr_par' dir='ltr' id='par_1_39' title="bbox 230 2325 1816 2407">
     <span class='ocr_line' id='line_1_39' title="bbox 230 2325 1816 2407; baseline 0.011 -29"><span class='ocrx_word' id='word_1_301' title='bbox 230 2325 359 2395; x_wconf 91' lang='lat' dir='ltr'><strong>quid</strong></span> <span class='ocrx_word' id='word_1_302' title='bbox 393 2337 568 2396; x_wconf 87' lang='lat' dir='ltr'><strong>potest</strong></span> <span class='ocrx_word' id='word_1_303' title='bbox 590 2331 746 2396; x_wconf 87' lang='lat' dir='ltr'><strong>velle,</strong></span> <span class='ocrx_word' id='word_1_304' title='bbox 780 2333 864 2388; x_wconf 91' lang='lat' dir='ltr'><strong>vel</strong></span> <span class='ocrx_word' id='word_1_305' title='bbox 899 2334 1061 2390; x_wconf 92' lang='lat' dir='ltr'><strong>nolle.</strong></span> <span class='ocrx_word' id='word_1_306' title='bbox 1091 2336 1223 2403; x_wconf 85' lang='lat' dir='ltr'><strong>Quia</strong></span> <span class='ocrx_word' id='word_1_307' title='bbox 1258 2353 1389 2393; x_wconf 90' lang='lat' dir='ltr'><strong>vero</strong></span> <span class='ocrx_word' id='word_1_308' title='bbox 1422 2339 1590 2407; x_wconf 88' lang='lat' dir='ltr'><strong>ipsius</strong></span> <span class='ocrx_word' id='word_1_309' title='bbox 1623 2342 1816 2395; x_wconf 76' lang='lat' dir='ltr'><strong>anima:</strong></span> 
     </span>
    </p>
   </div>
   <div class='ocr_carea' id='block_1_40' title="bbox 231 2416 1812 2499">
    <p class='ocr_par' dir='ltr' id='par_1_40' title="bbox 231 2416 1812 2499">
     <span class='ocr_line' id='line_1_40' title="bbox 231 2416 1812 2499; baseline 0.01 -27"><span class='ocrx_word' id='word_1_310' title='bbox 231 2416 471 2484; x_wconf 88' lang='lat' dir='ltr'><strong>duplices</strong></span> <span class='ocrx_word' id='word_1_311' title='bbox 491 2422 730 2479; x_wconf 89' lang='lat' dir='ltr'><strong>actiones</strong></span> <span class='ocrx_word' id='word_1_312' title='bbox 746 2435 892 2491; x_wconf 90' lang='lat' dir='ltr'><strong>sunt,</strong></span> <span class='ocrx_word' id='word_1_313' title='bbox 907 2428 1080 2482; x_wconf 88' lang='lat' dir='ltr'><strong>etalio</strong></span> <span class='ocrx_word' id='word_1_314' title='bbox 1098 2429 1515 2499; x_wconf 67' lang='lat' dir='ltr'><strong>ofﬁcioferigitur</strong></span> <span class='ocrx_word' id='word_1_315' title='bbox 1535 2432 1602 2485; x_wconf 89' lang='lat' dir='ltr'><strong>ad</strong></span> <span class='ocrx_word' id='word_1_316' title='bbox 1625 2432 1812 2498; x_wconf 88' lang='lat' dir='ltr'><strong>Deum,</strong></span> 
     </span>
    </p>
   </div>
   <div class='ocr_carea' id='block_1_41' title="bbox 231 2509 1816 2594">
    <p class='ocr_par' dir='ltr' id='par_1_41' title="bbox 231 2509 1816 2594">
     <span class='ocr_line' id='line_1_41' title="bbox 231 2509 1816 2594; baseline 0.011 -29"><span class='ocrx_word' id='word_1_317' title='bbox 231 2509 340 2565; x_wconf 84' lang='lat' dir='ltr'><strong>alio</strong></span> <span class='ocrx_word' id='word_1_318' title='bbox 357 2511 643 2570; x_wconf 87' lang='lat' dir='ltr'><strong>inclinatur</strong></span> <span class='ocrx_word' id='word_1_319' title='bbox 668 2517 732 2571; x_wconf 92' lang='lat' dir='ltr'><strong>ad</strong></span> <span class='ocrx_word' id='word_1_320' title='bbox 747 2533 995 2575; x_wconf 89' lang='lat' dir='ltr'><strong>carnem:</strong></span> <span class='ocrx_word' id='word_1_321' title='bbox 1024 2522 1070 2576; x_wconf 92' lang='lat' dir='ltr'><strong>si</strong></span> <span class='ocrx_word' id='word_1_322' title='bbox 1094 2523 1228 2578; x_wconf 89' lang='lat' dir='ltr'><strong>bene</strong></span> <span class='ocrx_word' id='word_1_323' title='bbox 1240 2525 1407 2578; x_wconf 84' lang='lat' dir='ltr'><strong>servit</strong></span> <span class='ocrx_word' id='word_1_324' title='bbox 1425 2526 1657 2594; x_wconf 87' lang='lat' dir='ltr'><strong>spiritui,</strong></span> <span class='ocrx_word' id='word_1_325' title='bbox 1682 2527 1816 2582; x_wconf 86' lang='lat' dir='ltr'><strong>bene</strong></span> 
     </span>
    </p>
   </div>
   <div class='ocr_carea' id='block_1_42' title="bbox 229 2603 1815 2683">
    <p class='ocr_par' dir='ltr' id='par_1_42' title="bbox 229 2603 1815 2683">
     <span class='ocr_line' id='line_1_42' title="bbox 229 2603 1815 2683; baseline 0.011 -28"><span class='ocrx_word' id='word_1_326' title='bbox 229 2603 489 2673; x_wconf 63' lang='lat' dir='ltr'><strong>praesidet</strong></span> <span class='ocrx_word' id='word_1_327' title='bbox 517 2607 685 2672; x_wconf 89' lang='lat' dir='ltr'><strong>carni,</strong></span> <span class='ocrx_word' id='word_1_328' title='bbox 719 2619 773 2664; x_wconf 88' lang='lat' dir='ltr'><strong>et</strong></span> <span class='ocrx_word' id='word_1_329' title='bbox 797 2626 891 2681; x_wconf 91' lang='lat' dir='ltr'><strong>per</strong></span> <span class='ocrx_word' id='word_1_330' title='bbox 921 2612 972 2666; x_wconf 90' lang='lat' dir='ltr'><strong>id</strong></span> <span class='ocrx_word' id='word_1_331' title='bbox 991 2613 1131 2683; x_wconf 89' lang='lat' dir='ltr'><strong>quod</strong></span> <span class='ocrx_word' id='word_1_332' title='bbox 1159 2615 1399 2670; x_wconf 70' lang='lat' dir='ltr'><strong>adhazret</strong></span> <span class='ocrx_word' id='word_1_333' title='bbox 1421 2617 1549 2683; x_wconf 89' lang='lat' dir='ltr'><strong>Deo,</strong></span> <span class='ocrx_word' id='word_1_334' title='bbox 1580 2618 1630 2673; x_wconf 90' lang='lat' dir='ltr'><strong>id</strong></span> <span class='ocrx_word' id='word_1_335' title='bbox 1653 2619 1815 2674; x_wconf 90' lang='lat' dir='ltr'><strong>etiam</strong></span> 
     </span>
    </p>
   </div>
   <div class='ocr_carea' id='block_1_43' title="bbox 228 2696 1811 2780">
    <p class='ocr_par' dir='ltr' id='par_1_43' title="bbox 228 2696 1811 2780">
     <span class='ocr_line' id='line_1_43' title="bbox 228 2696 1811 2780; baseline 0.013 -32"><span class='ocrx_word' id='word_1_336' title='bbox 228 2696 376 2765; x_wconf 90' lang='lat' dir='ltr'><strong>quod</strong></span> <span class='ocrx_word' id='word_1_337' title='bbox 406 2699 646 2756; x_wconf 73' lang='lat' dir='ltr'><strong>adhrcret</strong></span> <span class='ocrx_word' id='word_1_338' title='bbox 672 2705 906 2773; x_wconf 89' lang='lat' dir='ltr'><strong>corpori,</strong></span> <span class='ocrx_word' id='word_1_339' title='bbox 939 2706 1006 2760; x_wconf 86' lang='lat' dir='ltr'><strong>ad</strong></span> <span class='ocrx_word' id='word_1_340' title='bbox 1032 2710 1339 2777; x_wconf 85' lang='lat' dir='ltr'><strong>superiores</strong></span> <span class='ocrx_word' id='word_1_341' title='bbox 1361 2710 1544 2766; x_wconf 84' lang='lat' dir='ltr'><strong>invitat</strong></span> <span class='ocrx_word' id='word_1_342' title='bbox 1568 2711 1811 2780; x_wconf 85' lang='lat' dir='ltr'><strong>affectus,</strong></span> 
     </span>
    </p>
   </div>
   <div class='ocr_carea' id='block_1_44' title="bbox 227 2791 1813 2870">
    <p class='ocr_par' dir='ltr' id='par_1_44' title="bbox 227 2791 1813 2870">
     <span class='ocr_line' id='line_1_44' title="bbox 227 2791 1813 2870; baseline 0.01 -28"><span class='ocrx_word' id='word_1_343' title='bbox 227 2796 292 2842; x_wconf 87' lang='lat' dir='ltr'><strong>ut</strong></span> <span class='ocrx_word' id='word_1_344' title='bbox 339 2791 646 2847; x_wconf 86' lang='lat' dir='ltr'><strong>rationabili</strong></span> <span class='ocrx_word' id='word_1_345' title='bbox 697 2794 976 2852; x_wconf 78' lang='lat' dir='ltr'><strong>dominatu</strong></span> <span class='ocrx_word' id='word_1_346' title='bbox 1034 2807 1236 2854; x_wconf 89' lang='lat' dir='ltr'><strong>tantum</strong></span> <span class='ocrx_word' id='word_1_347' title='bbox 1304 2800 1532 2857; x_wconf 88' lang='lat' dir='ltr'><strong>subditis</strong></span> <span class='ocrx_word' id='word_1_348' title='bbox 1594 2804 1813 2870; x_wconf 87' lang='lat' dir='ltr'><strong>tribuat,</strong></span> 
     </span>
    </p>
   </div>
   <div class='ocr_carea' id='block_1_45' title="bbox 224 2885 1816 2965">
    <p class='ocr_par' dir='ltr' id='par_1_45' title="bbox 224 2885 1816 2965">
     <span class='ocr_line' id='line_1_45' title="bbox 224 2885 1816 2965; baseline 0.013 -32"><span class='ocrx_word' id='word_1_349' title='bbox 224 2891 485 2952; x_wconf 90' lang='lat' dir='ltr'><strong>quantum</strong></span> <span class='ocrx_word' id='word_1_350' title='bbox 507 2885 572 2938; x_wconf 90' lang='lat' dir='ltr'><strong>ad</strong></span> <span class='ocrx_word' id='word_1_351' title='bbox 607 2886 835 2943; x_wconf 89' lang='lat' dir='ltr'><strong>salutem</strong></span> <span class='ocrx_word' id='word_1_352' title='bbox 882 2899 966 2944; x_wconf 90' lang='lat' dir='ltr'><strong>sat</strong></span> <span class='ocrx_word' id='word_1_353' title='bbox 993 2899 1115 2956; x_wconf 90' lang='lat' dir='ltr'><strong>est,</strong></span> <span class='ocrx_word' id='word_1_354' title='bbox 1161 2907 1228 2948; x_wconf 91' lang='lat' dir='ltr'><strong>ne</strong></span> <span class='ocrx_word' id='word_1_355' title='bbox 1275 2893 1349 2948; x_wconf 89' lang='lat' dir='ltr'><strong>ita</strong></span> <span class='ocrx_word' id='word_1_356' title='bbox 1377 2895 1816 2965; x_wconf 87' lang='lat' dir='ltr'><strong>corruptibilibus</strong></span> 
     </span>
    </p>
   </div>
   <div class='ocr_carea' id='block_1_46' title="bbox 226 2973 1814 3054">
    <p class='ocr_par' dir='ltr' id='par_1_46' title="bbox 226 2973 1814 3054">
     <span class='ocr_line' id='line_1_46' title="bbox 226 2973 1814 3054; baseline 0.01 -26"><span class='ocrx_word' id='word_1_357' title='bbox 226 2973 539 3042; x_wconf 87' lang='lat' dir='ltr'><strong>implicetur</strong></span> <span class='ocrx_word' id='word_1_358' title='bbox 567 2987 624 3032; x_wconf 90' lang='lat' dir='ltr'><strong>ut</strong></span> <span class='ocrx_word' id='word_1_359' title='bbox 655 2979 743 3034; x_wconf 88' lang='lat' dir='ltr'><strong>illa</strong></span> <span class='ocrx_word' id='word_1_360' title='bbox 775 2982 892 3048; x_wconf 85' lang='lat' dir='ltr'><strong>ejus</strong></span> <span class='ocrx_word' id='word_1_361' title='bbox 917 2981 1148 3053; x_wconf 79' lang='lat' dir='ltr'><strong>dignitas</strong></span> <span class='ocrx_word' id='word_1_362' title='bbox 1177 2999 1278 3054; x_wconf 89' lang='lat' dir='ltr'><strong>qua</strong></span> <span class='ocrx_word' id='word_1_363' title='bbox 1305 2985 1394 3041; x_wconf 92' lang='lat' dir='ltr'><strong>uni</strong></span> <span class='ocrx_word' id='word_1_364' title='bbox 1431 2986 1541 3042; x_wconf 91' lang='lat' dir='ltr'><strong>Deo</strong></span> <span class='ocrx_word' id='word_1_365' title='bbox 1566 2997 1648 3043; x_wconf 90' lang='lat' dir='ltr'><strong>est</strong></span> <span class='ocrx_word' id='word_1_366' title='bbox 1677 2989 1814 3043; x_wconf 92' lang='lat' dir='ltr'><strong>sub-</strong></span> 
     </span>
    </p>
   </div>
   <div class='ocr_carea' id='block_1_47' title="bbox 222 3067 1814 3153">
    <p class='ocr_par' dir='ltr' id='par_1_47' title="bbox 222 3067 1814 3153">
     <span class='ocr_line' id='line_1_47' title="bbox 222 3067 1814 3153; baseline 0.01 -29"><span class='ocrx_word' id='word_1_367' title='bbox 222 3067 390 3141; x_wconf 76' lang='lat' dir='ltr'><strong>jecta,</strong></span> <span class='ocrx_word' id='word_1_368' title='bbox 438 3073 725 3132; x_wconf 87' lang='lat' dir='ltr'><strong>minuatur.</strong></span> <span class='ocrx_word' id='word_1_369' title='bbox 770 3077 920 3134; x_wconf 76' lang='lat' dir='ltr'><strong>Mens</strong></span> <span class='ocrx_word' id='word_1_370' title='bbox 967 3081 1146 3151; x_wconf 88' lang='lat' dir='ltr'><strong>itaque</strong></span> <span class='ocrx_word' id='word_1_371' title='bbox 1173 3096 1378 3141; x_wconf 88' lang='lat' dir='ltr'><strong>summa</strong></span> <span class='ocrx_word' id='word_1_372' title='bbox 1408 3083 1648 3153; x_wconf 60' lang='lat' dir='ltr'><strong>quasdam</strong></span> <span class='ocrx_word' id='word_1_373' title='bbox 1691 3099 1814 3153; x_wconf 85' lang='lat' dir='ltr'><strong>pars</strong></span> 
     </span>
    </p>
   </div>
   <div class='ocr_carea' id='block_1_48' title="bbox 221 3166 1814 3240">
    <p class='ocr_par' dir='ltr' id='par_1_48' title="bbox 221 3166 1814 3240">
     <span class='ocr_line' id='line_1_48' title="bbox 221 3166 1814 3240; baseline 0.007 -19"><span class='ocrx_word' id='word_1_374' title='bbox 221 3166 440 3233; x_wconf 73' lang='lat' dir='ltr'><strong>animae,</strong></span> <span class='ocrx_word' id='word_1_375' title='bbox 471 3171 812 3240; x_wconf 87' lang='lat' dir='ltr'><strong>semetipsam</strong></span> <span class='ocrx_word' id='word_1_376' title='bbox 852 3173 905 3228; x_wconf 91' lang='lat' dir='ltr'><strong>in</strong></span> <span class='ocrx_word' id='word_1_377' title='bbox 935 3174 1184 3230; x_wconf 90' lang='lat' dir='ltr'><strong>omnibus</strong></span> <span class='ocrx_word' id='word_1_378' title='bbox 1215 3177 1326 3230; x_wconf 84' lang='lat' dir='ltr'><strong>suis</strong></span> <span class='ocrx_word' id='word_1_379' title='bbox 1355 3176 1583 3233; x_wconf 88' lang='lat' dir='ltr'><strong>incitans</strong></span> <span class='ocrx_word' id='word_1_380' title='bbox 1607 3177 1814 3233; x_wconf 90' lang='lat' dir='ltr'><strong>conati-</strong></span> 
     </span>
    </p>
   </div>
   <div class='ocr_carea' id='block_1_49' title="bbox 223 3255 1491 3334">
    <p class='ocr_par' dir='ltr' id='par_1_49' title="bbox 223 3255 1491 3334">
     <span class='ocr_line' id='line_1_49' title="bbox 223 3255 1491 3334; baseline 0.009 -20"><span class='ocrx_word' id='word_1_381' title='bbox 223 3255 352 3328; x_wconf 82' lang='lat' dir='ltr'><strong>bus,</strong></span> <span class='ocrx_word' id='word_1_382' title='bbox 372 3259 499 3317; x_wconf 91' lang='lat' dir='ltr'><strong>dicit</strong></span> <span class='ocrx_word' id='word_1_383' title='bbox 525 3281 538 3317; x_wconf 93' lang='lat'><strong>:</strong></span> <span class='ocrx_word' id='word_1_384' title='bbox 563 3262 767 3334; x_wconf 86' lang='lat' dir='ltr'><strong>Lauda,</strong></span> <span class='ocrx_word' id='word_1_385' title='bbox 797 3265 975 3322; x_wconf 90' lang='lat' dir='ltr'><strong>anima</strong></span> <span class='ocrx_word' id='word_1_386' title='bbox 1006 3282 1147 3334; x_wconf 89' lang='lat' dir='ltr'><strong>mea,</strong></span> <span class='ocrx_word' id='word_1_387' title='bbox 1182 3268 1491 3325; x_wconf 90' lang='lat' dir='ltr'><strong>Dominum.</strong></span> 
     </span>
    </p>
   </div>
   <div class='ocr_carea' id='block_1_50' title="bbox 757 3376 1276 3438">
    <p class='ocr_par' dir='ltr' id='par_1_50' title="bbox 757 3376 1276 3438">
     <span class='ocr_line' id='line_1_50' title="bbox 757 3376 1276 3438; baseline 0.006 -4"><span class='ocrx_word' id='word_1_388' title='bbox 757 3376 983 3437; x_wconf 83' lang='lat' dir='ltr'><strong>CAPUT</strong></span> <span class='ocrx_word' id='word_1_389' title='bbox 1023 3379 1276 3438; x_wconf 82' lang='lat' dir='ltr'><strong>CXCVII.</strong></span> 
     </span>
    </p>
   </div>
   <div class='ocr_carea' id='block_1_51' title="bbox 220 3469 1814 3550">
    <p class='ocr_par' dir='ltr' id='par_1_51' title="bbox 220 3469 1814 3550">
     <span class='ocr_line' id='line_1_51' title="bbox 220 3469 1814 3550; baseline 0.004 -25"><span class='ocrx_word' id='word_1_390' title='bbox 220 3469 383 3550; x_wconf 67' lang='lat' dir='ltr'><strong>Quod</strong></span> <span class='ocrx_word' id='word_1_391' title='bbox 402 3474 645 3550; x_wconf 71' lang='lat' dir='ltr'><strong>antiquos</strong></span> <span class='ocrx_word' id='word_1_392' title='bbox 661 3475 834 3550; x_wconf 73' lang='lat' dir='ltr'><strong>justas</strong></span> <span class='ocrx_word' id='word_1_393' title='bbox 865 3477 1271 3550; x_wconf 15' lang='lat' dir='ltr'><strong>caputrChristus</strong></span> <span class='ocrx_word' id='word_1_394' title='bbox 1299 3478 1434 3550; x_wconf 68' lang='lat' dir='ltr'><strong>uelut</strong></span> <span class='ocrx_word' id='word_1_395' title='bbox 1459 3494 1664 3532; x_wconf 82' lang='lat' dir='ltr'><strong>manum</strong></span> <span class='ocrx_word' id='word_1_396' title='bbox 1681 3494 1814 3550; x_wconf 68' lang='lat' dir='ltr'><strong>prta-</strong></span> 
     </span>
    </p>
   </div>
   <div class='ocr_carea' id='block_1_52' title="bbox 298 3545 1815 3610">
    <p class='ocr_par' dir='ltr' id='par_1_52' title="bbox 298 3545 1815 3610">
     <span class='ocr_line' id='line_1_52' title="bbox 298 3545 1815 3610; baseline 0.004 -14"><span class='ocrx_word' id='word_1_397' title='bbox 298 3545 491 3597; x_wconf 81' lang='lat' dir='ltr'><strong>miserit</strong></span> <span class='ocrx_word' id='word_1_398' title='bbox 530 3545 859 3610; x_wconf 75' lang='lat' dir='ltr'><strong>nasciturus;</strong></span> <span class='ocrx_word' id='word_1_399' title='bbox 887 3563 952 3601; x_wconf 70' lang='lat' dir='ltr'><strong>ex</strong></span> <span class='ocrx_word' id='word_1_400' title='bbox 997 3547 1128 3602; x_wconf 86' lang='lat' dir='ltr'><strong>libro</strong></span> <span class='ocrx_word' id='word_1_401' title='bbox 1178 3549 1240 3601; x_wconf 88' lang='lat' dir='ltr'><strong>de</strong></span> <span class='ocrx_word' id='word_1_402' title='bbox 1289 3545 1690 3604; x_wconf 51' lang='lat' dir='ltr'><strong>Catechizandis&#39;</strong></span> <span class='ocrx_word' id='word_1_403' title='bbox 1723 3566 1815 3603; x_wconf 85' lang='lat' dir='ltr'><strong>ru-</strong></span> 
     </span>
    </p>
   </div>
   <div class='ocr_carea' id='block_1_53' title="bbox 301 3615 471 3669">
    <p class='ocr_par' dir='ltr' id='par_1_53' title="bbox 301 3615 471 3669">
     <span class='ocr_line' id='line_1_53' title="bbox 301 3615 471 3669; baseline 0 -1"><span class='ocrx_word' id='word_1_404' title='bbox 301 3615 471 3669; x_wconf 83' lang='lat' dir='ltr'><strong>dibus.</strong></span> 
     </span>
    </p>
   </div>
   <div class='ocr_carea' id='block_1_54' title="bbox 297 3729 1813 3806">
    <p class='ocr_par' dir='ltr' id='par_1_54' title="bbox 297 3729 1813 3806">
     <span class='ocr_line' id='line_1_54' title="bbox 297 3729 1813 3806; baseline 0.005 -22"><span class='ocrx_word' id='word_1_405' title='bbox 297 3729 414 3785; x_wconf 85' lang='lat' dir='ltr'><strong>Non</strong></span> <span class='ocrx_word' id='word_1_406' title='bbox 455 3731 525 3786; x_wconf 92' lang='lat' dir='ltr'><strong>ob</strong></span> <span class='ocrx_word' id='word_1_407' title='bbox 569 3731 712 3788; x_wconf 90' lang='lat' dir='ltr'><strong>aliud</strong></span> <span class='ocrx_word' id='word_1_408' title='bbox 745 3741 870 3790; x_wconf 88' lang='lat' dir='ltr'><strong>ante</strong></span> <span class='ocrx_word' id='word_1_409' title='bbox 906 3733 1192 3790; x_wconf 90' lang='lat' dir='ltr'><strong>adventum</strong></span> <span class='ocrx_word' id='word_1_410' title='bbox 1220 3734 1431 3790; x_wconf 91' lang='lat' dir='ltr'><strong>Domini</strong></span> <span class='ocrx_word' id='word_1_411' title='bbox 1459 3735 1658 3806; x_wconf 88' lang='lat' dir='ltr'><strong>scripta</strong></span> <span class='ocrx_word' id='word_1_412' title='bbox 1690 3745 1813 3792; x_wconf 89' lang='lat' dir='ltr'><strong>sunt</strong></span> 
     </span>
    </p>
   </div>
   <div class='ocr_carea' id='block_1_55' title="bbox 217 3823 1812 3899">
    <p class='ocr_par' dir='ltr' id='par_1_55' title="bbox 217 3823 1812 3899">
     <span class='ocr_line' id='line_1_55' title="bbox 217 3823 1812 3899; baseline 0.005 -21"><span class='ocrx_word' id='word_1_413' title='bbox 217 3823 402 3878; x_wconf 89' lang='lat' dir='ltr'><strong>omnia</strong></span> <span class='ocrx_word' id='word_1_414' title='bbox 431 3839 551 3892; x_wconf 84' lang='lat' dir='ltr'><strong>quae</strong></span> <span class='ocrx_word' id='word_1_415' title='bbox 583 3827 635 3880; x_wconf 93' lang='lat' dir='ltr'><strong>in</strong></span> <span class='ocrx_word' id='word_1_416' title='bbox 650 3825 1156 3898; x_wconf 87' lang='lat' dir='ltr'><strong>sanctisScripturis</strong></span> <span class='ocrx_word' id='word_1_417' title='bbox 1178 3828 1430 3899; x_wconf 78' lang='lat' dir='ltr'><strong>legimus,</strong></span> <span class='ocrx_word' id='word_1_418' title='bbox 1453 3831 1552 3885; x_wconf 91' lang='lat' dir='ltr'><strong>nisi</strong></span> <span class='ocrx_word' id='word_1_419' title='bbox 1581 3841 1636 3886; x_wconf 92' lang='lat' dir='ltr'><strong>ut</strong></span> <span class='ocrx_word' id='word_1_420' title='bbox 1667 3832 1812 3886; x_wconf 91' lang='lat' dir='ltr'><strong>illius</strong></span> 
     </span>
    </p>
   </div>
   <div class='ocr_carea' id='block_1_56' title="bbox 218 3919 1813 3994">
    <p class='ocr_par' dir='ltr' id='par_1_56' title="bbox 218 3919 1813 3994">
     <span class='ocr_line' id='line_1_56' title="bbox 218 3919 1813 3994; baseline 0.004 -22"><span class='ocrx_word' id='word_1_421' title='bbox 218 3919 697 3975; x_wconf 87' lang='lat' dir='ltr'><strong>commendaretur</strong></span> <span class='ocrx_word' id='word_1_422' title='bbox 746 3922 1030 3990; x_wconf 83' lang='lat' dir='ltr'><strong>adventus,</strong></span> <span class='ocrx_word' id='word_1_423' title='bbox 1083 3933 1137 3978; x_wconf 91' lang='lat' dir='ltr'><strong>et</strong></span> <span class='ocrx_word' id='word_1_424' title='bbox 1166 3923 1338 3978; x_wconf 87' lang='lat' dir='ltr'><strong>futura</strong></span> <span class='ocrx_word' id='word_1_425' title='bbox 1392 3926 1813 3994; x_wconf 69' lang='lat' dir='ltr'><strong>praesignaretur</strong></span> 
     </span>
    </p>
   </div>
   <div class='ocr_carea' id='block_1_57' title="bbox 219 4007 1810 4087">
    <p class='ocr_par' dir='ltr' id='par_1_57' title="bbox 219 4007 1810 4087">
     <span class='ocr_line' id='line_1_57' title="bbox 219 4007 1810 4087; baseline 0.004 -24"><span class='ocrx_word' id='word_1_426' title='bbox 219 4007 486 4071; x_wconf 86' lang='lat' dir='ltr'><strong>Ecclesia,</strong></span> <span class='ocrx_word' id='word_1_427' title='bbox 519 4011 570 4064; x_wconf 92' lang='lat' dir='ltr'><strong>id</strong></span> <span class='ocrx_word' id='word_1_428' title='bbox 593 4021 676 4065; x_wconf 87' lang='lat' dir='ltr'><strong>est</strong></span> <span class='ocrx_word' id='word_1_429' title='bbox 709 4013 937 4082; x_wconf 87' lang='lat' dir='ltr'><strong>populus</strong></span> <span class='ocrx_word' id='word_1_430' title='bbox 959 4014 1055 4069; x_wconf 90' lang='lat' dir='ltr'><strong>Dei</strong></span> <span class='ocrx_word' id='word_1_431' title='bbox 1083 4029 1180 4083; x_wconf 90' lang='lat' dir='ltr'><strong>per</strong></span> <span class='ocrx_word' id='word_1_432' title='bbox 1210 4030 1400 4070; x_wconf 87' lang='lat' dir='ltr'><strong>omnes</strong></span> <span class='ocrx_word' id='word_1_433' title='bbox 1428 4025 1637 4084; x_wconf 90' lang='lat' dir='ltr'><strong>gentes,</strong></span> <span class='ocrx_word' id='word_1_434' title='bbox 1670 4017 1810 4087; x_wconf 90' lang='lat' dir='ltr'><strong>quod</strong></span> 
     </span>
    </p>
   </div>
   <div class='ocr_carea' id='block_1_58' title="bbox 218 4104 1809 4175">
    <p class='ocr_par' dir='ltr' id='par_1_58' title="bbox 218 4104 1809 4175">
     <span class='ocr_line' id='line_1_58' title="bbox 218 4104 1809 4175; baseline 0.005 -21"><span class='ocrx_word' id='word_1_435' title='bbox 218 4110 313 4154; x_wconf 81' lang='lat' dir='ltr'><strong>est</strong></span> <span class='ocrx_word' id='word_1_436' title='bbox 335 4115 528 4170; x_wconf 87' lang='lat' dir='ltr'><strong>corpus</strong></span> <span class='ocrx_word' id='word_1_437' title='bbox 559 4104 708 4171; x_wconf 84' lang='lat' dir='ltr'><strong>ejus;</strong></span> <span class='ocrx_word' id='word_1_438' title='bbox 743 4107 1011 4175; x_wconf 79' lang='lat' dir='ltr'><strong>adjunctis</strong></span> <span class='ocrx_word' id='word_1_439' title='bbox 1045 4115 1205 4175; x_wconf 88' lang='lat' dir='ltr'><strong>atque</strong></span> <span class='ocrx_word' id='word_1_440' title='bbox 1237 4107 1603 4161; x_wconf 89' lang='lat' dir='ltr'><strong>annumeratis</strong></span> <span class='ocrx_word' id='word_1_441' title='bbox 1631 4109 1809 4162; x_wconf 88' lang='lat' dir='ltr'><strong>omni-</strong></span> 
     </span>
    </p>
   </div>
   <div class='ocr_carea' id='block_1_59' title="bbox 171 4193 1814 4268">
    <p class='ocr_par' dir='ltr' id='par_1_59' title="bbox 171 4193 1814 4268">
     <span class='ocr_line' id='line_1_59' title="bbox 171 4193 1814 4268; baseline 0.005 -22"><span class='ocrx_word' id='word_1_442' title='bbox 171 4238 181 4246; x_wconf 95' lang='lat'><strong>.</strong></span> <span class='ocrx_word' id='word_1_443' title='bbox 218 4193 329 4251; x_wconf 80' lang='lat' dir='ltr'><strong>bus</strong></span> <span class='ocrx_word' id='word_1_444' title='bbox 365 4196 588 4264; x_wconf 87' lang='lat' dir='ltr'><strong>sanctis,</strong></span> <span class='ocrx_word' id='word_1_445' title='bbox 639 4197 729 4266; x_wconf 91' lang='lat' dir='ltr'><strong>qui</strong></span> <span class='ocrx_word' id='word_1_446' title='bbox 775 4198 935 4252; x_wconf 89' lang='lat' dir='ltr'><strong>etiam</strong></span> <span class='ocrx_word' id='word_1_447' title='bbox 967 4206 1091 4253; x_wconf 86' lang='lat' dir='ltr'><strong>ante</strong></span> <span class='ocrx_word' id='word_1_448' title='bbox 1136 4200 1421 4254; x_wconf 87' lang='lat' dir='ltr'><strong>adventum</strong></span> <span class='ocrx_word' id='word_1_449' title='bbox 1452 4199 1570 4268; x_wconf 90' lang='lat' dir='ltr'><strong>ejus</strong></span> <span class='ocrx_word' id='word_1_450' title='bbox 1616 4202 1668 4254; x_wconf 94' lang='lat' dir='ltr'><strong>in</strong></span> <span class='ocrx_word' id='word_1_451' title='bbox 1711 4201 1814 4255; x_wconf 92' lang='lat' dir='ltr'><strong>hoc</strong></span> 
     </span>
    </p>
   </div>
   <div class='ocr_carea' id='block_1_60' title="bbox 215 4286 1809 4359">
    <p class='ocr_par' dir='ltr' id='par_1_60' title="bbox 215 4286 1809 4359">
     <span class='ocr_line' id='line_1_60' title="bbox 215 4286 1809 4359; baseline 0.004 -18"><span class='ocrx_word' id='word_1_452' title='bbox 215 4286 428 4341; x_wconf 77' lang='lat' dir='ltr'><strong>saeculo</strong></span> <span class='ocrx_word' id='word_1_453' title='bbox 457 4287 724 4356; x_wconf 88' lang='lat' dir='ltr'><strong>vixerunt,</strong></span> <span class='ocrx_word' id='word_1_454' title='bbox 766 4289 841 4343; x_wconf 89' lang='lat' dir='ltr'><strong>ita</strong></span> <span class='ocrx_word' id='word_1_455' title='bbox 869 4305 988 4346; x_wconf 92' lang='lat' dir='ltr'><strong>eum</strong></span> <span class='ocrx_word' id='word_1_456' title='bbox 1017 4291 1299 4347; x_wconf 86' lang='lat' dir='ltr'><strong>credentes</strong></span> <span class='ocrx_word' id='word_1_457' title='bbox 1343 4301 1627 4346; x_wconf 87' lang='lat' dir='ltr'><strong>venturum</strong></span> <span class='ocrx_word' id='word_1_458' title='bbox 1667 4306 1809 4359; x_wconf 87' lang='lat' dir='ltr'><strong>esse,</strong></span> 
     </span>
    </p>
   </div>
   <div class='ocr_carea' id='block_1_61' title="bbox 217 4379 1813 4454">
    <p class='ocr_par' dir='ltr' id='par_1_61' title="bbox 217 4379 1813 4454">
     <span class='ocr_line' id='line_1_61' title="bbox 217 4379 1813 4454; baseline 0.003 -18"><span class='ocrx_word' id='word_1_459' title='bbox 217 4379 367 4436; x_wconf 83' lang='lat' dir='ltr'><strong>sicut</strong></span> <span class='ocrx_word' id='word_1_460' title='bbox 397 4395 494 4434; x_wconf 91' lang='lat' dir='ltr'><strong>nos</strong></span> <span class='ocrx_word' id='word_1_461' title='bbox 521 4380 750 4436; x_wconf 85' lang='lat' dir='ltr'><strong>venisse.</strong></span> <span class='ocrx_word' id='word_1_462' title='bbox 796 4381 948 4439; x_wconf 87' lang='lat' dir='ltr'><strong>Sicut</strong></span> <span class='ocrx_word' id='word_1_463' title='bbox 993 4383 1136 4438; x_wconf 91' lang='lat' dir='ltr'><strong>enim</strong></span> <span class='ocrx_word' id='word_1_464' title='bbox 1186 4384 1351 4440; x_wconf 86' lang='lat' dir='ltr'><strong>Jacob</strong></span> <span class='ocrx_word' id='word_1_465' title='bbox 1401 4399 1619 4438; x_wconf 89' lang='lat' dir='ltr'><strong>manum</strong></span> <span class='ocrx_word' id='word_1_466' title='bbox 1666 4387 1813 4454; x_wconf 92' lang='lat' dir='ltr'><strong>prius</strong></span> 
     </span>
    </p>
   </div>
   <div class='ocr_carea' id='block_1_62' title="bbox 217 4471 1807 4547">
    <p class='ocr_par' dir='ltr' id='par_1_62' title="bbox 217 4471 1807 4547">
     <span class='ocr_line' id='line_1_62' title="bbox 217 4471 1807 4547; baseline 0.003 -20"><span class='ocrx_word' id='word_1_467' title='bbox 217 4471 352 4527; x_wconf 84' lang='lat' dir='ltr'><strong>dum</strong></span> <span class='ocrx_word' id='word_1_468' title='bbox 384 4481 716 4539; x_wconf 84' lang='lat' dir='ltr'><strong>nasceretur,</strong></span> <span class='ocrx_word' id='word_1_469' title='bbox 761 4473 940 4530; x_wconf 86' lang='lat' dir='ltr'><strong>emisit</strong></span> <span class='ocrx_word' id='word_1_470' title='bbox 986 4490 1052 4530; x_wconf 91' lang='lat' dir='ltr'><strong>ex</strong></span> <span class='ocrx_word' id='word_1_471' title='bbox 1087 4484 1263 4544; x_wconf 90' lang='lat' dir='ltr'><strong>utero,</strong></span> <span class='ocrx_word' id='word_1_472' title='bbox 1297 4491 1399 4546; x_wconf 91' lang='lat' dir='ltr'><strong>qua</strong></span> <span class='ocrx_word' id='word_1_473' title='bbox 1421 4475 1584 4531; x_wconf 88' lang='lat' dir='ltr'><strong>etiam</strong></span> <span class='ocrx_word' id='word_1_474' title='bbox 1615 4476 1807 4547; x_wconf 85' lang='lat' dir='ltr'><strong>pedem</strong></span> 
     </span>
    </p>
   </div>
   <div class='ocr_carea' id='block_1_63' title="bbox 219 4565 1810 4637">
    <p class='ocr_par' dir='ltr' id='par_1_63' title="bbox 219 4565 1810 4637">
     <span class='ocr_line' id='line_1_63' title="bbox 219 4565 1810 4637; baseline 0.004 -18"><span class='ocrx_word' id='word_1_475' title='bbox 219 4566 608 4635; x_wconf 84' lang='lat' dir='ltr'><strong>pracnascentis</strong></span> <span class='ocrx_word' id='word_1_476' title='bbox 638 4565 823 4622; x_wconf 79' lang='lat' dir='ltr'><strong>fratris</strong></span> <span class='ocrx_word' id='word_1_477' title='bbox 854 4568 1102 4634; x_wconf 85' lang='lat' dir='ltr'><strong>tenebat;</strong></span> <span class='ocrx_word' id='word_1_478' title='bbox 1131 4567 1327 4624; x_wconf 90' lang='lat' dir='ltr'><strong>deinde</strong></span> <span class='ocrx_word' id='word_1_479' title='bbox 1362 4569 1548 4637; x_wconf 87' lang='lat' dir='ltr'><strong>utique</strong></span> <span class='ocrx_word' id='word_1_480' title='bbox 1567 4579 1810 4625; x_wconf 90' lang='lat' dir='ltr'><strong>secutum</strong></span> 
     </span>
    </p>
   </div>
   <div class='ocr_carea' id='block_1_64' title="bbox 219 4659 1807 4729">
    <p class='ocr_par' dir='ltr' id='par_1_64' title="bbox 219 4659 1807 4729">
     <span class='ocr_line' id='line_1_64' title="bbox 219 4659 1807 4729; baseline 0.004 -18"><span class='ocrx_word' id='word_1_481' title='bbox 219 4665 310 4712; x_wconf 87' lang='lat' dir='ltr'><strong>est</strong></span> <span class='ocrx_word' id='word_1_482' title='bbox 337 4667 516 4727; x_wconf 90' lang='lat' dir='ltr'><strong>caput,</strong></span> <span class='ocrx_word' id='word_1_483' title='bbox 546 4667 657 4713; x_wconf 92' lang='lat' dir='ltr'><strong>tum</strong></span> <span class='ocrx_word' id='word_1_484' title='bbox 689 4659 905 4715; x_wconf 90' lang='lat' dir='ltr'><strong>demum</strong></span> <span class='ocrx_word' id='word_1_485' title='bbox 948 4663 1259 4716; x_wconf 88' lang='lat' dir='ltr'><strong>necessario</strong></span> <span class='ocrx_word' id='word_1_486' title='bbox 1289 4663 1531 4718; x_wconf 87' lang='lat' dir='ltr'><strong>membra</strong></span> <span class='ocrx_word' id='word_1_487' title='bbox 1573 4671 1807 4729; x_wconf 79' lang='lat' dir='ltr'><strong>caetera;</strong></span> 
     </span>
    </p>
   </div>
   <div class='ocr_carea' id='block_1_65' title="bbox 217 4747 1809 4824">
    <p class='ocr_par' dir='ltr' id='par_1_65' title="bbox 217 4747 1809 4824">
     <span class='ocr_line' id='line_1_65' title="bbox 217 4747 1809 4824; baseline 0.004 -20"><span class='ocrx_word' id='word_1_488' title='bbox 217 4747 323 4804; x_wconf 75' lang='lat' dir='ltr'><strong>sed</strong></span> <span class='ocrx_word' id='word_1_489' title='bbox 355 4758 531 4804; x_wconf 90' lang='lat' dir='ltr'><strong>tamen</strong></span> <span class='ocrx_word' id='word_1_490' title='bbox 558 4758 719 4820; x_wconf 88' lang='lat' dir='ltr'><strong>caput</strong></span> <span class='ocrx_word' id='word_1_491' title='bbox 748 4765 855 4804; x_wconf 92' lang='lat' dir='ltr'><strong>non</strong></span> <span class='ocrx_word' id='word_1_492' title='bbox 886 4759 1092 4806; x_wconf 90' lang='lat' dir='ltr'><strong>tantum</strong></span> <span class='ocrx_word' id='word_1_493' title='bbox 1115 4769 1178 4808; x_wconf 88' lang='lat' dir='ltr'><strong>ea</strong></span> <span class='ocrx_word' id='word_1_494' title='bbox 1209 4753 1450 4809; x_wconf 87' lang='lat' dir='ltr'><strong>membra</strong></span> <span class='ocrx_word' id='word_1_495' title='bbox 1473 4769 1591 4824; x_wconf 71' lang='lat' dir='ltr'><strong>qua:</strong></span> <span class='ocrx_word' id='word_1_496' title='bbox 1623 4762 1809 4810; x_wconf 88' lang='lat' dir='ltr'><strong>secuta</strong></span> 
     </span>
    </p>
   </div>
   <div class='ocr_carea' id='block_1_66' title="bbox 217 4841 1810 4915">
    <p class='ocr_par' dir='ltr' id='par_1_66' title="bbox 217 4841 1810 4915">
     <span class='ocr_line' id='line_1_66' title="bbox 217 4841 1810 4915; baseline 0.004 -21"><span class='ocrx_word' id='word_1_497' title='bbox 217 4846 371 4904; x_wconf 76' lang='lat' dir='ltr'><strong>sunt,</strong></span> <span class='ocrx_word' id='word_1_498' title='bbox 399 4841 494 4896; x_wconf 88' lang='lat' dir='ltr'><strong>sed</strong></span> <span class='ocrx_word' id='word_1_499' title='bbox 525 4841 684 4896; x_wconf 89' lang='lat' dir='ltr'><strong>etiam</strong></span> <span class='ocrx_word' id='word_1_500' title='bbox 713 4843 882 4913; x_wconf 84' lang='lat' dir='ltr'><strong>ipsam</strong></span> <span class='ocrx_word' id='word_1_501' title='bbox 915 4859 1132 4900; x_wconf 89' lang='lat' dir='ltr'><strong>manum</strong></span> <span class='ocrx_word' id='word_1_502' title='bbox 1154 4860 1275 4913; x_wconf 59' lang='lat' dir='ltr'><strong>quas</strong></span> <span class='ocrx_word' id='word_1_503' title='bbox 1301 4847 1353 4899; x_wconf 91' lang='lat' dir='ltr'><strong>in</strong></span> <span class='ocrx_word' id='word_1_504' title='bbox 1378 4846 1648 4901; x_wconf 89' lang='lat' dir='ltr'><strong>nascendo</strong></span> <span class='ocrx_word' id='word_1_505' title='bbox 1675 4862 1810 4915; x_wconf 73' lang='lat' dir='ltr'><strong>pra:-</strong></span> 
     </span>
    </p>
   </div>
   <div class='ocr_carea' id='block_1_67' title="bbox 217 4925 1810 5016">
    <p class='ocr_par' dir='ltr' id='par_1_67' title="bbox 217 4925 1810 5016">
     <span class='ocr_line' id='line_1_67' title="bbox 217 4925 1810 5016; baseline 0.004 -29"><span class='ocrx_word' id='word_1_506' title='bbox 217 4933 409 4998; x_wconf 85' lang='lat' dir='ltr'><strong>cessit,</strong></span> <span class='ocrx_word' id='word_1_507' title='bbox 440 4932 699 5004; x_wconf 76' lang='lat' dir='ltr'><strong>dignitate</strong></span> <span class='ocrx_word' id='word_1_508' title='bbox 741 4951 804 4992; x_wconf 90' lang='lat' dir='ltr'><strong>ac</strong></span> <span class='ocrx_word' id='word_1_509' title='bbox 830 4945 1098 5006; x_wconf 88' lang='lat' dir='ltr'><strong>potestate</strong></span> <span class='ocrx_word' id='word_1_510' title='bbox 1143 4925 1520 5016; x_wconf 31' lang='lat' dir='ltr'><strong>praeceditpet</strong></span> <span class='ocrx_word' id='word_1_511' title='bbox 1546 4936 1810 5008; x_wconf 79' lang='lat' dir='ltr'><strong>,quamvis</strong></span> 
     </span>
    </p>
   </div>
   <div class='ocr_carea' id='block_1_68' title="bbox 220 5029 1812 5100">
    <p class='ocr_par' dir='ltr' id='par_1_68' title="bbox 220 5029 1812 5100">
     <span class='ocr_line' id='line_1_68' title="bbox 220 5029 1812 5100; baseline 0.006 -22"><span class='ocrx_word' id='word_1_512' title='bbox 220 5038 335 5078; x_wconf 84' lang='lat' dir='ltr'><strong>non</strong></span> <span class='ocrx_word' id='word_1_513' title='bbox 361 5035 598 5096; x_wconf 83' lang='lat' dir='ltr'><strong>tempore</strong></span> <span class='ocrx_word' id='word_1_514' title='bbox 628 5029 943 5099; x_wconf 87' lang='lat' dir='ltr'><strong>apparendi,</strong></span> <span class='ocrx_word' id='word_1_515' title='bbox 975 5038 1153 5084; x_wconf 89' lang='lat' dir='ltr'><strong>tamen</strong></span> <span class='ocrx_word' id='word_1_516' title='bbox 1198 5041 1402 5086; x_wconf 67' lang='lat' dir='ltr'><strong>naturae</strong></span> <span class='ocrx_word' id='word_1_517' title='bbox 1430 5032 1618 5088; x_wconf 88' lang='lat' dir='ltr'><strong>ordine</strong></span> <span class='ocrx_word' id='word_1_518' title='bbox 1664 5032 1812 5100; x_wconf 90' lang='lat' dir='ltr'><strong>prius</strong></span> 
     </span>
    </p>
   </div>
   <div class='ocr_carea' id='block_1_69' title="bbox 219 5120 1814 5195">
    <p class='ocr_par' dir='ltr' id='par_1_69' title="bbox 219 5120 1814 5195">
     <span class='ocr_line' id='line_1_69' title="bbox 219 5120 1814 5195; baseline 0.004 -23"><span class='ocrx_word' id='word_1_519' title='bbox 219 5125 310 5172; x_wconf 85' lang='lat' dir='ltr'><strong>est</strong></span> <span class='ocrx_word' id='word_1_520' title='bbox 356 5134 368 5169; x_wconf 90' lang='lat'>:</span> <span class='ocrx_word' id='word_1_521' title='bbox 415 5120 484 5172; x_wconf 88' lang='lat' dir='ltr'><strong>ita</strong></span> <span class='ocrx_word' id='word_1_522' title='bbox 538 5130 592 5176; x_wconf 92' lang='lat' dir='ltr'><strong>et</strong></span> <span class='ocrx_word' id='word_1_523' title='bbox 644 5121 906 5178; x_wconf 89' lang='lat' dir='ltr'><strong>Dominus</strong></span> <span class='ocrx_word' id='word_1_524' title='bbox 963 5121 1120 5178; x_wconf 80' lang='lat' dir='ltr'><strong>Jesus</strong></span> <span class='ocrx_word' id='word_1_525' title='bbox 1176 5121 1456 5193; x_wconf 89' lang='lat' dir='ltr'><strong>Christus,</strong></span> <span class='ocrx_word' id='word_1_526' title='bbox 1527 5133 1814 5195; x_wconf 89' lang='lat' dir='ltr'><strong>antequam</strong></span> 
     </span>
    </p>
   </div>
   <div class='ocr_carea' id='block_1_70' title="bbox 220 5212 1816 5285">
    <p class='ocr_par' dir='ltr' id='par_1_70' title="bbox 220 5212 1816 5285">
     <span class='ocr_line' id='line_1_70' title="bbox 220 5212 1816 5285; baseline 0.006 -22"><span class='ocrx_word' id='word_1_527' title='bbox 220 5221 509 5279; x_wconf 85' lang='lat' dir='ltr'><strong>appareret</strong></span> <span class='ocrx_word' id='word_1_528' title='bbox 540 5212 592 5266; x_wconf 93' lang='lat' dir='ltr'><strong>in</strong></span> <span class='ocrx_word' id='word_1_529' title='bbox 623 5228 804 5280; x_wconf 88' lang='lat' dir='ltr'><strong>carne,</strong></span> <span class='ocrx_word' id='word_1_530' title='bbox 837 5224 893 5270; x_wconf 91' lang='lat' dir='ltr'><strong>et</strong></span> <span class='ocrx_word' id='word_1_531' title='bbox 921 5215 1319 5285; x_wconf 86' lang='lat' dir='ltr'><strong>quodammodo</strong></span> <span class='ocrx_word' id='word_1_532' title='bbox 1345 5231 1414 5271; x_wconf 88' lang='lat' dir='ltr'><strong>ex</strong></span> <span class='ocrx_word' id='word_1_533' title='bbox 1442 5225 1596 5272; x_wconf 92' lang='lat' dir='ltr'><strong>utero</strong></span> <span class='ocrx_word' id='word_1_534' title='bbox 1615 5218 1816 5274; x_wconf 85' lang='lat' dir='ltr'><strong>secreti</strong></span> 
     </span>
    </p>
   </div>
   <div class='ocr_carea' id='block_1_71' title="bbox 221 5302 1814 5369">
    <p class='ocr_par' dir='ltr' id='par_1_71' title="bbox 221 5302 1814 5369">
     <span class='ocr_line' id='line_1_71' title="bbox 221 5302 1814 5369; baseline 0.003 -9"><span class='ocrx_word' id='word_1_535' title='bbox 221 5302 335 5369; x_wconf 80' lang='lat' dir='ltr'><strong>sui,</strong></span> <span class='ocrx_word' id='word_1_536' title='bbox 363 5303 426 5357; x_wconf 91' lang='lat' dir='ltr'><strong>ad</strong></span> <span class='ocrx_word' id='word_1_537' title='bbox 452 5304 728 5360; x_wconf 90' lang='lat' dir='ltr'><strong>hominum</strong></span> <span class='ocrx_word' id='word_1_538' title='bbox 773 5307 960 5362; x_wconf 90' lang='lat' dir='ltr'><strong>oculos</strong></span> <span class='ocrx_word' id='word_1_539' title='bbox 1005 5307 1268 5363; x_wconf 89' lang='lat' dir='ltr'><strong>mediator</strong></span> <span class='ocrx_word' id='word_1_540' title='bbox 1301 5307 1391 5362; x_wconf 91' lang='lat' dir='ltr'><strong>Dei</strong></span> <span class='ocrx_word' id='word_1_541' title='bbox 1436 5316 1491 5364; x_wconf 91' lang='lat' dir='ltr'><strong>et</strong></span> <span class='ocrx_word' id='word_1_542' title='bbox 1538 5308 1814 5364; x_wconf 87' lang='lat' dir='ltr'><strong>hominum</strong></span> 
     </span>
    </p>
   </div>
   <div class='ocr_carea' id='block_1_72' title="bbox 222 5393 1816 5470">
    <p class='ocr_par' dir='ltr' id='par_1_72' title="bbox 222 5393 1816 5470">
     <span class='ocr_line' id='line_1_72' title="bbox 222 5393 1816 5470; baseline 0.007 -22"><span class='ocrx_word' id='word_1_543' title='bbox 222 5393 393 5449; x_wconf 85' lang='lat' dir='ltr'><strong>homo</strong></span> <span class='ocrx_word' id='word_1_544' title='bbox 421 5398 757 5466; x_wconf 89' lang='lat' dir='ltr'><strong>procederet,</strong></span> <span class='ocrx_word' id='word_1_545' title='bbox 798 5399 890 5468; x_wconf 93' lang='lat' dir='ltr'><strong>qui</strong></span> <span class='ocrx_word' id='word_1_546' title='bbox 929 5409 1013 5457; x_wconf 90' lang='lat' dir='ltr'><strong>est</strong></span> <span class='ocrx_word' id='word_1_547' title='bbox 1041 5415 1204 5470; x_wconf 89' lang='lat' dir='ltr'><strong>super</strong></span> <span class='ocrx_word' id='word_1_548' title='bbox 1243 5402 1420 5457; x_wconf 90' lang='lat' dir='ltr'><strong>omnia</strong></span> <span class='ocrx_word' id='word_1_549' title='bbox 1467 5402 1609 5457; x_wconf 88' lang='lat' dir='ltr'><strong>Deus</strong></span> <span class='ocrx_word' id='word_1_550' title='bbox 1650 5406 1816 5459; x_wconf 85' lang='lat' dir='ltr'><strong>bene-</strong></span> 
     </span>
    </p>
   </div>
   <div class='ocr_carea' id='block_1_73' title="bbox 222 5487 1818 5563">
    <p class='ocr_par' dir='ltr' id='par_1_73' title="bbox 222 5487 1818 5563">
     <span class='ocr_line' id='line_1_73' title="bbox 222 5487 1818 5563; baseline 0.005 -19"><span class='ocrx_word' id='word_1_551' title='bbox 222 5487 408 5544; x_wconf 88' lang='lat' dir='ltr'><strong>dictus</strong></span> <span class='ocrx_word' id='word_1_552' title='bbox 439 5489 492 5544; x_wconf 90' lang='lat' dir='ltr'><strong>in</strong></span> <span class='ocrx_word' id='word_1_553' title='bbox 533 5491 751 5558; x_wconf 75' lang='lat' dir='ltr'><strong>sazcula,</strong></span> <span class='ocrx_word' id='word_1_554' title='bbox 801 5493 1062 5561; x_wconf 60' lang='lat' dir='ltr'><strong>prasmisit</strong></span> <span class='ocrx_word' id='word_1_555' title='bbox 1090 5493 1144 5548; x_wconf 93' lang='lat' dir='ltr'><strong>in</strong></span> <span class='ocrx_word' id='word_1_556' title='bbox 1172 5497 1376 5550; x_wconf 88' lang='lat' dir='ltr'><strong>sanctis</strong></span> <span class='ocrx_word' id='word_1_557' title='bbox 1416 5495 1733 5563; x_wconf 88' lang='lat' dir='ltr'><strong>patriarchis</strong></span> <span class='ocrx_word' id='word_1_558' title='bbox 1763 5506 1818 5552; x_wconf 87' lang='lat' dir='ltr'><strong>et</strong></span> 
     </span>
    </p>
   </div>
   <div class='ocr_carea' id='block_1_74' title="bbox 224 5583 1818 5659">
    <p class='ocr_par' dir='ltr' id='par_1_74' title="bbox 224 5583 1818 5659">
     <span class='ocr_line' id='line_1_74' title="bbox 224 5583 1818 5659; baseline 0.006 -22"><span class='ocrx_word' id='word_1_559' title='bbox 224 5583 510 5653; x_wconf 88' lang='lat' dir='ltr'><strong>prophetis</strong></span> <span class='ocrx_word' id='word_1_560' title='bbox 538 5584 822 5654; x_wconf 89' lang='lat' dir='ltr'><strong>quamdam</strong></span> <span class='ocrx_word' id='word_1_561' title='bbox 853 5595 1057 5655; x_wconf 89' lang='lat' dir='ltr'><strong>partem</strong></span> <span class='ocrx_word' id='word_1_562' title='bbox 1095 5588 1336 5655; x_wconf 89' lang='lat' dir='ltr'><strong>corporis</strong></span> <span class='ocrx_word' id='word_1_563' title='bbox 1383 5590 1486 5653; x_wconf 90' lang='lat' dir='ltr'><strong>sui,</strong></span> <span class='ocrx_word' id='word_1_564' title='bbox 1519 5605 1621 5659; x_wconf 91' lang='lat' dir='ltr'><strong>qua</strong></span> <span class='ocrx_word' id='word_1_565' title='bbox 1669 5590 1818 5646; x_wconf 89' lang='lat' dir='ltr'><strong>velut</strong></span> 
     </span>
    </p>
   </div>
   <div class='ocr_carea' id='block_1_75' title="bbox 224 5677 1818 5755">
    <p class='ocr_par' dir='ltr' id='par_1_75' title="bbox 224 5677 1818 5755">
     <span class='ocr_line' id='line_1_75' title="bbox 224 5677 1818 5755; baseline 0.009 -28"><span class='ocrx_word' id='word_1_566' title='bbox 224 5688 393 5728; x_wconf 86' lang='lat' dir='ltr'><strong>manu</strong></span> <span class='ocrx_word' id='word_1_567' title='bbox 434 5691 495 5731; x_wconf 88' lang='lat' dir='ltr'><strong>se</strong></span> <span class='ocrx_word' id='word_1_568' title='bbox 525 5677 850 5733; x_wconf 88' lang='lat' dir='ltr'><strong>nasciturum</strong></span> <span class='ocrx_word' id='word_1_569' title='bbox 882 5692 1002 5733; x_wconf 90' lang='lat' dir='ltr'><strong>esse</strong></span> <span class='ocrx_word' id='word_1_570' title='bbox 1032 5681 1415 5748; x_wconf 80' lang='lat' dir='ltr'><strong>pramuntians,</strong></span> <span class='ocrx_word' id='word_1_571' title='bbox 1445 5683 1605 5738; x_wconf 88' lang='lat' dir='ltr'><strong>etiam</strong></span> <span class='ocrx_word' id='word_1_572' title='bbox 1648 5699 1818 5755; x_wconf 87' lang='lat' dir='ltr'><strong>popu-</strong></span> 
     </span>
    </p>
   </div>
   <div class='ocr_carea' id='block_1_76' title="bbox 227 5765 1812 5847">
    <p class='ocr_par' dir='ltr' id='par_1_76' title="bbox 227 5765 1812 5847">
     <span class='ocr_line' id='line_1_76' title="bbox 227 5765 1812 5847; baseline 0.008 -27"><span class='ocrx_word' id='word_1_573' title='bbox 227 5765 345 5820; x_wconf 89' lang='lat' dir='ltr'><strong>lum</strong></span> <span class='ocrx_word' id='word_1_574' title='bbox 375 5769 609 5838; x_wconf 89' lang='lat' dir='ltr'><strong>superbe</strong></span> <span class='ocrx_word' id='word_1_575' title='bbox 655 5769 1070 5838; x_wconf 75' lang='lat' dir='ltr'><strong>przecedentem,</strong></span> <span class='ocrx_word' id='word_1_576' title='bbox 1099 5772 1328 5827; x_wconf 90' lang='lat' dir='ltr'><strong>vinculis</strong></span> <span class='ocrx_word' id='word_1_577' title='bbox 1360 5774 1514 5844; x_wconf 88' lang='lat' dir='ltr'><strong>legis,</strong></span> <span class='ocrx_word' id='word_1_578' title='bbox 1557 5784 1812 5847; x_wconf 85' lang='lat' dir='ltr'><strong>tanquam</strong></span> 
     </span>
    </p>
   </div>
   <div class='ocr_carea' id='block_1_77' title="bbox 166 5853 1814 5970">
    <p class='ocr_par' dir='ltr' id='par_1_77' title="bbox 166 5853 1814 5970">
     <span class='ocr_line' id='line_1_77' title="bbox 166 5853 1814 5970; baseline 0.01 -60"><span class='ocrx_word' id='word_1_579' title='bbox 166 5937 188 5970; x_wconf 47' lang='grc'><em>³</em></span> <span class='ocrx_word' id='word_1_580' title='bbox 227 5853 417 5943; x_wconf 76' lang='lat' dir='ltr'><strong>digitis</strong></span> <span class='ocrx_word' id='word_1_581' title='bbox 486 5860 722 5933; x_wconf 86' lang='lat' dir='ltr'><strong>quinque</strong></span> <span class='ocrx_word' id='word_1_582' title='bbox 796 5862 1129 5951; x_wconf 75' lang='lat' dir='ltr'><strong>supplantat,</strong></span> <span class='ocrx_word' id='word_1_583' title='bbox 1177 5864 1568 5941; x_wconf 83' lang='lat' dir='ltr'><strong>quia[quod]</strong></span> <span class='ocrx_word' id='word_1_584' title='bbox 1620 5878 1675 5928; x_wconf 86' lang='lat' dir='ltr'><strong>et</strong></span> <span class='ocrx_word' id='word_1_585' title='bbox 1721 5885 1814 5942; x_wconf 87' lang='lat' dir='ltr'><strong>per</strong></span> 
     </span>
    </p>
   </div>
   <div class='ocr_carea' id='block_1_78' title="bbox 1923 1955 3510 2029">
    <p class='ocr_par' dir='ltr' id='par_1_78' title="bbox 1923 1955 3510 2029">
     <span class='ocr_line' id='line_1_78' title="bbox 1923 1955 3510 2029; baseline 0.011 -24"><span class='ocrx_word' id='word_1_586' title='bbox 1923 1961 2244 2021; x_wconf 88' lang='lat' dir='ltr'><strong>quapropter</strong></span> <span class='ocrx_word' id='word_1_587' title='bbox 2271 1955 2450 2009; x_wconf 88' lang='lat' dir='ltr'><strong>omnia</strong></span> <span class='ocrx_word' id='word_1_588' title='bbox 2489 1971 2609 2026; x_wconf 83' lang='lat' dir='ltr'><strong>quae</strong></span> <span class='ocrx_word' id='word_1_589' title='bbox 2639 1968 2761 2013; x_wconf 91' lang='lat' dir='ltr'><strong>ante</strong></span> <span class='ocrx_word' id='word_1_590' title='bbox 2787 1960 2985 2029; x_wconf 90' lang='lat' dir='ltr'><strong>scripta</strong></span> <span class='ocrx_word' id='word_1_591' title='bbox 3016 1971 3159 2026; x_wconf 91' lang='lat' dir='ltr'><strong>sunt,</strong></span> <span class='ocrx_word' id='word_1_592' title='bbox 3199 1975 3255 2019; x_wconf 91' lang='lat' dir='ltr'><strong>ut</strong></span> <span class='ocrx_word' id='word_1_593' title='bbox 3294 1982 3390 2021; x_wconf 90' lang='lat' dir='ltr'><strong>nos</strong></span> <span class='ocrx_word' id='word_1_594' title='bbox 3416 1967 3510 2022; x_wconf 73' lang='lat' dir='ltr'><strong>do~</strong></span> 
     </span>
    </p>
   </div>
   <div class='ocr_carea' id='block_1_79' title="bbox 1919 2048 3509 2123">
    <p class='ocr_par' dir='ltr' id='par_1_79' title="bbox 1919 2048 3509 2123">
     <span class='ocr_line' id='line_1_79' title="bbox 1919 2048 3509 2123; baseline 0.009 -23"><span class='ocrx_word' id='word_1_595' title='bbox 1919 2059 2164 2101; x_wconf 89' lang='lat' dir='ltr'><strong>eeremur</strong></span> <span class='ocrx_word' id='word_1_596' title='bbox 2190 2048 2388 2117; x_wconf 86' lang='lat' dir='ltr'><strong>scripta</strong></span> <span class='ocrx_word' id='word_1_597' title='bbox 2405 2059 2551 2115; x_wconf 90' lang='lat' dir='ltr'><strong>sunt,</strong></span> <span class='ocrx_word' id='word_1_598' title='bbox 2582 2059 2637 2104; x_wconf 91' lang='lat' dir='ltr'><strong>et</strong></span> <span class='ocrx_word' id='word_1_599' title='bbox 2665 2050 2845 2122; x_wconf 67' lang='lat' dir='ltr'><strong>figurae</strong></span> <span class='ocrx_word' id='word_1_600' title='bbox 2870 2063 3069 2108; x_wconf 66' lang='lat' dir='ltr'><strong>nostra:</strong></span> <span class='ocrx_word' id='word_1_601' title='bbox 3100 2053 3340 2123; x_wconf 89' lang='lat' dir='ltr'><strong>fuerunt,</strong></span> <span class='ocrx_word' id='word_1_602' title='bbox 3373 2067 3427 2113; x_wconf 91' lang='lat' dir='ltr'><strong>et</strong></span> <span class='ocrx_word' id='word_1_603' title='bbox 3456 2059 3509 2114; x_wconf 92' lang='lat' dir='ltr'><strong>in</strong></span> 
     </span>
    </p>
   </div>
   <div class='ocr_carea' id='block_1_80' title="bbox 1918 2139 3504 2220">
    <p class='ocr_par' dir='ltr' id='par_1_80' title="bbox 1918 2139 3504 2220">
     <span class='ocr_line' id='line_1_80' title="bbox 1918 2139 3504 2220; baseline 0.008 -28"><span class='ocrx_word' id='word_1_604' title='bbox 1918 2139 2084 2209; x_wconf 81' lang='lat' dir='ltr'><strong>figura</strong></span> <span class='ocrx_word' id='word_1_605' title='bbox 2113 2141 2495 2211; x_wconf 80' lang='lat' dir='ltr'><strong>contingebant</strong></span> <span class='ocrx_word' id='word_1_606' title='bbox 2524 2143 2602 2197; x_wconf 89' lang='lat' dir='ltr'><strong>eis</strong></span> <span class='ocrx_word' id='word_1_607' title='bbox 2631 2161 2642 2195; x_wconf 88' lang='lat'>:</span> <span class='ocrx_word' id='word_1_608' title='bbox 2677 2146 2875 2214; x_wconf 90' lang='lat' dir='ltr'><strong>scripta</strong></span> <span class='ocrx_word' id='word_1_609' title='bbox 2907 2156 3029 2200; x_wconf 89' lang='lat' dir='ltr'><strong>sunt</strong></span> <span class='ocrx_word' id='word_1_610' title='bbox 3071 2157 3250 2204; x_wconf 91' lang='lat' dir='ltr'><strong>autem</strong></span> <span class='ocrx_word' id='word_1_611' title='bbox 3284 2158 3504 2220; x_wconf 84' lang='lat' dir='ltr'><strong>prepter</strong></span> 
     </span>
    </p>
   </div>
   <div class='ocr_carea' id='block_1_81' title="bbox 1920 2233 3511 2308">
    <p class='ocr_par' dir='ltr' id='par_1_81' title="bbox 1920 2233 3511 2308">
     <span class='ocr_line' id='line_1_81' title="bbox 1920 2233 3511 2308; baseline 0.009 -23"><span class='ocrx_word' id='word_1_612' title='bbox 1920 2246 2038 2295; x_wconf 90' lang='lat' dir='ltr'><strong>nos,</strong></span> <span class='ocrx_word' id='word_1_613' title='bbox 2066 2233 2116 2286; x_wconf 92' lang='lat' dir='ltr'><strong>in</strong></span> <span class='ocrx_word' id='word_1_614' title='bbox 2148 2235 2339 2301; x_wconf 91' lang='lat' dir='ltr'><strong>quibus</strong></span> <span class='ocrx_word' id='word_1_615' title='bbox 2382 2233 2560 2306; x_wconf 89' lang='lat' dir='ltr'><strong>[quos]</strong></span> <span class='ocrx_word' id='word_1_616' title='bbox 2613 2235 2733 2289; x_wconf 84' lang='lat' dir='ltr'><strong>finis</strong></span> <span class='ocrx_word' id='word_1_617' title='bbox 2761 2239 3082 2294; x_wconf 79' lang='lat' dir='ltr'><strong>saeculorum</strong></span> <span class='ocrx_word' id='word_1_618' title='bbox 3108 2241 3347 2296; x_wconf 89' lang='lat' dir='ltr'><strong>obvenit.</strong></span> <span class='ocrx_word' id='word_1_619' title='bbox 3381 2243 3511 2308; x_wconf 71' lang='lat' dir='ltr'><strong>Qua:</strong></span> 
     </span>
    </p>
   </div>
   <div class='ocr_carea' id='block_1_82' title="bbox 1918 2323 3512 2398">
    <p class='ocr_par' dir='ltr' id='par_1_82' title="bbox 1918 2323 3512 2398">
     <span class='ocr_line' id='line_1_82' title="bbox 1918 2323 3512 2398; baseline 0.011 -24"><span class='ocrx_word' id='word_1_620' title='bbox 1918 2331 2096 2376; x_wconf 85' lang='lat' dir='ltr'><strong>autem</strong></span> <span class='ocrx_word' id='word_1_621' title='bbox 2130 2323 2304 2392; x_wconf 90' lang='lat' dir='ltr'><strong>major</strong></span> <span class='ocrx_word' id='word_1_622' title='bbox 2361 2339 2520 2378; x_wconf 87' lang='lat' dir='ltr'><strong>causa</strong></span> <span class='ocrx_word' id='word_1_623' title='bbox 2575 2335 2657 2380; x_wconf 93' lang='lat' dir='ltr'><strong>est</strong></span> <span class='ocrx_word' id='word_1_624' title='bbox 2699 2328 2960 2383; x_wconf 87' lang='lat' dir='ltr'><strong>adventus</strong></span> <span class='ocrx_word' id='word_1_625' title='bbox 3012 2330 3246 2398; x_wconf 88' lang='lat' dir='ltr'><strong>Domini,</strong></span> <span class='ocrx_word' id='word_1_626' title='bbox 3308 2333 3408 2387; x_wconf 89' lang='lat' dir='ltr'><strong>nisi</strong></span> <span class='ocrx_word' id='word_1_627' title='bbox 3456 2344 3512 2392; x_wconf 88' lang='lat' dir='ltr'><strong>ut</strong></span> 
     </span>
    </p>
   </div>
   <div class='ocr_carea' id='block_1_83' title="bbox 1922 2412 3511 2486">
    <p class='ocr_par' dir='ltr' id='par_1_83' title="bbox 1922 2412 3511 2486">
     <span class='ocr_line' id='line_1_83' title="bbox 1922 2412 3511 2486; baseline 0.009 -22"><span class='ocrx_word' id='word_1_628' title='bbox 1922 2412 2234 2468; x_wconf 91' lang='lat' dir='ltr'><strong>ostenderet</strong></span> <span class='ocrx_word' id='word_1_629' title='bbox 2277 2414 2420 2469; x_wconf 88' lang='lat' dir='ltr'><strong>Deus</strong></span> <span class='ocrx_word' id='word_1_630' title='bbox 2463 2415 2808 2472; x_wconf 88' lang='lat' dir='ltr'><strong>dilectionem</strong></span> <span class='ocrx_word' id='word_1_631' title='bbox 2842 2433 2991 2472; x_wconf 88' lang='lat' dir='ltr'><strong>suam</strong></span> <span class='ocrx_word' id='word_1_632' title='bbox 3025 2421 3077 2474; x_wconf 91' lang='lat' dir='ltr'><strong>in</strong></span> <span class='ocrx_word' id='word_1_633' title='bbox 3134 2421 3309 2486; x_wconf 88' lang='lat' dir='ltr'><strong>nobis,</strong></span> <span class='ocrx_word' id='word_1_634' title='bbox 3360 2437 3511 2479; x_wconf 88' lang='lat' dir='ltr'><strong>com-</strong></span> 
     </span>
    </p>
   </div>
   <div class='ocr_carea' id='block_1_84' title="bbox 1923 2503 3512 2578">
    <p class='ocr_par' dir='ltr' id='par_1_84' title="bbox 1923 2503 3512 2578">
     <span class='ocr_line' id='line_1_84' title="bbox 1923 2503 3512 2578; baseline 0.009 -21"><span class='ocrx_word' id='word_1_635' title='bbox 1923 2503 2183 2559; x_wconf 88' lang='lat' dir='ltr'><strong>mendans</strong></span> <span class='ocrx_word' id='word_1_636' title='bbox 2222 2519 2338 2559; x_wconf 88' lang='lat' dir='ltr'><strong>eam</strong></span> <span class='ocrx_word' id='word_1_637' title='bbox 2373 2505 2742 2572; x_wconf 91' lang='lat' dir='ltr'><strong>vehementer,</strong></span> <span class='ocrx_word' id='word_1_638' title='bbox 2774 2510 2922 2578; x_wconf 91' lang='lat' dir='ltr'><strong>quia.</strong></span> <span class='ocrx_word' id='word_1_639' title='bbox 2960 2525 3080 2564; x_wconf 92' lang='lat' dir='ltr'><strong>cum</strong></span> <span class='ocrx_word' id='word_1_640' title='bbox 3107 2512 3280 2566; x_wconf 91' lang='lat' dir='ltr'><strong>adhuc</strong></span> <span class='ocrx_word' id='word_1_641' title='bbox 3314 2513 3512 2570; x_wconf 90' lang='lat' dir='ltr'><strong>inimici</strong></span> 
     </span>
    </p>
   </div>
   <div class='ocr_carea' id='block_1_85' title="bbox 1921 2598 3510 2670">
    <p class='ocr_par' dir='ltr' id='par_1_85' title="bbox 1921 2598 3510 2670">
     <span class='ocr_line' id='line_1_85' title="bbox 1921 2598 3510 2670; baseline 0.008 -18"><span class='ocrx_word' id='word_1_642' title='bbox 1921 2610 2184 2664; x_wconf 87' lang='lat' dir='ltr'><strong>essemus,</strong></span> <span class='ocrx_word' id='word_1_643' title='bbox 2214 2598 2457 2654; x_wconf 91' lang='lat' dir='ltr'><strong>Christus</strong></span> <span class='ocrx_word' id='word_1_644' title='bbox 2485 2616 2580 2669; x_wconf 91' lang='lat' dir='ltr'><strong>pro</strong></span> <span class='ocrx_word' id='word_1_645' title='bbox 2615 2602 2770 2656; x_wconf 89' lang='lat' dir='ltr'><strong>nobis</strong></span> <span class='ocrx_word' id='word_1_646' title='bbox 2800 2615 3042 2659; x_wconf 89' lang='lat' dir='ltr'><strong>mortuus</strong></span> <span class='ocrx_word' id='word_1_647' title='bbox 3065 2615 3174 2670; x_wconf 87' lang='lat' dir='ltr'><strong>est;</strong></span> <span class='ocrx_word' id='word_1_648' title='bbox 3205 2607 3304 2660; x_wconf 91' lang='lat' dir='ltr'><strong>hoc</strong></span> <span class='ocrx_word' id='word_1_649' title='bbox 3331 2616 3510 2665; x_wconf 90' lang='lat' dir='ltr'><strong>autem</strong></span> 
     </span>
    </p>
   </div>
   <div class='ocr_carea' id='block_1_86' title="bbox 1919 2687 3508 2766">
    <p class='ocr_par' dir='ltr' id='par_1_86' title="bbox 1919 2687 3508 2766">
     <span class='ocr_line' id='line_1_86' title="bbox 1919 2687 3508 2766; baseline 0.008 -22"><span class='ocrx_word' id='word_1_650' title='bbox 1919 2687 2063 2757; x_wconf 89' lang='lat' dir='ltr'><strong>ideo,</strong></span> <span class='ocrx_word' id='word_1_651' title='bbox 2095 2689 2217 2758; x_wconf 89' lang='lat' dir='ltr'><strong>quia</strong></span> <span class='ocrx_word' id='word_1_652' title='bbox 2269 2692 2388 2745; x_wconf 89' lang='lat' dir='ltr'><strong>finis</strong></span> <span class='ocrx_word' id='word_1_653' title='bbox 2421 2694 2672 2762; x_wconf 86' lang='lat' dir='ltr'><strong>praecepti</strong></span> <span class='ocrx_word' id='word_1_654' title='bbox 2704 2701 2756 2748; x_wconf 92' lang='lat' dir='ltr'><strong>et</strong></span> <span class='ocrx_word' id='word_1_655' title='bbox 2786 2694 3062 2760; x_wconf 84' lang='lat' dir='ltr'><strong>plenitudo</strong></span> <span class='ocrx_word' id='word_1_656' title='bbox 3108 2696 3240 2766; x_wconf 83' lang='lat' dir='ltr'><strong>legis</strong></span> <span class='ocrx_word' id='word_1_657' title='bbox 3270 2698 3508 2758; x_wconf 87' lang='lat' dir='ltr'><strong>charitas</strong></span> 
     </span>
    </p>
   </div>
   <div class='ocr_carea' id='block_1_87' title="bbox 1920 2781 3511 2856">
    <p class='ocr_par' dir='ltr' id='par_1_87' title="bbox 1920 2781 3511 2856">
     <span class='ocr_line' id='line_1_87' title="bbox 1920 2781 3511 2856; baseline 0.006 -20"><span class='ocrx_word' id='word_1_658' title='bbox 1920 2789 2024 2850; x_wconf 90' lang='lat' dir='ltr'><strong>est,</strong></span> <span class='ocrx_word' id='word_1_659' title='bbox 2053 2790 2111 2836; x_wconf 93' lang='lat' dir='ltr'><strong>ut</strong></span> <span class='ocrx_word' id='word_1_660' title='bbox 2147 2790 2198 2836; x_wconf 92' lang='lat' dir='ltr'><strong>et</strong></span> <span class='ocrx_word' id='word_1_661' title='bbox 2229 2797 2330 2838; x_wconf 91' lang='lat' dir='ltr'><strong>nos</strong></span> <span class='ocrx_word' id='word_1_662' title='bbox 2371 2781 2598 2838; x_wconf 91' lang='lat' dir='ltr'><strong>invicem</strong></span> <span class='ocrx_word' id='word_1_663' title='bbox 2627 2784 2936 2855; x_wconf 86' lang='lat' dir='ltr'><strong>diligamus,</strong></span> <span class='ocrx_word' id='word_1_664' title='bbox 2979 2795 3034 2842; x_wconf 92' lang='lat' dir='ltr'><strong>et</strong></span> <span class='ocrx_word' id='word_1_665' title='bbox 3059 2790 3511 2856; x_wconf 87' lang='lat' dir='ltr'><strong>quemadmodum</strong></span> 
     </span>
    </p>
   </div>
   <div class='ocr_carea' id='block_1_88' title="bbox 1919 2872 3510 2952">
    <p class='ocr_par' dir='ltr' id='par_1_88' title="bbox 1919 2872 3510 2952">
     <span class='ocr_line' id='line_1_88' title="bbox 1919 2872 3510 2952; baseline 0.007 -25"><span class='ocrx_word' id='word_1_666' title='bbox 1919 2872 2012 2952; x_wconf 74' lang='lat' dir='ltr'><strong>ille</strong></span> <span class='ocrx_word' id='word_1_667' title='bbox 2058 2888 2156 2943; x_wconf 89' lang='lat' dir='ltr'><strong>pro</strong></span> <span class='ocrx_word' id='word_1_668' title='bbox 2198 2875 2354 2930; x_wconf 81' lang='lat' dir='ltr'><strong>nobis</strong></span> <span class='ocrx_word' id='word_1_669' title='bbox 2384 2875 2616 2930; x_wconf 90' lang='lat' dir='ltr'><strong>animam</strong></span> <span class='ocrx_word' id='word_1_670' title='bbox 2647 2891 2797 2934; x_wconf 84' lang='lat' dir='ltr'><strong>suam</strong></span> <span class='ocrx_word' id='word_1_671' title='bbox 2831 2879 3030 2946; x_wconf 90' lang='lat' dir='ltr'><strong>posuit,</strong></span> <span class='ocrx_word' id='word_1_672' title='bbox 3058 2880 3135 2934; x_wconf 89' lang='lat' dir='ltr'><strong>sic</strong></span> <span class='ocrx_word' id='word_1_673' title='bbox 3167 2890 3223 2935; x_wconf 91' lang='lat' dir='ltr'><strong>et</strong></span> <span class='ocrx_word' id='word_1_674' title='bbox 3269 2897 3366 2936; x_wconf 92' lang='lat' dir='ltr'><strong>nos</strong></span> <span class='ocrx_word' id='word_1_675' title='bbox 3412 2899 3510 2952; x_wconf 91' lang='lat' dir='ltr'><strong>pro</strong></span> 
     </span>
    </p>
   </div>
   <div class='ocr_carea' id='block_1_89' title="bbox 1919 2949 3508 3043">
    <p class='ocr_par' dir='ltr' id='par_1_89' title="bbox 1919 2949 3508 3043">
     <span class='ocr_line' id='line_1_89' title="bbox 1919 2949 3508 3043; baseline 0.006 -23"><span class='ocrx_word' id='word_1_676' title='bbox 1919 2949 2175 3020; x_wconf 71' lang='lat' dir='ltr'><strong>fratrihus</strong></span> <span class='ocrx_word' id='word_1_677' title='bbox 2214 2969 2414 3022; x_wconf 89' lang='lat' dir='ltr'><strong>nostris</strong></span> <span class='ocrx_word' id='word_1_678' title='bbox 2440 2968 2649 3023; x_wconf 90' lang='lat' dir='ltr'><strong>animas</strong></span> <span class='ocrx_word' id='word_1_679' title='bbox 2695 2979 2909 3024; x_wconf 90' lang='lat' dir='ltr'><strong>nostras</strong></span> <span class='ocrx_word' id='word_1_680' title='bbox 2939 2985 3221 3039; x_wconf 88' lang='lat' dir='ltr'><strong>ponamus,</strong></span> <span class='ocrx_word' id='word_1_681' title='bbox 3249 2983 3300 3028; x_wconf 90' lang='lat' dir='ltr'><strong>et</strong></span> <span class='ocrx_word' id='word_1_682' title='bbox 3333 2973 3508 3043; x_wconf 89' lang='lat' dir='ltr'><strong>ipsum</strong></span> 
     </span>
    </p>
   </div>
   <div class='ocr_carea' id='block_1_90' title="bbox 1920 3055 3511 3129">
    <p class='ocr_par' dir='ltr' id='par_1_90' title="bbox 1920 3055 3511 3129">
     <span class='ocr_line' id='line_1_90' title="bbox 1920 3055 3511 3129; baseline 0.005 -15"><span class='ocrx_word' id='word_1_683' title='bbox 1920 3055 2108 3120; x_wconf 86' lang='lat' dir='ltr'><strong>Deum,</strong></span> <span class='ocrx_word' id='word_1_684' title='bbox 2142 3060 2394 3128; x_wconf 91' lang='lat' dir='ltr'><strong>quoniam</strong></span> <span class='ocrx_word' id='word_1_685' title='bbox 2441 3059 2588 3129; x_wconf 90' lang='lat' dir='ltr'><strong>prior</strong></span> <span class='ocrx_word' id='word_1_686' title='bbox 2614 3060 2799 3115; x_wconf 87' lang='lat' dir='ltr'><strong>dilexit</strong></span> <span class='ocrx_word' id='word_1_687' title='bbox 2827 3077 2925 3116; x_wconf 93' lang='lat' dir='ltr'><strong>nos</strong></span> <span class='ocrx_word' id='word_1_688' title='bbox 2946 3103 2961 3128; x_wconf 95' lang='lat'><strong>,</strong></span> <span class='ocrx_word' id='word_1_689' title='bbox 2991 3073 3045 3118; x_wconf 90' lang='lat' dir='ltr'><strong>et</strong></span> <span class='ocrx_word' id='word_1_690' title='bbox 3090 3063 3202 3119; x_wconf 85' lang='lat' dir='ltr'><strong>filio</strong></span> <span class='ocrx_word' id='word_1_691' title='bbox 3230 3081 3326 3120; x_wconf 91' lang='lat' dir='ltr'><strong>suo</strong></span> <span class='ocrx_word' id='word_1_692' title='bbox 3353 3067 3511 3122; x_wconf 89' lang='lat' dir='ltr'><strong>unico</strong></span> 
     </span>
    </p>
   </div>
   <div class='ocr_carea' id='block_1_91' title="bbox 1917 3154 3508 3224">
    <p class='ocr_par' dir='ltr' id='par_1_91' title="bbox 1917 3154 3508 3224">
     <span class='ocr_line' id='line_1_91' title="bbox 1917 3154 3508 3224; baseline 0.006 -19"><span class='ocrx_word' id='word_1_693' title='bbox 1917 3166 2025 3206; x_wconf 89' lang='lat' dir='ltr'><strong>non</strong></span> <span class='ocrx_word' id='word_1_694' title='bbox 2051 3155 2308 3222; x_wconf 90' lang='lat' dir='ltr'><strong>pepercit,</strong></span> <span class='ocrx_word' id='word_1_695' title='bbox 2340 3154 2434 3209; x_wconf 86' lang='lat' dir='ltr'><strong>sed</strong></span> <span class='ocrx_word' id='word_1_696' title='bbox 2479 3169 2578 3224; x_wconf 92' lang='lat' dir='ltr'><strong>pro</strong></span> <span class='ocrx_word' id='word_1_697' title='bbox 2605 3155 2761 3210; x_wconf 90' lang='lat' dir='ltr'><strong>nobis</strong></span> <span class='ocrx_word' id='word_1_698' title='bbox 2785 3156 3034 3210; x_wconf 90' lang='lat' dir='ltr'><strong>omnibus</strong></span> <span class='ocrx_word' id='word_1_699' title='bbox 3068 3157 3286 3213; x_wconf 89' lang='lat' dir='ltr'><strong>tradidit</strong></span> <span class='ocrx_word' id='word_1_700' title='bbox 3336 3174 3459 3214; x_wconf 92' lang='lat' dir='ltr'><strong>eum</strong></span> <span class='ocrx_word' id='word_1_701' title='bbox 3494 3177 3508 3213; x_wconf 86' lang='lat'><strong>:</strong></span> 
     </span>
    </p>
   </div>
   <div class='ocr_carea' id='block_1_92' title="bbox 1843 3245 3511 3321">
    <p class='ocr_par' dir='ltr' id='par_1_92' title="bbox 1843 3245 3511 3321">
     <span class='ocr_line' id='line_1_92' title="bbox 1843 3245 3511 3321; baseline 0.007 -23"><span class='ocrx_word' id='word_1_702' title='bbox 1843 3250 1890 3316; x_wconf 74' lang='grc' dir='ltr'>ο</span> <span class='ocrx_word' id='word_1_703' title='bbox 1921 3245 1964 3301; x_wconf 89' lang='lat' dir='ltr'><strong>si</strong></span> <span class='ocrx_word' id='word_1_704' title='bbox 1987 3262 2168 3303; x_wconf 86' lang='lat' dir='ltr'><strong>amare</strong></span> <span class='ocrx_word' id='word_1_705' title='bbox 2206 3247 2427 3317; x_wconf 83' lang='lat' dir='ltr'><strong>pigebit,</strong></span> <span class='ocrx_word' id='word_1_706' title='bbox 2460 3249 2651 3304; x_wconf 90' lang='lat' dir='ltr'><strong>saltem</strong></span> <span class='ocrx_word' id='word_1_707' title='bbox 2683 3248 2966 3305; x_wconf 89' lang='lat' dir='ltr'><strong>redamare</strong></span> <span class='ocrx_word' id='word_1_708' title='bbox 2996 3265 3099 3305; x_wconf 91' lang='lat' dir='ltr'><strong>non</strong></span> <span class='ocrx_word' id='word_1_709' title='bbox 3132 3252 3328 3321; x_wconf 85' lang='lat' dir='ltr'><strong>pigeat.</strong></span> <span class='ocrx_word' id='word_1_710' title='bbox 3359 3253 3511 3309; x_wconf 84' lang='lat' dir='ltr'><strong>Nulla</strong></span> 
     </span>
    </p>
   </div>
   <div class='ocr_carea' id='block_1_93' title="bbox 1916 3340 3512 3416">
    <p class='ocr_par' dir='ltr' id='par_1_93' title="bbox 1916 3340 3512 3416">
     <span class='ocr_line' id='line_1_93' title="bbox 1916 3340 3512 3416; baseline 0.004 -21"><span class='ocrx_word' id='word_1_711' title='bbox 1916 3347 1998 3395; x_wconf 91' lang='lat' dir='ltr'><strong>est</strong></span> <span class='ocrx_word' id='word_1_712' title='bbox 2025 3340 2168 3394; x_wconf 90' lang='lat' dir='ltr'><strong>enim</strong></span> <span class='ocrx_word' id='word_1_713' title='bbox 2194 3341 2367 3411; x_wconf 88' lang='lat' dir='ltr'><strong>major</strong></span> <span class='ocrx_word' id='word_1_714' title='bbox 2393 3341 2460 3396; x_wconf 90' lang='lat' dir='ltr'><strong>ad</strong></span> <span class='ocrx_word' id='word_1_715' title='bbox 2491 3356 2732 3398; x_wconf 89' lang='lat' dir='ltr'><strong>amorem</strong></span> <span class='ocrx_word' id='word_1_716' title='bbox 2765 3343 3012 3399; x_wconf 80' lang='lat' dir='ltr'><strong>invitatio</strong></span> <span class='ocrx_word' id='word_1_717' title='bbox 3034 3358 3192 3412; x_wconf 91' lang='lat' dir='ltr'><strong>quam</strong></span> <span class='ocrx_word' id='word_1_718' title='bbox 3217 3346 3512 3416; x_wconf 74' lang='lat' dir='ltr'><strong>praevenire</strong></span> 
     </span>
    </p>
   </div>
   <div class='ocr_carea' id='block_1_94' title="bbox 1913 3431 2167 3486">
    <p class='ocr_par' dir='ltr' id='par_1_94' title="bbox 1913 3431 2167 3486">
     <span class='ocr_line' id='line_1_94' title="bbox 1913 3431 2167 3486; baseline 0.012 -3"><span class='ocrx_word' id='word_1_719' title='bbox 1913 3431 2167 3486; x_wconf 86' lang='lat' dir='ltr'><strong>amando.</strong></span> 
     </span>
    </p>
   </div>
   <div class='ocr_carea' id='block_1_95' title="bbox 2439 3499 2990 3558">
    <p class='ocr_par' dir='ltr' id='par_1_95' title="bbox 2439 3499 2990 3558">
     <span class='ocr_line' id='line_1_95' title="bbox 2439 3499 2990 3558; baseline 0.009 -6"><span class='ocrx_word' id='word_1_720' title='bbox 2439 3499 2671 3558; x_wconf 81' lang='lat' dir='ltr'><strong>CAPUT</strong></span> <span class='ocrx_word' id='word_1_721' title='bbox 2711 3502 2990 3557; x_wconf 82' lang='lat' dir='ltr'><strong>CXCVIII.</strong></span> 
     </span>
    </p>
   </div>
   <div class='ocr_carea' id='block_1_96' title="bbox 1920 3591 3509 3668">
    <p class='ocr_par' dir='ltr' id='par_1_96' title="bbox 1920 3591 3509 3668">
     <span class='ocr_line' id='line_1_96' title="bbox 1920 3591 3509 3668; baseline 0.006 -22"><span class='ocrx_word' id='word_1_722' title='bbox 1920 3591 1988 3646; x_wconf 81' lang='lat' dir='ltr'><strong>Ut</strong></span> <span class='ocrx_word' id='word_1_723' title='bbox 2038 3592 2320 3668; x_wconf 68' lang='lat' dir='ltr'><strong>Christiani</strong></span> <span class='ocrx_word' id='word_1_724' title='bbox 2366 3595 2630 3668; x_wconf 64' lang='lat' dir='ltr'><strong>scolastici</strong></span> <span class='ocrx_word' id='word_1_725' title='bbox 2677 3597 2989 3651; x_wconf 68' lang='lat' dir='ltr'><strong>solmaismos</strong></span> <span class='ocrx_word' id='word_1_726' title='bbox 3028 3602 3372 3664; x_wconf 84' lang='lat' dir='ltr'><strong>quorumdam</strong></span> <span class='ocrx_word' id='word_1_727' title='bbox 3427 3603 3509 3668; x_wconf 76' lang='lat' dir='ltr'><strong>pie</strong></span> 
     </span>
    </p>
   </div>
   <div class='ocr_carea' id='block_1_97' title="bbox 1988 3663 3507 3788">
    <p class='ocr_par' dir='ltr' id='par_1_97' title="bbox 1988 3663 3507 3788">
     <span class='ocr_line' id='line_1_97' title="bbox 1988 3663 3507 3788; baseline 0.009 -75"><span class='ocrx_word' id='word_1_728' title='bbox 1988 3663 2568 3788; x_wconf 33' lang='lat' dir='ltr'><strong>zo&#39;lleregtbsacerdotum</strong></span> <span class='ocrx_word' id='word_1_729' title='bbox 2583 3682 2603 3730; x_wconf 90' lang='lat'><strong><em>;</em></strong></span> <span class='ocrx_word' id='word_1_730' title='bbox 2624 3683 2688 3721; x_wconf 82' lang='lat' dir='ltr'><strong>ea:</strong></span> <span class='ocrx_word' id='word_1_731' title='bbox 2705 3669 2884 3721; x_wconf 84' lang='lat' dir='ltr'><strong>eodem</strong></span> <span class='ocrx_word' id='word_1_732' title='bbox 2914 3663 3051 3723; x_wconf 86' lang='lat' dir='ltr'><strong>libro</strong></span> <span class='ocrx_word' id='word_1_733' title='bbox 3076 3672 3140 3724; x_wconf 81' lang='lat' dir='ltr'><strong>de</strong></span> <span class='ocrx_word' id='word_1_734' title='bbox 3169 3663 3507 3727; x_wconf 73' lang='lat' dir='ltr'><strong>Catechisen-</strong></span> 
     </span>
     <span class='ocr_line' id='line_1_98' title="bbox 2029 3751 2328 3788; baseline 0 0"><span class='ocrx_word' id='word_1_735' title='bbox 2029 3751 2070 3788; x_wconf 81' lang='lat' dir='ltr'><strong>ts</strong></span> <span class='ocrx_word' id='word_1_736' title='bbox 2094 3751 2154 3788; x_wconf 84' lang='lat' dir='ltr'><strong>ru</strong></span> <span class='ocrx_word' id='word_1_737' title='bbox 2196 3753 2208 3786; x_wconf 82' lang='lat' dir='ltr'><strong>t</strong></span> <span class='ocrx_word' id='word_1_738' title='bbox 2249 3751 2328 3788; x_wconf 81' lang='lat' dir='ltr'><strong>us.</strong></span> 
     </span>
    </p>
   </div>
   <div class='ocr_carea' id='block_1_98' title="bbox 2029 3751 2328 3789">
    <p class='ocr_par' dir='ltr' id='par_1_98' title="bbox 2029 3751 2328 3789">
     <span class='ocr_line' id='line_1_99' title="bbox 2029 3751 2328 3789; baseline 0.003 -1"><span class='ocrx_word' id='word_1_739' title='bbox 2029 3751 2070 3788; x_wconf 76' lang='lat' dir='ltr'><strong>I8</strong></span> <span class='ocrx_word' id='word_1_740' title='bbox 2094 3751 2328 3789; x_wconf 80' lang='lat' dir='ltr'><strong>ruawus.</strong></span> 
     </span>
    </p>
   </div>
   <div class='ocr_carea' id='block_1_99' title="bbox 1916 3851 3505 3923">
    <p class='ocr_par' dir='ltr' id='par_1_99' title="bbox 1916 3851 3505 3923">
     <span class='ocr_line' id='line_1_100' title="bbox 1916 3851 3505 3923; baseline 0.009 -19"><span class='ocrx_word' id='word_1_741' title='bbox 1988 3851 2080 3906; x_wconf 87' lang='lat' dir='ltr'><strong>His</strong></span> <span class='ocrx_word' id='word_1_742' title='bbox 2109 3866 2240 3921; x_wconf 90' lang='lat' dir='ltr'><strong>ergo</strong></span> <span class='ocrx_word' id='word_1_743' title='bbox 2267 3851 2356 3921; x_wconf 93' lang='lat' dir='ltr'><strong>qui</strong></span> <span class='ocrx_word' id='word_1_744' title='bbox 2403 3851 2653 3923; x_wconf 90' lang='lat' dir='ltr'><strong>loquendi</strong></span> <span class='ocrx_word' id='word_1_745' title='bbox 2683 3863 2800 3910; x_wconf 88' lang='lat' dir='ltr'><strong>arte</strong></span> <span class='ocrx_word' id='word_1_746' title='bbox 2828 3857 3041 3913; x_wconf 77' lang='lat' dir='ltr'><strong>cteteris</strong></span> <span class='ocrx_word' id='word_1_747' title='bbox 3072 3858 3381 3916; x_wconf 85' lang='lat' dir='ltr'><strong>hominibus</strong></span> <span class='ocrx_word' id='word_1_748' title='bbox 3407 3876 3505 3918; x_wconf 79' lang='lat' dir='ltr'><strong>ex-</strong></span> 
     </span>
    </p>
   </div>
   <div class='ocr_carea' id='block_1_100' title="bbox 1913 3944 3504 4020">
    <p class='ocr_par' dir='ltr' id='par_1_100' title="bbox 1913 3944 3504 4020">
     <span class='ocr_line' id='line_1_101' title="bbox 1913 3944 3504 4020; baseline 0.006 -21"><span class='ocrx_word' id='word_1_749' title='bbox 1913 3944 2114 3999; x_wconf 86' lang='lat' dir='ltr'><strong>cellere</strong></span> <span class='ocrx_word' id='word_1_750' title='bbox 2141 3944 2410 4012; x_wconf 83' lang='lat' dir='ltr'><strong>videntur,</strong></span> <span class='ocrx_word' id='word_1_751' title='bbox 2451 3961 2572 4001; x_wconf 93' lang='lat' dir='ltr'><strong>cum</strong></span> <span class='ocrx_word' id='word_1_752' title='bbox 2631 3949 2851 4003; x_wconf 92' lang='lat' dir='ltr'><strong>veniunt</strong></span> <span class='ocrx_word' id='word_1_753' title='bbox 2899 3958 2957 4005; x_wconf 91' lang='lat' dir='ltr'><strong>ut</strong></span> <span class='ocrx_word' id='word_1_754' title='bbox 3006 3948 3299 4007; x_wconf 89' lang='lat' dir='ltr'><strong>Christiani</strong></span> <span class='ocrx_word' id='word_1_755' title='bbox 3355 3955 3504 4020; x_wconf 82' lang='lat' dir='ltr'><strong>fiant,</strong></span> 
     </span>
    </p>
   </div>
   <div class='ocr_carea' id='block_1_101' title="bbox 1916 4035 3504 4110">
    <p class='ocr_par' dir='ltr' id='par_1_101' title="bbox 1916 4035 3504 4110">
     <span class='ocr_line' id='line_1_102' title="bbox 1916 4035 3504 4110; baseline 0.006 -22"><span class='ocrx_word' id='word_1_756' title='bbox 1916 4035 2019 4090; x_wconf 89' lang='lat' dir='ltr'><strong>hoc</strong></span> <span class='ocrx_word' id='word_1_757' title='bbox 2040 4035 2269 4102; x_wconf 90' lang='lat' dir='ltr'><strong>amplius</strong></span> <span class='ocrx_word' id='word_1_758' title='bbox 2289 4050 2446 4101; x_wconf 88' lang='lat' dir='ltr'><strong>quam</strong></span> <span class='ocrx_word' id='word_1_759' title='bbox 2472 4036 2580 4091; x_wconf 89' lang='lat' dir='ltr'><strong>illis</strong></span> <span class='ocrx_word' id='word_1_760' title='bbox 2603 4036 2897 4094; x_wconf 88' lang='lat' dir='ltr'><strong>illitteratis</strong></span> <span class='ocrx_word' id='word_1_761' title='bbox 2923 4042 3197 4108; x_wconf 91' lang='lat' dir='ltr'><strong>impertire</strong></span> <span class='ocrx_word' id='word_1_762' title='bbox 3218 4043 3504 4110; x_wconf 86' lang='lat' dir='ltr'><strong>debemus;</strong></span> 
     </span>
    </p>
   </div>
   <div class='ocr_carea' id='block_1_102' title="bbox 1915 4127 3508 4196">
    <p class='ocr_par' dir='ltr' id='par_1_102' title="bbox 1915 4127 3508 4196">
     <span class='ocr_line' id='line_1_103' title="bbox 1915 4127 3508 4196; baseline 0.006 -17"><span class='ocrx_word' id='word_1_763' title='bbox 1915 4128 2057 4196; x_wconf 90' lang='lat' dir='ltr'><strong>quod</strong></span> <span class='ocrx_word' id='word_1_764' title='bbox 2086 4127 2276 4181; x_wconf 86' lang='lat' dir='ltr'><strong>sedulo</strong></span> <span class='ocrx_word' id='word_1_765' title='bbox 2309 4128 2565 4182; x_wconf 91' lang='lat' dir='ltr'><strong>monendi</strong></span> <span class='ocrx_word' id='word_1_766' title='bbox 2593 4138 2736 4193; x_wconf 91' lang='lat' dir='ltr'><strong>sunt,</strong></span> <span class='ocrx_word' id='word_1_767' title='bbox 2756 4139 2813 4183; x_wconf 92' lang='lat' dir='ltr'><strong>ut</strong></span> <span class='ocrx_word' id='word_1_768' title='bbox 2836 4130 3141 4187; x_wconf 83' lang='lat' dir='ltr'><strong>humilitate</strong></span> <span class='ocrx_word' id='word_1_769' title='bbox 3171 4133 3508 4189; x_wconf 83' lang='lat' dir='ltr'><strong>indutiChri-</strong></span> 
     </span>
    </p>
   </div>
   <div class='ocr_carea' id='block_1_103' title="bbox 1915 4218 3506 4293">
    <p class='ocr_par' dir='ltr' id='par_1_103' title="bbox 1915 4218 3506 4293">
     <span class='ocr_line' id='line_1_104' title="bbox 1915 4218 3506 4293; baseline 0.006 -21"><span class='ocrx_word' id='word_1_770' title='bbox 1915 4219 2112 4281; x_wconf 90' lang='lat' dir='ltr'><strong>stiana,</strong></span> <span class='ocrx_word' id='word_1_771' title='bbox 2141 4218 2348 4272; x_wconf 86' lang='lat' dir='ltr'><strong>discant</strong></span> <span class='ocrx_word' id='word_1_772' title='bbox 2371 4233 2475 4272; x_wconf 89' lang='lat' dir='ltr'><strong>non</strong></span> <span class='ocrx_word' id='word_1_773' title='bbox 2490 4229 2838 4277; x_wconf 86' lang='lat' dir='ltr'><strong>contemnere</strong></span> <span class='ocrx_word' id='word_1_774' title='bbox 2855 4238 2990 4292; x_wconf 86' lang='lat' dir='ltr'><strong>quos</strong></span> <span class='ocrx_word' id='word_1_775' title='bbox 3005 4227 3364 4293; x_wconf 87' lang='lat' dir='ltr'><strong>cognoverint</strong></span> <span class='ocrx_word' id='word_1_776' title='bbox 3390 4243 3506 4281; x_wconf 84' lang='lat' dir='ltr'><strong>mo-</strong></span> 
     </span>
    </p>
   </div>
   <div class='ocr_carea' id='block_1_104' title="bbox 1917 4309 3504 4383">
    <p class='ocr_par' dir='ltr' id='par_1_104' title="bbox 1917 4309 3504 4383">
     <span class='ocr_line' id='line_1_105' title="bbox 1917 4309 3504 4383; baseline 0.008 -21"><span class='ocrx_word' id='word_1_777' title='bbox 1917 4325 2035 4363; x_wconf 92' lang='lat' dir='ltr'><strong>rum</strong></span> <span class='ocrx_word' id='word_1_778' title='bbox 2064 4309 2190 4364; x_wconf 87' lang='lat' dir='ltr'><strong>vitia</strong></span> <span class='ocrx_word' id='word_1_779' title='bbox 2220 4324 2379 4378; x_wconf 90' lang='lat' dir='ltr'><strong>quam</strong></span> <span class='ocrx_word' id='word_1_780' title='bbox 2403 4310 2689 4366; x_wconf 89' lang='lat' dir='ltr'><strong>verborum</strong></span> <span class='ocrx_word' id='word_1_781' title='bbox 2715 4313 2949 4383; x_wconf 87' lang='lat' dir='ltr'><strong>amplius</strong></span> <span class='ocrx_word' id='word_1_782' title='bbox 2972 4314 3231 4380; x_wconf 84' lang='lat' dir='ltr'><strong>devitarc,</strong></span> <span class='ocrx_word' id='word_1_783' title='bbox 3260 4325 3314 4370; x_wconf 93' lang='lat' dir='ltr'><strong>et</strong></span> <span class='ocrx_word' id='word_1_784' title='bbox 3342 4318 3504 4375; x_wconf 90' lang='lat' dir='ltr'><strong>corde</strong></span> 
     </span>
    </p>
   </div>
   <div class='ocr_carea' id='block_1_105' title="bbox 1919 4400 3506 4475">
    <p class='ocr_par' dir='ltr' id='par_1_105' title="bbox 1919 4400 3506 4475">
     <span class='ocr_line' id='line_1_106' title="bbox 1919 4400 3506 4475; baseline 0.006 -20"><span class='ocrx_word' id='word_1_785' title='bbox 1919 4409 2106 4465; x_wconf 88' lang='lat' dir='ltr'><strong>casto,</strong></span> <span class='ocrx_word' id='word_1_786' title='bbox 2155 4400 2388 4469; x_wconf 90' lang='lat' dir='ltr'><strong>linguam</strong></span> <span class='ocrx_word' id='word_1_787' title='bbox 2433 4402 2784 4458; x_wconf 88' lang='lat' dir='ltr'><strong>exercitatam</strong></span> <span class='ocrx_word' id='word_1_788' title='bbox 2842 4420 2910 4460; x_wconf 91' lang='lat' dir='ltr'><strong>ne</strong></span> <span class='ocrx_word' id='word_1_789' title='bbox 2954 4406 3196 4462; x_wconf 90' lang='lat' dir='ltr'><strong>conferre</strong></span> <span class='ocrx_word' id='word_1_790' title='bbox 3252 4407 3506 4475; x_wconf 87' lang='lat' dir='ltr'><strong>audeant,</strong></span> 
     </span>
    </p>
   </div>
   <div class='ocr_carea' id='block_1_106' title="bbox 1919 4495 3504 4566">
    <p class='ocr_par' dir='ltr' id='par_1_106' title="bbox 1919 4495 3504 4566">
     <span class='ocr_line' id='line_1_107' title="bbox 1919 4495 3504 4566; baseline 0.009 -21"><span class='ocrx_word' id='word_1_791' title='bbox 1919 4511 2076 4566; x_wconf 87' lang='lat' dir='ltr'><strong>quam</strong></span> <span class='ocrx_word' id='word_1_792' title='bbox 2109 4497 2272 4549; x_wconf 90' lang='lat' dir='ltr'><strong>etiam</strong></span> <span class='ocrx_word' id='word_1_793' title='bbox 2321 4495 2579 4565; x_wconf 80' lang='lat' dir='ltr'><strong>praeferre</strong></span> <span class='ocrx_word' id='word_1_794' title='bbox 2609 4508 3021 4555; x_wconf 86' lang='lat' dir='ltr'><strong>consueverant.</strong></span> <span class='ocrx_word' id='word_1_795' title='bbox 3073 4502 3302 4558; x_wconf 82' lang='lat' dir='ltr'><strong>Maxime</strong></span> <span class='ocrx_word' id='word_1_796' title='bbox 3329 4513 3504 4559; x_wconf 89' lang='lat' dir='ltr'><strong>autem</strong></span> 
     </span>
    </p>
   </div>
   <div class='ocr_carea' id='block_1_107' title="bbox 1841 4586 3508 4689">
    <p class='ocr_par' dir='ltr' id='par_1_107' title="bbox 1841 4586 3508 4689">
     <span class='ocr_line' id='line_1_108' title="bbox 1841 4586 3508 4689; baseline 0.007 -47"><span class='ocrx_word' id='word_1_797' title='bbox 1841 4629 1896 4689; x_wconf 69' lang='grc' dir='ltr'><strong><em>Β</em></strong></span> <span class='ocrx_word' id='word_1_798' title='bbox 1920 4586 2007 4642; x_wconf 89' lang='lat' dir='ltr'><strong>isti</strong></span> <span class='ocrx_word' id='word_1_799' title='bbox 2035 4587 2263 4642; x_wconf 92' lang='lat' dir='ltr'><strong>docendi</strong></span> <span class='ocrx_word' id='word_1_800' title='bbox 2297 4598 2429 4643; x_wconf 92' lang='lat' dir='ltr'><strong>sunt</strong></span> <span class='ocrx_word' id='word_1_801' title='bbox 2454 4589 2750 4659; x_wconf 90' lang='lat' dir='ltr'><strong>scripturas</strong></span> <span class='ocrx_word' id='word_1_802' title='bbox 2794 4593 2982 4649; x_wconf 90' lang='lat' dir='ltr'><strong>audire</strong></span> <span class='ocrx_word' id='word_1_803' title='bbox 3019 4593 3248 4665; x_wconf 86' lang='lat' dir='ltr'><strong>divinas,</strong></span> <span class='ocrx_word' id='word_1_804' title='bbox 3283 4613 3349 4653; x_wconf 91' lang='lat' dir='ltr'><strong>ne</strong></span> <span class='ocrx_word' id='word_1_805' title='bbox 3388 4613 3508 4654; x_wconf 87' lang='lat' dir='ltr'><strong>sor-</strong></span> 
     </span>
    </p>
   </div>
   <div class='ocr_carea' id='block_1_108' title="bbox 1927 4678 3506 4759">
    <p class='ocr_par' dir='ltr' id='par_1_108' title="bbox 1927 4678 3506 4759">
     <span class='ocr_line' id='line_1_109' title="bbox 1927 4678 3506 4759; baseline 0.007 -25"><span class='ocrx_word' id='word_1_806' title='bbox 1927 4678 2053 4734; x_wconf 88' lang='lat' dir='ltr'><strong>deat</strong></span> <span class='ocrx_word' id='word_1_807' title='bbox 2077 4681 2160 4735; x_wconf 89' lang='lat' dir='ltr'><strong>eis</strong></span> <span class='ocrx_word' id='word_1_808' title='bbox 2183 4680 2410 4735; x_wconf 90' lang='lat' dir='ltr'><strong>solidum</strong></span> <span class='ocrx_word' id='word_1_809' title='bbox 2443 4681 2736 4752; x_wconf 90' lang='lat' dir='ltr'><strong>eloquium,</strong></span> <span class='ocrx_word' id='word_1_810' title='bbox 2788 4685 2916 4754; x_wconf 90' lang='lat' dir='ltr'><strong>quia</strong></span> <span class='ocrx_word' id='word_1_811' title='bbox 2967 4700 3071 4740; x_wconf 90' lang='lat' dir='ltr'><strong>non</strong></span> <span class='ocrx_word' id='word_1_812' title='bbox 3115 4698 3198 4742; x_wconf 85' lang='lat' dir='ltr'><strong>est</strong></span> <span class='ocrx_word' id='word_1_813' title='bbox 3246 4689 3506 4759; x_wconf 83' lang='lat' dir='ltr'><strong>inflatum,</strong></span> 
     </span>
    </p>
   </div>
   <div class='ocr_carea' id='block_1_109' title="bbox 1921 4775 3508 4849">
    <p class='ocr_par' dir='ltr' id='par_1_109' title="bbox 1921 4775 3508 4849">
     <span class='ocr_line' id='line_1_110' title="bbox 1921 4775 3508 4849; baseline 0.005 -20"><span class='ocrx_word' id='word_1_814' title='bbox 1921 4789 2098 4845; x_wconf 89' lang='lat' dir='ltr'><strong>neque</strong></span> <span class='ocrx_word' id='word_1_815' title='bbox 2137 4775 2466 4830; x_wconf 89' lang='lat' dir='ltr'><strong>arbitrentur</strong></span> <span class='ocrx_word' id='word_1_816' title='bbox 2493 4775 2799 4831; x_wconf 83' lang='lat' dir='ltr'><strong>carnalibus</strong></span> <span class='ocrx_word' id='word_1_817' title='bbox 2826 4779 3222 4849; x_wconf 86' lang='lat' dir='ltr'><strong>integumentis,</strong></span> <span class='ocrx_word' id='word_1_818' title='bbox 3270 4779 3508 4837; x_wconf 86' lang='lat' dir='ltr'><strong>involuta</strong></span> 
     </span>
    </p>
   </div>
   <div class='ocr_carea' id='block_1_110' title="bbox 1923 4867 3508 4942">
    <p class='ocr_par' dir='ltr' id='par_1_110' title="bbox 1923 4867 3508 4942">
     <span class='ocr_line' id='line_1_111' title="bbox 1923 4867 3508 4942; baseline 0.004 -21"><span class='ocrx_word' id='word_1_819' title='bbox 1923 4874 2084 4939; x_wconf 90' lang='lat' dir='ltr'><strong>atque</strong></span> <span class='ocrx_word' id='word_1_820' title='bbox 2112 4875 2303 4938; x_wconf 85' lang='lat' dir='ltr'><strong>operta</strong></span> <span class='ocrx_word' id='word_1_821' title='bbox 2333 4867 2476 4922; x_wconf 86' lang='lat' dir='ltr'><strong>dicta</strong></span> <span class='ocrx_word' id='word_1_822' title='bbox 2505 4868 2588 4922; x_wconf 93' lang='lat' dir='ltr'><strong>vel</strong></span> <span class='ocrx_word' id='word_1_823' title='bbox 2634 4868 2772 4923; x_wconf 89' lang='lat' dir='ltr'><strong>facta</strong></span> <span class='ocrx_word' id='word_1_824' title='bbox 2817 4869 3115 4938; x_wconf 90' lang='lat' dir='ltr'><strong>hominum,</strong></span> <span class='ocrx_word' id='word_1_825' title='bbox 3167 4888 3287 4942; x_wconf 69' lang='lat' dir='ltr'><strong>quae</strong></span> <span class='ocrx_word' id='word_1_826' title='bbox 3316 4875 3368 4928; x_wconf 93' lang='lat' dir='ltr'><strong>in</strong></span> <span class='ocrx_word' id='word_1_827' title='bbox 3399 4875 3508 4928; x_wconf 89' lang='lat' dir='ltr'><strong>illis</strong></span> 
     </span>
    </p>
   </div>
   <div class='ocr_carea' id='block_1_111' title="bbox 1925 4958 3508 5034">
    <p class='ocr_par' dir='ltr' id='par_1_111' title="bbox 1925 4958 3508 5034">
     <span class='ocr_line' id='line_1_112' title="bbox 1925 4958 3508 5034; baseline 0.003 -19"><span class='ocrx_word' id='word_1_828' title='bbox 1925 4958 2076 5015; x_wconf 91' lang='lat' dir='ltr'><strong>libris</strong></span> <span class='ocrx_word' id='word_1_829' title='bbox 2099 4960 2368 5029; x_wconf 87' lang='lat' dir='ltr'><strong>leguntur,</strong></span> <span class='ocrx_word' id='word_1_830' title='bbox 2393 4963 2518 5024; x_wconf 68' lang='lat' dir='ltr'><strong>(non</strong></span> <span class='ocrx_word' id='word_1_831' title='bbox 2549 4959 2844 5017; x_wconf 86' lang='lat' dir='ltr'><strong>evolvenda</strong></span> <span class='ocrx_word' id='word_1_832' title='bbox 2895 4970 3056 5034; x_wconf 91' lang='lat' dir='ltr'><strong>atque</strong></span> <span class='ocrx_word' id='word_1_833' title='bbox 3096 4964 3403 5032; x_wconf 90' lang='lat' dir='ltr'><strong>aperienda,</strong></span> <span class='ocrx_word' id='word_1_834' title='bbox 3453 4974 3508 5020; x_wconf 83' lang='lat' dir='ltr'><strong>ut</strong></span> 
     </span>
    </p>
   </div>
   <div class='ocr_carea' id='block_1_112' title="bbox 1926 5051 3507 5122">
    <p class='ocr_par' dir='ltr' id='par_1_112' title="bbox 1926 5051 3507 5122">
     <span class='ocr_line' id='line_1_113' title="bbox 1926 5051 3507 5122; baseline 0.003 -16"><span class='ocrx_word' id='word_1_835' title='bbox 1926 5051 2324 5118; x_wconf 86' lang='lat' dir='ltr'><strong>intelligantur;</strong></span> <span class='ocrx_word' id='word_1_836' title='bbox 2352 5051 2445 5106; x_wconf 89' lang='lat' dir='ltr'><strong>sed</strong></span> <span class='ocrx_word' id='word_1_837' title='bbox 2477 5051 2557 5107; x_wconf 92' lang='lat' dir='ltr'><strong>sic</strong></span> <span class='ocrx_word' id='word_1_838' title='bbox 2585 5053 2917 5122; x_wconf 84' lang='lat' dir='ltr'><strong>accipienda,</strong></span> <span class='ocrx_word' id='word_1_839' title='bbox 2963 5066 3021 5110; x_wconf 90' lang='lat' dir='ltr'><strong>ut</strong></span> <span class='ocrx_word' id='word_1_840' title='bbox 3063 5057 3254 5110; x_wconf 63' lang='lat' dir='ltr'><strong>litteras</strong></span> <span class='ocrx_word' id='word_1_841' title='bbox 3291 5066 3507 5122; x_wconf 88' lang='lat' dir='ltr'><strong>sonant,</strong></span> 
     </span>
    </p>
   </div>
   <div class='ocr_carea' id='block_1_113' title="bbox 1919 5141 3506 5218">
    <p class='ocr_par' dir='ltr' id='par_1_113' title="bbox 1919 5141 3506 5218">
     <span class='ocr_line' id='line_1_114' title="bbox 1919 5141 3506 5218; baseline 0.003 -22"><span class='ocrx_word' id='word_1_842' title='bbox 1919 5141 2093 5212; x_wconf 93' lang='lat' dir='ltr'><strong>deque</strong></span> <span class='ocrx_word' id='word_1_843' title='bbox 2138 5142 2252 5211; x_wconf 88' lang='lat' dir='ltr'><strong>ipsa</strong></span> <span class='ocrx_word' id='word_1_844' title='bbox 2295 5142 2523 5198; x_wconf 87' lang='lat' dir='ltr'><strong>utilitate</strong></span> <span class='ocrx_word' id='word_1_845' title='bbox 2578 5145 2813 5212; x_wconf 82' lang='lat' dir='ltr'><strong>secreti,</strong></span> <span class='ocrx_word' id='word_1_846' title='bbox 2858 5146 3003 5201; x_wconf 91' lang='lat' dir='ltr'><strong>unde</strong></span> <span class='ocrx_word' id='word_1_847' title='bbox 3051 5147 3210 5200; x_wconf 91' lang='lat' dir='ltr'><strong>etiam</strong></span> <span class='ocrx_word' id='word_1_848' title='bbox 3254 5148 3506 5218; x_wconf 84' lang='lat' dir='ltr'><strong>mysteria</strong></span> 
     </span>
    </p>
   </div>
   <div class='ocr_carea' id='block_1_114' title="bbox 1921 5235 3507 5308">
    <p class='ocr_par' dir='ltr' id='par_1_114' title="bbox 1921 5235 3507 5308">
     <span class='ocr_line' id='line_1_115' title="bbox 1921 5235 3507 5308; baseline 0.003 -20"><span class='ocrx_word' id='word_1_849' title='bbox 1921 5241 2204 5297; x_wconf 83' lang='lat' dir='ltr'><strong>vocantur,</strong></span> <span class='ocrx_word' id='word_1_850' title='bbox 2238 5235 2366 5304; x_wconf 90' lang='lat' dir='ltr'><strong>quid</strong></span> <span class='ocrx_word' id='word_1_851' title='bbox 2399 5235 2610 5293; x_wconf 86' lang='lat' dir='ltr'><strong>valeant</strong></span> <span class='ocrx_word' id='word_1_852' title='bbox 2634 5237 2974 5308; x_wconf 59' lang='lat' dir='ltr'><strong>aenigmatum</strong></span> <span class='ocrx_word' id='word_1_853' title='bbox 3019 5238 3238 5292; x_wconf 74' lang='lat' dir='ltr'><strong>latebra:</strong></span> <span class='ocrx_word' id='word_1_854' title='bbox 3267 5239 3334 5292; x_wconf 89' lang='lat' dir='ltr'><strong>ad</strong></span> <span class='ocrx_word' id='word_1_855' title='bbox 3358 5254 3507 5292; x_wconf 90' lang='lat' dir='ltr'><strong>amo-</strong></span> 
     </span>
    </p>
   </div>
   <div class='ocr_carea' id='block_1_115' title="bbox 1919 5327 3503 5400">
    <p class='ocr_par' dir='ltr' id='par_1_115' title="bbox 1919 5327 3503 5400">
     <span class='ocr_line' id='line_1_116' title="bbox 1919 5327 3503 5400; baseline 0.002 -18"><span class='ocrx_word' id='word_1_856' title='bbox 1919 5340 2034 5382; x_wconf 83' lang='lat' dir='ltr'><strong>rem</strong></span> <span class='ocrx_word' id='word_1_857' title='bbox 2074 5327 2316 5382; x_wconf 89' lang='lat' dir='ltr'><strong>veritatis</strong></span> <span class='ocrx_word' id='word_1_858' title='bbox 2368 5329 2691 5395; x_wconf 90' lang='lat' dir='ltr'><strong>acuendum,</strong></span> <span class='ocrx_word' id='word_1_859' title='bbox 2747 5328 3253 5400; x_wconf 82' lang='lat' dir='ltr'><strong>discutiendumque</strong></span> <span class='ocrx_word' id='word_1_860' title='bbox 3306 5331 3503 5385; x_wconf 80' lang='lat' dir='ltr'><strong>fastidii</strong></span> 
     </span>
    </p>
   </div>
   <div class='ocr_carea' id='block_1_116' title="bbox 1924 5419 3558 5494">
    <p class='ocr_par' dir='ltr' id='par_1_116' title="bbox 1924 5419 3558 5494">
     <span class='ocr_line' id='line_1_117' title="bbox 1924 5419 3558 5494; baseline 0.006 -24"><span class='ocrx_word' id='word_1_861' title='bbox 1924 5424 2222 5486; x_wconf 90' lang='lat' dir='ltr'><strong>torporem,</strong></span> <span class='ocrx_word' id='word_1_862' title='bbox 2257 5421 2370 5488; x_wconf 89' lang='lat' dir='ltr'><strong>ipsa</strong></span> <span class='ocrx_word' id='word_1_863' title='bbox 2392 5420 2725 5489; x_wconf 83' lang='lat' dir='ltr'><strong>experientia</strong></span> <span class='ocrx_word' id='word_1_864' title='bbox 2767 5419 3103 5488; x_wconf 90' lang='lat' dir='ltr'><strong>probandum</strong></span> <span class='ocrx_word' id='word_1_865' title='bbox 3133 5430 3252 5488; x_wconf 90' lang='lat' dir='ltr'><strong>est;</strong></span> <span class='ocrx_word' id='word_1_866' title='bbox 3287 5423 3500 5490; x_wconf 89' lang='lat' dir='ltr'><strong>talibus,</strong></span> <span class='ocrx_word' id='word_1_867' title='bbox 3545 5448 3558 5494; x_wconf 54' lang='grc' dir='ltr'>χ</span> 
     </span>
    </p>
   </div>
   <div class='ocr_carea' id='block_1_117' title="bbox 1927 5497 3642 5592">
    <p class='ocr_par' dir='ltr' id='par_1_117' title="bbox 1927 5497 3642 5592">
     <span class='ocr_line' id='line_1_118' title="bbox 1927 5497 3642 5592; baseline 0.005 -28"><span class='ocrx_word' id='word_1_868' title='bbox 1927 5522 2046 5564; x_wconf 91' lang='lat' dir='ltr'><strong>cum</strong></span> <span class='ocrx_word' id='word_1_869' title='bbox 2079 5510 2280 5580; x_wconf 89' lang='lat' dir='ltr'><strong>aliquid</strong></span> <span class='ocrx_word' id='word_1_870' title='bbox 2329 5511 2407 5568; x_wconf 86' lang='lat' dir='ltr'><strong>eis</strong></span> <span class='ocrx_word' id='word_1_871' title='bbox 2435 5514 2575 5581; x_wconf 90' lang='lat' dir='ltr'><strong>quod</strong></span> <span class='ocrx_word' id='word_1_872' title='bbox 2606 5513 2658 5568; x_wconf 92' lang='lat' dir='ltr'><strong>in</strong></span> <span class='ocrx_word' id='word_1_873' title='bbox 2705 5523 2952 5583; x_wconf 92' lang='lat' dir='ltr'><strong>promptu</strong></span> <span class='ocrx_word' id='word_1_874' title='bbox 3003 5516 3256 5585; x_wconf 89' lang='lat' dir='ltr'><strong>positum,</strong></span> <span class='ocrx_word' id='word_1_875' title='bbox 3289 5533 3395 5572; x_wconf 91' lang='lat' dir='ltr'><strong>non</strong></span> <span class='ocrx_word' id='word_1_876' title='bbox 3435 5518 3506 5574; x_wconf 82' lang='lat' dir='ltr'><strong>ita</strong></span> <span class='ocrx_word' id='word_1_877' title='bbox 3601 5519 3642 5564; x_wconf 73' lang='lat' dir='ltr'><strong>l~</strong></span> 
     </span>
    </p>
   </div>
   <div class='ocr_carea' id='block_1_118' title="bbox 1926 5603 3572 5677">
    <p class='ocr_par' dir='ltr' id='par_1_118' title="bbox 1926 5603 3572 5677">
     <span class='ocr_line' id='line_1_119' title="bbox 1926 5603 3572 5677; baseline 0.005 -18"><span class='ocrx_word' id='word_1_878' title='bbox 1926 5604 2197 5669; x_wconf 89' lang='lat' dir='ltr'><strong>movebat,</strong></span> <span class='ocrx_word' id='word_1_879' title='bbox 2227 5605 2551 5662; x_wconf 86' lang='lat' dir='ltr'><strong>enodatione</strong></span> <span class='ocrx_word' id='word_1_880' title='bbox 2579 5605 2856 5675; x_wconf 75' lang='lat' dir='ltr'><strong>allegoria:</strong></span> <span class='ocrx_word' id='word_1_881' title='bbox 2896 5608 3126 5677; x_wconf 88' lang='lat' dir='ltr'><strong>alicujus</strong></span> <span class='ocrx_word' id='word_1_882' title='bbox 3157 5611 3380 5665; x_wconf 88' lang='lat' dir='ltr'><strong>eruitur.</strong></span> <span class='ocrx_word' id='word_1_883' title='bbox 3414 5611 3506 5666; x_wconf 76' lang='lat' dir='ltr'><strong>liis</strong></span> <span class='ocrx_word' id='word_1_884' title='bbox 3557 5603 3572 5672; x_wconf 53' lang='grc' dir='ltr'>ἒ</span> 
     </span>
    </p>
   </div>
   <div class='ocr_carea' id='block_1_119' title="bbox 1923 5697 3505 5774">
    <p class='ocr_par' dir='ltr' id='par_1_119' title="bbox 1923 5697 3505 5774">
     <span class='ocr_line' id='line_1_120' title="bbox 1923 5697 3505 5774; baseline 0.002 -21"><span class='ocrx_word' id='word_1_885' title='bbox 1923 5697 2066 5753; x_wconf 87' lang='lat' dir='ltr'><strong>enim</strong></span> <span class='ocrx_word' id='word_1_886' title='bbox 2094 5698 2324 5752; x_wconf 85' lang='lat' dir='ltr'><strong>maxime</strong></span> <span class='ocrx_word' id='word_1_887' title='bbox 2352 5698 2481 5753; x_wconf 89' lang='lat' dir='ltr'><strong>utile</strong></span> <span class='ocrx_word' id='word_1_888' title='bbox 2522 5707 2606 5754; x_wconf 86' lang='lat' dir='ltr'><strong>cst</strong></span> <span class='ocrx_word' id='word_1_889' title='bbox 2633 5713 2815 5765; x_wconf 87' lang='lat' dir='ltr'><strong>nosse,</strong></span> <span class='ocrx_word' id='word_1_890' title='bbox 2860 5700 2929 5755; x_wconf 88' lang='lat' dir='ltr'><strong>ita</strong></span> <span class='ocrx_word' id='word_1_891' title='bbox 2962 5715 3081 5756; x_wconf 89' lang='lat' dir='ltr'><strong>esse</strong></span> <span class='ocrx_word' id='word_1_892' title='bbox 3120 5707 3505 5774; x_wconf 80' lang='lat' dir='ltr'><strong>praeponendas</strong></span> 
     </span>
    </p>
   </div>
   <div class='ocr_carea' id='block_1_120' title="bbox 1924 5786 3502 5863">
    <p class='ocr_par' dir='ltr' id='par_1_120' title="bbox 1924 5786 3502 5863">
     <span class='ocr_line' id='line_1_121' title="bbox 1924 5786 3502 5863; baseline 0.006 -22"><span class='ocrx_word' id='word_1_893' title='bbox 1924 5786 2105 5843; x_wconf 87' lang='lat' dir='ltr'><strong>verbis</strong></span> <span class='ocrx_word' id='word_1_894' title='bbox 2134 5789 2447 5855; x_wconf 87' lang='lat' dir='ltr'><strong>sententias,</strong></span> <span class='ocrx_word' id='word_1_895' title='bbox 2478 5797 2536 5844; x_wconf 90' lang='lat' dir='ltr'><strong>ut</strong></span> <span class='ocrx_word' id='word_1_896' title='bbox 2564 5789 3130 5861; x_wconf 63' lang='lat' dir='ltr'><strong>praponituranimus</strong></span> <span class='ocrx_word' id='word_1_897' title='bbox 3157 5794 3392 5863; x_wconf 88' lang='lat' dir='ltr'><strong>corpori.</strong></span> <span class='ocrx_word' id='word_1_898' title='bbox 3427 5795 3502 5850; x_wconf 88' lang='lat' dir='ltr'><strong>Ex</strong></span> 
     </span>
    </p>
   </div>
   <div class='ocr_carea' id='block_1_121' title="bbox 1925 5880 3503 5958">
    <p class='ocr_par' dir='ltr' id='par_1_121' title="bbox 1925 5880 3503 5958">
     <span class='ocr_line' id='line_1_122' title="bbox 1925 5880 3503 5958; baseline 0.006 -23"><span class='ocrx_word' id='word_1_899' title='bbox 1925 5894 2033 5952; x_wconf 93' lang='lat' dir='ltr'><strong>quo</strong></span> <span class='ocrx_word' id='word_1_900' title='bbox 2058 5880 2139 5950; x_wconf 81' lang='lat' dir='ltr'><strong>fit,</strong></span> <span class='ocrx_word' id='word_1_901' title='bbox 2173 5888 2232 5938; x_wconf 93' lang='lat' dir='ltr'><strong>ut</strong></span> <span class='ocrx_word' id='word_1_902' title='bbox 2259 5881 2332 5938; x_wconf 89' lang='lat' dir='ltr'><strong>ita</strong></span> <span class='ocrx_word' id='word_1_903' title='bbox 2362 5881 2522 5940; x_wconf 84' lang='lat' dir='ltr'><strong>malle</strong></span> <span class='ocrx_word' id='word_1_904' title='bbox 2551 5880 2781 5941; x_wconf 86' lang='lat' dir='ltr'><strong>debeant</strong></span> <span class='ocrx_word' id='word_1_905' title='bbox 2810 5883 3071 5953; x_wconf 83' lang='lat' dir='ltr'><strong>veriores,</strong></span> <span class='ocrx_word' id='word_1_906' title='bbox 3100 5900 3258 5958; x_wconf 91' lang='lat' dir='ltr'><strong>quam</strong></span> <span class='ocrx_word' id='word_1_907' title='bbox 3302 5886 3503 5944; x_wconf 85' lang='lat' dir='ltr'><strong>disser-</strong></span> 
     </span>
    </p>
   </div>
   <div class='ocr_carea' id='block_1_122' title="bbox 3566 5655 3582 5688">
    <p class='ocr_par' dir='ltr' id='par_1_122' title="bbox 3566 5655 3582 5688">
     <span class='ocr_line' id='line_1_123' title="bbox 3566 5655 3582 5688; baseline 0 0"><span class='ocrx_word' id='word_1_908' title='bbox 3566 5655 3582 5688; x_wconf 70' lang='grc' dir='ltr'><strong>ὶ</strong></span> 
     </span>
    </p>
   </div>
  </div>
