3986 6382
562 370 667 429 859

1636 366 1699 421 υ.
1744 352 2070 421 ευαῖριιιι
2108 334 2404 418 Aesaris
2445 360 2773 421 ararum

3742 373 3843 437 ωο

561 492 734 549 tiores
765 488 961 547 audire
1008 492 1289 547 sermones
1317 484 1461 541 sicut
1505 481 1666 539 malle
1695 481 1892 539 debent
1922 478 2164 551 pruden-
2191 475 2248 539 Δ
2271 492 2422 545 mus;
2457 479 2587 550 quia
2616 478 2760 536 enim
2814 481 3005 535 merita
3056 478 3328 537 hominum
3358 496 3457 554 pro
3498 486 3695 557 quibus
3740 492 3841 563 agi.

563 586 752 651 tiores,
786 597 945 654 quam
978 580 1329 637 formosiores
1377 574 1577 632 habere
1620 576 1843 631 amicos.
1897 571 2160 629 Noverint

563 679 750 742 etiam,
780 689 890 731 non
933 687 1053 730 esse
1084 686 1270 728 vocem
1299 670 1365 725 ad
1398 683 1555 725 aures
1587 668 1703 735 Dei,
1734 668 1837 723 nisi
1880 669 2047 723 animi
2077 666 2157 721 af-

565 768 790 825 fectum.
821 765 897 821 ita
939 765 1082 821 enim
1112 779 1220 819 non
1254 762 1555 818 irridebunt
1582 762 1625 816 si
1659 759 2158 830 aliquosantistites

564 872 621 919 et
650 863 923 917 ministros
948 859 1206 915 Ecclesiae
1234 858 1373 913 forte
1398 856 1891 921 animadverterint,
1924 855 2007 909 vel
2036 868 2156 909 cum

562 948 910 1008 barbarismis
939 956 997 1006 et
1023 948 1344 1006 solmcismis
1370 949 1535 1004 Deum
1561 950 1832 1013 invocare,
1857 946 1941 1001 vel
1969 944 2157 1001 eadem

564 1043 761 1110 verba,
806 1058 924 1113 quae
957 1043 1310 1113 pronuntiant
1358 1056 1463 1095 non
1497 1041 1794 1108 intelligere
1827 1032 2160 1108 perturbate-

565 1154 667 1210 que
698 1137 1031 1209 distinguere
1060 1154 1073 1193 :
1102 1152 1207 1191 non
1260 1134 1381 1207 quia
1434 1135 1534 1189 ista
1584 1134 1804 1188 minime
1846 1130 2159 1202 corrigenda

563 1239 707 1296 sunt,
756 1238 815 1286 ut
847 1230 1076 1300 populus
1128 1228 1194 1283 ad
1253 1227 1303 1283 id
1351 1228 1490 1297 quod
1543 1227 1697 1295 plane
1738 1222 1987 1291 intelligit
2017 1220 2161 1275 dicat

564 1321 768 1386 Amen;
818 1319 911 1377 sed
946 1329 1119 1374 tamen
1164 1319 1251 1387 pie
1294 1315 1573 1371 toleranda
1602 1323 1723 1369 sunt
1752 1313 1818 1367 ab
1847 1313 1923 1366 eis
1957 1312 2044 1382 qui
2076 1310 2160 1365 di-

562 1414 794 1470 dicerint
840 1420 896 1468 ιιι
925 1427 1061 1468 sono
1094 1411 1144 1465 in
1198 1411 1336 1475 loro,
1371 1408 1448 1463 sic
1479 1416 1604 1461 voto
1641 1406 1693 1460 in
1730 1405 1967 1459 Ecclesia
1994 1403 2160 1458 bene-

564 1504 688 1561 dici.
714 1504 898 1574 ltaque
926 1502 1156 1558 forensis
1185 1501 1301 1569 illa,
1334 1512 1715 1567 nonnunquam
1748 1495 1883 1551 forte
1914 1495 2051 1550 bona
2079 1492 2162 1547 di-

565 1600 694 1665 ctio,
724 1611 997 1667 nunquam
1030 1605 1211 1650 tamen
1245 1592 1553 1649 benedictio
1582 1590 1686 1644 dici
1712 1596 1905 1657 potest.

1115 1708 1343 1766 CAPUT
1384 1706 1613 1765 CXCIX.

569 1807 645 1864 De
676 1806 967 1862 humilitate
996 1804 1205 1877 gallina:
1240 1804 1384 1877 illius
1408 1844 1422 1867 ,
1456 1805 1608 1877 cujus
1637 1800 1853 1855 blandas
1882 1797 1992 1877 alas
2019 1801 2162 1877 rept-

2262 589 2403 643 mus,
2434 574 2609 642 qualia
2638 576 2747 630 sint
2790 576 2929 646 apud
2963 574 3131 662 Deum
3162 590 3263 630 non
3310 579 3579 645 novimus,
3622 584 3746 651 quid
3773 586 3841 642 eis

2262 666 2327 721 ad
2359 672 2569 735 tempus
2589 666 2860 737 expediat,
2890 677 2983 721 aut
3008 668 3172 735 nulla,
3198 676 3287 723 aut
3315 672 3638 727 tenuissima
3660 684 3747 729 aut
3774 679 3841 733 in-

2263 762 2565 818 certissima
2588 762 2903 833 conjectura
2938 762 3276 837 suSpicamnr
3306 765 3509 835 potius,
3540 782 3701 837 quam
3720 784 3839 827 com-

2264 854 2680 924 prehendimus;
2731 865 3055 926 quapropter
3101 868 3190 923 res
3235 857 3451 927 quidem
3498 861 3733 930 agendas
3757 880 3837 934 pro

2263 954 2449 1002 nostro
2478 957 2636 1017 captu
2666 947 2921 1003 ordinare
2960 945 3248 1015 debemus,
3279 964 3411 1019 quas
3447 964 3518 1006 eo
3572 953 3725 1007 modo
3751 971 3834 1026 quo

2263 1041 2573 1107 statuimus,
2599 1043 2643 1097 si
2672 1055 2931 1112 peragere
2953 1042 3305 1111 potuerimus,
3335 1058 3445 1099 non
3476 1044 3607 1099 ideo
3634 1047 3834 1116 gaudea-

2266 1148 2402 1200 mus,
2434 1133 2558 1206 quia
2586 1132 2766 1200 nobis,
2790 1132 2883 1189 sed
2912 1133 3034 1203 quia
3062 1134 3172 1189 Deo
3192 1135 3269 1189 sie
3294 1135 3378 1206 agi
3414 1135 3625 1206 placuit
3654 1137 3830 1209 [potue-

2264 1238 2407 1295 runt,
2441 1243 2547 1282 non
2576 1227 2695 1282 ideo
2732 1226 3057 1298 gaudeamus
3099 1228 3224 1296 quia
3264 1227 3441 1293 nobis,
3474 1228 3581 1283 sed
3611 1232 3723 1299 quia
3747 1230 3831 1285 Deo

2265 1321 2343 1376 sic
2364 1335 2457 1376 eas
2489 1320 2572 1390 agi
2598 1317 2822 1390 placuit]
2848 1338 2861 1373 :
2906 1318 2951 1373 si
2975 1327 3153 1374 autem
3183 1319 3359 1386 aliqua
3393 1319 3654 1374 inciderit
3678 1335 3828 1375 neces-

2264 1414 2419 1479 sitas,
2451 1428 2553 1482 qua
2585 1418 2769 1467 uoster
2809 1411 2902 1466 ille
2949 1410 3084 1465 ordo
3129 1411 3403 1479 turbetur,
3463 1410 3736 1467 ilectamur
3763 1412 3828 1466 fa-

2264 1506 2387 1573 cile,
2423 1520 2492 1561 ne
2515 1505 2853 1577 frangamur;
2905 1511 2963 1559 ut
3001 1519 3161 1575 quem
3211 1504 3355 1559 Deus
3402 1511 3603 1560 nostro
3653 1521 3824 1576 prapo-

2265 1601 2390 1665 suit,
2421 1600 2538 1668 ipse
2569 1600 2642 1653 sit
2670 1606 2873 1654 noster.
2912 1596 3145 1668 Equius
3183 1604 3267 1653 est
3294 1598 3443 1653 enim
3489 1608 3556 1652 ut
3586 1612 3677 1654 nos
3703 1604 3823 1669 ejus,

2266 1706 2425 1761 quam
2451 1697 2511 1744 ut
2540 1690 2633 1745 ille
2676 1698 2917 1744 nostram
2949 1690 3279 1745 voluntatem
3322 1700 3617 1761 sequatur;
3659 1696 3763 1761 quia
3787 1700 3824 1748 et

2267 1781 2402 1837 ordo
2428 1782 2760 1852 agendarum
2784 1796 2986 1849 rerum,
3022 1797 3181 1852 quem
3211 1791 3402 1838 nostro
3434 1783 3658 1840 arbitrio
3678 1796 3823 1841 tenere

641 1858 1284 1952 giéiiié's'*iii§er"b:_iprqu
1313 1858 1445 1944 ﬁunt
1476 1858 1715 1939 alitibus;
1742 1887 1806 1926 ex
1835 1871 2010 1925 eodem
2036 1858 2167 1923 libro
2196 1858 2247 1933 Β
2276 1873 2547 1940 volumus,
2598 1872 2693 1929 ille
2739 1872 2925 1943 utique
2964 1873 3348 1944 approbandus
3396 1885 3505 1941 est,
3536 1877 3623 1931 ubi
3654 1879 3820 1947 potiora

638 1946 700 2005 {te
729 1949 1119 2006 Catechisandis
1147 1946 1372 2002 rudibus.

650 2062 961 2133 Cogitemus
992 2061 1117 2133 quid
1160 2059 1317 2115 nobis
1347 2066 1705 2129 praerogatum
1736 2057 1825 2123 sit,
1861 2055 1929 2111 ab
1956 2055 2045 2111 illo
2071 2056 2159 2125 qui

572 2154 959 2211 demonstravit
983 2153 1137 2209 nobis
1169 2151 1497 2221 exemplum,
1542 2157 1599 2204 ut
1626 2163 1913 2219 sequamur
1938 2146 2162 2218 vestigia

570 2248 710 2320 ejus.
737 2247 1095 2315 Quantumvis
1123 2246 1265 2302 enim
1297 2243 1510 2299 diil'erat
1531 2243 1811 2299 articulata
1831 2257 1933 2297 vox
1955 2248 2156 2309 nostra,

569 2342 637 2397 ab
669 2338 1038 2409 intelligentia:
1070 2345 1268 2392 nostrae
1304 2336 1608 2400 vivacitate,
1644 2334 1801 2404 longe
1829 2332 2165 2389 diiierentior

570 2441 655 2491 est
674 2432 973 2488 mortalitas
992 2431 1174 2486 carnis
1195 2431 1262 2486 ab
1279 2430 1582 2499 aequalitate
1600 2428 1725 2495 Dei;
1750 2437 1803 2484 et
1827 2438 2026 2495 tamen,
2042 2443 2164 2483 cum

570 2525 624 2582 in
650 2526 839 2583 eadem
860 2524 1029 2580 forma
1057 2533 1225 2589 esset,
1245 2524 1593 2592 semetipsum
1619 2522 1916 2578 exinanivit
1938 2523 2164 2576 formam

570 2619 710 2676 servi
725 2618 1014 2687 accipiens,
1031 2625 1085 2671 et
1108 2615 1278 2670 factus
1293 2624 1372 2669 est
1386 2614 1643 2670 obediens
1668 2629 1837 2683 usque
1851 2614 1914 2667 ad
1934 2621 2163 2668 mortem

572 2708 768 2764 crucis.
792 2708 963 2774 Quam
989 2706 1058 2761 ob
1084 2721 1323 2771 causam,
1358 2705 1464 2759 nisi
1490 2706 1611 2773 quia
1634 2705 1803 2759 factus
1832 2713 1913 2759 est
1936 2704 2163 2758 infirmis

573 2802 818 2858 infirmus
830 2809 888 2855 ut
905 2800 1148 2856 infirmos
1165 2797 1501 2855 lucrifaceret
1516 2799 1539 2852 ἲ
1554 2796 1691 2853 Audi
1710 2798 1826 2866 ejus
1840 2796 2167 2851 imitatorem

572 2893 697 2950 alibi
743 2894 899 2949 etiam
931 2892 1199 2949 (licentem
1237 2910 1250 2947 :
1283 2891 1414 2948 Sive
1442 2892 1583 2947 enim
1617 2898 1794 2946 mente
1834 2891 2169 2946 excessimus

573 2984 705 3048 Deo,
739 2985 850 3040 sive
885 2988 1250 3055 temperantes
1303 2999 1489 3039 sumus
1518 2983 1699 3047 vobis;
1739 2982 1974 3038 charitas
2016 2984 2160 3037 enim

572 3074 774 3132 Christi
805 3074 1084 3145 compellit
1116 3090 1215 3130 nos
1239 3068 1547 3146 judicantes
1580 3079 1700 3145 hoc,
1740 3076 1859 3145 quia
1904 3089 2041 3129 unus
2072 3089 2169 3144 pro

573 3170 825 3227 omnibus
849 3180 1096 3226 mortuus
1125 3178 1229 3227 est.
1262 3171 1543 3240 Quomodo
1583 3174 1726 3227 enim
1773 3179 1989 3241 paratus
2023 3180 2169 3229 esset

2263 1965 2719 2039 praecedunt.Cur
2744 1981 2872 2037 ergo
2900 1981 2998 2022 nos
3020 1966 3268 2021 dolemus
3290 1967 3542 2024 homines
3572 1984 3600 2023 a
3630 1970 3820 2025 Domino

2265 2061 2374 2117 Deo
2395 2069 2548 2116 tanto
2575 2061 2786 2131 potiore
2815 2048 3071 2130 praecedi,
3097 2068 3155 2115 ut
3199 2049 3267 2114 eo
3307 2062 3448 2131 ipso,
3479 2078 3581 2129 quo
3607 2072 3818 2117 nostrum

2264 2167 2505 2209 amamus
2534 2154 2807 2220 ordinem,
2842 2151 3133 2208 inordinati
3170 2167 3293 2208 esse
3340 2154 3641 2223 cupiamus?
3676 2154 3823 2209 Nemo

2265 2248 2407 2304 enim
2439 2248 2630 2303 melius
2652 2246 2863 2301 ordinat
2889 2246 3017 2316 quid
3046 2247 3222 2317 agitur
3251 2244 3395 2319 [quid
3420 2248 3573 2318 agat],
3604 2247 3703 2301 nisi
3726 2249 3811 2317 qni

2264 2340 2499 2411 paratior
2524 2347 2629 2406 est,
2665 2353 2770 2393 nou
2806 2339 2910 2410 ιο
2949 2352 3132 2409 agere,
3166 2340 3304 2409 quod
3346 2338 3517 2393 divina
3563 2349 3811 2409 potestate

2268 2432 2597 2506 prohibetur,
2622 2445 2781 2502 quam
2806 2431 3051 2500 cupidior
3076 2445 3239 2501 agere
3268 2430 3403 2501 quod
3432 2430 3651 2484 humana
3674 2431 3809 2500 cogi-

2266 2527 2472 2582 tatione
2501 2525 2811 2591 meditatur,
2844 2524 2965 2593 quia
3019 2524 3203 2577 multas
3249 2524 3593 2593 cogitationes
3621 2531 3734 2576 sunt
3772 2522 3812 2577 in

2270 2618 2438 2675 corde
2467 2618 2587 2671 viri.
2620 2613 2914 2671 Consilium
2942 2621 3121 2671 autem
3156 2614 3255 2670 Dei
3308 2613 3569 2687 [Domini]
3598 2620 3750 2669 manet
3772 2614 3810 2668 in

2269 2718 2555 2764 internum.
2591 2708 2647 2764 Si
2680 2715 2861 2763 autem
2882 2706 2952 2762 de
2975 2691 3156 2775 aliquo
3183 2714 3370 2761 errato
3394 2715 3598 2769 nostro,
3625 2706 3693 2761 vel
3714 2718 3805 2775 peo-

2271 2812 2392 2859 cato
2414 2817 2514 2858 nos
2557 2801 2870 2858 mtestitudo
2913 2800 3352 2869 comprehendit,
3386 2815 3500 2855 non
3529 2808 3690 2854 tantum
3712 2812 3797 2852 tac-

2272 2896 2592 2951 minerimus
2641 2893 2963 2949 sacriﬁcium
3009 2892 3123 2948 Deo
3159 2893 3414 2962 spiritum
3447 2888 3783 2948 essecomm-

2274 2990 2463 3054 latum,
2498 2987 2592 3043 sed
2634 2987 2797 3043 etiam
2828 2986 2979 3051 illud,
3027 2986 3153 3056 quia
3196 2987 3342 3041 sicut
3387 3000 3529 3055 aqua
3566 2983 3791 3056 ignemsic

2271 3084 2613 3153 eleemosyna
2659 3079 2954 3147 exstinguit
2996 3085 3306 3148 peccatum;
3361 3087 3416 3134 et
3452 3079 3609 3149 :qaia
3644 3074 3800 3131 miseri-

2273 3173 2512 3230 cordiam
2536 3173 2727 3244 magis,
2762 3171 2955 3243 inquit,
2985 3172 3111 3227 volo
3138 3186 3297 3241 quam
3340 3173 3669 3229 sacriﬁcium.
3691 3170 3805 3225 Sicut

572 3261 810 3335 impendi
842 3277 940 3334 pro
967 3263 1249 3318 animabus
1281 3278 1489 3332 eorum,
1521 3266 1565 3319 si
1605 3280 1725 3319 eum
1759 3265 1962 3335 pigeret
2002 3264 2161 3321 incli-
2194 3247 2239 3311 Β
2272 3284 2400 3338 ergo
2427 3269 2473 3322 si
2517 3268 2942 3335 periclitaremur
2989 3264 3260 3331 incendio,
3318 3267 3390 3321 ad
3443 3281 3627 3337 aquam
3666 3263 3805 3333 ntiqu

574 3360 689 3413 nari
728 3359 793 3412 ad
823 3371 982 3413 aures
1029 3358 1252 3413 eorum?
1292 3358 1428 3413 Hinc
1456 3374 1585 3430 ergo
1609 3360 1780 3414 factus
1803 3369 1884 3414 est
1916 3361 2168 3428 parvulus

575 3450 629 3507 in
654 3451 835 3508 medio
860 3463 1130 3519 nostrum,
1156 3463 1408 3522 tanquam
1439 3454 1617 3509 nutrix
1642 3453 1827 3509 fovens
1853 3454 1991 3509 filios
2020 3470 2167 3510 suos.

576 3540 712 3597 Num
735 3543 878 3598 enim
910 3544 1161 3610 delectat,
1194 3543 1296 3599 nisi
1343 3560 1495 3600 amor
1545 3546 1751 3613 invitet,
1798 3546 2069 3602 decurtata
2120 3558 2173 3603 et

576 3634 821 3691 mutilata
851 3636 1010 3690 verba
1040 3637 1490 3694 immurmurare?
1518 3647 1571 3693 et
1592 3648 1769 3694 tamen
1794 3648 1981 3707 optant
2000 3640 2173 3695 itemi—

578 3740 675 3780 nes
708 3726 906 3780 habere
946 3727 1177 3782 infantes
1224 3730 1418 3796 quibus
1448 3732 1499 3781 id
1538 3730 1845 3795 exhibeant,
1877 3741 1931 3785 et
1957 3734 2174 3788 suavius

580 3826 661 3872 est
692 3816 853 3870 matri
876 3816 1079 3872 minuta
1110 3832 1295 3871 mansa
1324 3820 1576 3888 inspuere
1597 3823 1819 3887 parvulo
1850 3822 1984 3887 ﬁlio,
2011 3840 2173 3894 quam

585 3909 757 3979 ipsam
790 3908 1049 3964 mandere
1077 3924 1140 3964 ac
1164 3908 1427 3964 devorare
1451 3912 1755 3979 grandiora.
1786 3912 1903 3969 Non
1931 3930 2061 3986 ergo
2090 3932 2177 3974 re-

582 4000 737 4057 cedat
780 4002 851 4058 de
884 4010 1102 4071 pectore
1131 4002 1294 4058 etiam
1338 4004 1590 4073 cogitatio
1618 4006 1829 4073 gallinas
1858 4007 2020 4066 illius.
2057 4026 2177 4079 quin

580 4092 907 4168 languidulis
938 4094 1135 4164 plumis
1164 4103 1383 4153 teneros
1410 4096 1555 4154 fetus
1583 4100 1777 4167 Operit,
1816 4109 1869 4156 et
1890 4116 2179 4161 susurran-

581 4194 664 4243 tes
695 4189 869 4258 pullos
890 4188 1165 4245 confracta
1194 4204 1325 4246 voce
1354 4190 1601 4257 advocat.
1625 4193 1781 4263 cujus
1806 4194 2031 4254 blandas
2061 4199 2176 4255 alas

514 4336 517 4337 ν
583 4279 910 4348 refugientes
958 4282 1203 4350 superbi,
1243 4284 1420 4352 praeda
1473 4285 1609 4340 tium
1657 4287 1895 4344 alitibus.
1930 4291 1989 4347 Si
2031 4293 2175 4350 enim

585 4368 888 4428 intellectus
946 4372 1180 4428 delectat
1236 4374 1289 4429 in
1344 4378 1713 4445 penetralibus
1774 4382 2172 4452 sincerissimis,

584 4461 691 4516 hoc
736 4464 897 4518 etiam
944 4464 1247 4535 intelligere
1300 4465 1563 4533 deiectat,
1616 4474 1887 4540 quomodo
1934 4475 2176 4534 charitas

587 4564 788 4635 quanto
809 4556 1103 4615 officiosius
1125 4557 1405 4613 descendit
1423 4557 1479 4615 in
1502 4560 1705 4631 intima,
1730 4573 1878 4621 tanto
1901 4568 2174 4626 robustius

587 4634 815 4701 recurrit
846 4648 900 4701 in
929 4647 1136 4714 intima,
1195 4665 1293 4721 per
1326 4644 1530 4709 bonam
1580 4658 1990 4725 conscientiam.
2037 4662 2173 4719 nihil
2199 4634 2255 4699 Ῑ)
2282 4676 2455 4719 meam
2510 4662 2878 4718 nummulariis

588 4738 862 4808 querendi
889 4740 959 4796 ab
996 4742 1098 4808 eis,
1122 4742 1190 4799 ad
1216 4757 1353 4814 quos
1398 4744 1704 4818 descendit,
1753 4762 1948 4820 praeter
1988 4768 2173 4811 eorum

586 4832 969 4900 sempiternam
988 4836 1237 4893 salutem.

1191 4949 1418 5008 CAPUT
1453 4952 1563 5009 CC.

588 5035 667 5091 De
693 5036 902 5093 stetistis
931 5038 1144 5122 nostris,
1170 5041 1545 5122 sine_t_ristitia,
1591 5046 1639 5122 si
1684 5049 1960 5122 necessitas
2000 5066 2175 5109 evene-

901 5114 992 5179 rit,
1021 5114 1391 5181 immutandis;
1419 5132 1485 5171 ea:
1512 5117 1687 5172 eodem
1715 5118 1867 5175 libro.

657 5222 712 5279 Si
737 5224 1003 5297 confregit
1031 5228 1271 5285 animum
1329 5239 1478 5288 tuum
1524 5234 1748 5292 alterius
1796 5238 2044 5306 actionis,
2097 5242 2183 5299 cui

587 5321 842 5385 tanquam
909 5318 1083 5390 magis
1138 5324 1464 5380 necessaria
1517 5325 1625 5395 jam
1677 5342 1975 5396 suspensus
2023 5344 2178 5403 eras,

587 5408 811 5464 emissio
843 5423 859 5464 :
892 5418 949 5465 et
986 5421 1276 5482 propterea
1306 5412 1481 5472 tristis
1528 5418 1824 5474 insuaviter
1852 5422 2179 5492 catechizas,

584 5501 823 5572 cogitare
845 5500 1037 5574 debes,
1068 5518 1296 5579 excepto
1316 5509 1461 5581 quod
1510 5510 1710 5567 scimus
1758 5513 2184 5575 misericorditer

589 5592 747 5648 nobis
784 5595 1057 5665 agendum
1101 5613 1245 5669 esse,
1278 5601 1538 5674 quidquid
1579 5616 1702 5659 cum
1732 5605 2040 5664 hominibus
2072 5612 2186 5681 agi-

518 5778 523 5783 .
590 5699 731 5755 mus,
759 5693 818 5743 et
844 5704 911 5783 ex
942 5691 1122 5749 ofﬁcio
1152 5696 1536 5754 sincerissima:
1580 5698 1882 5757 charitatis.
1915 5704 2028 5759 Hoc
2056 5720 2186 5778 ergo

520 5782 523 5795 "
593 5786 845 5849 excepto,
872 5782 1136 5841 incertum
1180 5802 1302 5845 esse
1332 5791 1463 5861 quid
1493 5792 1677 5851 utilius
1703 5807 1946 5864 agamus,
1975 5806 2032 5853 et
2058 5800 2185 5869 quid

596 5878 943 5951 opportunius
997 5888 1091 5935 aut
1124 5878 1564 5961 intermittamus,
1599 5895 1691 5946 aut
1722 5891 1943 5948 omnino
1970 5894 2187 5951 omitta~

2274 3374 2615 3415 curreremus
2656 3373 2763 3430 quo
2802 3366 2988 3429 posset
3014 3359 3302 3429 exstingui,
3349 3362 3734 3429 gratularemur,
3768 3357 3801 3409 si

2275 3454 2396 3523 quis
2441 3467 2560 3509 eam
2614 3451 2683 3507 de
2723 3450 2969 3521 proximo
3020 3450 3270 3517 oiIerret;
3326 3453 3400 3508 ita
3428 3461 3488 3507 et
3514 3453 3558 3508 si
3583 3451 3647 3507 de
3669 3456 3805 3507 nostro

2277 3546 2404 3602 feno
2430 3545 2610 3615 aliqua
2669 3543 2878 3614 peccati
2925 3542 3139 3598 ﬂamma
3187 3544 3456 3609 surrexit,
3506 3553 3558 3599 et
3585 3553 3808 3613 propterea

2277 3638 2679 3701 conturbamur,
2709 3636 2832 3689 data
2854 3635 3140 3690 occasione
3160 3635 3638 3691 misericordissimi
3653 3634 3809 3705 operis,

2277 3740 2531 3802 tanquam
2562 3729 2631 3783 de
2659 3728 2841 3783 oblato
2866 3727 3016 3783 fonte
3058 3728 3415 3798 gaudeamus,
3457 3738 3511 3782 ut
3549 3727 3665 3781 inde
3710 3724 3815 3779 illud

2279 3825 2420 3894 quod
2455 3828 2755 3886 exarserat,
2786 3821 3121 3891 opprimatur
3164 3838 3181 3875 :
3236 3822 3342 3876 nisi
3382 3820 3509 3875 forte
3545 3828 3640 3872 tam
3683 3816 3817 3872 stulti

2279 3928 2488 3979 sumus,
2510 3922 2568 3968 ut
2595 3909 2825 3965 alacrius
2854 3910 3179 3968 arbitremur
3194 3924 3333 3967 cum
3355 3922 3477 3979 psse
3494 3905 3814 3971 currentium,

2278 4023 2387 4080 quo
2413 4016 2658 4063 ventrem
2683 4005 2970 4061 esurientis
2993 4004 3341 4073 impleamus,
3369 4018 3524 4073 quam
3547 4016 3662 4058 cum
3678 3998 3820 4054 verbo

2281 4101 2397 4168 Dei,
2436 4116 2542 4172 quo
2584 4108 2818 4155 mentem
2852 4098 3118 4155 studentis
3159 4099 3511 4155 instruamus.
3564 4098 3669 4152 line
3697 4108 3821 4151 aces-

2280 4198 2379 4260 dit,
2412 4197 2533 4264 quin
2557 4196 2602 4250 ei
2634 4194 3004 4249 tantummodo
3035 4194 3316 4264 prodesset
3361 4194 3466 4250 hoc
3516 4194 3696 4256 facere,
3737 4204 3819 4245 non

2280 4290 2456 4344 facere
2476 4297 2655 4343 autem
2679 4288 2813 4342 nihil
2837 4288 3088 4354 obesset;
3120 4287 3411 4342 infeliciter
3440 4288 3500 4342 in
3532 4286 3740 4355 periculo
3759 4297 3823 4337 τις

2280 4384 2425 4449 iutis,
2456 4398 2560 4439 non
2580 4384 2687 4453 jam
2709 4382 3066 4452 proximi,sed
3081 4390 3299 4446 nostrae,
3314 4380 3562 4436 oblatum
3582 4377 3824 4436 remedia

2279 4490 2676 4546 sperneremus.
2724 4475 2857 4530 Cum
2894 4490 3023 4529 vero
3047 4488 3110 4530 ex
3142 4488 3238 4530 ore
3270 4473 3493 4528 Domini
3525 4486 3627 4529 tam
3649 4469 3820 4527 minaci-

2281 4581 2363 4625 ter
2390 4580 2544 4625 sonet
2568 4587 2581 4623 :
2611 4569 2785 4625 Serve
2825 4583 3054 4640 nequam
3082 4577 3138 4623 et
3178 4568 3328 4639 piger
3350 4609 3365 4633 ,
3393 4568 3568 4624 dares
3598 4564 3820 4639 pecuniam

2924 4678 2939 4716 :
3001 4676 3121 4733 qum
3166 4662 3382 4717 tandem
3428 4662 3698 4719 dementia
3743 4664 3823 4718 αν

2281 4755 2532 4827 quoniam
2573 4765 2851 4825 peccatum
2884 4764 3129 4811 nostrum
3159 4770 3257 4810 nos
3284 4757 3433 4825 angit
3461 4798 3479 4824 ,
3538 4758 3655 4813 ideo
3688 4759 3824 4809 rum

2282 4850 2420 4906 velle
2486 4864 2737 4921 peccare,
2797 4864 2906 4907 non
2968 4849 3145 4905 dendo
3215 4851 3511 4921 pecuniam
3566 4849 3829 4908 dominicam

2281 4943 2480 4999 volenti
2532 4953 2587 4999 et
2619 4944 2856 5013 petenti?

2876 5038 3105 5096 CAPUT
3145 5038 3275 5095 CCI.

2293 5152 2740 5219 Quemadmodum
2763 5151 3273 5224 catechizandusisit,
3303 5152 3392 5222 qui
3417 5153 3541 5209 vult
3583 5155 3691 5224 ﬁeri
3711 5148 3836 5207 Chris-

2360 5226 2567 5290 tianus;
2600 5240 2663 5279 ex
2689 5226 2871 5279 eodem
2903 5223 3033 5278 libre
3059 5225 3123 5280 ds
3149 5223 3559 5282 Cateehisands’s
3584 5223 3793 5280 rudibus.

2358 5336 2460 5394 Sed
2499 5337 2685 5393 faciam
2726 5336 2926 5409 [tamen
2980 5334 3266 5410 faciamus]
3298 5336 3547 5407 aliquem
3582 5339 3774 5395 venisse
3801 5329 3846 5386 ad

2290 5446 2389 5486 nos
2420 5430 2507 5501 qui
2537 5432 2651 5485 vult
2683 5444 2802 5486 esse
2831 5428 3171 5485 Christianus
3198 5471 3213 5497 ,
3244 5438 3301 5484 et
3338 5428 3407 5485 de
3428 5444 3651 5500 genere
3683 5428 3851 5499 quidem

2288 5522 2594 5586 idiotarum,
2630 5538 2736 5577 non
2769 5531 2947 5579 tamen
2976 5522 3508 5593 rusticanorum,sed
3544 5526 3853 5583 urbanorum,

2232 5664 2241 5675 .
2292 5617 2479 5686 quales
2510 5616 2649 5687 apud
2681 5615 3062 5687 Carthaginem
3092 5618 3271 5686 plures
3310 5619 3564 5687 experiri
3609 5630 3662 5674 te
3685 5624 3857 5672 necesse

2292 5719 2375 5766 est
2406 5728 2418 5763 :
2459 5710 2841 5781 interrogatum
2875 5712 3035 5767 etiam
3062 5754 3077 5781 ,
3108 5720 3284 5767 utrum
3325 5721 3564 5783 propter
3595 5714 3719 5768 vita
3757 5719 3859 5779 ρη-
3896 5752 3897 5763 χ

2295 5804 2460 5859 sentis
2492 5803 2708 5874 aliquod
2753 5805 3120 5873 commodum,
3148 5820 3215 5860 an
3236 5812 3462 5875 propter
3508 5808 3755 5877 requiem
3778 5812 3863 5893 quf

2298 5905 2421 5965 post
2473 5896 2637 5952 vitam
2690 5904 2967 5968 speratur,
3008 5896 3337 5953 Christianus
3393 5911 3529 5955 esse
3588 5897 3899 5956 desideret?
