3986 6382
143 388 227 446 861

1347 385 1782 448 THESAURUS.
1824 390 1981 449 CAP.
2021 389 2149 451 CCI.

3274 391 3378 449 862

141 511 333 576 propter
357 499 590 560 futuram
620 503 863 575 requiem
895 502 1257 574 respondisse,
1291 503 1382 558 tali
1406 502 1633 559 fortasse
1660 519 1690 559 a
1718 503 1773 568 Α
1797 517 1826 558 a
1860 507 2161 576 prophetis,
2189 501 2282 562 sed
2312 503 2474 562 etiam
2502 503 2569 559 ab
2595 504 2712 574 ipso
2742 499 2967 561 Domino
2995 503 3120 562 .lesu
3147 505 3380 576 Christo,

81 626 86 632 ~
141 597 276 653 nobis
301 598 648 654 instrueretur
667 598 928 672 alloquio:
960 598 1069 654 Deo
1103 599 1319 671 gratias,
1351 597 1546 664 frater;
1571 597 1688 652 val-

72 691 87 754 f
142 688 203 745 de
221 690 298 746 tibi
316 691 568 762 gratulor,
593 700 648 747 et
668 693 875 764 gaudeo
898 692 965 748 de
986 693 1203 763 te,quod
1228 692 1280 747 in
1309 692 1468 746 tantis
1495 701 1548 746 et
1578 700 1690 746 tam

139 783 424 854 periculosis
449 784 606 854 hujus
628 784 815 839 saeculi
841 785 1358 855 tempestatibus,jde
1373 784 1544 856 aliqua
1564 800 1692 839 vera

137 882 186 929 et
208 883 332 930 certa
360 875 649 932 securitate
676 876 940 946 cogitasti.
975 875 1108 931 Nam
1138 885 1192 932 et
1223 876 1275 930 in
1308 876 1406 931 hac
1439 878 1568 942 vita,
1601 877 1694 930 ho-

137 967 289 1023 mines
316 970 516 1039 magnis
550 969 824 1026 laboribus
855 971 1094 1041 requiem
1120 977 1366 1041 quaerunt
1403 978 1457 1025 et
1487 970 1692 1025 securi-

136 1064 309 1124 tatem,
339 1060 430 1115 sed
474 1061 653 1130 pravis
683 1061 1067 1132 cupiditatibus
1100 1077 1205 1118 non
1244 1063 1524 1119 inveniunt
1552 1081 1562 1116 :
1596 1079 1694 1119 vo-

135 1148 242 1202 lunt
281 1149 416 1205 enim
457 1153 801 1223 requiescere
850 1155 902 1209 in
953 1155 1116 1211 rebus
1163 1156 1434 1227 inquietis,
1486 1166 1539 1211 et
1589 1171 1694 1212 non

134 1243 566 1312 permanantibus,
592 1256 645 1303 et
673 1248 794 1317 quia
825 1247 931 1304 illa:
956 1259 1012 1303 et
1042 1257 1285 1320 tempore
1313 1250 1697 1306 subtrahuntur

135 1331 202 1402 [et
222 1334 327 1403 quia
347 1337 420 1392 illi
447 1346 684 1409 tempore
703 1341 1120 1415 subtrahuntur]
1145 1354 1198 1400 et
1220 1353 1516 1410 transeunt,
1545 1345 1697 1401 timo-

132 1425 269 1483 ribus
295 1436 342 1484 et
372 1429 649 1490 doloribus
681 1450 773 1492 eos
805 1438 1029 1505 agitant,
1062 1453 1161 1493 nec
1203 1439 1414 1508 quietos
1445 1455 1539 1496 eos
1571 1455 1695 1510 per—

134 1519 358 1588 mittunt;
387 1523 498 1579 sive
519 1525 661 1581 enim
693 1527 746 1582 in
770 1527 972 1583 divitiis
992 1530 1124 1585 velit
1146 1529 1306 1586 homo
1335 1532 1694 1602 requiescere,

131 1611 287 1682 magis
305 1615 566 1684 superbus
594 1617 827 1674 efficitur
851 1636 1010 1690 quam
1037 1637 1282 1678 securus.
1307 1622 1467 1690 Vere,
1493 1623 1657 1679 frater
1684 1643 1696 1678 :

130 1702 216 1757 llla
243 1719 420 1776 magna
453 1721 504 1764 et
535 1725 660 1766 vera
693 1711 966 1768 beatitudo
995 1724 1096 1779 est,
1129 1730 1249 1786 quae
1290 1715 1343 1770 in
1386 1716 1562 1772 futuro
1599 1732 1699 1772 sa:-

126 1797 237 1849 culo
266 1801 456 1855 sanctis
491 1803 856 1871 promittitur;
889 1807 1066 1862 omnia
1105 1824 1234 1863 vero
1259 1808 1482 1864 visibilia
1522 1819 1696 1866 trans-

1793 600 1933 668 quod
1973 598 2213 655 Ecclesia
2269 598 2387 668 ejus
2436 613 2531 667 per
2561 595 2865 651 universum
2897 598 3080 654 orbem
3121 609 3382 656 terrarum

1794 700 1938 747 esset
1980 691 2184 760 futura,
2216 707 2314 762 per
2355 699 2665 746 sanctorum
2704 691 2954 760 martyris
3004 690 3385 760 passionesque

1793 783 2165 855 disseminata,
2197 794 2251 840 et
2283 794 2411 840 tunc
2459 783 2797 854 praedictum,
2828 783 3044 854 quando
3081 783 3256 839 adhuc
3283 797 3384 838 uo-

1796 891 1917 931 men
1956 876 2072 946 ejus
2113 884 2167 931 et
2194 876 2403 931 latebat
2430 885 2638 947 gentes,
2669 883 2723 932 et
2750 873 2840 930 ubi
2870 884 3056 930 notum
3088 885 3205 930 erat
3231 875 3387 930 ride-

1797 968 1971 1037 batur,
2000 977 2055 1025 et
2083 977 2260 1026 tamen
2290 973 2344 1025 in
2373 972 2659 1026 virtutibus
2693 969 3074 1025 miraculorum
3101 970 3235 1039 ejus,
3273 969 3387 1025 sive

1797 1076 1914 1131 quae
1942 1077 2034 1131 per
2062 1077 2123 1118 se
2149 1061 2285 1132 ipse,
2315 1065 2432 1118 sive
2454 1079 2572 1133 qua:
2598 1077 2695 1132 per
2717 1076 2904 1117 servos
2933 1077 3057 1117 suos
3088 1061 3231 1126 fecit,
3258 1061 3386 1116 dum

1799 1153 2179 1210 annuntiantur
2225 1153 2340 1209 haec
2369 1163 2420 1209 et
2454 1153 2766 1209 creduntur.
2800 1153 2916 1209 iam
2966 1154 3214 1208 videmus
3244 1152 3388 1224 quod

1797 1247 2114 1317 praedictum
2134 1254 2215 1301 est
2233 1260 2355 1301 esse
2376 1247 2724 1316 completum,
2755 1261 3016 1317 regesque
3041 1246 3186 1316 ipsos
3209 1253 3385 1311 terrae,

1798 1338 1888 1407 qui
1934 1345 2087 1394 antea
2135 1337 2601 1408 persequebantur
2638 1337 2994 1402 Christianos,
3036 1337 3148 1406 jam
3188 1336 3390 1392 Christi

1802 1430 2021 1487 nomine
2081 1430 2413 1501 subjugatos.
2475 1428 2793 1484 Praedictum
2857 1438 2939 1485 est
2987 1430 3193 1492 etiam,
3249 1427 3391 1498 quod

1802 1521 2089 1578 schismata
2114 1531 2168 1577 et
2190 1523 2425 1577 haereses
2446 1536 2510 1577 ex
2533 1520 2651 1591 ejus
2677 1520 2912 1576 Ecclesia
2941 1530 3120 1576 essent
3143 1520 3390 1586 exituras,

1803 1622 1858 1671 et
1889 1614 1988 1670 sub
2016 1614 2132 1685 ejus
2174 1613 2391 1669 nomine
2428 1627 2526 1683 per
2556 1612 2671 1667 loca
2702 1612 2789 1667 ubi
2815 1622 3054 1683 possent,
3086 1628 3257 1678 suam,
3286 1625 3392 1667 non

1804 1707 2005 1764 Christi
2049 1707 2272 1778 gloriam
2306 1706 2632 1777 qumsiturm,
2687 1713 2744 1760 et
2797 1706 2896 1760 ista
2945 1707 3208 1775 completa
3248 1714 3391 1760 sunt.

1804 1800 2052 1871 Nunquid
2102 1815 2232 1869 ergo
2280 1799 2367 1854 illa
2401 1813 2520 1869 quae
2571 1805 2778 1853 restant
2819 1811 2926 1852 non
2983 1806 3107 1854 sunt
3135 1796 3397 1852 ventura?

125 1902 261 1957 ουηίν
301 1902 351 1948 ει
397 1897 572 1952 omnis
604 1897 761 1968 hujus
813 1902 994 1956 saeculi
1042 1916 1237 1972 pompa
1286 1913 1340 1957 et
1391 1905 1616 1972 deliciae,
1646 1914 1702 1962 ει
1728 1890 1776 1950 Β
1816 1896 2155 1952 Manifestum
2190 1902 2292 1961 est,
2325 1895 2447 1964 quia
2494 1893 2635 1948 sicut
2674 1893 2774 1951 ista
2821 1891 3072 1963 praedicta
3112 1902 3393 1957 venerunt,

124 1983 414 2054 curiositas,
466 1988 790 2057 interibunt;
839 2001 892 2046 et
941 2008 1123 2048 secum
1170 1996 1238 2049 ad
1278 1996 1554 2052 interitum
1586 2005 1697 2052 tra-

124 2075 248 2131 hunt
273 2091 536 2138 amatores
565 2099 714 2152 suos,
757 2102 788 2140 a
833 2101 940 2156 quo
970 2089 1212 2156 interitu,
1262 2091 1362 2145 hoc
1406 2101 1490 2146 est
1529 2094 1703 2159 pinnis

119 2172 481 2240 sempiternis,
522 2175 664 2231 Deus
704 2177 1034 2245 misericors,
1068 2183 1256 2239 volens
1287 2182 1534 2240 homines
1572 2185 1708 2240 libo.

119 2276 258 2329 rare,
290 2265 332 2320 si
363 2267 469 2323 sibi
513 2269 614 2340 ipsi
645 2286 750 2326 non
794 2273 902 2328 sint
948 2275 1177 2344 inimici,
1227 2285 1281 2332 et
1312 2292 1417 2332 non
1452 2279 1705 2334 resistant

119 2354 498 2415 misericordiae
527 2362 800 2418 Creatoris
832 2365 938 2433 sui,
967 2366 1116 2421 misit
1146 2368 1477 2438 unigenitum
1507 2370 1700 2424 Filium

122 2462 294 2516 suum,
339 2450 442 2507 hoc
489 2464 591 2519 est,
643 2456 873 2511 Verbum
941 2472 1117 2523 suum,
1171 2461 1380 2530 aequale
1431 2461 1556 2532 sibi,
1610 2477 1704 2531 per

118 2543 542 2620 quod‘condidit
595 2550 792 2604 omnia.
852 2551 918 2606 Et
957 2567 1184 2609 manens
1235 2555 1455 2626 quidem
1509 2558 1565 2612 in
1605 2574 1702 2615 sua

115 2635 418 2705 divinitate,
464 2648 518 2694 et
564 2655 672 2694 non
717 2643 976 2700 recedens
1019 2662 1050 2700 a
1095 2646 1276 2717 Patre,
1305 2663 1406 2705 nec
1447 2651 1500 2704 in
1529 2649 1710 2720 aliquo

116 2736 373 2796 mutatus,
425 2734 751 2788 assumendo
794 2745 972 2792 tamen
1020 2738 1318 2807 hominem,
1350 2749 1405 2797 et
1455 2741 1506 2796 in
1549 2757 1711 2801 carne

119 2824 334 2878 mortali
364 2824 672 2883 hominibus
695 2831 1024 2900 apparendo,
1057 2835 1203 2889 venit
1231 2836 1296 2890 ad
1327 2838 1573 2894 homines
1601 2856 1616 2893 ε
1654 2848 1714 2896 ut

117 2916 572 2986 quemadmodum
607 2936 704 2990 per
731 2937 898 2977 unum
930 2924 1203 2981 hominem
1241 2929 1329 2997 qui
1363 2929 1511 2998 prius
1542 2929 1712 2986 factus

116 3016 224 3074 est,
257 3009 309 3063 id
340 3019 424 3065 est
450 3011 641 3079 Adam,
668 3029 814 3069 mors
858 3016 1076 3072 intravit
1101 3019 1154 3072 in
1197 3033 1365 3088 genus
1395 3021 1710 3088 humanum.

117 3101 244 3169 quia
274 3104 550 3160 consensit
594 3105 806 3161 mulieri
848 3121 961 3162 suae
1011 3109 1245 3165 seductas
1289 3128 1316 3165 a
1366 3112 1601 3179 diabolo,
1654 3123 1712 3168 ut

117 3207 448 3266 praeceptum
474 3199 570 3254 Dei
600 3202 1107 3272 transgrederentur
1133 3224 1145 3258 :
1179 3206 1257 3261 sic
1285 3221 1382 3276 per
1417 3224 1580 3264 unum
1615 3209 1714 3265 ho-

116 3285 344 3356 minem,
371 3290 458 3359 qui
482 3293 641 3346 etiam
672 3293 836 3361 Deus,
863 3296 956 3350 Dei
993 3295 1183 3353 Filium
1212 3298 1397 3354 Jesum
1421 3302 1711 3369 Christum,

1826 3305 2064 3358 reantur,
2115 3292 2180 3346 ad
2237 3291 2692 3358 incorruptionem
2743 3289 3089 3360 angelicam,

119 3377 320 3436 deletis
374 3386 622 3442 omnibus
677 3390 913 3456 peccatis
969 3393 1276 3458 praeteritis,
1331 3395 1614 3452 credentes
1660 3397 1716 3453 in

116 3486 248 3528 eum
283 3489 491 3540 omnes,
526 3478 580 3532 in
610 3487 869 3533 aeternam
919 3482 1085 3536 vitam
1118 3484 1548 3554 ingrederentur.
1591 3490 1722 3544 0m-

117 3563 213 3618 nia
244 3565 390 3619 enim
435 3583 554 3637 quae
596 3583 738 3623 nunc
772 3571 921 3626 vides
955 3573 1007 3625 in
1060 3573 1302 3629 Ecclesia
1352 3576 1469 3642 Dei,
1520 3586 1574 3633 et
1619 3579 1722 3634 sub

117 3656 322 3712 Christi
349 3660 566 3715 nomine
596 3674 690 3730 per
717 3669 885 3716 totum
917 3663 1102 3720 orbem
1131 3675 1394 3722 terrarum
1425 3669 1563 3738 geri,
1598 3679 1724 3726 ante

116 3751 325 3804 saecula
369 3751 478 3820 jam
514 3753 766 3822 praedicta
795 3766 943 3822 sunt,
975 3765 1032 3812 et
1079 3759 1217 3814 sicut
1259 3775 1320 3815 ea
1368 3761 1616 3832 legimus,
1649 3765 1722 3819 ita

112 3851 173 3898 et
206 3843 476 3912 videmus,
503 3855 560 3903 et
595 3849 719 3904 inde
747 3850 1074 3908 aaditicamur
1096 3854 1148 3909 in
1173 3857 1351 3910 tidem.
1386 3856 1606 3912 Factum
1639 3870 1723 3916 est

120 3936 425 4002 aliquando
453 3938 712 3995 diluvium
746 3958 840 4010 per
870 3952 1035 4000 toram
1067 3955 1292 4014 terram,
1325 3958 1383 4004 ut
1409 3962 1723 4020 peccatores

113 4027 458 4092 delerentur,
501 4041 556 4086 et
587 4040 767 4088 tamen
796 4035 873 4089 illi
913 4038 1002 4104 qui
1045 4051 1332 4096 evaserunt
1361 4043 1410 4095 in
1461 4058 1607 4110 arca,
1635 4060 1724 4098 sa-

114 4130 464 4175 cramentum
513 4121 709 4178 futurae
764 4127 1022 4182 Ecclesiae
1070 4130 1550 4200 demonstrabant,
1601 4150 1725 4204 qua:

112 4224 272 4264 nunc
299 4211 354 4266 in
383 4212 636 4269 ﬂuctibus
671 4217 856 4271 saeculi
889 4228 1058 4284 natat,
1088 4229 1144 4277 et
1180 4237 1278 4292 per
1317 4223 1516 4292 lignum
1547 4227 1726 4280 crucis

108 4302 329 4360 Christi
388 4321 418 4360 a
471 4309 848 4367 submersione
904 4313 1183 4369 liberatur.
1255 4316 1574 4372 Praedictum
1642 4326 1727 4374 est

106 4397 361 4454 Abrahae
400 4399 544 4456 ﬁdeli
577 4417 738 4460 servo
783 4404 900 4472 Dei,
935 4405 1025 4461 uni
1074 4408 1298 4476 homini,
1332 4410 1474 4479 quod
1519 4411 1588 4466 de
1634 4410 1726 4466 illo

107 4500 272 4548 esset
318 4493 549 4562 populus
582 4496 905 4562 nasciturus,
938 4498 1027 4567 qui
1077 4499 1284 4556 coleret
1312 4516 1475 4556 unum
1529 4502 1722 4570 Deum,

111 4582 268 4636 inter
299 4595 531 4640 caeteras
576 4596 763 4657 gentes
810 4605 930 4658 quae
975 4591 1119 4646 idola
1160 4593 1430 4661 colebant,
1460 4604 1515 4650 et
1544 4597 1720 4652 omnia

106 4689 241 4744 qua:
274 4677 354 4730 illi
398 4680 594 4748 populo
641 4693 865 4738 ventura
913 4685 1166 4754 praedicta
1197 4697 1342 4754 sunt,
1381 4688 1459 4744 sic
1488 4704 1723 4748 evenere

106 4769 475 4843 [evenerant]
503 4785 560 4827 ut
588 4776 843 4842 praedicta
876 4788 1018 4832 sunt.
1051 4779 1406 4850 Prophetatus
1431 4792 1514 4838 est
1541 4785 1592 4839 in
1625 4785 1723 4841 illo

105 4866 327 4932 populo
371 4868 533 4921 etiam
585 4866 829 4923 Christus
880 4869 997 4924 Rex
1045 4873 1284 4928 omnium
1333 4886 1639 4932 sanctorum
1669 4887 1724 4934 et

103 4957 293 5027 Deus,
318 4970 578 5016 venturus
599 4976 667 5017 ex
695 4963 900 5019 semine
929 4965 1097 5033 ipsius
1126 4965 1397 5021 Abraham
1427 4971 1720 5025 secundum

101 5065 370 5118 carnem,
401 5069 561 5122 quam
610 5056 922 5125 assumpsit,
973 5064 1030 5110 ut
1073 5071 1262 5112 omnes
1301 5061 1464 5112 etiam
1510 5061 1600 5114 filii
1637 5077 1723 5117 es-

99 5155 246 5202 sent
290 5147 526 5202 Abrahte
565 5150 658 5220 qui
690 5149 850 5206 ﬁdem
882 5150 999 5220 ejus
1047 5151 1406 5217 imitarentur,
1437 5162 1490 5208 et
1535 5155 1612 5209 sic
1639 5163 1724 5210 est

98 5240 352 5296 factum.
383 5242 552 5299 Natus
597 5254 683 5301 est
727 5244 974 5301 Christus
1025 5246 1092 5301 de
1138 5245 1300 5300 Maria
1331 5245 1570 5314 Virgine,
1603 5261 1721 5315 qua

101 5351 186 5392 ex
227 5337 335 5391 illo
378 5351 578 5405 genere
623 5337 743 5395 fuit.
789 5340 1110 5394 Praedictum
1163 5347 1249 5394 est
1297 5353 1389 5407 per
1434 5340 1722 5408 prophetas

92 5427 267 5496 quod
310 5428 364 5483 in
394 5444 554 5485 cruce
581 5443 837 5498 passurus
869 5440 1032 5499 esset,
1063 5431 1132 5487 ab
1173 5431 1362 5486 eodem
1405 5431 1600 5500 populo
1629 5431 1718 5487 lu-

95 5522 372 5576 daeorum
417 5523 486 5576 de
517 5522 670 5591 cujus
715 5538 910 5593 genere
942 5524 1236 5578 secundum
1281 5539 1496 5578 carnem
1532 5525 1717 5579 venie-

93 5615 236 5677 bat,
270 5624 331 5670 et
359 5616 440 5670 sic
460 5624 544 5671 est
575 5617 794 5670 factum.
829 5616 1144 5671 Prtedictum
1169 5624 1250 5671 est
1277 5616 1414 5685 quod
1447 5630 1720 5671 resurrec-

94 5718 283 5762 turus
329 5716 497 5775 esset,
532 5707 849 5762 resurrexit.
879 5707 948 5761 Et
1000 5709 1293 5762 secundum
1323 5709 1435 5777 ipsa
1468 5707 1720 5776 praedicta

93 5800 542 5871 prophetarum,
591 5801 834 5857 ascendit
871 5801 926 5855 in
962 5800 1178 5866 caelum,
1213 5810 1267 5855 et
1309 5799 1583 5869 discipulis
1612 5801 1722 5857 suis

93 5894 396 5968 Spiritum
429 5905 673 5954 sanctum
706 5898 872 5953 misit.
918 5897 1238 5953 Praedictum
1283 5907 1367 5953 est
1411 5911 1516 5953 non
1551 5896 1721 5953 solum

1809 1991 1887 2044 sic
1947 1989 2106 2043 etiam
2159 1987 2249 2040 illa
2296 1993 2518 2040 ventura
2559 1993 2684 2040 sunt
2739 1999 2753 2039 :
2804 1998 3133 2055 quaecunque
3179 1983 3398 2037 tribula-

1808 2084 1979 2138 tiones
2019 2081 2285 2152 justornm
2317 2079 2492 2135 adhuc
2533 2087 2769 2144 restant;
2821 2088 2876 2136 et
2925 2079 3110 2147 judicii
3139 2079 3275 2143 dies,
3308 2077 3398 2147 qui

1809 2175 2080 2246 separabit
2139 2189 2328 2230 omnes
2387 2174 2581 2242 impios
2622 2188 2652 2228 a
2705 2173 2867 2244 justis
2905 2174 2957 2228 in
3007 2173 3400 2230 resurrectione

1810 2276 2258 2331 mortuorum;et
2300 2282 2408 2320 non
2445 2265 2619 2320 solum
2657 2280 2752 2320 eos
2805 2265 2895 2335 qui
2944 2274 3068 2320 sunt
3108 2274 3256 2320 extra
3299 2266 3399 2318 Ec-

1810 2361 2031 2416 clesiam
2060 2401 2074 2425 ,
2130 2358 2223 2413 sed
2264 2358 2426 2412 etiam
2474 2355 2640 2426 ipsius
2686 2355 2944 2411 Ecclesiae
3003 2356 3220 2423 paleas,
3271 2368 3404 2423 quas

1812 2459 2027 2522 oportet
2068 2464 2237 2520 usque
2266 2448 2334 2504 ad
2365 2448 2711 2504 novissimam
2743 2447 3143 2503 ventilationem
3188 2447 3400 2516 patien-

1814 2546 2017 2601 tissime
2047 2543 2290 2609 sufferat,
2338 2540 2404 2596 ad
2453 2541 2630 2613 ignem
2661 2540 2900 2596 debitum
2943 2541 3264 2611 segregabit.
3306 2539 3407 2604 Qui

1814 2649 1991 2693 autem
2021 2635 2246 2692 irrident
2275 2633 2621 2708 [irridebunt]
2654 2633 3127 2700 resurrectionem,
3159 2639 3408 2703 putantes

1814 2734 1957 2805 quod
2002 2747 2129 2787 caro
2171 2731 2273 2787 ista
2302 2730 2424 2801 quia
2457 2731 2716 2800 putrescit
2745 2743 3030 2800 resurgere
3075 2742 3180 2782 non
3211 2735 3404 2796 potest,

1814 2825 1880 2879 ad
1925 2838 2111 2893 poenas
2149 2822 2204 2877 in
2252 2837 2315 2878 ea
2347 2820 2707 2877 resurrecturi
2736 2827 2860 2875 sunt
2891 2838 2902 2872 :
2936 2830 2991 2874 et
3032 2819 3282 2875 ostendet
3325 2818 3405 2871 eis

1817 2920 1979 2987 Deus,
2012 2918 2134 2988 quia
2164 2917 2253 2988 qui
2295 2918 2464 2988 potuit
2495 2917 2608 2971 haec
2635 2931 2858 2988 corpora
2889 2915 3064 2970 facere
3106 2923 3392 2982 antequam

1816 3023 2016 3079 essent,
2049 3019 2219 3081 potest
2254 3026 2316 3066 ea
2352 3009 2407 3064 in
2445 3020 2717 3064 momento
2748 3009 3028 3065 restituere
3067 3007 3206 3062 sicut
3237 3013 3408 3061 erant.

1818 3109 2018 3162 Omnes
2047 3115 2225 3160 autem
2256 3104 2441 3160 fideles
2464 3104 2735 3174 regnaturi
2755 3117 2874 3158 cum
2900 3103 3114 3158 Christo
3135 3103 3205 3156 ita
3232 3115 3412 3156 resur-

1823 3209 1972 3272 gent,
2020 3201 2072 3255 in
2103 3200 2292 3255 eodem
2338 3213 2587 3267 corpore,
2637 3206 2697 3252 ut
2725 3198 2888 3253 etiam
2937 3193 3256 3252 commutari
3296 3207 3412 3248 me-

3169 3296 3228 3341 ut
3284 3285 3414 3342 ﬂant

1824 3387 2054 3456 aequales
2083 3385 2284 3453 angelis
2333 3384 2448 3445 Dei,
2482 3383 2617 3437 sicut
2644 3381 2897 3436 Dominus
2932 3380 3045 3449 ipse
3074 3376 3336 3448 promisit,
3361 3382 3416 3432 el

1825 3479 2042 3532 laudent
2074 3492 2197 3532 eum
2231 3477 2351 3530 sine
2391 3475 2570 3544 aliquo
2610 3473 2841 3539 defectu,
2874 3479 2928 3526 et
2963 3471 3081 3525 sine
3109 3471 3287 3538 aliquo
3315 3469 3417 3522 fas-

1829 3570 1979 3634 tidio,
2025 3583 2237 3636 semper
2279 3566 2522 3621 viventes
2552 3566 2603 3620 in
2650 3565 2764 3630 illo,
2797 3572 2852 3618 et
2900 3564 2968 3619 de
2998 3563 3109 3627 illo,
3161 3575 3280 3616 cum
3325 3559 3417 3612 tali

1826 3663 2018 3734 gaudio
2063 3669 2118 3715 et
2165 3657 2517 3722 beatitudine,
2551 3656 2728 3727 qualis
2775 3670 2876 3711 nec
2903 3655 3030 3722 dici,
3071 3668 3170 3708 nec
3196 3651 3418 3721 cogitari

1828 3756 1893 3812 ab
1927 3753 2232 3809 hominibus
2279 3760 2477 3821 potest.
2524 3749 2602 3804 Tu
2643 3749 2822 3816 itaque
2863 3747 3089 3804 credens
3120 3746 3243 3812 ista,
3290 3757 3420 3798 cave

1829 3849 2170 3911 tentationes,
2198 3844 2322 3916 quia
2348 3843 2596 3898 diabolus
2627 3842 2820 3914 quaerit
2845 3842 2935 3912 qui
2963 3856 3148 3898 secum
3174 3845 3420 3910 pereant,

1827 3954 1884 3998 ut
1913 3958 2018 3997 non
2052 3943 2223 3996 solum
2257 3956 2353 4010 per
2376 3954 2468 3995 eos
2496 3939 2586 4009 qui
2618 3948 2770 3993 extra
2799 3937 3096 3993 Ecclesiam
3130 3943 3275 3996 sunt,
3306 3932 3420 3988 sive

1827 4037 2038 4106 pagani,
2067 4035 2185 4090 sive
2211 4033 2398 4103 jndei,
2430 4034 2546 4087 sive
2585 4031 2844 4087 haeretici.
2877 4031 2992 4083 Non
3037 4041 3087 4083 te
3121 4028 3286 4082 hostis
3333 4025 3422 4081 ille

1826 4129 2065 4190 seducat,
2099 4126 2193 4181 sed
2230 4125 2392 4180 etiam
2428 4138 2563 4193 quos
2595 4124 2645 4177 in
2688 4124 2797 4192 ipsa
2830 4109 3068 4176 Ecclesia
3102 4122 3200 4188 ιι
3232 4115 3421 4171 catho-

1829 4223 1929 4276 lica
1962 4219 2164 4274 videris
2196 4218 2334 4272 male
2363 4218 2604 4271 viventes
2634 4224 2727 4269 aut
2756 4213 3140 4270 immoderatos
3169 4209 3418 4276 volupta-

1830 4316 1971 4370 tibus
2004 4312 2209 4367 ventris
2247 4319 2301 4366 et
2334 4309 2584 4380 gutturis,
2629 4315 2722 4363 aut
2762 4305 3083 4375 impudicos,
3132 4310 3223 4358 aut
3271 4297 3422 4355 vanis

1828 4405 2251 4469 curiositatibus,
2278 4403 2364 4457 vel
2419 4401 2620 4456 illicitis
2663 4399 2898 4464 deditos,
2927 4398 3042 4454 sive
3081 4392 3419 4465 spectaculo-

1828 4516 1970 4565 rum,
2018 4499 2136 4553 sive
2188 4495 2576 4561 remediorum,
2625 4503 2716 4548 aut
2761 4491 3146 4548 divinationum
3199 4485 3421 4542 diaboli-

1832 4607 2036 4655 carum,
2071 4590 2184 4644 sive
2230 4588 2280 4642 in
2316 4601 2533 4656 pompa,
2565 4584 2661 4659 [et]
2692 4586 2743 4638 in
2776 4583 2942 4653 typho
2971 4579 3226 4645 avaritiae,
3257 4587 3420 4647 atque

1747 4660 1803 4722 D
1831 4683 2122 4753 superbiae,
2173 4681 2287 4735 sive
2334 4680 2386 4733 in
2436 4680 2608 4747 aliqua
2640 4679 2771 4742 vita,
2805 4689 2962 4745 quam
2994 4673 3077 4728 lex
3119 4671 3336 4728 damnat
3363 4677 3422 4725 et

1831 4775 2004 4846 punit,
2032 4776 2252 4841 nonjeos
2276 4771 2530 4833 imiteris;
2554 4768 2647 4824 sed
2673 4768 2852 4837 potius
2873 4766 3212 4835 conjungaris
3240 4763 3414 4826 bonis,

1828 4884 1963 4940 quos
2009 4869 2322 4922 inventurus
2369 4879 2428 4918 es
2480 4863 2654 4928 facile,
2688 4862 2733 4915 si
2773 4870 2823 4916 et
2856 4869 2911 4916 tu
2959 4859 3078 4915 talis
3123 4857 3314 4920 fueris,
3360 4863 3418 4908 ut

1829 4963 1992 5018 simul
2035 4959 2228 5016 colatis
2259 4967 2315 5012 et
2361 4955 2595 5024 diligatis
2633 4955 2800 5010 Deum
2847 4953 3032 5023 gratis,
3078 4956 3200 5019 quia
3246 4957 3415 5000 totum

1832 5057 2110 5127 praemium
2142 5061 2383 5108 nostrum
2412 5051 2528 5119 ipse
2557 5051 2679 5113 erit,
2725 5057 2782 5103 ut
2818 5048 2872 5102 in
2921 5047 3011 5102 illa
3053 5051 3252 5098 aeterna
3283 5038 3412 5104 vita,

1829 5149 2068 5205 bonitate
2133 5146 2250 5215 ejus
2313 5153 2368 5198 et
2423 5140 2818 5213 pulchritudine
2889 5138 3244 5208 perfruamur.
3309 5129 3416 5186 Sed

1827 5241 2088 5296 amandus
2114 5247 2218 5304 est,
2266 5251 2371 5292 non
2413 5236 2550 5296 sicut
2579 5233 2779 5305 aliquid
2808 5229 2951 5301 quod
2980 5227 3189 5282 videtur
3219 5222 3414 5288 oeulis,

1827 5335 1921 5390 sed
1952 5335 2092 5389 sicut
2120 5340 2330 5387 amatur
2372 5331 2655 5400 sapientia,
2690 5337 2746 5382 et
2787 5324 3004 5386 veritas,
3036 5327 3092 5376 et
3139 5317 3413 5380 sanctitas,

1827 5439 1880 5486 et
1904 5429 2136 5498 justitia,
2168 5433 2224 5482 et
2251 5426 2505 5490 charitas,
2532 5434 2587 5479 et
2615 5424 2661 5478 si
2690 5418 2819 5490 quid
2847 5415 2991 5472 aliud
3035 5414 3142 5470 tale
3181 5409 3414 5466 dicitur:

1829 5539 1935 5579 non
1985 5520 2434 5592 quemadmodum
2491 5527 2615 5572 sunt
2677 5516 2774 5569 ista
2829 5512 2882 5565 in
2936 5505 3265 5571 hominibus,
3317 5500 3415 5557 sed

1834 5614 2286 5687 quemadmodum
2315 5621 2440 5668 sunt
2467 5612 2519 5666 in
2561 5610 2677 5679 ipso
2721 5606 2869 5660 fonte
2916 5597 3334 5669 incorruptibilis
3361 5607 3419 5652 es

1837 5705 2298 5763 incommutabilis
2333 5702 2627 5774 sapientis.
2659 5700 3018 5769 Quoscunque
3051 5709 3181 5764 ergo
3219 5688 3418 5748 videris

1839 5802 1954 5856 haec
1995 5814 2199 5866 amare,
2233 5797 2336 5853 illis
2385 5797 2726 5867 conjungere,
2775 5803 2832 5848 ut
2876 5805 2973 5863 per
3001 5787 3275 5844 Christum
3324 5781 3417 5854 qui

1839 5892 1996 5948 homo
2028 5890 2196 5948 factus
2222 5900 2322 5957 est,
2357 5898 2416 5945 ut
2444 5896 2589 5944 esset
2617 5885 2877 5942 mediator
2906 5881 3002 5940 Dei
3028 5889 3083 5937 et
3113 5876 3416 5945 hominum,
