3986 6382
577 342 686 402 863

1660 336 1719 391 Ι).
1765 328 2089 391 EUGYPPII
2126 326 2416 386 ABBATIS
2449 322 2772 382 AFRlCANl
3744 326 3827 384 δα

579 460 958 522 reconcilieris
988 459 1119 517 Deo.
1161 455 1420 514 Homines
1459 459 1638 510 autem
1672 464 1976 524 perversos,
2009 447 2166 502 etiam
2198 447 2252 508 Α
2276 441 2474 513 nuptiis
2497 435 3102 511 arquaverunt.Quidam
3124 447 3244 491 cum
3263 432 3526 505 legerent,
3547 435 3746 492 Bonum
3763 447 3826 494 est

574 559 621 616 si
651 558 858 614 intrent
891 555 1116 623 parietes
1145 550 1420 616 Ecclesiae,
1447 563 1554 604 non
1577 561 1672 604 eos
1691 545 1968 601 arbitreris
1997 544 2163 598 intra-

577 659 732 706 turos
761 651 814 706 in
848 662 1068 719 regnum
1112 645 1392 710 ccelorum,
1427 642 1550 712 quia
1597 655 1695 696 suo
1739 649 1979 709 tempore
2007 649 2165 706 sepa-

579 745 864 808 rabuntur,
908 743 951 795 si
1002 755 1062 794 se
1095 740 1146 794 in
1191 738 1384 795 melius
1415 752 1519 791 non
1550 733 2020 790 commutaverint.
2058 732 2164 788 llo-

576 836 755 892 mines
786 847 912 902 ergo
937 832 1108 887 bonos
1133 832 1362 895 imitare,
1392 831 1561 884 malos
1595 828 1779 890 tolera,
1805 841 1993 882 omnes
2021 840 2161 895 ama,

580 927 701 997 quia
736 939 841 978 non
871 925 977 978 scis
1010 923 1134 992 quid
1165 938 1284 978 cras
1314 922 1525 976 iuturus
1553 921 1644 986 sit,
1676 921 1766 991 qui
1804 918 1964 973 hodie
1992 919 2165 973 malus

575 1027 658 1074 est
689 1015 820 1087 [sit].
851 1015 960 1070 Nec
984 1031 1168 1071 eorum
1197 1029 1346 1070 ames
1379 1013 1715 1083 injustitiam,
1747 1013 1840 1068 sed
1870 1013 2014 1080 ipsos
2041 1012 2163 1067 ideo

571 1126 742 1176 antes,
793 1118 849 1164 ut
914 1109 1321 1180 apprehendant
1361 1107 1642 1176 justitiam,
1677 1106 1795 1174 quia
1838 1120 1943 1160 non
1991 1105 2160 1160 solum

569 1202 729 1260 nobis
759 1202 977 1257 dilectio
1025 1202 1121 1256 Dei
1171 1209 1434 1271 praecepta
1479 1209 1580 1264 est,
1615 1201 1709 1256 sed
1738 1200 1898 1256 etiam
1946 1199 2161 1254 dilectio

570 1296 826 1367 proximi,
855 1296 908 1349 in
933 1295 1126 1364 quibus
1149 1294 1360 1349 duobus
1384 1293 1688 1363 praeceptis,
1721 1302 1828 1347 tota
1859 1292 1943 1347 lex
1969 1291 2161 1361 pendet

570 1399 625 1445 et
651 1389 949 1458 pr0phetze.
977 1389 1147 1456 Quam
1179 1404 1284 1443 non
1308 1387 1515 1456 implet,
1543 1387 1642 1441 nisi
1665 1387 1753 1456 qui
1782 1387 1978 1440 donum
2006 1399 2161 1440 acce-

577 1480 718 1551 perit
751 1480 1010 1549 Spiritum
1043 1488 1310 1545 sanctum,
1347 1479 1489 1533 Patri
1521 1489 1575 1534 et
1605 1479 1741 1533 Filio
1773 1479 1953 1548 utique
1981 1493 2159 1548 mqua-

570 1573 700 1643 lem,
730 1573 853 1644 quia
887 1574 998 1642 ipsa
1030 1573 1263 1626 Trinitas
1307 1573 1448 1626 Deus
1489 1579 1589 1626 est.
1636 1572 1692 1626 ln
1733 1586 1839 1642 quo
1882 1571 1991 1626 Deo
2035 1585 2158 1640 spes

568 1670 745 1724 omnis
777 1669 1022 1738 ponenda
1054 1679 1167 1733 est;
1201 1683 1323 1722 nam
1354 1670 1404 1722 in
1431 1669 1649 1724 homine
1674 1685 1780 1724 non
1802 1677 1885 1724 est
1915 1669 2156 1739 ponenda

565 1761 955 1831 qualiscunque
995 1762 1086 1816 ille
1117 1763 1294 1816 fuerit.
1339 1761 1501 1816 Aliud
1543 1771 1624 1817 est
1660 1763 1802 1817 enim
1845 1762 1937 1817 ille
1980 1776 2010 1815 a
2051 1775 2156 1831 quo

2272 534 2467 590 fratres
2496 547 2601 586 non
2626 531 2946 587 manducare
2972 542 3212 594 carnem,
3235 542 3411 599 neque
3439 527 3628 584 bibere
3651 531 3823 599 vinum,

2268 637 2324 684 et
2355 626 2614 682 nonnulla
2646 626 2864 690 similia,
2905 632 3202 678 creaturam
3231 620 3349 688 Dei,
3401 631 3454 678 et
3501 638 3638 691 quas
3674 627 3824 681 volue-

2269 734 2393 778 runt
2423 736 2576 778 escas
2619 718 2920 775 immundas
2965 732 3086 772 esse
3130 725 3437 772 senserunt.
3466 716 3699 783 Quidam
3725 734 3822 775 vero

2268 815 2530 886 legentes,
2565 814 2751 868 Omnis
2771 797 3014 868 creatura
3045 809 3140 864 Dei
3169 810 3307 864 bona
3339 818 3444 876 est,
3477 818 3541 866 et
3569 811 3694 864 nihil
3722 813 3822 882 abji-

2267 906 2514 962 ciendum
2545 907 2684 978 quod
2726 922 2848 962 cum
2898 905 3188 978 gratiarum
3233 905 3445 960 actione
3493 904 3759 974 accipitur,
3784 907 3818 960 in

2267 998 2619 1054 voracitatem
2649 998 3105 1066 viuolentiamque
3149 996 3372 1067 collapsi
3420 1004 3580 1065 sunt,
3629 1012 3724 1051 non
3745 999 3817 1053 sibi

2269 1091 2515 1145 valentes
2544 1089 2758 1145 auferre
2785 1090 2936 1156 vitia,
2962 1088 3065 1143 nisi
3088 1087 3167 1143 eis
3185 1102 3216 1144 e
3246 1088 3554 1152 contrario,
3585 1088 3663 1142 vel
3691 1095 3834 1150 tanta,‘

2264 1181 2349 1235 vel
2403 1181 2604 1251 majora
2657 1181 3030 1236 succederent.
3064 1179 3154 1235 Sic
3205 1181 3365 1234 etiam
3415 1179 3466 1232 in
3535 1179 3634 1234 hac
3675 1193 3813 1243 causa,

2265 1288 2382 1344 quae
2407 1273 2632 1328 habetur
2663 1273 2717 1344 in
2748 1271 3015 1338 manibus,
3041 1270 3258 1340 quidam
3288 1270 3573 1324 intuentes
3601 1281 3814 1340 praecepta

2263 1343 2582 1428 severitatis,
2615 1343 2808 1433 quibus
2853 1361 3208 1416 admonemur
3245 1359 3537 1425 corripere
3582 1361 3809 1430 inquietos,

2263 1469 2370 1510 non
2413 1455 2540 1509 dare
2569 1465 2816 1508 sanctum
2860 1452 3102 1515 canibus,
3137 1458 3193 1504 ut
3221 1450 3503 1504 ethnicum
3544 1450 3720 1503 habere
3741 1449 3813 1503 Ec—

2261 1548 2444 1602 clesiae
2497 1554 2966 1616 contemptorem,
3017 1558 3046 1597 a
3096 1556 3359 1612 compage
3424 1543 3669 1608 corporis
3707 1539 3810 1608 quod

2262 1639 2588 1694 scandalizat
2643 1637 2968 1712 [membrum
3015 1636 3156 1706 quod
3197 1631 3562 1704 scandalizat]
3590 1634 3808 1696 evellere;

2264 1733 2341 1788 ita
2396 1733 2710 1802 perturbant
2758 1730 3011 1785 Ecclesiae
3059 1743 3269 1798 pacem,
3315 1735 3375 1781 ut
3421 1737 3682 1782 conentur
3721 1736 3810 1781 ante

564 1851 958 1924 justiﬁeamur,
1021 1833 1172 1907 aliud
1229 1853 1302 1906 illi
1357 1867 1477 1908 cum
1529 1854 1725 1921 quibus
1779 1852 2158 1922 justiﬁcamur.
2193 1833 2778 1924 Βξθφνυῆδθνθξίξτίῗ
2822 1836 3047 1924 ξ¹⁸³¹Ῐ¹³τ
3094 1828 3253 1889 Μίνω
3303 1820 3408 1924 ¹¹9⁰
3453 1834 3635 1924 error?
3669 1829 3808 1924 “cf”

566 1947 682 2002 Non
739 1955 916 2000 autem
974 1945 1144 2000 solum
1207 1961 1301 2014 per
1358 1946 1677 2016 cupiditates
1733 1945 1980 2000 diabolus
2033 1953 2153 1998 ten-

565 2049 669 2108 tat,
704 2040 798 2095 sed
849 2040 1008 2094 etiam
1061 2054 1156 2108 per
1207 2049 1441 2095 terrores
1490 2039 1894 2094 insultationum
1949 2049 2003 2094 et
2058 2039 2158 2093 do-

565 2131 783 2196 lorum,
828 2141 882 2188 et
931 2133 1100 2202 ipsius
1155 2134 1364 2188 mortis.
1434 2133 1704 2203 Quidquid
1758 2142 1940 2188 autem
1997 2132 2156 2187 homo

566 2237 760 2295 passus
794 2223 951 2280 luerit
999 2239 1097 2294 pro
1151 2225 1369 2280 nomine
1411 2222 1610 2280 Christi
1652 2232 1707 2280 et
1755 2239 1851 2295 pro
1898 2239 1995 2294 spe
2035 2225 2157 2279 vitae

565 2324 805 2381 aeternae,
849 2327 903 2372 et
940 2332 1263 2388 permanens
1304 2318 1631 2386 toleraverit,
1665 2320 1837 2390 major
1872 2319 1921 2374 ei
1954 2333 2158 2374 merces

564 2409 870 2466 donabitur.
905 2411 1040 2479 Quia
1068 2413 1113 2468 si
1142 2413 1364 2468 cesserit
1395 2413 1630 2484 diabolo,
1653 2429 1775 2470 cum
1818 2415 1906 2470 illo
1933 2418 2157 2470 damna-

565 2504 736 2573 bitur,
780 2505 877 2560 sed
925 2522 1088 2576 opera
1135 2507 1520 2563 misericordia:
1561 2524 1681 2563 cum
1733 2509 1816 2578 pia
1859 2509 2158 2563 humilitate

564 2595 861 2666 impetrant
901 2613 932 2652 a
977 2599 1225 2666 Domino,
1260 2608 1318 2654 ut
1356 2615 1462 2654 non
1495 2601 1769 2670 permittat
1811 2616 1995 2657 servos
2033 2614 2159 2654 suos

564 2691 760 2744 tentari
793 2689 928 2742 ultra
958 2705 1116 2761 quam
1149 2702 1374 2760 possunt
1401 2693 1690 2748 sustinere.

1155 2823 1384 2882 CAPUT
1422 2825 1576 2882 CC".

565 2937 720 3003 Quod
761 2955 861 2992 non
908 2942 973 2994 sit
1002 2944 1289 2996 contrarius
1319 2943 1594 3010 Apostolus
1633 2944 1806 2997 dicens
1832 2958 1852 2998 :
1883 2942 2157 2999 Percnntes

638 3026 811 3082 coram
841 3013 1076 3065 omnibus
1099 3030 1278 3081 argue,
1315 3013 1541 3067 Domino
1564 3016 1796 3068 dicente:
1815 3015 2025 3082 Corripe
2045 3033 2161 3069 eum

640 3081 773 3134 inter
798 3090 844 3135 te
865 3091 910 3134 et
934 3085 1102 3153 ipsum
1125 3085 1328 3148 solum;
1353 3101 1415 3137 ea:
1443 3085 1570 3138 libro
1593 3085 1657 3138 de
1677 3083 1813 3139 Fide
1833 3096 1881 3139 et
1904 3087 2156 3155 aperibus.

637 3192 896 3248 Prohibet
921 3195 1180 3249 Dominus
1205 3205 1451 3250 sanctum
1478 3198 1592 3252 dari
1621 3197 1877 3261 canibus;
1903 3213 2001 3253 nec
2026 3214 2158 3253 con-

564 3285 767 3340 trarius
795 3293 879 3339 est
904 3285 1197 3352 Apostolus
1231 3285 1477 3353 Domino,
1511 3289 1634 3357 quia
1660 3288 1788 3343 dicit
1820 3306 1832 3343 :
1865 3289 2154 3346 Peccantes

563 3393 746 3434 coram
777 3379 1026 3435 omnibus
1067 3395 1253 3451 argue,
1287 3389 1344 3436 ut
1378 3381 1556 3436 caeteri
1607 3381 1848 3437 timorem
1893 3383 2152 3447 habeant;

563 3483 683 3525 cum
736 3471 829 3526 ille
869 3472 1015 3528 dicat
1067 3491 1079 3525 :
1130 3472 1352 3543 Corripe
1396 3489 1517 3529 eum
1566 3475 1707 3530 inter
1755 3485 1807 3531 te
1857 3484 1910 3531 et
1959 3476 2153 3545 ipsum.

564 3565 867 3636 Utrumque
896 3568 1039 3622 cnim
1070 3564 1372 3624 faciendum
1403 3579 1505 3636 est,
1540 3569 1678 3624 sicut
1708 3569 1804 3642 [et]
1834 3570 2158 3625 inﬁrmitatis

564 3657 849 3713 diversitas
873 3660 1145 3725 admonet,
1180 3677 1368 3717 eorum
1408 3677 1544 3730 quos
1577 3663 1759 3732 utique
1794 3679 1898 3716 non
1931 3662 2160 3732 perden-

566 3749 686 3815 dos,
742 3750 837 3803 sed
895 3753 1245 3820 corrigendos
1292 3754 1666 3822 curandosque
1715 3756 2055 3824 suscipimus,
2107 3765 2161 3811 et

569 3841 708 3895 alius
731 3842 829 3905 sic,
859 3842 997 3896 alius
1023 3853 1200 3897 autem
1233 3845 1311 3898 sic
1349 3846 1622 3900 sanandus
1646 3856 1748 3901 est.
1783 3849 1855 3901 Ita
1886 3847 2046 3902 etiam
2079 3857 2162 3904 est

571 3932 710 3989 ratio
742 3933 1113 3988 dissimulandi
1144 3944 1198 3990 et
1230 3935 1494 3990 tolerandi
1525 3939 1694 3991 malos
1734 3938 1786 3991 in
1819 3938 2077 4004 Ecclesia,
2107 3951 2162 3994 et

561 4034 648 4081 est
681 4039 872 4079 rursus
917 4027 1057 4081 ratio
1087 4026 1403 4097 castigandi,
1448 4028 1798 4098 corripiendi,
1832 4046 1937 4083 non
1969 4029 2160 4085 admit-

564 4116 710 4171 tendi
757 4117 839 4171 vel
880 4132 910 4171 a
940 4119 1319 4173 communione
1359 4120 1694 4174 removendi.
1740 4121 1938 4174 Errant
1981 4131 2160 4176 autem

564 4203 815 4262 homines
866 4223 974 4262 non
1029 4217 1312 4264 servantes
1342 4210 1581 4277 modum,
1633 4219 1690 4266 et
1733 4226 1852 4265 cum
1895 4213 1946 4265 in
1997 4227 2157 4267 unam

564 4307 774 4370 partem
815 4299 1124 4367 procliviter
1161 4300 1242 4355 ire
1280 4301 1565 4367 coeperint,
1599 4316 1705 4356 non
1736 4302 2036 4372 respiciunt
2073 4303 2159 4357 di-

566 4388 707 4441 vina:
752 4391 1089 4445 auctoritatis
1134 4391 1239 4445 alia
1273 4393 1599 4457 testimonia,
1631 4394 1825 4462 quibus
1857 4395 2064 4463 possint
2091 4394 2158 4448 ab

567 4477 659 4534 illa
707 4479 1006 4537 intentione
1046 4485 1311 4547 revocari,
1346 4492 1400 4538 et
1447 4485 1500 4538 in
1544 4499 1606 4538 ea
1657 4500 1776 4554 quae
1823 4500 1888 4539 ex
1918 4486 2159 4556 utrisque

569 4579 866 4639 temperata
913 4585 996 4630 est
1040 4577 1267 4632 veritate
1312 4592 1375 4631 ac
1416 4577 1782 4632 moderatione
1826 4578 2154 4645 consistere;

569 4679 670 4720 nec
698 4665 753 4719 in
785 4665 883 4720 hac
920 4682 979 4722 re
1008 4677 1235 4736 tantum,
1266 4670 1334 4725 de
1378 4685 1480 4740 qua
1507 4686 1648 4725 nunc
1677 4673 1902 4740 quaeStio
1931 4682 2033 4736 est,
2059 4671 2154 4726 sed

570 4755 735 4812 etiam
768 4757 818 4811 in
849 4757 966 4814 aliis
993 4762 1196 4816 multis.
1229 4763 1361 4817 Nam
1397 4762 1612 4833 quidam
1655 4764 1922 4818 intuentes
1953 4764 2159 4818 divina-

567 4858 686 4903 rum
729 4848 1035 4904 testimonia
1086 4853 1408 4919 litterarum,
1454 4854 1650 4923 quibus
1699 4869 1837 4908 unus
1867 4853 2008 4908 Deus
2063 4869 2157 4908 co-

567 4939 760 4995 lendus
810 4942 1130 5009 insinuatur,
1176 4947 1423 5000 eumdem
1469 4947 1676 5002 Patrem
1727 4947 1817 5017 qui
1867 4957 1950 5002 est
1994 4945 2160 5004 Filius

569 5044 924 5105 sanctumque
980 5035 1238 5103 Spiritum
1290 5049 1635 5107 putaverunt.
1681 5041 1786 5094 Alii
1823 5057 2027 5105 rursus,
2067 5057 2160 5096 ve-

571 5125 672 5181 luti
705 5133 892 5184 morbo
922 5132 1196 5185 contrario
1226 5132 1553 5200 laborantes,
1583 5149 1702 5188 cum
1728 5135 2068 5191 attenderent
2091 5149 2154 5190 ea

571 5219 766 5288 quibus
806 5221 1040 5277 Trinitas
1067 5222 1387 5287 declaratur,
1422 5240 1522 5280 nec
1564 5227 1806 5282 valerent
1854 5229 2156 5304 intelligere

572 5312 843 5379 quomodo
870 5313 1064 5370 dicitur
1087 5314 1199 5387 [sit]
1238 5331 1374 5370 unus
1418 5317 1580 5385 Deus,
1611 5333 1732 5372 cum
1774 5319 2016 5375 et'Pater
2046 5334 2154 5376 non

577 5401 647 5456 sit
672 5402 857 5470 Filius,
889 5420 987 5460 nec
1013 5406 1179 5463 Filius
1207 5408 1277 5463 sit
1310 5409 1484 5474 Pater,
1519 5425 1620 5465 nec
1649 5410 1878 5480 Spiritus
1908 5422 2150 5480 sanctus,

567 5503 658 5548 aut
690 5493 880 5561 Filius,
912 5505 1004 5552 aut
1029 5498 1206 5565 Pater,
1251 5500 1591 5556 diversitates
1629 5503 1789 5556 etiam
1826 5504 2150 5560 substantia-

567 5600 685 5641 rum
711 5590 1026 5645 asserendas
1048 5602 1322 5661 putarunt.
1346 5595 1573 5662 Quidam
1598 5595 1864 5652 intuentes
1893 5600 1945 5654 in
1968 5599 2149 5669 Scrip-

569 5680 705 5734 turis
749 5693 949 5738 sanctae
979 5686 1298 5755 virginitatis
1340 5689 1578 5756 laudem,
1618 5692 1882 5746 connubia
1924 5694 2150 5749 damna-

570 5785 719 5826 vere.
770 5775 993 5841 Quidam
1051 5795 1236 5835 rursus
1302 5797 1364 5838 ea
1415 5784 1719 5862 testimonia
1778 5796 2151 5843 consectantes

567 5866 764 5941 quibus
813 5880 955 5928 casta
1015 5873 1259 5945 coniugia
1328 5877 1731 5947 praedicantur,
1786 5881 2148 5953 virginitatem

2261 1916 2364 1986 ipsi
2393 1916 2571 1986 potius
2598 1931 2627 1970 a
2653 1913 2853 1969 Christi
2884 1914 3087 1968 unitate
3110 1921 3450 1982 separentur,
3479 1912 3647 1982 qualis
3684 1911 3802 1966 nobis

2261 2023 2420 2065 causa
2452 2021 2534 2065 est
2555 2009 2812 2064 adversus
2843 2008 3075 2063 schisma
3109 2006 3321 2060 Donati.
3357 2006 3423 2060 Et
3463 2007 3562 2061 hoc
3586 2021 3681 2060 non
3712 2020 3806 2059 cum

2261 2103 2390 2170 illis,
2425 2104 2515 2172 qui
2548 2110 2811 2157 noverant
2837 2099 3177 2156 Caecilianum
3209 2115 3315 2155 non
3342 2102 3502 2165 veris,
3527 2100 3615 2156 sed
3640 2100 3808 2153 calum-

2266 2196 2442 2250 niosis
2473 2194 2790 2249 criminibus
2820 2194 3137 2263 appetitum,
3167 2203 3220 2247 et
3251 2191 3590 2262 perniciosam
3619 2200 3810 2246 senten-

2263 2286 2391 2340 tiam
2419 2300 2570 2339 suam
2601 2285 2879 2340 mortifero
2907 2283 3132 2353 pudore“
3152 2297 3261 2337 non
3286 2282 3550 2345 deserunt;
3575 2280 3662 2335 sed
3694 2295 3805 2334 cum

2263 2377 2372 2432 illis
2413 2378 2605 2448 quibus
2630 2377 2858 2430 dicimus
2887 2391 2902 2429 :
2931 2375 3106 2429 Etiam
3136 2374 3181 2429 si
3212 2373 3333 2427 mali
3358 2373 3585 2435 inissent,
3607 2378 3808 2441 prepter

2263 2472 2398 2540 q'uos
2440 2469 2490 2523 in
2526 2468 2766 2523 Ecclesia
2794 2482 2900 2522 non
2942 2467 3097 2534 estis,
3129 2480 3227 2520 vos
3265 2475 3440 2520 tamen
3480 2478 3569 2519 eos
3593 2461 3804 2527 terendo,

2264 2573 2398 2628 quos
2443 2559 2734 2614 emendare
2778 2569 2868 2612 aut
2910 2571 3198 2627 segregare
3239 2557 3460 2611 minime
3490 2556 3737 2625 poteratis,
3764 2556 3800 2607 in

2265 2650 2508 2705 Ecclesia
2558 2664 2873 2720 permanere
2915 2649 3192 2705 debuistis.
3234 2649 3465 2714 Quidam
3495 2663 3613 2703 vero
3653 2662 3795 2702 econo

2267 2743 2431 2797 trario
2458 2743 2846 2811 periclitantes,
2871 2758 2994 2796 cum
3020 2743 3279 2797 bonorum
3309 2743 3662 2812 malorumque
3680 2756 3785 2795 com-

2265 2834 2580 2890 mixtionem
2612 2837 2663 2889 in
2697 2835 2938 2890 Ecclesia
2970 2834 3394 2890 demonstratam
3426 2836 3517 2890 vel
3547 2835 3774 2906 prrdictam

2267 2937 2389 2979 esse
2428 2924 2823 2993 perspexerint,
2871 2935 2925 2979 et
2968 2924 3238 2994 patientia:
3268 2937 3544 2995 praecepta
3577 2924 3776 2978 didicerint

2268 3015 2410 3089 (quae
2429 3018 2500 3071 ita
2520 3032 2617 3072 nos
2642 3017 2979 3072 ﬁrmissimos
2995 3017 3242 3083 reddunt,
3270 3027 3328 3072 ut
3349 3019 3519 3074 etiam
3541 3018 3579 3073 si
3598 3017 3782 3071 videatur

2267 3109 2321 3164 in
2358 3109 2599 3165 Ecclesia
2645 3124 2766 3165 esse
2796 3110 3030 3176 zizania,
3065 3124 3170 3165 non
3203 3119 3387 3166 tamen
3422 3110 3708 3181 impediatur
3729 3119 3793 3160 aut

2273 3201 2428 3268 ﬁdes,
2461 3212 2549 3257 aut
2581 3202 2816 3258 charitas
2845 3212 3049 3269 nostra,
3079 3213 3138 3258 ut
3166 3204 3422 3275 quoniam
3453 3203 3641 3258 zizania
3665 3203 3705 3256 in
3725 3201 3796 3255 Ec-

2260 3295 2422 3351 clesia
2453 3311 2574 3351 esse
2604 3297 2895 3363 cernimus,
2941 3297 3043 3366 ipsi
3085 3297 3151 3353 de
3201 3297 3449 3353 Ecclesia
3495 3297 3796 3363 recedamus),

2257 3390 2648 3446 destituendum
2708 3399 2896 3461 putant
2960 3392 3213 3448 Ecclesia:
3264 3391 3622 3461 disciplinam,
3652 3405 3795 3460 quam-

2259 3480 2382 3536 dam
2412 3481 2875 3550 perversissimam
2905 3483 3250 3538 securitatem
3284 3484 3586 3553 praepositis
3615 3484 3800 3537 tribuen-

2260 3582 2364 3639 tes,
2394 3581 2451 3626 ut
2488 3572 2555 3627 ad
2611 3587 2704 3627 eos
2751 3588 2860 3628 non
2908 3575 3179 3643 pertineat
3217 3573 3322 3628 nisi
3373 3575 3551 3629 dicere
3579 3573 3692 3643 quid
3736 3586 3801 3626 cae

2260 3665 2493 3720 vendum
2523 3665 2723 3735 quidve
2747 3666 3045 3721 iaciendum
3070 3667 3162 3730 sit,
3196 3665 3474 3738 quodlibet
3500 3678 3665 3720 autem
3692 3667 3808 3734 quis.

2261 3771 2366 3827 que
2397 3755 2558 3811 faciat
2585 3771 2692 3812 non
2723 3771 2935 3812 curare.
2960 3756 3068 3812 Nos
3095 3771 3224 3812 vero
3253 3757 3322 3812 ad
3348 3772 3517 3811 sanam
3539 3755 3809 3809 doctrinam

2263 3851 2532 3920 pertinere
2561 3851 2907 3917 arbitramur,
2940 3867 3006 3907 ex
3048 3852 3293 3922 utrisque
3341 3850 3627 3904 testimoniis
3655 3848 3806 3901 vitam

2265 3941 2694 4008 sententiamque
2748 3942 3039 4008 moderari,
3095 3950 3154 3995 ut
3197 3951 3256 3997 et
3295 3955 3441 3996 canes
3482 3940 3536 3994 in
3583 3937 3815 3993 Ecclesia

2263 4041 2491 4102 propter
2519 4047 2704 4102 pacem
2737 4032 2995 4088 Ecclesia:
3026 4034 3346 4099 toleremus,
3384 4043 3436 4087 et
3461 4031 3674 4087 canibus
3713 4046 3817 4084 san-

2263 4132 2430 4188 ctum,
2463 4124 2551 4178 ubi
2595 4131 2680 4179 est
2729 4139 2827 4194 pax
2877 4124 3132 4180 Ecclesiae
3162 4135 3296 4189 tuta,
3331 4139 3434 4178 non
3463 4124 3666 4179 demus.
3709 4120 3814 4174 Cum

2263 4229 2390 4283 ergo
2425 4214 2540 4270 sive
2587 4229 2682 4284 per
2713 4215 3099 4286 negligentiam
3132 4216 3571 4285 praepositorum,
3603 4215 3709 4269 sive
3744 4228 3818 4281 per

2263 4305 2493 4374 aliquam
2525 4304 2886 4360 excusabilem
2918 4307 3318 4372 necessitatem,
3355 4307 3471 4361 sive
3496 4321 3595 4377 per
3617 4307 3816 4360 occultas

2263 4397 2604 4466 obreptiones
2637 4398 2940 4452 invenimus
2969 4399 3021 4452 in
3074 4398 3311 4454 Ecclesia
3345 4401 3550 4464 malos,
3582 4414 3704 4470 quos
3737 4396 3814 4450 Εςο

2263 4491 2563 4547 clesiastica
2588 4491 2868 4561 disciplina
2899 4493 3170 4563 corrigere
3195 4499 3288 4546 aut
3314 4505 3583 4548 coercere
3610 4507 3698 4547 non
3720 4504 3815 4557 pos-

2264 4596 2450 4636 sumus
2488 4599 2499 4633 :
2536 4590 2661 4635 tunc
2700 4596 2769 4637 ne
2808 4581 3066 4636 ascendat
3109 4582 3163 4636 in
3192 4596 3288 4636 cor
3316 4591 3577 4637 nostrum
3624 4581 3750 4650 impia
3771 4585 3816 4631 et

2265 4674 2563 4745 perniciosa
2601 4675 2967 4744 praesumptio,
2993 4689 3093 4745 qua
3131 4675 3513 4731 existimemus
3553 4691 3650 4733 nos
3681 4676 3736 4729 ab
3758 4671 3821 4726 bis

2262 4781 2386 4822 esse
2414 4751 2740 4834 separandos
2769 4776 2821 4821 ut
2857 4767 3094 4836 peccatis
3125 4781 3311 4822 eorum
3340 4782 3452 4822 non
3502 4769 3823 4839 inquinentur,

2264 4869 2425 4931 atque
2457 4860 2527 4914 ita
2558 4868 2679 4930 post
2709 4875 2806 4914 nos
2833 4861 3049 4915 trahere
3095 4875 3375 4927 conemur,
3425 4863 3613 4918 veluti
3642 4859 3827 4916 mundos

2263 4962 2586 5023 sanctosque
2628 4953 2940 5023 discipulos,
2975 4954 3043 5008 ab
3073 4954 3295 5010 unitatis
3320 4969 3626 5027 compage,
3655 4955 3784 5027 quasi
3809 4967 3830 5005 ι

2264 5048 2528 5104 maiorum
2558 5050 2831 5104 consortio
2872 5058 3180 5119 segregatos
3214 5067 3227 5103 :
3259 5049 3488 5105 veniant
3540 5053 3598 5107 in
3642 5061 3832 5106 mentem

2262 5139 2367 5196 illa:
2408 5141 2477 5196 de
2516 5140 2810 5212 Scripturis
2849 5142 3233 5198 similitudines
3280 5153 3336 5198 et
3383 5144 3586 5200 divina
3638 5143 3834 5207 oracula,

2260 5235 2344 5290 vel
2362 5236 2661 5292 certissima
2684 5237 2954 5306 exempla,
2980 5238 3176 5308 quibus
3195 5238 3645 5297 demonstratum
3665 5253 3713 5296 et
3737 5255 3839 5309 prae-

2259 5327 2562 5380 nuntiatum
2608 5333 2720 5391 est,
2756 5326 2929 5381 malos
2971 5328 3024 5381 in
3059 5327 3300 5383 Ecclesia
3339 5333 3663 5399 permixtos
3696 5331 3839 5391 bonis,

2260 5431 2431 5487 usque
2460 5417 2526 5472 ad
2557 5415 2654 5488 [in]
2700 5417 2861 5472 linem
2892 5419 3100 5485 steculi,
3137 5429 3462 5491 tempusque
3493 5423 3696 5492 iudicii
3738 5425 3846 5476 [ωηο

2258 5524 2372 5575 ros,
2403 5518 2458 5564 et
2503 5509 2637 5564 nihil
2679 5509 2833 5564 bonis
2875 5511 3079 5576 unitate
3131 5526 3195 5566 ac
3225 5511 3664 5582 participatione
3699 5526 3846 5569 διεῖδε

2261 5611 2586 5667 mentorum,
2619 5602 2708 5672 qui
2751 5617 2938 5658 eorum
2985 5603 3141 5658 factis
3187 5619 3294 5659 non
3322 5610 3744 5671 consenserint,
3774 5607 3849 5658 ob-

2261 5692 2485 5748 futuros.
2538 5691 2670 5748 Cum
2718 5709 2854 5749 vero
2894 5694 2973 5750 eis
3027 5710 3122 5764 per
3169 5711 3302 5766 quos
3354 5697 3621 5756 Ecclesia
3674 5701 3850 5772 regitur

2263 5785 2433 5854 adest,
2469 5799 2598 5855 pace
2637 5787 2802 5851 salva,
2835 5797 3073 5857 potestas
3110 5789 3405 5859 disciplinae
3435 5793 3728 5850 adversus
3771 5795 3855 5847 im-

2261 5879 2460 5951 probos
2485 5887 2578 5937 aut
2617 5877 2853 5936 nefarios
2889 5881 3222 5949 exercendae,
3262 5887 3391 5940 tunc
3433 5899 3654 5944 rursus
3695 5901 3763 5945 ne
3786 5897 3859 5942 so-
