3986 6382
204 331 287 389 ωε

1340 316 1786 378 THESAURUS.
1825 315 1977 376 CAP.
2018 314 2197 376 CCIV.

3313 306 3417 368 866

202 448 347 506 cordia
363 446 693 519 .segnitiaquc
721 443 822 517 12
849 441 1195 509 dormiamus,
1228 439 1346 494 aliis
1373 438 1572 494 aculeis
1595 451 1733 506 prte-
1759 441 1812 496 Α
1836 433 2157 504 significant,
2185 441 2242 486 ut
2279 429 2512 485 dormiat
2553 429 2811 486 Ecclesiae
2857 427 3157 502 disciplina,
3191 426 3260 483 de
3313 441 3418 498 qua

202 551 427 614 ceptorum
449 555 569 611 qua:
596 539 660 594 ad
689 537 1031 593 severitatem
1064 531 1411 589 coercitionis
1433 530 1725 598 pertinent,

199 633 417 692 excitandi
439 647 646 697 sumus,
669 640 729 686 ut
750 644 968 701 gressus
996 634 1206 682 nostros
1234 625 1286 678 in
1316 625 1396 678 via
1426 620 1638 676 Domini
1661 635 1728 673 ex

198 729 392 797 utrisque
419 724 757 788 testimoniis,
803 723 896 777 illo
938 723 1075 776 duce
1123 728 1284 789 atque
1330 717 1574 786 adjutore
1605 714 1734 769 diri-

197 830 366 893 gentes,
391 835 486 875 nec
513 818 782 889 patientiae
825 815 1042 871 nomine
1081 825 1466 884 torpescamus,
1500 823 1599 864 nec
1641 807 1735 863 ob-

198 921 324 971 tentu
340 911 610 982 diligentiae
632 910 933 966 szeviamns.

718 1037 946 1096 CAPUT
985 1036 1164 1093 CCIII.

198 1160 301 1218 Non
323 1160 564 1232 faciendos
594 1158 834 1232 homines
861 1154 993 1232 male
1026 1168 1252 1232 securos,
1296 1159 1352 1203 ut
1400 1155 1604 1232 propter
1646 1161 1733 1199 re-

256 1225 366 1288 cta'm
394 1232 563 1301 ﬁdem,
592 1229 791 1284 etiamsi
820 1231 871 1301 in
901 1225 1195 1301 ctjptinibus
1217 1225 1602 1301 permanserint,
1635 1231 1738 1270 non

254 1293 562 1368 damnentur;
587 1317 650 1356 ex
676 1300 806 1355 libro
835 1299 898 1353 de
924 1295 1059 1350 Fide
1087 1304 1134 1349 et
1161 1293 1415 1363 operibus.

258 1437 530 1494 Caveamus
553 1451 679 1506 ergo
709 1433 987 1504 diligenter
1021 1431 1072 1485 in
1105 1428 1370 1498 adjutorio
1397 1424 1608 1482 Domini
1638 1421 1735 1478 Dei

191 1531 356 1596 nostri,
386 1545 484 1585 non
514 1528 692 1584 facere
736 1527 980 1582 homines
1025 1525 1164 1580 male
1210 1535 1452 1585 securos,
1499 1518 1741 1573 dicentes

187 1627 274 1692 eis,
297 1624 422 1697 quod
461 1626 504 1678 si
539 1622 738 1678 fuerint
774 1619 826 1675 in
868 1619 1085 1675 Christo
1131 1615 1406 1686 baptizati,
1439 1609 1739 1683 quomodo-

186 1716 298 1772 libet
325 1717 370 1770 in
396 1729 455 1770 ea
476 1713 576 1768 fide
599 1712 854 1776 vixerint,
878 1725 971 1765 eos
994 1709 1061 1762 ad
1083 1707 1314 1762 salutem
1338 1714 1594 1759 :eternam
1620 1713 1742 1756 esse

186 1817 432 1864 venturos.
460 1806 537 1861 Ne
572 1805 651 1860 sic
683 1804 938 1858 faciamus
968 1799 1303 1856 Christianos
1345 1795 1613 1867 quomodo
1649 1793 1742 1849 Ju-

183 1903 276 1957 daei
294 1900 597 1971 proselytos,
626 1897 824 1968 quibus
850 1894 1107 1950 Dominus
1130 1893 1204 1946 ait
1228 1890 1351 1945 :Va:
1375 1890 1524 1944 vobis
1549 1888 1741 1943 scriba:

183 1990 484 2062 et-pharisazi
511 1990 601 2060 qui
630 1986 872 2043 circuitis
903 2000 1050 2040 mare
1078 1993 1131 2038 et
1157 1992 1352 2038 terram
1380 1981 1556 2036 facere
1575 1993 1743 2034 unum

181 2082 481 2152 proselytum
510 2097 523 2132 :
556 2095 678 2134 cum
707 2088 887 2133 autem
919 2076 1176 2141 feceritis,
1207 2074 1382 2128 facitis
1415 2088 1536 2128 eum
1577 2072 1744 2126 filium

179 2175 434 2244 gehennae,
467 2171 633 2241 duplo
663 2187 823 2242 quam
874 2184 968 2224 vos
1007 2172 1168 2233 estis;
1217 2167 1310 2222 sed
1344 2166 1520 2236 potius
1559 2179 1746 2219 sanam

178 2266 456 2322 doctrinam
481 2264 574 2319 Dei
604 2262 843 2333 magistri
875 2261 929 2316 in
955 2270 1182 2330 utroque
1208 2269 1509 2319 teneamus,
1542 2264 1600 2311 ut
1621 2270 1748 2310 sano

177 2366 260 2412 clo
291 2357 546 2426 baptismo
574 2371 810 2410 consona
862 2356 932 2409 sit
957 2358 1066 2408 vita
1110 2354 1421 2416 christiana,
1471 2366 1573 2407 nec
1612 2364 1750 2420 quo-

178 2464 327 2521 quam
351 2447 638 2520 [cuiquam]
683 2447 886 2502 homini
918 2449 963 2500 si
996 2445 1308 2500 utrumlibet
1350 2442 1601 2504 defuerit,
1645 2440 1752 2495 vita

174 2541 499 2611 promittatur
528 2547 749 2594 reterns.
784 2537 884 2604 Qui
915 2536 1059 2591 enim
1087 2534 1225 2589 dixit
1254 2551 1268 2588 :
1311 2532 1424 2588 Nisi
1452 2532 1572 2602 quis
1599 2545 1755 2586 rena-

175 2643 258 2689 tus
280 2632 437 2690 fuerit
469 2648 540 2688 ex
582 2647 718 2702 aqua
749 2639 802 2685 et
832 2630 1036 2700 Spiritu
1065 2639 1274 2695 sancto,
1313 2641 1420 2681 non
1453 2625 1674 2680 intrabit
1701 2625 1754 2680 in

174 2740 389 2796 regnum
408 2724 698 2787 caelorum;
733 2724 850 2791 ipse
879 2722 1039 2775 etiam
1064 2719 1241 2774 dixit:
1265 2718 1378 2773 Nisi
1407 2716 1758 2773 abundaverit

168 2817 368 2889 justitia
396 2825 569 2871 vestra
595 2830 756 2883 super
781 2814 1078 2868 scribarum
1111 2823 1166 2866 et
1195 2811 1605 2881 pharisaeorum,
1649 2823 1757 2863 non

170 2909 432 2965 intrabitis
459 2907 512 2962 in
542 2921 766 2976 regnum
814 2904 1114 2968 caelorum;
1145 2900 1215 2956 de
1246 2901 1351 2956 illis
1394 2901 1592 2972 quippe
1637 2899 1753 2953 ait:

168 3002 370 3058 Scriba:
382 3009 435 3056 et
456 2999 710 3069 pharisaai
730 3012 890 3068 super
903 2995 1212 3050 cathedram
1230 2994 1398 3064 Moysi
1413 2993 1625 3058 sedent,
1640 3006 1759 3062 quas

170 3094 354 3149 dicunt
378 3093 565 3156 facite;
594 3105 713 3162 quae
734 3099 913 3144 autem
939 3087 1144 3142 faciunt
1166 3086 1342 3142 facere
1364 3087 1552 3154 nolite,
1576 3086 1761 3140 dicunt

1835 525 1887 580 in
1934 525 2100 595 figura
2150 524 2300 578 illius
2334 522 2577 578 mulieris
2608 523 2807 580 dictum
2862 535 2986 591 est,
3020 523 3236 579 Severa:
3293 517 3419 575 sunt

1837 616 2278 672 conversationcs
2318 615 2434 684 ejus
2491 615 2711 680 domus;
2766 616 2860 671 sed
2909 622 2968 670 ut
2996 631 3099 670 non
3137 628 3206 671 eo
3251 627 3422 683 usque

1839 709 2212 780 progrediatur
2283 708 2615 774 dementiae,
2671 710 2847 778 potius
2914 709 3189 764 temeritas
3255 721 3418 777 quam

1837 801 2098 856 severitas
2167 801 2504 872 diligenti:e,
2587 811 2646 855 ut
2722 801 2869 871 quasi
2923 800 3093 856 bonos
3157 815 3186 854 a
3264 798 3422 852 malis

1841 909 1936 963 per
1993 892 2191 948 nefaria
2237 893 2524 947 schismata
2586 907 2842 963 separare
2892 900 3197 963 praesumat.
3233 891 3419 959 Neque

1840 987 1981 1042 enim
2010 1001 2107 1055 per
2143 984 2239 1039 has
2277 984 2655 1040 similitudines
2683 995 2738 1040 et
2765 987 3260 1055 prmnuntiationes,
3293 999 3424 1037 con-

1841 1076 2273 1142 silium,desidia:
2304 1077 2458 1132 bonis
2498 1078 2678 1133 datum
2709 1089 2812 1146 est,
2856 1095 2959 1148 qua
2982 1079 3251 1150 negligant
3283 1074 3428 1147 quod

1843 1169 2128 1240 prohibere
2154 1169 2387 1234 debent;
2420 1169 2512 1224 sed
2539 1170 2807 1239 patientiae
2839 1187 2940 1240 qua
2972 1171 3245 1240 perferant
3277 1169 3424 1224 salva

1842 1262 2088 1317 doctrina
2115 1261 2379 1325 veritatis,
2413 1261 2553 1330 quod
2581 1262 2867 1316 emendare
2913 1277 3021 1316 non
3072 1262 3276 1316 valent.
3323 1259 3432 1315 Nec

1856 1356 1986 1426 quia
2007 1355 2264 1424 scriptum
2295 1362 2398 1419 est,
2432 1353 2702 1409 introisse
2729 1354 2792 1408 ad
2838 1354 2950 1409 Noe
2984 1355 3036 1408 in
3065 1368 3241 1409 arcam
3271 1353 3435 1407 etiam

1845 1447 2116 1503 immunda
2149 1446 2420 1513 animalia,
2451 1446 2574 1501 ideo
2621 1449 2896 1516 praepositi
2940 1458 3126 1503 vetare
3181 1462 3284 1501 non
3335 1445 3434 1499 de-

1847 1539 1996 1605 bent,
2042 1541 2087 1594 si
2133 1540 2220 1608 qui
2249 1537 2662 1594 immundissimi
2691 1538 2756 1593 ad
2809 1539 3130 1608 baptismum
3173 1538 3334 1594 velint
3357 1537 3438 1591 in-

1847 1642 1992 1689 trare
2041 1632 2316 1700 saltantes,
2360 1632 2500 1702 quod
2541 1640 2623 1689 est
2649 1643 2795 1688 certe
2841 1633 3020 1687 mitius
3073 1634 3253 1703 [quam
3304 1646 3439 1688 mte-

1846 1723 2130 1796 chantes]:
2164 1725 2256 1779 sed
2291 1739 2386 1794 per
2418 1724 2556 1780 hanc
2597 1725 2820 1795 figuram
2866 1723 2943 1779 rei
2970 1734 3135 1793 gesta:
3185 1737 3438 1794 prarnun-

1853 1817 2038 1871 tiatum
2075 1826 2177 1882 est,
2230 1816 2536 1871 immundos
2567 1817 2617 1870 in
2664 1815 2903 1869 Ecclesia
2947 1815 3177 1883 futuros,
3220 1824 3440 1884 propter

1849 1910 2149 1964 tolerantia:
2166 1909 2453 1974 rationem,
2481 1922 2586 1963 non
2615 1916 2832 1977 propter
2849 1907 3109 1962 doctrina:
3135 1908 3439 1976 corruptio-

1849 2016 1992 2068 nem,
2033 2001 2120 2055 vel
2168 1996 2464 2070 disciplina:
2503 2000 2932 2056 dissolutionem.
2973 1998 3090 2054 Non
3129 1998 3273 2054 enim
3304 2013 3440 2068 qua-

1849 2109 2080 2165 cumque
2124 2094 2275 2148 libuit
2326 2094 2668 2149 intraverunt
2713 2092 2988 2147 immunda
3020 2092 3271 2145 animalia
3301 2104 3443 2144 arca

1851 2200 2108 2255 compage
2147 2185 2442 2253 confracta,
2489 2183 2584 2239 sed
2634 2199 2694 2238 ea
2728 2184 2934 2252 integra
2965 2197 3058 2252 per
3092 2197 3254 2236 unum
3286 2191 3448 2251 atque

1853 2277 1994 2332 idem
2024 2277 2244 2344 ostium,
2291 2275 2433 2346 quod
2480 2273 2676 2330 artifex
2713 2275 2932 2328 fecerat.
2977 2274 3160 2327 Altera
3217 2272 3448 2341 quaestio

1854 2375 1957 2429 est,
1999 2367 2052 2420 in
2085 2381 2187 2434 qua
2239 2365 2317 2418 eis
2355 2365 2525 2420 visum
2565 2373 2646 2419 est
2691 2363 2849 2418 fidem
2897 2362 3068 2417 solam
3111 2362 3450 2430 baptizandis

1855 2472 1975 2513 esse
2036 2455 2374 2522 tradendam,
2434 2463 2618 2525 postea
2679 2470 2807 2509 vero
2861 2455 2983 2523 jam
3017 2453 3314 2521 baptizatos
3353 2453 3452 2508 do-

1856 2548 2057 2604 cendos
2080 2561 2202 2604 esse
2225 2548 2292 2602 de
2321 2547 2581 2602 moribus.
2610 2546 2718 2601 Sed
2742 2546 2874 2599 satis
2896 2546 3320 2600 demonstratum
3345 2551 3450 2613 est,

1859 2641 1962 2697 nisi
1988 2639 2162 2707 fallor,
2190 2649 2317 2695 tunc
2347 2640 2519 2710 magis
2551 2640 2823 2710 pertinere
2851 2639 2916 2693 ad
2939 2653 3121 2693 curam
3151 2637 3454 2706 speculato-

1859 2739 1952 2804 ris,
1984 2753 2105 2794 cum
2141 2752 2328 2793 omnes
2359 2737 2444 2807 qui
2492 2736 2725 2790 fidelium
2763 2743 3085 2804 competunt
3132 2747 3448 2788 sacramen-

1862 2840 1996 2898 tum,
2019 2831 2197 2886 omnia
2225 2843 2344 2900 qua:
2374 2829 2627 2883 dicuntur
2657 2827 2912 2882 intentius
2941 2835 2995 2881 et
3034 2825 3314 2880 sollicitius
3350 2838 3450 2878 au-

1862 2922 2034 2988 diunt,
2071 2938 2178 2977 non
2212 2930 2390 2976 tacere
2429 2921 2496 2975 de
2552 2933 2712 2990 poena
2759 2934 2916 2988 qnam
2969 2918 3109 2972 male
3147 2916 3448 2972 viventibus

1865 3014 2125 3068 Dominus
2154 3012 2518 3068 comminatur
2551 3028 2563 3063 :
2598 3025 2666 3064 ne
2698 3010 2749 3064 in
2783 3008 2899 3078 ipso
2928 3008 3193 3078 baptismo
3238 3007 3314 3062 rei
3344 3007 3456 3062 sint

1863 3108 2306 3179 gravissimorum
2349 3104 2659 3169 criminum,
2692 3117 2801 3172 quo
2828 3103 3052 3156 veniunt
3083 3110 3140 3155 ut
3181 3100 3460 3155 remittan-

165 3188 310 3241 enim
342 3194 394 3241 et
422 3200 530 3240 non
569 3184 789 3240 faciunt.
822 3183 962 3252 Ergo
991 3181 1200 3252 justitia
1241 3194 1428 3235 eorum
1459 3187 1543 3235 est
1576 3179 1758 3235 dicere

203 3290 211 3292 -
379 3277 399 3292 ρ
606 3290 655 3292 η
707 3274 913 3292 μ-
947 3282 1180 3292 “cum
1372 3270 1540 3292 ---μμ
1588 3271 1723 3292 _.,-__

1866 3207 1951 3254 tur
1978 3209 2158 3255 reatus
2183 3198 2420 3254 omnium
2467 3185 2834 3266 peccatorum.
2884 3192 3068 3247 Tertia
3116 3193 3344 3261 quaestio
3378 3198 3462 3250 est

163 3290 218 3333 et
242 3293 346 3332 non
378 3277 571 3341 facere,
600 3290 661 3330 ac
694 3291 786 3344 per
814 3274 918 3328 hoc
946 3282 1185 3328 nostram
1221 3285 1342 3327 esse
1372 3270 1545 3326 voluit
1585 3271 1755 3325 abun-

163 3371 384 3424 dantem
413 3383 572 3438 super
602 3368 818 3422 illorum
856 3364 1039 3420 dicere
1065 3373 1119 3419 et
1150 3363 1362 3429 facere;
1409 3378 1529 3432 qua:
1569 3363 1616 3416 si
1650 3379 1756 3417 non

162 3462 351 3526 fuerit,
386 3475 491 3515 non
515 3458 800 3514 intrabitur
829 3457 884 3511 in
915 3472 1143 3526 regnum
1180 3457 1463 3510 caelorum.
1495 3454 1611 3509 Non
1635 3456 1758 3524 quia

159 3557 448 3625 quisquam
483 3553 554 3607 ita
584 3551 744 3606 debet
773 3548 979 3613 extolli,
1006 3558 1064 3601 ut
1111 3561 1216 3600 non
1256 3545 1431 3600 dicam
1459 3546 1599 3614 apud
1626 3545 1762 3600 alios

156 3648 388 3719 jactare,
435 3644 529 3700 sed
556 3641 696 3713 apud
726 3641 962 3712 seipsum
999 3647 1187 3710 putare
1223 3637 1437 3703 audeat,
1471 3651 1530 3691 se
1577 3637 1632 3690 in
1664 3637 1764 3692 hac

159 3741 276 3794 vita
307 3752 432 3794 esse
479 3737 597 3792 sine
637 3743 878 3806 peccato,
913 3733 1008 3789 sed
1049 3731 1152 3786 nisi
1185 3739 1369 3787 essent
1403 3729 1648 3801 qumdam
1691 3730 1765 3785 ita
1795 3730 1806 3741 '

155 3833 379 3903 gravia,
413 3841 472 3886 ut
501 3830 663 3886 etiam
693 3828 1251 3885 excommunicatione
1299 3826 1586 3896 plectenda
1636 3826 1764 3894 sint,

156 3939 277 3979 non
311 3923 518 3977 diceret
567 3922 903 3991 Apostolus:
945 3921 1296 3990 Congregatis
1343 3919 1517 3983 vobis,
1565 3927 1618 3972 et
1649 3931 1768 3972 meo

160 4013 371 4083 spiritu
402 4013 615 4067 tradere
637 4012 940 4081 hujusmodi
969 4019 1169 4066 satana:
1193 4011 1246 4064 in
1271 4010 1546 4065 interitum
1567 4010 1768 4074 carnis,

162 4114 229 4160 ut
286 4105 514 4173 Spiritus
557 4103 738 4159 salvus
789 4104 878 4169 sit,
926 4104 978 4157 in
1025 4102 1114 4156 die
1161 4101 1371 4156 Domini
1418 4100 1569 4156 Jesu.
1622 4099 1774 4155 Unde

158 4196 340 4252 etiam
369 4196 502 4250 dicit
534 4212 547 4250 :
579 4195 656 4252 Ne
685 4196 896 4265 lugeam
924 4193 1124 4249 multos
1150 4208 1214 4249 ex
1267 4193 1349 4247 his
1376 4193 1467 4263 qui
1498 4201 1621 4248 ante
1649 4206 1775 4262 pec-

152 4300 440 4346 caverunt
466 4301 519 4345 et
549 4305 653 4344 non
695 4297 919 4359 egerunt
949 4285 1321 4358 paenitentiam
1341 4299 1507 4355 super
1541 4284 1778 4339 immun-

150 4383 300 4438 ditia
337 4392 397 4439 ct
427 4383 777 4438 fornicatione
805 4395 966 4452 quam
1012 4389 1319 4449 gesserunt.
1359 4379 1490 4434 Item
1539 4378 1646 4433 nisi
1686 4393 1776 4434 es-

149 4483 296 4530 sent
321 4474 575 4545 quaedam
603 4489 708 4529 non
737 4488 801 4528 ea
826 4471 1127 4528 humilitate
1157 4470 1492 4542 poenitentia:
1514 4469 1776 4537 sananda,

150 4566 348 4636 qualis
383 4566 442 4620 in
474 4566 710 4622 Ecclesia
739 4564 896 4620 datur
925 4565 1003 4621 eis
1055 4563 1146 4634 qui
1188 4561 1406 4634 proprie
1457 4563 1779 4633 ptenitentes

148 4671 467 4726 vocantur,
485 4659 578 4715 sed
593 4657 908 4731 quibusdam
926 4657 1329 4727 correptionum
1345 4657 1776 4728 medicamentis,

143 4775 277 4815 non
322 4760 534 4816 diceret
564 4762 676 4830 ipse
707 4761 964 4817 Dominus
999 4778 1013 4815 :
1043 4759 1273 4831 Corripe
1304 4776 1428 4818 eum
1478 4762 1619 4819 inter
1647 4771 1701 4817 te
1727 4768 1783 4817 et

143 4851 382 4921 ipsum,
420 4861 476 4905 et
506 4852 552 4906 si
581 4862 629 4906 te
654 4852 903 4920 audierit,
937 4852 1179 4907 lucratus
1228 4868 1287 4908 es
1337 4853 1559 4910 fratrem
1608 4864 1782 4910 tuum.

140 4945 473 5001 Postremo
513 4945 615 5002 nisi
645 4953 826 5002 essent
866 4945 1110 5017 quaedam
1138 4945 1256 5000 sine
1293 4947 1489 5016 quibus
1531 4946 1646 5002 haec
1674 4947 1782 5002 vita

143 5053 281 5093 non
329 5037 534 5108 agitur,
567 5054 674 5094 non
699 5038 1073 5109 quotidianam
1129 5037 1394 5094 medelam
1449 5048 1671 5108 poneret
1727 5039 1783 5095 in

137 5129 436 5184 oratione
467 5145 626 5200 quam
668 5131 868 5196 docuit,
912 5139 971 5184 ut
1021 5128 1302 5187 dicamus:
1357 5129 1576 5186 Dimitte
1629 5129 1783 5187 nobis

137 5223 367 5277 debita
411 5233 620 5289 nostra,
668 5223 809 5280 sicut
843 5232 898 5279 et
927 5237 1027 5279 nos
1081 5222 1402 5278 dimittimus
1451 5222 1784 5280 debitoribus

137 5317 414 5370 nostris.
442 5315 560 5372 Jam
585 5317 738 5386 satis,
761 5325 1018 5386 quantum
1046 5315 1301 5383 arbitror,
1328 5315 1396 5372 de
1423 5315 1511 5370 illa
1535 5325 1642 5372 tota
1669 5316 1783 5387 opi-

138 5412 348 5464 nione
381 5410 529 5481 quod
571 5410 701 5465 mihi
731 5410 1003 5466 videretur
1049 5411 1295 5478 exposui,
1337 5409 1426 5464 ubi
1480 5417 1590 5464 tres
1631 5423 1783 5478 qus:-

131 5503 400 5559 stiones
443 5519 660 5561 movere
707 5502 1078 5576 [moverunt]:
1110 5517 1270 5559 unam
1316 5503 1384 5558 de
1425 5504 1782 5573 permixtione

127 5597 206 5649 in
253 5595 525 5652 Ecclesia
559 5599 823 5653 bonorum
851 5605 904 5651 et
944 5596 1210 5651 malorum
1262 5605 1511 5664 tanquam
1546 5597 1706 5651 tritici
1735 5605 1791 5654 et

129 5691 564 5758 zizaniorum;
599 5692 687 5746 ubi
716 5689 1008 5746 cavendum
1033 5699 1134 5757 est,
1164 5705 1230 5744 ne
1251 5689 1369 5744 ideo
1395 5698 1643 5758 putemus
1668 5705 1790 5747 esse

125 5786 523 5855 praepositas
552 5785 679 5839 istas
717 5783 1111 5846 similitudines,
1155 5782 1237 5838 vel
1267 5782 1425 5846 hanc,
1469 5783 1553 5838 vel
1585 5783 1650 5838 de
1684 5783 1788 5838 im-

127 5875 421 5933 mundis
442 5876 499 5933 in
524 5889 648 5932 arca
678 5875 1016 5940 animalibus,
1047 5877 1146 5962 vel
1159 5890 1491 5947 quaecunque
1511 5876 1611 5936 alia
1644 5877 1786 5936 idem

1033 6026 1130 6036 -,...,

1863 3293 2345 3365 periculosissima,
2389 3306 2490 3360 qua
2521 3305 2707 3360 parum
2735 3287 3104 3353 considerata,
3145 3295 3202 3340 et
3227 3300 3334 3340 non
3375 3299 3463 3340 se-

1861 3387 2093 3443 cundum
2128 3386 2364 3440 divinum
2409 3384 2679 3452 eloquium
2711 3388 3059 3451 pertractata,
3087 3386 3196 3432 tota
3226 3378 3313 3433 illa
3340 3377 3457 3445 opi-

1863 3477 1952 3531 nio
1982 3475 2118 3530 mihi
2145 3475 2355 3529 videtur
2381 3481 2588 3536 exorta,
2618 3474 2670 3524 in
2701 3486 2804 3539 qua
2837 3469 3162 3538 promittitur
3193 3466 3463 3523 scelestisa

1866 3571 2003 3624 sime
2043 3567 2452 3638 turpissimeque
2486 3563 2809 3629 viventibus,
2849 3562 3059 3618 etiamsi
3091 3575 3158 3616 eo
3184 3561 3346 3616 modo
3385 3559 3465 3615 vi-

1866 3678 1993 3719 vere
2033 3669 2399 3732 perseverent,
2451 3669 2506 3714 et
2550 3656 2923 3712 tantummodo
2971 3654 3194 3711 credant
3223 3655 3278 3709 in
3305 3652 3466 3709 Chri-

1869 3764 2032 3819 stum,
2056 3753 2279 3823 ejusque
2306 3760 2644 3806 sacramenta
2667 3748 2982 3819 percipiant,
3007 3762 3104 3805 eos
3130 3747 3197 3803 ad
3235 3746 3466 3802 salutem

1869 3850 2142 3918 vitamque
2184 3855 2440 3902 aeternam
2481 3860 2602 3901 esse
2632 3853 2910 3912 venturos,
2956 3852 3142 3899 contra
3188 3839 3466 3912 apertissi-

1874 3957 2014 3996 mam
2073 3938 2285 3994 Domini
2350 3937 2719 4000 sententiam,
2786 3936 2876 4004 qui
2951 3931 3278 3987 desideranti
3305 3931 3469 3986 vitam

1874 4038 2131 4086 aeternam
2175 4029 2492 4096 respondit:
2552 4026 2610 4080 Si
2667 4027 2744 4079 vis
2775 4025 2959 4078 venire
2996 4023 3062 4077 ad
3103 4024 3284 4087 vitam,
3315 4035 3471 4078 serva

1876 4119 2169 4183 mandata;
2223 4129 2276 4173 et
2328 4116 2777 4173 commemoravit
2807 4131 2927 4182 quae
2975 4114 3247 4180 mandata,
3279 4112 3369 4167 ubi
3408 4126 3473 4168 ea

1879 4209 2087 4264 scilicet
2118 4217 2361 4278 peccata,
2412 4206 2667 4272 vitantur,
2720 4206 2912 4275 quibus
2966 4204 3147 4259 nescio
3203 4203 3475 4274 quomodo

1879 4302 2023 4357 salus
2053 4309 2257 4356 aeterna
2305 4297 2652 4370 promittitur,
2707 4305 2924 4366 propter
2956 4294 3115 4350 fidem
3146 4294 3264 4349 sine
3294 4295 3474 4362 operi-

1880 4393 1981 4448 bus
2008 4400 2292 4446 mnrtuam.
2314 4391 2385 4445 De
2409 4389 2488 4444 his
2513 4389 2684 4444 tribus
2710 4386 3096 4458 quaestionibus
3125 4388 3278 4453 satis,
3305 4401 3475 4455 quan-

1883 4492 1994 4538 tum
2021 4482 2298 4549 existimo,
2329 4480 2620 4552 disputavi,
2640 4478 3116 4548 demonstravique
3133 4477 3211 4537 sic
3241 4479 3475 4534 toleran-

1883 4577 2051 4635 dosin
2067 4577 2311 4634 Ecclesia
2340 4577 2535 4642 malos,
2567 4587 2624 4630 ut
2655 4591 2761 4631 non
2793 4576 3094 4646 negligatur
3112 4575 3477 4634 ecclesiastica

1886 4670 2199 4740 disciplina;
2243 4670 2321 4725 sic
2350 4668 2765 4725 catecbizandos
2794 4683 2890 4724 eos
2927 4669 3018 4739 qui
3046 4669 3366 4737 baptismum
3385 4683 3477 4738 pe-

1887 4771 2023 4828 tunt,
2049 4773 2105 4817 ut
2134 4777 2240 4818 non
2264 4761 2439 4817 solum
2460 4761 2679 4816 audiant
2700 4769 2859 4832 atque
2889 4761 3186 4831 suscipiant
3206 4762 3333 4832 quid
3360 4773 3477 4816 cre-

1885 4855 2034 4922 dere,
2067 4870 2252 4911 verum
2290 4855 2454 4909 etiam
2499 4852 2730 4922 qualiter
2760 4855 2941 4909 vivere
2967 4854 3222 4919 debeant,
3245 4854 3325 4907 sic
3355 4865 3479 4920 pro-

1887 4948 2022 5001 mitti
2047 4947 2294 5003 Iidelibus
2316 4947 2476 5001 vitam
2495 4955 2775 5013 aeternam,
2802 4955 2860 5003 ut
2883 4962 2989 5003 non
3013 4948 3174 5004 etiam
3198 4961 3293 5016 per
3317 4946 3479 5000 fidem

1887 5045 2176 5103 mortuam,
2217 5052 2336 5107 quae
2364 5037 2480 5092 sine
2507 5038 2763 5108 operibus
2792 5040 3004 5096 salvare
3046 5055 3152 5093 non
3179 5047 3378 5108 potest,
3410 5037 3481 5094 ad

1889 5146 2007 5187 eam
2047 5147 2105 5186 se
2144 5130 2376 5203 quisque
2409 5133 2699 5203 pervenire
2737 5149 2896 5204 posse
2924 5134 3236 5198 arbitretur,
3270 5131 3363 5186 sed
3388 5145 3482 5201 per

1889 5221 2032 5281 illam
2065 5223 2225 5280 fidem
2248 5226 2459 5297 gratiae,
2490 5242 2610 5297 qua:
2637 5242 2730 5296 per
2754 5226 3104 5282 dilectionem
3129 5234 3407 5295 operatur.

2463 5339 2693 5397 CAPUT
2730 5338 2907 5395 CCIV.

1894 5434 1996 5501 Qui
2024 5437 2127 5512 sint
2174 5437 2534 5512 prop/aeteae
2576 5439 2758 5512 quibus
2799 5440 2872 5492 ait
2913 5438 3210 5512 Apostolus,
3256 5439 3486 5512 secundo

1968 5508 2278 5578 prophetas;
2304 5524 2367 5562 es;
2406 5511 2535 5564 libro
2571 5508 2923 5578 Quaestionum
2950 5511 3018 5564 ad
3058 5509 3344 5566 Paulinum
3375 5508 3489 5564 No-

1970 5579 2146 5633 lanum
2172 5581 2491 5650 episcopum.

1969 5693 2044 5748 De
2094 5691 2391 5763 prophetis,
2429 5694 2568 5764 quod
2597 5696 2674 5751 ait
2717 5695 3041 5766 Apostolus:
3073 5695 3342 5765 Quosdam
3370 5696 3488 5768 qui-

1894 5787 2017 5843 dem
2045 5787 2174 5843 dicit
2191 5788 2332 5844 Deus
2356 5789 2408 5844 in
2433 5789 2675 5845 Ecclesia
2703 5790 3286 5862 Apostolos,quosdam
3307 5800 3491 5847 autem

1896 5879 2207 5954 prophetas,
2239 5881 2341 5940 hoc
2359 5881 2599 5956 intelligo
2620 5881 2760 5957 quod
2791 5883 2909 5954 ipse
2932 5883 3213 5957 scripsisti.
3248 5881 3478 5954 Prophc'
