3986 6382
607 324 718 383 867

1673 329 1736 385 D.
1780 326 2100 384 EUGYPPII
2139 321 2433 386 ABBATIS
2471 326 2794 387 AFRICANI

604 453 690 501 tas
741 460 835 503 eos
889 448 1061 507 dictos
1119 452 1222 508 isto
1271 449 1391 507 loco
1433 463 1499 503 ex
1551 447 1759 518 quibus
1789 448 2002 518 Agabus
2044 456 2194 512 erat,
2225 442 2278 500 Α
2305 458 2434 499 nere
2458 445 2781 516 colligenda.
2821 445 2976 503 Unde
3023 444 3265 518 adjungit
3313 444 3527 503 otdleit
3565 447 3720 506 εἰὶσε
3740 456 3846 509 enim

604 557 714 600 non
747 544 868 599 illos
895 543 983 614 qui
1013 555 1293 601 venturum
1321 545 1375 600 in
1399 559 1562 600 carne
1584 543 1872 598 Dominum
1905 542 2198 613 propheta-

605 645 752 692 runt.
795 638 1160 707 Evangelistas
1190 653 1324 694 vero
1382 639 1686 695 invenimus
1732 653 1866 709 quos
1914 637 2201 709 Apostolus

609 729 777 786 fuisse
805 746 908 784 non
953 730 1201 801 legimus,
1233 730 1370 788 sicut
1417 731 1633 787 fuerunt
1673 731 1882 787 Marcus
1908 739 1964 786 et
1993 730 2196 795 Lucas;

606 835 849 895 pastores
880 834 1055 880 autem
1093 834 1151 882 et
1184 826 1450 893 doctores,
1478 841 1614 896 quos
1644 825 1881 881 maxime
1910 835 1967 880 ut
1996 824 2202 880 discer-

609 928 858 971 neremus
884 915 1118 980 voluisti,
1148 916 1364 972 eosdem
1389 927 1514 986 puto
1535 932 1656 972 esse
1677 918 1814 972 sicut
1837 925 1890 970 et
1909 915 2001 971 tibi
2031 917 2198 971 visura

607 1018 716 1072 est;
750 1016 805 1062 ut
839 1023 948 1062 non
976 1008 1109 1065 alios
1159 1018 1420 1078 pastores,
1469 1009 1607 1064 alios
1633 1008 1884 1065 doctores
1929 1009 2200 1076 intelliga-

602 1114 744 1166 mus,
775 1101 868 1158 sed
894 1102 1014 1158 ideo
1043 1118 1163 1158 cum
1195 1103 1533 1172 praedixisset
1563 1112 1826 1172 pastores,
1853 1102 2199 1173 subjunxisse

603 1193 877 1260 doctores,
910 1204 967 1250 ut
1013 1196 1374 1266 intelligerent
1412 1206 1658 1266 pastores
1689 1197 1755 1252 ad
1778 1194 2014 1252 officium
2044 1211 2197 1251 suum

601 1287 874 1355 pertinere
918 1288 1241 1344 doctrinam.
1287 1288 1412 1344 ideo
1459 1291 1603 1346 enim
1646 1305 1754 1345 non
1785 1289 1891 1358 ait,
1925 1290 2195 1356 Quosdam

605 1389 781 1435 autem
814 1390 1083 1451 pastores,
1137 1382 1400 1454 quosdam
1452 1399 1583 1439 vero
1637 1383 1908 1448 doctores,
1956 1397 2078 1437 cum
2110 1396 2199 1438 su-

603 1473 817 1542 periora
846 1474 961 1544 ipso
995 1475 1279 1532 locutionis
1307 1491 1505 1548 genere
1537 1476 1913 1548 distingueret,
1943 1476 2195 1544 dicendo,

603 1565 871 1632 Quosdam
895 1568 1191 1636 apostolos,
1209 1569 1468 1638 quosdam
1497 1579 1673 1626 autem
1698 1569 2007 1639 prophetas,
2037 1583 2198 1639 quos-

603 1658 725 1714 dam
758 1675 887 1716 vero
915 1663 1272 1732 evangelistas
1303 1681 1317 1724 ;
1351 1663 1445 1719 sed
1474 1665 1574 1719 hoc
1619 1674 1869 1735 tanquam
1901 1680 2064 1720 unum
2096 1663 2196 1718 ali-

602 1752 724 1822 quid
769 1753 838 1809 de
867 1753 1077 1811 duobus
1103 1756 1410 1812 nominibus
1472 1758 1752 1827 amplexus
1807 1767 1910 1828 est,
1935 1759 2196 1829 quosdam

602 1851 782 1900 autem
817 1854 1060 1915 pastores
1086 1855 1140 1901 et
1165 1845 1433 1902 doctores.

1187 1939 1413 2018 CAPUT
1453 1962 1602 2019 cev.

609 2073 711 2145 13
755 2073 883 2150 Qua:
920 2076 1019 2128 sint
1055 2075 1445 2150 obsecrationes,
1480 2081 1752 2150 orationes,
1799 2080 2188 2150 postulationes,

675 2146 956 2222 gratiarum
974 2148 1243 2222 _actione_s_
1258 2166 1382 2218 quas
1411 2153 1479 2203 ad
1518 2146 1840 2206 Timotheum
1883 2146 2194 2222 Apostolus}

674 2232 738 2272 ea:
765 2218 940 2272 eodem
965 2219 1093 2275 libro
1117 2220 1184 2273 ad
1207 2219 1510 2276 Paulinum.

675 2329 764 2384 Illa
798 2331 956 2400 plane
984 2331 1298 2390 difficillime
1343 2335 1742 2404 discernuntur,
1776 2338 1866 2393 ubi
1905 2338 1971 2393 ad
2011 2338 2183 2394 Timo-

601 2423 782 2478 theum
814 2425 1058 2481 scribens
1086 2426 1190 2481 ait:
1218 2428 1455 2483 Obsecro
1489 2430 1667 2500 itaque
1692 2431 1922 2498 primum
1952 2430 2190 2485 omnium

601 2517 718 2573 fieri
759 2520 1182 2589 obsecrationes,
1215 2524 1507 2590 orationes,
1556 2525 2042 2596 interpellationes,
2068 2541 2192 2596 gra-

603 2612 799 2667 tiarum
861 2616 1136 2670 actiones:
1203 2618 1564 2685 precationem
1636 2629 1687 2673 et
1762 2619 2194 2688 deprecationem

599 2704 755 2759 multi
786 2707 955 2760 nostri
985 2707 1084 2762 hoc
1115 2708 1254 2763 idem
1286 2718 1494 2779 putant,
1527 2718 1581 2766 et
1616 2712 1717 2766 hoc
1747 2712 2064 2782 quotidiano
2095 2727 2192 2767 usu

600 2792 710 2864 jam
736 2796 955 2851 omnino
1005 2799 1314 2866 praevaluit;
1347 2803 1436 2871 qui
1487 2813 1662 2857 autem
1693 2802 1997 2857 distinctius
2031 2802 2196 2858 latine

608 2884 777 2941 locuti
803 2899 951 2956 sunt,
997 2891 1395 2959 precationibus
1433 2893 1722 2948 utebantur
1749 2893 1801 2948 in
1831 2893 2078 2965 aptandis
2107 2893 2199 2948 bo-

603 2979 710 3044 nis,
741 2981 1216 3049 depreeationibus
1255 3000 1385 3041 vero
1415 2987 1468 3042 in
1497 2989 1802 3044 devitandis
1837 2990 2011 3045 malis.
2060 2991 2193 3048 Pre-

598 3070 714 3125 cari
767 3073 908 3126 enim
941 3072 1192 3128 dicebant
1229 3090 1369 3143 esse,
1396 3079 1665 3146 precando
1693 3079 1829 3133 bona
1858 3087 2064 3149 optare,
2093 3084 2197 3138 im-

597 3165 806 3233 precari
837 3165 999 3230 mala,
1042 3166 1183 3235 quod
1233 3167 1387 3237 vulgo
1434 3168 1542 3236 jam
1575 3169 1788 3236 dicitur,
1822 3171 2143 3230 maledicere
2177 3192 2190 3240 ;

2305 538 2506 593 bonum
2533 548 2617 594 est
2645 550 2699 595 et
2726 547 3001 610 acceptum
3030 555 3212 596 coram
3240 541 3515 597 salvatore
3549 555 3727 600 nostra
3751 545 3841 613 Deo,

2304 633 2394 701 qui
2425 648 2609 689 omnes
2634 634 2875 690 homines
2899 635 3014 689 vult
3041 637 3219 690 salvos
3253 635 3389 702 fieri,
3408 644 3463 690 et
3484 635 3546 691 in
3570 639 3840 706 agnitionem

2305 727 2551 784 veritatis
2578 730 2781 784 venire.
2813 728 2880 783 Et
2908 743 2977 784 ne
3006 729 3286 800 quisquam
3320 730 3556 796 diceret,
3591 747 3735 803 posse
3759 751 3840 794 esse

2303 821 2489 877 salutis
2514 822 2656 877 viam
2686 823 2738 878 in
2767 823 2901 877 bona
2925 824 3337 878 conversatione
3367 833 3422 879 et
3445 825 3618 880 unius
3656 827 3738 883 Dei
3759 845 3839 886 o-

2303 915 2596 985 nipotentis
2626 919 2792 985 cultu,
2823 920 2940 973 sine
2972 919 3389 988 participatione
3410 924 3660 992 corporis
3687 936 3731 981 et
3754 942 3836 983 san-

2301 1009 2475 1077 guinis
2502 1008 2746 1064 Christi:
2801 1010 2945 1066 Unus
2994 1011 3139 1066 enim
3195 1012 3357 1077 Deus,
3403 1014 3608 1084 inquit,
3665 1026 3712 1072 et
3735 1035 3828 1074 unus

2302 1100 2560 1156 mediator
2599 1103 2694 1158 Dei
2728 1112 2782 1158 et
2825 1103 3120 1170 hominum,
3159 1104 3323 1159 homo
3353 1105 3612 1161 Christus
3638 1107 3778 1174 Jesns,
3799 1127 3831 1167 ut

2301 1197 2433 1252 illud
2465 1199 2602 1270 quod
2631 1199 2857 1268 dixerat,
2892 1215 3080 1257 omnes
3112 1200 3359 1258 homines
3389 1201 3514 1257 vult
3551 1203 3711 1258 salvos
3734 1208 3829 1272 ﬁeri,

2301 1293 2448 1348 nullo
2472 1294 2578 1348 alio
2603 1294 2761 1349 modo
2787 1295 3117 1364 intelligatur
3139 1296 3406 1364 praestari,
3440 1295 3554 1352 nisi
3589 1310 3670 1364 per
3689 1297 3830 1352 media.

2303 1396 2491 1452 torem,
2537 1402 2642 1441 non
2673 1387 2864 1450 Deum,
2895 1387 3036 1456 quod
3069 1401 3283 1456 semper
3313 1395 3433 1440 erat
3491 1387 3724 1454 Verbum,
3760 1389 3827 1442 sed

2303 1480 2569 1536 hominem
2592 1481 2864 1536 Christum
2888 1480 3092 1548 Jesum,
3121 1495 3244 1536 cum
3276 1478 3522 1536 Verbum
3552 1495 3668 1536 caro
3685 1480 3823 1536 factum

2299 1582 2381 1627 est
2406 1582 2460 1629 et
2487 1573 2744 1628 habitavit
2774 1573 2827 1628 in
2858 1573 3030 1627 nobis.

2864 1686 3091 1744 CAPUT
3132 1687 3309 1743 CCVI.

2300 1777 2376 1833 De
2404 1794 2460 1832 eo
2487 1781 2622 1847 quod
2643 1780 2713 1832 ait
2737 1779 2923 1843 Lucas,
2958 1778 3109 1834 Ocuii
3134 1798 3313 1835 eorum
3350 1783 3644 1836 tenebantur
3675 1801 3724 1839 ne
3744 1801 3819 1838 eam

2224 1851 2271 1910 B
2369 1861 2724 1926 aqnoscereut,
2769 1860 2815 1904 et
2869 1850 3118 1926 Marcus;
3172 1853 3452 1926 Apparuit,
3507 1855 3680 1926 inquit,
3713 1858 3820 1908 eisin

2366 1923 2472 1975 alia
2511 1923 2704 1991 e/jiqie'
2734 1939 2797 1976 ea:
2834 1923 3010 1977 eodem
3053 1923 3182 1977 libro
3216 1923 3658 1990 Questionum'ad
3689 1926 3822 1981 Pauli-

2369 2010 2511 2046 num.

2370 2104 2446 2160 De
2476 2104 2766 2175 Evangelio
2790 2106 3064 2176 inquisitio
3096 2117 3182 2163 tua
3231 2109 3372 2164 solet
3418 2110 3602 2166 multos
3625 2127 3821 2176 movere,

2294 2195 2566 2265 quomodo
2600 2196 2860 2252 Dominus
2890 2207 3013 2270 post
3041 2201 3501 2266 resurrectionem,
3529 2217 3638 2257 cvm
3674 2205 3723 2257 in
3755 2217 3825 2257 eo-

2298 2286 2419 2344 dem
2463 2303 2690 2360 eorpore
2732 2294 3114 2360 resurrezez'it,
3163 2310 3192 2349 a
3244 2295 3532 2365 quibusdam
3583 2295 3663 2367 qui
3714 2309 3826 2351 eum

2297 2395 2558 2438 noverant
2599 2384 2876 2457 utriusque
2905 2402 3067 2442 sexus
3111 2387 3408 2445 hominibus
3435 2399 3485 2445 et
3518 2391 3712 2461 agnitus
3738 2405 3822 2445 non

2294 2477 2386 2545 sit,
2416 2485 2470 2533 et
2514 2480 2723 2549 agnitus
2751 2481 2840 2536 sit.
2884 2480 2987 2537 Ubi
3028 2483 3263 2553 primum
3305 2487 3468 2556 quaeri
3505 2487 3652 2553 solet,
3680 2499 3815 2542 utrum

2295 2573 2351 2629 in
2380 2573 2499 2643 ejus
2537 2588 2783 2645 corpore,
2824 2590 2891 2631 an
2936 2578 3113 2647 potius
3141 2579 3193 2634 in
3221 2578 3437 2636 illorum
3463 2581 3641 2646 oculis,
3670 2583 3814 2652 aliquid

2298 2663 2496 2720 factum
2519 2666 2608 2732 sit,
2639 2682 2744 2736 quo
2773 2682 2879 2722 non
2909 2677 3091 2739 posset
3131 2671 3390 2740 agnosci?
3411 2672 3546 2728 Cum
3581 2673 3697 2728 enim
3722 2673 3808 2744 ἱρεί-

2299 2765 2407 2825 tur,
2434 2759 2779 2816 Tenebantur
2807 2761 2947 2817 oculi
2987 2777 3172 2819 eorum
3221 2779 3292 2820 ne
3341 2776 3667 2836 agnoscerent
3703 2782 3801 2830 eum,

2301 2851 2743 2923 impedimentum
2768 2857 3038 2927 quoddam
3065 2861 3393 2930 agnoscendi
3422 2861 3611 2917 videtur
3625 2862 3661 2915 in
3685 2859 3792 2914 lami~

2301 2947 2457 3004 nibus
2487 2949 2682 3006 factum
2705 2965 2828 3008 esse
2857 2956 3213 3010 cernentium.
3239 2955 3377 3011 Cum
3404 2972 3539 3014 vero
3563 2967 3690 3029 aperte
3710 2954 3795 3009 alibi

2301 3040 2514 3110 dicitur,
2568 3045 2828 3114 Apparuit
2868 3047 2946 3102 eis
2979 3049 3034 3103 in
3065 3048 3167 3103 alia
3205 3049 3409 3120 efﬁgie,
3451 3051 3619 3121 utique
3653 3050 3696 3104 iu
3724 3048 3806 3117 ipse

2301 3149 2546 3204 corpore,
2578 3137 2729 3207 cujus
2759 3139 2860 3194 alia
2885 3141 3244 3213 erateffigies,
3271 3143 3481 3214 aliquid
3504 3144 3671 3200 factum
3695 3142 3807 3197 fuisse

601 3230 886 3326 deprecari
922 3230 1099 3314 autem
1133 3260 1291 3326 mala,
1325 3230 1597 3330 precando
1621 3230 1916 3332 depellere.
1940 3265 2049 3322 Sed
2083 3230 2195 3323 usi;
2223 3239 2273 3306 Ω
2301 3242 2408 3298 quo
2433 3230 2818 3332 iff’l’ed‘menm
2868 3241 3200 3332 mmini?"
3231 3236 3283 3291 id
3334 3246 3436 3332 855'
3480 3253 3663 3332 mm
3697 3250 3809 3332 δεῗθ

597 3357 764 3404 talum
789 3352 898 3421 jam
928 3352 1179 3423 loquendi
1211 3354 1426 3408 modum
1455 3357 1632 3425 potius
1662 3372 1972 3427 sequamur,
2005 3369 2056 3414 et
2077 3361 2190 3417 sive

611 3443 973 3510 precationes,
1033 3445 1149 3502 sive
1203 3446 1608 3516 deprecationes
1638 3450 2020 3520 invenerimus,
2054 3469 2186 3524 quas

594 3534 771 3591 (ἴτωρί
811 3537 1011 3602 δεήσεις
1059 3549 1269 3606 vocant,
1312 3557 1420 3597 non
1452 3553 1699 3613 putemus
1731 3560 1853 3601 esse
1903 3549 2195 3604 emendan-

598 3629 748 3684 dum.
782 3632 940 3687 Multa
996 3635 1121 3689 hinc
1150 3635 1253 3691 dici
1288 3647 1510 3706 possunt
1550 3655 1666 3709 quae
1697 3641 2052 3710 improbanda
2083 3659 2188 3698 non

597 3720 733 3785 sint,
764 3723 856 3775 sed
888 3725 1029 3792 eligo
1074 3727 1125 3779 in
1160 3728 1241 3780 his
1289 3730 1474 3783 verbis
1532 3730 1633 3785 hoc
1685 3733 2008 3803 intelligere,
2055 3737 2196 3806 quod

597 3812 777 3866 omnis
809 3814 890 3867 vel
931 3829 1067 3883 pene
1107 3818 1283 3872 omnis
1333 3819 1639 3889 frequentat
1678 3823 1942 3889 Ecclesia,
1978 3835 2034 3881 ut
2065 3843 2194 3897 pre-

598 3904 840 3961 cationes
869 3908 1194 3976 accipiamus
1223 3911 1413 3977 dictas,
1444 3929 1575 3983 quas
1607 3916 1834 3972 facimus
1865 3919 1915 3973 in
1949 3921 2193 3978 celebra-

593 4001 747 4058 tione
792 4014 1278 4073 sacramentorum,
1341 4017 1626 4080 antequam
1681 4011 1808 4066 illud
1850 4015 1988 4083 quod
2031 4018 2192 4073 estin

595 4092 806 4151 Domini
848 4113 1032 4154 mensa
1060 4099 1279 4168 incipiat
1309 4101 1553 4158 benedici
1582 4122 1595 4170 ;
1641 4107 1912 4163 orationes
1942 4125 2063 4164 cum
2093 4113 2192 4167 be-

589 4189 884 4259 nedicitur,
919 4201 973 4247 et
1001 4193 1389 4265 sanctificatur,
1415 4207 1469 4252 et
1496 4199 1558 4253 ad
1585 4199 2012 4259 distribuendum
2045 4221 2192 4262 com-

591 4282 876 4348 minuitur,
909 4301 1068 4354 quam
1098 4295 1261 4342 totam
1294 4291 1607 4359 petitionem
1637 4293 1750 4350 fere
1782 4299 1962 4352 omnis
2002 4299 2187 4355 Eccle-

594 4371 671 4427 sia
721 4371 1000 4430 Dominica
1058 4379 1304 4434 oratione
1362 4383 1665 4450 concludit;
1727 4387 2187 4460 interpellationes

591 4473 804 4533 autem,
841 4467 951 4523 sive
990 4478 1046 4525 ut
1073 4471 1238 4526 vestri
1273 4473 1488 4529 codices
1520 4477 1739 4544 habent,
1774 4483 2184 4552 postulationes,

591 4555 731 4610 ﬁunt
759 4572 882 4612 cum
921 4563 1152 4631 populus
1181 4564 1519 4622 benedicitur
1553 4586 1565 4621 :
1612 4579 1739 4627 tunc
1774 4575 1916 4628 enim
1948 4575 2188 4632 Antistec

2303 3322 2487 3376 scendi
2540 3332 2850 3394 paterentur
2903 3328 3046 3383 oculi
3096 3329 3334 3384 illorum.
3392 3329 3505 3386 Sed
3561 3345 3648 3402 ego
3689 3329 3813 3390 miror.

2300 3429 2419 3469 cum
2453 3415 2561 3471 duo
2588 3415 2694 3473 sint
2733 3419 2784 3474 in
2830 3434 3108 3491 corpore,
3143 3422 3340 3494 quibus
3381 3424 3634 3495 cujusque
3674 3419 3815 3493 species

2300 3520 2646 3580 agnoscatur,
2681 3511 3004 3569 lineamenta
3050 3523 3106 3570 et
3146 3515 3320 3584 color,
3367 3531 3466 3572 cur
3503 3526 3618 3572 ante
3644 3528 3816 3571 resum-

2301 3605 2532 3662 ctionem
2555 3606 2698 3678 quod
2720 3609 2773 3662 in
2797 3618 2980 3664 monte
3010 3610 3078 3664 ita
3106 3610 3516 3683 transfiguratus
3547 3620 3643 3676 est,
3661 3626 3707 3664 ut
3722 3608 3824 3664 fieret

2299 3698 2479 3753 vultus
2538 3699 2654 3770 ejus
2697 3700 3012 3770 splendidus
3062 3701 3201 3757 sicut
3254 3703 3358 3770 sol,
3409 3705 3657 3758 neminem
3689 3705 3830 3754 movet

2302 3805 2471 3862 usque
2498 3791 2566 3847 ad
2591 3802 2793 3849 tantam
2827 3795 3205 3851 excellentiam
3237 3795 3464 3867 fulgoris,
3496 3805 3541 3849 et
3565 3793 3687 3847 lucis
3715 3791 3834 3846 colu-

2304 3900 2420 3942 rem
2454 3887 2535 3942 sui
2573 3888 2836 3955 corporis,
2871 3903 2992 3943 eum
3038 3898 3251 3945 mutare
3291 3887 3521 3960 potuisse,
3550 3892 3600 3940 et
3633 3891 3742 3954 post
3766 3894 3837 3934 re-

2307 3980 2696 4036 surrectionem
2732 3992 2913 4037 movet
2942 3982 3284 4052 aliquatenus
3329 3982 3630 4036 lineamenta
3669 3982 3835 4030 mutata

2305 4087 2432 4128 esse
2461 4082 2517 4128 ut
2541 4089 2645 4127 non
2669 4082 2847 4143 posset
2867 4075 3083 4144 agnosci
3108 4092 3122 4142 ;
3145 4083 3200 4129 et
3226 4090 3414 4131 rursus
3435 4073 3612 4129 eadem
3631 4068 3834 4141 potentia

2311 4163 2585 4231 facultate,
2625 4165 2764 4219 sicut
2797 4175 2922 4220 tunc
2949 4167 3231 4236 pristinum
3281 4166 3540 4232 colorem,
3568 4163 3643 4219 sic
3683 4171 3727 4217 et
3753 4168 3833 4230 post

2297 4259 2759 4314 resurrectionem
2793 4259 3018 4328 pristina
3053 4258 3384 4315 lineamenta
3418 4271 3708 4315 revocasse.
3741 4253 3833 4308 Nam

2297 4358 2349 4405 et
2378 4351 2450 4404 illi
2485 4360 2593 4405 tres
2637 4351 2912 4420 discipuli,
2968 4359 3091 4407 ante
3138 4366 3370 4422 quorum
3405 4351 3589 4407 oculos
3617 4349 3666 4404 in
3702 4357 3832 4402 monte

2298 4443 2714 4528 transtiguralus
2757 4452 2857 4509 est,
2892 4457 3000 4498 non
3039 4459 3164 4498 eum
3206 4453 3590 4514 agnoscerent,
3637 4443 3674 4495 si
3698 4438 3748 4492 ad
3769 4449 3834 4489 6'05

2295 4539 2415 4592 talis
2443 4539 2655 4595 aliunde
2677 4541 2945 4606 venisset;
2976 4539 3073 4595 sed
3095 4540 3221 4612 quia
3252 4554 3374 4595 cum
3408 4541 3509 4596 illo
3533 4535 3831 4605 erant,ipsum

588 4645 918 4723 {Antistites]
943 4655 1083 4710 velut
1114 4657 1355 4714 advocati
1383 4673 1664 4732 susceptos
1695 4681 1822 4722 suos
1865 4685 1959 4738 per
1992 4687 2182 4727 manus
2214 4634 2272 4698 Β
2297 4649 2418 4690 esse
2461 4637 2765 4738 FeniSSime
2809 4637 3252 4738 reunébam'f‘i
3285 4639 3449 4738 enim_
3486 4647 3834 4738 “"9953”?

590 4737 1018 4810 impositionem,
1068 4751 1588 4813 misericordissima:
1621 4757 1853 4816 offerunt
1902 4768 2176 4832 potestati.

585 4832 799 4901 Quibus
820 4841 1050 4906 peractis
1078 4851 1132 4898 et
1156 4847 1477 4918 participato
1507 4861 1653 4906 tanto
1676 4865 2036 4924 sacramento,
2062 4875 2182 4929 gra-

587 4926 786 4982 tiarum
801 4931 941 4986 actio
962 4945 1150 4990 cuncta
1166 4941 1457 5006 concludit,
1473 4960 1631 5013 quam
1652 4946 1705 5000 in
1723 4946 1806 5003 liis
1831 4948 1990 5004 etiam
2007 4926 2182 5007 verbis

587 5019 834 5077 ultimam
865 5027 1262 5085 commendavit
1300 5031 1609 5103 Apostolus.
1651 5038 1778 5095 llaec
1822 5051 1999 5097 autem
2022 5057 2180 5098 causa

587 5114 858 5183 praecipua
899 5117 1002 5174 fuit
1032 5120 1128 5174 ista
1176 5120 1414 5194 dicendi,
1468 5137 1524 5181 ut
1563 5129 1643 5184 his
1689 5131 1924 5188 breviter
1963 5135 2182 5204 perstri-

589 5205 694 5260 ctis
741 5219 902 5278 atque
948 5210 1290 5283 significatis,
1338 5231 1445 5272 non
1489 5230 1763 5289 putaretur
1807 5225 2179 5296 negligendum

588 5311 710 5353 esse
739 5302 880 5369 quod
925 5307 1204 5374 sequitur:
1258 5309 1363 5366 Pro
1418 5313 1669 5370 omnibus
1722 5318 2045 5382 hominibus,
2083 5335 2179 5387 pro

585 5390 824 5460 regibus,
855 5404 909 5450 et
959 5397 1042 5452 his
1071 5402 1162 5470 qui
1209 5401 1263 5456 in
1294 5404 1626 5462 sublimitate
1656 5417 1799 5472 sunt,
1844 5418 1901 5464 ut
1943 5412 2178 5479 quietam

582 5492 642 5539 et
682 5486 1024 5557 tranquillam
1065 5494 1227 5550 vitam
1278 5512 1522 5567 agamus,
1576 5501 1628 5555 in
1669 5503 1812 5556 omni
1874 5506 2072 5572 pietate
2123 5515 2176 5562 et

580 5575 846 5634 cbaritate
880 5597 894 5634 :
926 5597 996 5637 ne
1025 5586 1331 5656 quisquam,
1354 5591 1492 5646 sicut
1522 5607 1581 5647 se
1612 5593 1772 5649 habet
1803 5599 2050 5653 humana:
2080 5615 2171 5655 co-

582 5668 856 5738 gitationis
875 5674 1176 5746 infirmitas,
1202 5684 1495 5740 mstimaret
1518 5701 1622 5742 non
1642 5702 1762 5742 esse
1784 5689 1882 5743 ista
1902 5689 2170 5760 facienda,

582 5773 684 5828 pro
708 5765 787 5818 his
815 5782 842 5819 a
875 5772 1066 5838 quibus
1108 5782 1536 5843 persecutionem
1569 5783 1876 5853 patiebatur
1907 5785 2169 5859 Ecclesia,

580 5865 706 5910 eum
733 5866 972 5918 membra
1001 5865 1199 5923 Christi
1229 5886 1294 5926 ex
1321 5878 1468 5929 omni
1519 5885 1698 5933 essent
1748 5875 2025 5935 hominum
2070 5893 2168 5950 ge-

2290 4741 2427 4795 erat,
2461 4733 2511 4786 in
2557 4749 2663 4804 quo
2709 4735 3029 4801 resurrexit,
3075 4733 3202 4804 quid
3239 4733 3341 4789 hoc
3381 4734 3450 4790 ad
3489 4736 3640 4791 rem?
3682 4730 3835 4786 hama

2290 4827 2424 4884 illud
2468 4831 2650 4900 utique
2699 4831 2874 4902 ipsum
2929 4846 3128 4902 corpus
3186 4840 3327 4898 erat,
3360 4831 3412 4886 in
3461 4848 3578 4904 quo
3624 4831 3672 4885 in
3713 4834 3836 4882 monte

2290 4923 2698 4994 transfiguratus
2737 4937 2841 4992 εει,
2875 4934 2930 4980 et
2961 4926 3136 4996 ipsum
3176 4935 3292 4979 erat
3315 4924 3546 4995 juvenis
3578 4926 3633 4980 in
3665 4938 3752 4993 quo
3781 4934 3838 4972 air

2289 5024 2374 5070 tus
2401 5027 2516 5082 est;
2558 5027 2612 5072 et
2652 5026 2827 5073 tamen
2862 5019 2907 5072 si
2937 5019 3061 5088 quis
3095 5033 3216 5073 eum
3245 5018 3516 5088 juvenem
3561 5027 3760 5088 repente
3794 5010 3842 5062 ti-

2290 5108 2479 5176 disset,
2516 5111 2606 5180 qui
2648 5127 2755 5166 non
2784 5111 2887 5167 nisi
2932 5113 3260 5168 infantulum
3313 5122 3537 5182 nosset,
3573 5129 3679 5169 non
3716 5111 3844 5177 utique

2288 5211 2620 5271 agnosceret.
2667 5207 2746 5258 An
2784 5220 2910 5259 vero
2953 5205 3020 5260 ad
3060 5206 3387 5262 lineamenta
3439 5208 3725 5270 mutanda,
3775 5215 3844 5254 twn

2289 5305 2465 5365 potest
2494 5298 2743 5353 celeriter
2791 5299 2888 5355 Dei
2939 5310 3201 5371 potestas,
3251 5300 3396 5372 quod
3432 5310 3630 5361 Dotest
3681 5307 3848 5370 petii?

2289 5404 2476 5445 norum
2506 5405 2684 5446 moras
2723 5393 2958 5448 hominis
2997 5393 3166 5448 aetas?

2859 5502 3088 5560 CAPUT
3127 5502 3210 5559 CC
3220 5502 3325 5559 Vl].

2290 5597 2368 5652 De
2394 5598 2568 5667 gladio
2607 5598 2688 5664 qui
2720 5597 2905 5652 Maria
2954 5598 3183 5653 animam
3228 5597 3535 5662 pertransiit
3564 5615 3584 5661 ;
3637 5613 3702 5652 ea:
3725 5594 3860 5649 eode!

2417 5671 2543 5722 libro
2578 5673 2952 5736 Qua’stionum,
2983 5673 3050 5722 ad
3085 5668 3370 5722 Paulinum
3394 5671 3730 5742 episcopum.

2361 5787 2437 5842 De
2475 5786 2652 5844 verbis
2683 5786 2949 5843 Simeonis
2973 5786 3063 5840 ubi
3095 5787 3171 5839 ait
3203 5783 3411 5854 Virgini
3438 5787 3619 5841 matri
3655 5778 3860 5840 Domini:

2286 5879 2356 5940 Et
2405 5890 2549 5938 tuam
2580 5881 2745 5953 ipsius
2774 5881 3012 5941 animam
3042 5878 3367 5952 pertransiet
3417 5879 3674 5951 gladius,
3705 5879 3758 5939 in
3783 5874 3864 5933 alit
