3986 6382
190 346 295 429 s69

1387 360 1823 424 THESAURUS.
1856 358 2012 420 CAP.
2053 358 2278 419 CCVIII.

3352 356 3459 419 810
3478 384 3485 391 ·

188 450 415 560 epistola
465 484 617 557 cujus
663 484 964 556 exemplum
1016 484 1178 540 etiam
1235 482 1397 539 modo
1451 483 1595 550 misi,
1651 481 1761 537 dixi
1786 485 1842 545 Α
1869 479 2189 549 Ecclesiam,
2223 475 2320 533 sed
2347 466 2448 547 pro
2475 474 2763 533 Ecclesia?
2799 472 2943 533 etin
2966 472 3060 532 Illa
3087 482 3271 532 tamen
3301 490 3460 548 sepa-

187 579 316 652 quid
349 578 473 631 mihi
509 578 771 642 videatur,
803 576 942 647 quod
979 576 1142 631 etiam
1172 575 1267 631 tibi
1300 575 1438 629 inter
1473 581 1664 628 caetera
1695 571 1775 627 vi-

185 688 305 729 sum
335 680 437 727 est.
475 670 538 725 Et
591 670 742 741 quod.
772 669 1016 737 adjunxit
1039 711 1053 734 ,
1102 668 1172 725 Ut
1198 667 1539 723 denudentur
1581 667 1776 722 multo-

183 781 305 821 rum
337 765 688 834 cogitationes
725 763 986 828 cordium,
1042 762 1139 816 hoc
1188 761 1588 832 intelligendum
1620 768 1771 832 puto,

185 858 311 929 quia
345 872 439 927 per
468 855 677 911 Domini
712 857 1013 925 passionem
1042 866 1095 911 et
1121 852 1333 910 insidia:
1359 854 1690 919 Judasorum,
1721 860 1775 910 et

178 942 569 1017 discipulorum
604 947 907 1013 inﬁrmitas,
935 947 1108 1017 patuit
1139 963 1154 1001 :
1188 946 1588 1001 tribulationem
1614 946 1776 1017 igitur

178 1040 343 1111 gladii
384 1042 599 1096 nomine
635 1042 988 1108 signiﬁcatam
1039 1056 1163 1097 esse
1217 1039 1480 1097 credibile
1519 1048 1624 1103 est,
1667 1053 1776 1110 quo

175 1142 419 1187 materna
443 1132 615 1186 anima
643 1134 916 1187 vulnerata
941 1142 1029 1189 est
1046 1133 1253 1189 doloris
1274 1132 1466 1187 allectu
1497 1150 1508 1182 :
1536 1132 1650 1202 ipse
1676 1130 1777 1187 fuit

175 1222 390 1294 gladius
434 1223 485 1277 in
528 1238 624 1279 ore
665 1238 1093 1293 persecuturum,
1124 1223 1191 1281 de
1236 1224 1430 1295 quibus
1477 1225 1531 1281 in
1566 1224 1774 1294 psalmo

172 1316 375 1372 dicitur
410 1333 422 1368 :
458 1317 524 1371 Et
572 1316 781 1387 gladius
830 1317 883 1373 in
933 1332 1028 1373 ore
1069 1332 1278 1373 eorum.
1312 1316 1417 1388 Ipsi
1449 1318 1590 1372 enim
1621 1326 1775 1373 erant

169 1406 274 1462 lilii
303 1407 601 1477 hominum,
630 1423 859 1479 quorum
911 1408 1100 1465 dentes
1148 1423 1299 1469 arma
1346 1418 1403 1465 et
1450 1408 1682 1479 sagittae,
1720 1418 1775 1467 et

168 1496 356 1568 lingua
394 1513 582 1555 eorum
620 1498 829 1571 gladius
858 1508 1071 1555 acutus.
1123 1500 1257 1555 Nam
1284 1510 1339 1556 ct
1379 1502 1583 1557 ferrum
1630 1499 1773 1570 quod

168 1592 490 1662 pertransiit
512 1592 744 1647 animam
768 1594 995 1665 Ioseph,
1022 1607 1122 1662 pro
1149 1592 1277 1649 dura
1305 1593 1651 1648 tribulatione
1680 1607 1776 1661 po-

169 1686 334 1738 situm
393 1684 522 1739 mihi
576 1685 807 1742 videtur.
852 1687 1052 1757 Aperte
1099 1687 1296 1760 quippe
1342 1686 1576 1755 dicitur,
1644 1686 1775 1743 Fer-

168 1790 293 1832 rum
348 1778 660 1847 pertransiit
703 1780 937 1835 animam
997 1780 1135 1850 ejus,
1191 1779 1365 1834 donec
1397 1779 1604 1836 veniret
1644 1796 1768 1836 ver-

1878 575 2086 630 ratione
2114 572 2437 643 culpandus,
2469 572 2557 627 ubi
2588 572 2631 627 si
2661 571 2958 642 colligeret,
2989 580 3267 654 spargeret
3294 588 3309 637 ;
3334 574 3457 628 etsi

1877 664 2017 720 forte
2044 666 2254 720 veniret
2280 664 2347 721 ad
2378 664 2701 733 Ecclestam,
2742 677 2849 717 non
2880 663 3010 718 illud
3037 662 3182 734 quod
3230 662 3462 718 hauebat

1877 757 1950 813 ibi
1987 759 2274 827 acciperet,
2333 758 2427 814 sed
2473 759 2525 813 in
2576 772 2685 829 quo
2731 757 3080 813 aberraverat
3122 756 3457 813 emendaret.

1875 850 2059 919 Neque
2108 851 2253 906 enim
2309 858 2365 906 et
2416 849 2655 905 Cornelii
2713 850 2931 921 gentilis
2982 848 3215 905 hominis
3261 849 3462 903 oratio-

1877 954 1973 996 nes
2038 955 2143 995 non
2207 951 2331 997 sunt
2395 942 2705 1011 exauditae,
2776 953 2869 999 aut
2924 944 3281 1014 eleemosyna:
3352 956 3460 997 non

1876 1042 2002 1091 sunt
2057 1040 2332 1103 acceptae,
2393 1036 2504 1090 imo
2557 1043 2614 1091 et
2649 1036 2901 1107 angelum
2949 1037 3019 1091 ad
3062 1050 3125 1092 se
3170 1034 3346 1103 mitti,
3407 1044 3463 1092 et

1878 1127 2099 1183 missum
2132 1128 2334 1183 meruit
2354 1127 2575 1195 intueri,
2601 1144 2698 1199 per
2727 1144 2887 1199 quem
2918 1138 3101 1200 posset
3133 1130 3315 1200 utique
3344 1126 3462 1183 sine

1877 1218 2113 1275 hominis
2144 1221 2375 1291 alicujus
2405 1236 2627 1278 accessu
2664 1232 2857 1278 cuncta
2882 1220 3187 1279 necessaria
3213 1220 3460 1287 discere;

1877 1312 1973 1367 sed
2015 1314 2268 1384 quoniam
2319 1312 2578 1384 quidquid
2606 1315 2731 1370 boni
2771 1316 2825 1370 in
2853 1315 3189 1371 orationibus
3236 1324 3291 1369 et
3319 1314 3464 1370 elec-

1879 1404 2124 1475 mosynis
2151 1404 2383 1460 habebat
2411 1405 2671 1475 prodesse
2701 1406 2779 1462 illi
2820 1420 2927 1463 non
2974 1414 3205 1477 poterat,
3236 1406 3336 1461 nisi
3368 1417 3463 1476 per

1877 1496 2147 1551 vinculum
2180 1496 2487 1552 christiana:
2516 1497 2793 1553 societatis
2821 1507 2878 1554 et
2901 1500 3051 1569 pacis
3084 1501 3462 1568 ineorporare-

1876 1597 1966 1643 tur
1994 1588 2273 1655 Ecclesite,
2301 1589 2526 1660 iubetur
2557 1591 2771 1646 mittere
2810 1591 2875 1646 ad
2922 1591 3161 1659 Petrum,
3189 1601 3245 1648 ct
3273 1606 3369 1662 per
3400 1592 3464 1646 il-

1876 1680 1987 1736 lum
2010 1680 2172 1737 discit
2195 1680 2499 1749 Christum;
2524 1697 2621 1752 per
2640 1683 2788 1738 illum
2812 1683 2975 1739 etiam
3002 1684 3303 1755 baptizatus
3323 1684 3465 1741 chri-

1875 1774 2054 1830 stiano
2081 1776 2298 1847 pupula,
2354 1777 2634 1833 consortio
2668 1791 2886 1850 quoque
2927 1780 3323 1836 communionis
3362 1778 3461 1835 ad-

166 1867 297 1923 hnm
325 1868 465 1939 ejus,
510 1869 560 1924 id
606 1878 710 1937 est,
761 1869 943 1926 tandiu
976 1871 1077 1926 fuit
1122 1870 1177 1925 in
1223 1871 1356 1925 dura
1407 1872 1766 1938 tribulatione,
1800 1866 2145 1937 Biungitur,
2201 1870 2290 1925 cui
2345 1871 2459 1926 sola
2515 1870 2778 1926 bonorum
2832 1886 3059 1943 operum
3112 1871 3465 1929 similitudine

169 1957 346 2021 donec
379 1960 529 2015 ﬁeret
554 1959 697 2032 quod
727 1960 996 2032 praedixit.
1029 1961 1163 2016 Hinc
1187 1962 1329 2017 enim
1359 1978 1585 2034 magnus
1616 1963 1767 2019 ltabi-
1864 1959 2212 2032 iungebatur.
2248 1961 2562 2019 Perniciose
2598 1964 2797 2035 quippe
2834 1973 3210 2021 contemneret
3238 1965 3460 2031 bonum,

165 2055 257 2104 tus
287 2058 341 2102 et
375 2049 443 2105 ab
473 2049 561 2105 illa
594 2051 935 2107 tribulatione
966 2052 1259 2121 liberatus;
1292 2054 1387 2139 sed
1419 2070 1485 2109 ne
1518 2054 1767 2111 humana:

164 2142 450 2213 sapientia:
480 2144 826 2209 tribueretur,
878 2146 1020 2216 quod
1069 2148 1213 2202 venit
1264 2148 1492 2203 verbum
1522 2150 1661 2217 ejus,
1713 2149 1766 2204 id

164 2243 275 2301 est,
320 2235 515 2291 factum
544 2246 647 2303 est,
680 2239 822 2309 quod
846 2238 1096 2308 praedixit
1139 2255 1290 2296 more
1344 2255 1442 2296 suo
1492 2242 1768 2311 Scriptura

167 2339 381 2398 sancta,
416 2331 529 2388 Deo
573 2333 699 2388 inde
729 2334 823 2389 dat
865 2336 1119 2405 gloriam,
1168 2345 1224 2393 et
1264 2339 1519 2395 continuo
1547 2340 1768 2410 subjun-

171 2421 249 2490 git
276 2438 289 2473 :
317 2422 597 2493 Eloquium
630 2424 837 2479 Domini
872 2427 1059 2497 ignivit
1085 2443 1228 2484 eum.

728 2574 953 2633 CAPUT
993 2577 1218 2635 CCVIII.

170 2691 341 2765 Agens
367 2692 430 2746 de
460 2693 725 2765 Abaptt'smo
778 2693 1272 2765 exponit'quomodo
1325 2711 1425 2748 non
1472 2696 1539 2749 sit
1569 2706 1772 2751 contra-

242 2763 399 2830 rium,
442 2762 545 2829 Qui
569 2780 763 2817 mecum
805 2781 907 2817 non
937 2774 1009 2818 est
1029 2762 1220 2819 contra
1266 2782 1345 2819 me
1375 2778 1467 2821 est.
1507 2766 1608 2833 Qui
1649 2783 1771 2821 con-

246 2843 327 2907 t_ra
351 2848 441 2907 vos
464 2850 569 2887 non
597 2843 671 2890 est
720 2851 811 2904 pro
862 2836 1002 2890 vobis
1047 2846 1141 2891 est.
1186 2836 1270 2891 Ea:
1314 2837 1442 2892 libro
1486 2839 1652 2907 primo
1709 2838 1774 2893 de

243 2903 532 2976 Baptisms.
548 2936 555 2943 -

248 3063 511 3119 Dominus
548 3063 600 3119 in
630 3062 926 3134 Evangelia
955 3063 1086 3119 dicit
1119 3080 1131 3116 :
1165 3062 1263 3129 Qui
1296 3077 1402 3119 non
1431 3074 1511 3119 est
1536 3078 1766 3133 mecum,

170 3156 462 3214 adversum
493 3170 579 3211 me
606 3168 712 3223 eat,
742 3164 797 3212 et
834 3157 925 3227 qui
958 3171 1167 3213 mecum
1215 3171 1321 3210 non
1354 3157 1576 3228 colligit,
1611 3171 1769 3225 spar-

1869 2052 2011 2121 qnod
2037 2052 2272 2107 nondum
2296 2052 2550 2120 habebat,
2575 2054 2893 2125 superbiens
2916 2072 2983 2111 ex
3008 2055 3098 2111 illo
3118 2056 3264 2128 quod
3295 2056 3464 2112 habe-

1869 2141 2000 2198 bat:
2035 2146 2115 2199 sic
2158 2144 2322 2200 etiam
2366 2145 2459 2216 qui
2506 2148 2717 2217 seipsos
2764 2161 2795 2202 a
2835 2149 3091 2205 societate
3136 2157 3458 2205 ceterorum

1869 2246 2207 2306 separantes,
2235 2238 2503 2293 charitate
2525 2240 2743 2305 violata,
2768 2242 2989 2296 unitatis
3018 2243 3290 2297 vinculum
3315 2258 3461 2297 rum-

1869 2335 2025 2395 punt,
2059 2329 2107 2381 si
2138 2326 2270 2381 nihil
2302 2325 2501 2383 faciunt
2532 2344 2718 2385 eorum
2744 2345 2865 2400 quas
2890 2332 2944 2386 in
2974 2331 3065 2387 illa
3093 2335 3352 2389 societate
3376 2349 3463 2389 ac-

1872 2429 2151 2489 ceperunt,
2186 2421 2238 2475 in
2283 2421 2541 2477 omnibus
2584 2425 2823 2493 separati
2866 2433 3015 2492 sunt,
3057 2434 3112 2481 et
3142 2426 3263 2482 ideo
3304 2444 3463 2499 quem

1872 2512 1973 2566 sibi
2001 2513 2349 2580 sociaverint,
2381 2515 2430 2570 si
2458 2515 2646 2571 venire
2672 2516 2739 2571 ad
2767 2517 3058 2573 Ecclesiam
3089 2520 3342 2587 voluerit,
3373 2520 3464 2575 dea

1873 2604 1964 2660 bet
1992 2606 2175 2661 omnia
2205 2622 2326 2677 qua:
2369 2623 2476 2664 non
2528 2612 2740 2680 accepit
2766 2612 3034 2681 accipere.
3080 2613 3135 2669 Si
3166 2628 3297 2669 vero
3334 2628 3464 2669 non-

1874 2696 2021 2752 nulla
2050 2697 2240 2753 eadem
2266 2698 2489 2770 faciunt,
2522 2716 2631 2758 non
2672 2717 2732 2758 se
2776 2704 2829 2760 in
2858 2704 2939 2760 eis
2968 2717 3379 2776 separaverunt,
3408 2718 3465 2764 et

1874 2803 1941 2845 ex
1969 2805 2031 2845 ea
2063 2799 2215 2861 parte
2258 2791 2313 2847 in
2354 2800 2584 2849 textura
2613 2808 2875 2866 compage
2898 2796 3231 2865 detinentur,
3270 2798 3323 2853 in
3353 2812 3464 2853 ca:-

1876 2892 1991 2939 tera
2024 2885 2180 2941 scissi
2203 2894 2348 2941 sunt.
2379 2887 2613 2944 Proinde
2642 2890 2689 2945 si
2710 2904 2871 2961 quem
2900 2891 3001 2947 sibi
3026 2893 3371 2959 sociaverint,
3398 2907 3466 2951 ex

1874 2990 1937 3031 ea
1966 2987 2118 3046 parte
2156 2979 2393 3035 nectitur
2438 2980 2699 3038 Ecclesiae
2744 2982 2797 3037 in
2828 2998 2932 3053 qua
2974 2999 3076 3041 nec
3116 2986 3191 3041 illi
3230 2987 3465 3057 separati

1876 3079 2003 3124 sunt
2030 3085 2044 3123 :
2073 3070 2154 3141 (t)
2180 3080 2237 3127 et
2267 3073 2388 3128 ideo
2417 3073 2461 3127 si
2490 3075 2677 3129 venire
2703 3076 2770 3129 ad
2809 3076 3107 3134 Ecclesium
3133 3078 3384 3148 voluerit,
3413 3079 3465 3136 in

1876 3174 1943 3215 eo
1983 3174 2227 3229 sanatur,
2273 3163 2364 3219 ubi
2414 3165 2646 3222 laniatus
2694 3169 2929 3225 errabat.
2981 3169 3079 3226 Ubi
3128 3186 3257 3227 vero
3303 3186 3466 3228 sanus

170 3254 270 3326 git.
300 3240 501 3308 Tamen
533 3266 655 3307 cum
682 3250 748 3306 ad
776 3266 897 3307 eum
934 3250 1178 3320 discipuli
1209 3250 1539 3316 retulissent,
1572 3250 1771 3308 vidisse
1798 3249 1846 3315 C
1875 3254 2318 3323 oonnectebatur,
2351 3271 2459 3311 non
2484 3266 2724 3325 curatur,
2757 3258 2852 3315 sed
2873 3262 3182 3331 agnoscitur
3207 3279 3221 3316 :
3248 3277 3315 3319 ne
3343 3276 3465 3319 cum

170 3362 235 3404 se
260 3346 546 3418 quemdam
571 3347 624 3401 in
648 3347 766 3416 ejus
809 3347 1027 3401 nomine
1058 3346 1343 3411 pellentem
1376 3346 1671 3413 daemonia,
1715 3353 1771 3401 et

172 3423 515 3508 prohibuisse
543 3439 665 3508 quia
694 3452 815 3492 cum
842 3436 945 3492 illis
969 3452 1093 3492 eum
1117 3451 1221 3490 non
1254 3436 1578 3508 sequebatur
1610 3454 1624 3492 :
1666 3436 1774 3492 No-

172 3531 271 3586 lite
292 3571 307 3597 ,
340 3530 530 3600 inquit,
566 3528 873 3597 prohibere,
919 3528 1009 3598 qui
1039 3537 1225 3582 contra
1253 3542 1348 3581 vos
1395 3543 1502 3582 non
1545 3535 1645 3595 est,
1679 3542 1775 3597 pro

174 3626 334 3680 vobis
358 3633 461 3679 est.
503 3621 618 3677 Non
650 3628 825 3692 potest
853 3620 997 3676 enim
1027 3621 1307 3691 quisquam
1339 3621 1391 3673 in
1418 3621 1633 3675 nomine
1656 3635 1777 3676 meo

175 3716 359 3772 facere
376 3714 600 3786 aliquid,
619 3724 670 3771 et
684 3712 822 3768 male
846 3713 990 3784 loqui
1009 3714 1075 3768 de
1100 3712 1276 3767 [ηε.δί
1297 3711 1432 3768 nihil
1456 3712 1511 3766 in
1541 3712 1633 3767 illo
1648 3727 1776 3767 cor-

177 3806 485 3877 ripiendum
499 3815 636 3874 erat,
655 3820 879 3862 securus
892 3805 955 3859 sit
974 3820 1102 3876 ergo
1120 3803 1357 3876 quisquis
1375 3813 1521 3859 extra
1538 3818 1779 3860 commu-

178 3896 402 3953 nionem
434 3897 686 3952 Ecclesize
716 3897 1060 3963 constitutus,
1095 3896 1295 3967 colligit
1339 3897 1392 3951 in
1425 3896 1628 3952 Christi
1676 3912 1775 3953 no-

182 3988 329 4043 mine
368 3989 689 4043 dissociatos
750 4004 779 4042 a
834 3989 1093 4043 societate
1140 3986 1445 4042 Christiana
1486 3997 1650 4059 atque
1704 3990 1776 4045 ita

184 4079 384 4134 falsum
416 4078 516 4133 erit
546 4079 674 4133 illud
703 4098 715 4133 :
745 4080 843 4146 Qui
872 4094 979 4135 non
1007 4088 1091 4135 est
1122 4096 1355 4149 mecum,
1404 4096 1510 4134 non
1552 4081 1775 4151 colligit,

194 4171 302 4245 14,
328 4173 531 4242 spargit
562 4170 675 4243 [qui
707 4188 813 4226 non
863 4180 948 4229 est
978 4186 1189 4227 mecum
1230 4171 1512 4226 adversum
1545 4187 1631 4225 me
1664 4182 1771 4237 est,

190 4275 247 4319 et
273 4264 365 4335 qui
399 4278 505 4318 non
547 4263 749 4334 colligit
780 4278 1015 4332 mecum,
1050 4262 1293 4334 spargit].
1340 4262 1397 4319 Si
1436 4270 1612 4317 autem
1636 4259 1779 4334 quod

188 4357 443 4427 discipuli
482 4355 694 4411 Domini
727 4372 823 4428 per
862 4357 1222 4430 ignorantiam
1253 4355 1430 4410 facere
1470 4356 1775 4437 voluerunt,

188 4452 246 4507 id
276 4452 329 4506 in
359 4466 426 4506 eo
456 4451 830 4520 corrigendum
873 4460 975 4518 est,
1007 4449 1148 4521 quod
1183 4448 1436 4503 Dominus
1476 4448 1609 4503 dixit
1635 4467 1645 4502 :
1674 4448 1779 4503 N0-

190 4534 629 4615 tite‘prohihere,
665 4559 762 4600 cur
790 4543 890 4600 hoc
916 4545 1030 4613 ipse
1060 4542 1338 4615 prohiberi
1383 4543 1678 4614 prohibuit,
1724 4554 1778 4600 et

1873 3360 2066 3401 sanare
2080 3344 2236 3418 [sana
2254 3348 2467 3420 curare]
2488 3351 2757 3417 volumus,
2778 3352 2953 3421 potius
2973 3352 3338 3409 vulneremus.
3364 3356 3469 3410 Ita-

1876 3450 1980 3505 que
2008 3436 2081 3491 illi
2104 3451 2239 3506 quos
2259 3438 2551 3508 baptizant,
2580 3450 2774 3496 sanant
2803 3456 2832 3495 a
2862 3445 3091 3499 vulnere
3118 3443 3462 3510 idololatriae,

1878 3527 1962 3581 vel
1992 3526 2343 3597 inﬁdelitatis,
2367 3528 2464 3583 sed
2488 3532 2712 3598 gravius
2734 3532 2931 3586 feriunt
2958 3534 3182 3591 vulnere
3206 3535 3468 3591 schisma-

1879 3616 1969 3671 tis.
1999 3616 2311 3674 ldololatras
2335 3620 2480 3675 enim
2506 3622 2557 3675 in
2588 3622 2785 3690 populo
2810 3622 2902 3678 Dei
2928 3623 3138 3693 gladius
3170 3627 3463 3698 interemit,

1878 3708 2252 3767 schismaticos
2280 3720 2459 3768 autem
2490 3722 2648 3768 terra:
2674 3713 2852 3772 hiatus
2890 3714 3169 3773 absorbuit
3194 3734 3208 3785 ;
3240 3728 3294 3775 et
3325 3721 3468 3790 Apo~

1879 3803 2093 3859 stolas:
2130 3806 2187 3861 Si
2231 3805 2487 3873 habeam,
2539 3810 2751 3879 inquit,
2805 3824 3018 3869 omnem
3067 3812 3250 3883 ﬁdem,
3299 3816 3371 3871 ita
3410 3825 3470 3873 ut

1882 3907 2093 3954 montes
2123 3899 2465 3966 transferam,
2496 3901 2813 3961 charitatem
2855 3915 3033 3961 autem
3080 3922 3185 3964 non
3215 3910 3467 3979 habeam,

1877 3989 2012 4048 nihil
2057 4004 2199 4047 sum.
2234 3992 2291 4046 Si
2340 3994 2462 4062 quis
2510 3996 2805 4051 adducatur
2852 3998 2921 4052 ad
2975 4000 3240 4055 medicum
3283 4003 3335 4056 in
3376 4002 3470 4058 alis

1881 4097 1983 4151 qua
2014 4085 2320 4140 necessaria
2350 4096 2502 4155 parte
2537 4088 2782 4155 corporis
2826 4090 2976 4158 gravi
3002 4092 3225 4146 vulnere
3264 4094 3471 4148 saucia.

1885 4181 1990 4240 tus,
2022 4174 2069 4229 si
2114 4175 2311 4230 dixerit
2340 4176 2601 4243 medicus,
2643 4178 2870 4233 Moritur
2898 4179 3022 4234 inde
3071 4180 3176 4234 nisi
3204 4193 3425 4237 curetur
3455 4200 3470 4239 :

1884 4281 1991 4320 non
2017 4265 2207 4335 opinor
2230 4277 2288 4322 ut
2311 4267 2389 4321 illi
2417 4267 2505 4337 qui
2540 4283 2664 4325 eum
2696 4268 3055 4338 adduxerunt,
3082 4271 3155 4327 ita
3177 4272 3468 4344 desipiant,

1885 4363 1944 4410 ut
1963 4356 2315 4413 consideratis
2346 4366 2507 4429 atque
2529 4360 2824 4416 numeratis
2844 4362 3056 4419 ceteris
3078 4364 3338 4423 membris
3357 4365 3474 4439 ejus

1885 4451 2053 4519 sanis,
2090 4452 2452 4522 respondeant
2501 4455 2710 4511 medico
2755 4466 2809 4511 et
2854 4457 3077 4515 dicant:
3111 4459 3325 4533 Ergone
3372 4461 3473 4521 ista

1834 4590 1837 4595 .
1883 4559 2011 4600 sana
2067 4554 2144 4600 tot
2194 4548 2464 4617 membra,
2519 4564 2625 4605 non
2662 4550 2843 4606 valent
2896 4552 2968 4608 ad
3016 4552 3134 4626 ejus
3176 4556 3369 4625 vitam,
3421 4565 3474 4617 et

193 4638 470 4711 quomodo
521 4638 622 4692 erit
661 4653 845 4693 verum
878 4638 1019 4708 quod
1060 4636 1131 4693 ibi
1182 4637 1257 4691 ait
1286 4639 1424 4715 :Qui
1465 4648 1651 4693 contra
1682 4654 1777 4693 vos
1808 4634 2051 4696 Dunum
2092 4636 2219 4692 illud
2264 4638 2601 4697 vulneratum
2651 4641 2793 4697 valet
2842 4643 2912 4698 ad
2958 4643 3120 4719 [ejus
3136 4645 3159 4720 J
3204 4657 3474 4707 mortem:

190 4744 305 4784 non
326 4740 430 4797 est,
460 4744 556 4800 pro
584 4729 737 4785 vobis
764 4730 880 4785 est?
914 4730 966 4784 In
991 4730 1092 4785 hoc
1122 4730 1269 4785 enim
1300 4728 1462 4797 facto,
1505 4746 1610 4785 non
1650 4746 1780 4786 con-

194 4836 280 4876 .ra
309 4836 424 4888 eos,
471 4821 565 4877 sed
590 4837 687 4891 pro
713 4821 791 4876 eis
815 4830 949 4885 erat,
982 4821 1069 4875 ubi
1106 4836 1206 4890 per
1236 4838 1430 4903 nomen
1459 4822 1656 4878 Christi
1689 4839 1779 4878 sa-

192 4914 393 4970 nitates
445 4913 804 4983 operahantur
833 4911 1224 4986 [operabatur].
1269 4912 1337 4969 Ut
1381 4929 1509 4984 ergo
1554 4926 1778 4986 utraque

191 5006 469 5064 sententia
500 5022 625 5062 vera
654 5006 743 5070 sit,
777 5006 933 5060 sicuti
965 5020 1091 5060 vera
1116 5014 1273 5061 estet
1304 5006 1391 5060 illa
1421 5007 1510 5063 ubi
1542 5008 1615 5062 ait
1643 5025 1655 5061 :
1680 5010 1782 5075 Qui

193 5115 314 5157 non
337 5109 416 5155 est
442 5115 673 5168 mecum,
716 5098 977 5155 adversus
1007 5114 1094 5154 me
1117 5108 1219 5168 est,
1249 5101 1408 5168 etqui
1440 5116 1651 5156 mecum
1676 5118 1785 5159 non

199 5191 430 5260 colligit,
462 5190 722 5262 dispergit
744 5234 757 5260 ,
789 5199 845 5245 et
873 5190 965 5245 illa
997 5191 1083 5246 ubi
1114 5191 1189 5245 ait
1214 5208 1229 5246 :
1251 5191 1432 5246 Nolite
1472 5192 1786 5262 prohibere,

192 5286 290 5356 qui
333 5284 472 5339 cnim
504 5294 688 5340 contra
722 5300 815 5339 vos
862 5299 967 5339 non
1024 5293 1128 5351 est,
1168 5300 1265 5357 pro
1300 5284 1452 5340 vobis
1500 5295 1583 5340 est
1616 5302 1631 5341 :
1660 5287 1790 5355 quid

196 5385 373 5434 restat
410 5376 835 5446 intelligendum,
887 5377 989 5433 nisi
1020 5376 1141 5448 quia
1173 5376 1264 5433 ille
1296 5377 1348 5432 in
1379 5378 1511 5433 tanti
1552 5380 1790 5436 nominis

208 5470 565 5527 veneratione
592 5468 987 5526 conﬁrmandus
1022 5470 1141 5538 fuit,
1175 5471 1264 5527 ubi
1296 5487 1400 5526 non
1444 5481 1558 5527 erat
1600 5482 1786 5529 contra

275 5585 355 5657 (ιθ)
389 5585 500 5640 iIoc
526 5585 665 5657 quod
686 5585 736 5639 in
760 5585 997 5655 margine
1018 5585 1265 5657 positum,
1296 5588 1421 5655 quia
1448 5588 1780 5657 superﬂuum

193 5655 504 5722 videbatur,
535 5656 796 5725 religione
824 5663 999 5710 tamen
1032 5656 1265 5722 adducti,
1303 5674 1369 5713 ne
1396 5660 1447 5711 itt
1477 5655 1581 5713 tam
1615 5662 1781 5715 veteri

192 5729 489 5795 exemplari
536 5727 733 5794 aliquid
773 5736 1133 5799 mutaremus,
1165 5729 1325 5783 etiam
1358 5729 1780 5799 adscripsimus:

276 5817 296 5851 ι
323 5799 391 5853 Et
444 5799 564 5853 ideo
610 5799 653 5854 si
702 5799 887 5855 venire
927 5798 992 5854 ad
1024 5799 1315 5854 Ecclesiam
1356 5798 1579 5856 volneri
1623 5802 1783 5859 debet

197 5882 227 5929 ι
259 5873 437 5927 omnia
465 5885 583 5941 qua:
610 5886 721 5929 non
746 5870 955 5944 accepit
980 5871 1249 5954 accipere,
1286 5872 1329 5928 si
1365 5888 1492 5927 vero
1522 5873 1778 5931 nonnulla

1885 4748 1991 4787 non
2016 4733 2199 4805 utique
2230 4734 2331 4791 hoc
2360 4734 2567 4801 dicunt,
2600 4735 2695 4791 sed
2738 4736 3035 4794 curandum
3068 4738 3308 4798 olferunt
3336 4761 3347 4795 :
3380 4757 3475 4807 nee

1885 4826 2006 4882 ideo
2046 4836 2220 4884 tamen
2265 4830 2389 4901 quia
2441 4828 2737 4885 curandum
2789 4830 3040 4900 oﬁ'erunt,
3089 4836 3357 4892 medicum
3390 4851 3474 4893 ro-

1887 4932 2036 4994 gant,
2066 4925 2313 4979 utetiam
2347 4926 2434 4980 illa
2467 4940 2587 4997 quae
2615 4940 2743 4981 sana
2771 4938 2895 4985 sunt
2936 4940 3111 4999 curet,
3143 4932 3239 4987 sed
3268 4931 3343 4986 illi
3387 4933 3474 4987 uni

1890 5017 2010 5073 loco
2039 5018 2360 5074 medicinam
2394 5020 2659 5077 instanter
2687 5021 2943 5080 adhibeat
2972 5026 3112 5082 unde
3133 5039 3281 5081 mors
3305 5026 3469 5083 etiam

1892 5108 2055 5164 salvis
2106 5109 2319 5165 caeteris
2360 5111 2622 5183 imminet,
2670 5124 2723 5169 et
2783 5115 2885 5170 nisi
2938 5126 3161 5172 sanetur
3204 5117 3475 5173 adveniet.

1894 5198 2028 5266 Quid
2057 5217 2186 5271 ergo
2217 5203 2435 5273 prodest
2461 5205 2687 5273 homini,
2717 5207 2799 5263 vel
2824 5223 2956 5263 sana
2987 5208 3143 5276 ﬁdes,
3182 5211 3266 5267 vel
3290 5206 3475 5270 sanum

1893 5292 2119 5351 fortasse
2150 5297 2320 5351 solum
2364 5298 2487 5355 ﬁdei
2528 5310 2949 5363 sacramentum,
3007 5300 3095 5357 ubi
3148 5303 3330 5359 lethali
3364 5307 3475 5361 vul-

1894 5402 2022 5443 nere
2050 5388 2353 5445 schismatis
2386 5402 2663 5463 perempta
2694 5402 2778 5449 est
2806 5392 3012 5448 sanitas
3043 5395 3322 5453 charitatis
3342 5437 3356 5462 ,
3385 5412 3475 5468 per
3496 5384 3525 5400 ”

1894 5477 2042 5548 cujus
2080 5479 2244 5533 solius
2292 5483 2743 5553 peremptionem,
2791 5480 2955 5537 etiam
2998 5482 3090 5537 illa
3127 5485 3331 5557 integra
3364 5496 3474 5542 tra-

1895 5611 1911 5643 t
1947 5594 2136 5669 eadem
2159 5593 2377 5657 faciunt,
2413 5610 2519 5651 non
2548 5611 2608 5651 se
2637 5598 2687 5650 in
2712 5598 2791 5651 eis
2815 5611 3215 5669 separaverunt,
3240 5614 3291 5657 et
3320 5619 3383 5659 ex
3415 5618 3477 5663 ea

1894 5681 1911 5713 ι
1949 5673 2095 5738 parte
2126 5666 2176 5719 in
2230 5676 2457 5721 textura:
2510 5683 2768 5738 compage
2817 5670 3144 5737 detinentur,
3185 5666 3236 5728 in
3280 5688 3473 5730 caetera

1895 5752 1913 5786 t
1941 5737 2091 5789 scissi
2125 5748 2267 5791 sunt.
2301 5738 2531 5792 Proinde
2560 5740 2603 5792 si
2634 5737 2789 5805 quem
2822 5740 2922 5794 sibi
2953 5746 3290 5809 sociaverint,
3318 5761 3381 5801 ex
3412 5760 3474 5805 ea

1894 5823 1912 5857 ‹
1944 5816 2093 5933 parte
2138 5811 2370 5937 nefctitur
2411 5810 2665 5867 Ecclesia
2691 5852 2706 5879 ,
2749 5810 2803 5867 in
2846 5826 2948 5882 qua
2992 5829 3093 5873 nec
3124 5817 3202 5873 illi
3231 5817 3468 5889 separati

1894 5895 1909 5933 ι
1936 5891 2035 5935 sun
2063 5918 2081 5937 .
2118 5898 2139 5935 ι
2170 5895 2200 5937 ε
2258 5919 2276 5935 .

1892 5895 1909 5933 t
1936 5891 2081 5947 sunt,
2118 5898 2139 5935 ι
2170 5891 2276 5938 etc.
