3986 6382
510 324 611 384 071

1499 319 1560 378 D.
1603 314 1928 378 EUGYPPII
1964 311 2254 373 ABBATIS
2291 312 2617 372 AFRICANI

3691 305 3790 366 872

517 451 711 504 bantur
743 445 811 502 ad
852 431 1104 503 mortem.
1140 439 1290 510 Quod
1315 415 1384 496 ne
1417 440 1508 494 fiat
1538 454 1646 494 non
1671 446 1852 493 cessat
1881 433 2098 490 miseri-
2126 433 2177 494 Α
2201 432 2446 487 cantibus
2472 429 2806 486 diversorum
2835 440 2866 481 a
2892 439 2991 483 sua
3022 423 3226 481 unitate
3253 423 3540 494 separatis,
3575 437 3673 492 per
3695 423 3788 482 hoc

516 542 699 597 cordia
728 539 850 609 D‘ei,
900 555 995 610 per
1048 538 1302 592 unitatem
1333 542 1534 588 sancta:
1577 530 1832 588 Ecclesia:
1876 543 2007 595 suae,
2042 534 2102 580 ut

517 636 744 695 veniant
787 642 842 691 et
872 641 1126 689 curentur
1165 644 1262 699 per
1303 626 1752 683 medicamentum
1780 621 2101 679 reconcilia-

518 732 702 798 tionis,
740 745 832 801 per
861 726 1135 782 vinculum
1164 723 1329 793 pacis.
1363 720 1472 777 Nec
1499 721 1620 776 ideo
1647 735 1705 775 se
1727 727 1912 789 putent
1942 729 2103 773 sanos

517 842 665 892 esse,
715 823 836 893 quia
879 820 1106 876 dicimus
1134 831 1228 872 eos
1258 815 1456 870 habere
1487 813 1690 883 aliquid
1735 825 1926 865 sanum
1961 825 1974 860 :
2004 821 2106 862 nec

518 930 703 972 rursus
732 913 852 969 ideo
883 921 1072 980 putent
1097 909 1392 964 curandum
1424 921 1564 972 esse,
1598 905 1742 976 quod
1776 916 1967 956 sanum
1994 906 2103 965 est,

518 1010 637 1080 quia
669 1005 1001 1060 ostendimus
1027 1003 1222 1073 aliquid
1256 1002 1616 1056 vulneratum.
1645 999 1826 1066 Itaque
1849 994 1900 1049 in
1923 1007 2107 1049 sacra-

517 1100 680 1157 menti
711 1099 962 1164 sanitate,
994 1096 1117 1167 quia
1166 1104 1351 1151 contra
1393 1109 1490 1148 nos
1533 1106 1639 1147 non
1673 1099 1818 1157 sunt,
1865 1102 1963 1158 pro
2010 1101 2108 1141 no-

519 1193 600 1248 bis
633 1201 777 1247 sunt.
803 1190 858 1245 lu
890 1190 1199 1246 schismatis
1226 1199 1406 1244 autem
1437 1187 1683 1254 vulnere,
1707 1181 1963 1254 quidquid
1985 1195 2108 1236 cum

519 1285 736 1341 ChriSIo
763 1299 870 1338 non
900 1283 1184 1352 colligunt,
1216 1289 1494 1351 spargunt.
1530 1277 1644 1333 Non
1673 1275 2010 1332 extollantur
2054 1279 2109 1327 et

523 1377 606 1431 his
634 1390 752 1446 quae
785 1374 1002 1429 habent.
1030 1373 1167 1441 Quid
1202 1381 1407 1426 tantum
1438 1386 1532 1440 per
1559 1385 1620 1425 ea
1647 1384 1765 1438 qua:
1813 1381 1943 1422 sana
1985 1372 2111 1419 sunt

521 1469 784 1539 superbos
826 1470 1013 1523 oculos
1041 1466 1287 1522 ducunt?
1339 1466 1405 1521 Et
1434 1465 1624 1520 vulnus
1672 1477 1828 1518 suum
1886 1461 2112 1530 dignen-

523 1571 610 1616 tur
655 1560 928 1616 humiliter
977 1559 1172 1614 intueri
1204 1577 1217 1614 :
1249 1573 1349 1614 nec
1386 1557 1562 1612 solum
1613 1555 1740 1626 quid
1793 1553 1954 1618 adsit,
2009 1551 2108 1606 sed

523 1653 682 1708 etiam
712 1651 839 1722 quid
875 1651 1014 1708 desit
1061 1650 1358 1706 attendant.
1395 1649 1622 1705 Videant
1663 1663 1822 1718 quam
1857 1645 2026 1701 multa
2055 1651 2112 1699 et

523 1761 680 1816 quam
711 1759 902 1814 magna
936 1744 1070 1798 nihil
1102 1744 1330 1813 prosint,
1373 1743 1419 1798 si
1449 1758 1610 1796 unum
1643 1741 1898 1812 quiddam
1925 1739 2111 1795 defue-
2195 1747 2201 1759 '

523 1839 630 1894 rit:
654 1847 708 1893 et
740 1838 961 1894 videant
991 1837 1116 1908 quid
1145 1836 1214 1891 sit
1243 1838 1415 1906 ipsum
1449 1851 1635 1903 unum,
1671 1850 1772 1890 nec
1801 1849 1888 1889 me
1927 1833 1980 1887 in
2011 1831 2110 1886 hoc
2139 1825 2190 1889 Β

522 1933 759 2000 audiant,
789 1933 882 1989 sed
911 1932 1226 2001 Apostolum
1249 1930 1338 1986 :Si
1362 1930 1558 2000 linguis
1586 1929 1882 1992 hominum,
1913 1924 2104 1997 inquit,

523 2021 713 2092 loquar
733 2031 790 2078 et
811 2023 1147 2093 angelorum,
1169 2022 1490 2078 charitatem
1517 2030 1694 2076 autem
1724 2035 1828 2074 non
1855 2019 2106 2085 habeam,

529 2113 701 2168 factus
734 2129 853 2168 sum
897 2121 1248 2168 :eramentum
1298 2127 1518 2177 sonans,
1570 2121 1624 2166 et
1652 2110 1958 2181 cymbalum
2007 2111 2112 2162 tin-

528 2205 722 2272 niens;
753 2217 807 2262 et
848 2208 893 2262 si
923 2207 1162 2262 habuero
1191 2207 1551 2277 prophetiam,
1603 2213 1659 2261 et
1704 2206 1880 2260 sciero
1928 2203 2108 2259 omnia

525 2312 881 2368 sacramenta,
905 2313 961 2358 et
991 2316 1205 2357 omnem
1237 2301 1544 2368 scientiam,
1577 2310 1632 2355 et
1652 2300 1697 2354 si
1730 2299 1968 2354 habuero
1995 2313 2111 2352 om-

525 2410 645 2450 nem
676 2394 835 2450 ﬁdem
869 2405 921 2449 ut
954 2406 1166 2449 montes
1199 2394 1538 2458 transferam,
1581 2391 1897 2448 charitatem
1929 2399 2106 2446 autem

525 2503 632 2541 non
662 2485 907 2553 habeam,
946 2487 1079 2541 nihil
1098 2502 1239 2542 sum.
1273 2485 1409 2553 Quid
1438 2500 1568 2557 ergo
1598 2485 1677 2541 eis
1706 2483 1950 2555 prodest,
1984 2481 2031 2537 si
2057 2490 2113 2538 et

526 2579 759 2648 linguam
791 2579 843 2634 in
894 2581 1062 2636 sacris
1108 2581 1381 2651 mysteriis
1413 2581 1648 2634 habeant
1696 2578 2014 2648 angelicam,
2058 2583 2113 2630 et

527 2674 865 2742 prophetiam
897 2674 1352 2744 quemadmodum
1383 2674 1616 2744 Caiphas
1649 2681 1704 2728 et
1735 2672 1889 2738 Saul,
1915 2680 1974 2726 ut
2011 2670 2113 2725 ali-

524 2764 740 2834 quando
777 2767 1120 2836 prophetent,
1166 2781 1300 2836 quos
1344 2766 1510 2821 fuisse
1540 2763 1878 2820 damnabiles
1925 2771 2110 2820 sancta

524 2858 799 2928 Scriptura
825 2863 1090 2916 testatur?
1116 2863 1172 2917 Si
1195 2869 1534 2920 sacramenta
1553 2877 1659 2918 non
1686 2869 1893 2916 tantum
1917 2860 2108 2930 sciant,

522 2950 617 3007 sed
649 2960 702 3007 et
730 2951 980 3018 habeant,
1016 2955 1154 3009 sicut
1185 2954 1371 3010 habuit
1395 2954 1578 3011 Simon
1609 2954 1791 3025 Magus
1817 2970 1830 3006 :
1856 2951 1902 3007 si
1929 2951 2110 3018 ﬁdem,

522 3043 658 3100 sicut
682 3043 946 3101 daemonia
975 3046 1225 3102 confessa
1254 3057 1379 3102 sunt
1410 3048 1714 3112 Christum;
1750 3061 1926 3116 neque
1969 3044 2113 3099 enim

521 3154 626 3194 non
647 3140 935 3195 credebant
952 3155 1075 3195 cum
1103 3141 1369 3207 dicerent,
1396 3140 1532 3209 Quid
1548 3139 1705 3196 nobis
1724 3148 1778 3194 et
1796 3138 1892 3194 tibi
1912 3135 2113 3192 estFili

522 3231 652 3298 Dei;
691 3233 891 3288 scimus
934 3234 1025 3304 qui
1056 3234 1132 3290 sis
1158 3233 1181 3286 τ
1220 3234 1267 3290 si
1307 3233 1630 3304 dispertiant
1657 3233 1819 3288 etiam
1851 3229 1952 3301 ipsi
1980 3230 2110 3285 sub-
2135 3230 2183 3295 C

521 3325 772 3380 statitiam
812 3340 965 3380 suam
995 3325 1340 3396 pauperibus,
1375 3325 1514 3380 sicut
1538 3325 1692 3381 multi
1717 3338 1824 3378 non
1855 3323 2028 3378 solum
2058 3320 2114 3376 in

522 3416 786 3474 catholica
807 3418 934 3485 ﬁde,
965 3419 1102 3492 [sed]
1125 3418 1178 3474 in
1212 3419 1442 3474 diversis
1472 3418 1772 3474 haeresihus
1803 3415 2003 3472 faciunt
2030 3433 2042 3468 :
2067 3414 2114 3470 si

521 3508 697 3588 aliqua
741 3511 1025 3580 ingruente
1072 3509 1472 3582 persecutione,
1516 3510 1730 3566 tradant
1771 3510 1838 3564 ad
1868 3508 2115 3563 ﬂammas

522 3599 802 3657 nobiscum
831 3617 1025 3672 corpus
1047 3617 1202 3658 suum
1234 3618 1332 3674 pro
1361 3601 1484 3670 ﬁde,
1521 3617 1682 3670 quam
1713 3602 1916 3671 pariter
1945 3599 2115 3654 conﬁ-

524 3699 744 3756 tentur;
777 3701 955 3748 tamen
985 3697 1108 3764 quia
1159 3694 1394 3764 separati
1421 3695 1539 3750 hare
1567 3703 1750 3766 agunt,
1791 3708 1896 3748 non
1951 3693 2116 3747 sull‘e-

524 3791 706 3837 rentes
738 3782 968 3838 invicem
1013 3786 1066 3839 in
1115 3785 1427 3852 dilectione,
1457 3801 1628 3855 neque
1672 3786 1955 3840 studentes
1996 3800 2114 3838 ser-

523 3885 652 3926 vare
691 3871 950 3929 unitatem
998 3877 1216 3944 spiritus
1247 3878 1300 3932 in
1336 3878 1550 3932 vincqu
1591 3878 1764 3948 pacis,
1794 3875 2114 3933 charitatem

523 3963 710 4025 utique
741 3980 849 4020 non
898 3965 1166 4036 habendo,
1221 3968 1386 4024 etiam
1416 3982 1538 4022 cum
1589 3969 1696 4025 illis
1739 3970 1989 4026 omnibus
2018 3972 2115 4040 qui

522 4054 655 4113 nihil
703 4057 784 4113 eis
839 4066 1084 4128 prosunt,
1139 4058 1206 4114 ad
1251 4066 1512 4115 aeternam
1559 4059 1786 4117 salutem
1834 4061 2116 4131 pervenire

521 4163 630 4207 non
662 4163 908 4222 possunt.
1077 4227 1305 4286 CAPUT
1342 4226 1501 4284 CCIX

525 4318 1297 4403 Objectionemndonntistarum
1353 4330 1525 4403 utrum
1555 4328 1786 4403 .generet
1834 4321 1970 4389 ﬁlios
2018 4320 2116 4374 ba-

593 4389 810 4516 ῥιίεηέιιε
848 4389 1036 4447 Christi
1082 4391 1138 4445 in
1183 4401 1327 4461 parte
1380 4389 1602 4459 Donati;
1634 4410 1699 4447 an
1736 4409 1838 4446 non
1879 4403 2110 4464 generet,

595 4477 650 4517 so
676 4479 719 4516 ut
751 4503 767 4517 .

593 4577 701 4634 Sed
731 4579 978 4634 videntur
1000 4577 1102 4634 sibi
1131 4578 1472 4650 argutissime
1509 4592 1774 4648 qurerere,
1809 4586 1987 4632 utrum
2011 4591 2108 4646 ge-

525 4680 679 4728 neret
699 4672 838 4728 ﬁlios
863 4673 1162 4742 baptismus
1182 4674 1379 4728 Christi
1405 4673 1458 4727 in
1483 4682 1632 4742 parte
1662 4672 1881 4738 Donati,
1908 4688 1974 4727 an
1999 4687 2106 4728 non

523 4765 792 4837 generet?
843 4773 899 4819 ut
927 4765 972 4819 si
1005 4767 1438 4821 conscnserimus
1469 4765 1614 4835 quod
1666 4774 1906 4833 generet,
1953 4779 2105 4818 suam

521 4872 643 4914 esse
673 4866 982 4914 asseverent
1014 4859 1305 4914 Ecclesiam
1338 4868 1584 4924 matrem,
1612 4874 1733 4929 quae
1765 4858 1905 4914 ﬁlios
1937 4856 2112 4926 potuit

522 4951 591 5008 de
619 4949 824 5007 Christi
854 4950 1173 5020 baptismate
1194 4964 1458 5020 generare
1483 4970 1497 5020 ;
1524 4961 1580 5009 et
1606 4953 1728 5023 quia
1759 4968 1917 5007 unam
1949 4967 2112 5021 opor-

522 5055 596 5103 tet
624 5061 746 5102 esse
795 5043 1114 5114 Ecclesiam,
1170 5060 1235 5100 es
1277 5047 1377 5102 hoc
1399 5046 1512 5116 jam
1560 5057 1801 5101 nostram
1832 5060 1940 5100 non
1991 5059 2111 5099 esse

519 5137 816 5199 Ecclesiam
841 5138 1233 5204 criminentur;
1257 5137 1303 5192 si
1327 5147 1502 5193 autem
1526 5137 1840 5206 dixerimus,
1872 5137 1987 5192 Non
2012 5151 2106 5207 ge-

519 5239 675 5289 nerat
704 5251 717 5287 :
746 5229 853 5285 Cur
881 5245 1033 5301 ergo,
1065 5230 1330 5301 inquiunt,
1373 5230 1514 5300 apud
1545 5245 1640 5286 vos
1670 5245 1775 5285 non
1810 5243 2106 5284 renascun-

519 5337 606 5382 tur
629 5338 726 5396 per
743 5323 1067 5395 baptismum
1099 5325 1186 5395 qui
1215 5333 1490 5380 transeunt
1517 5340 1546 5379 a
1575 5324 1730 5380 nobis
1766 5323 1833 5378 ad
1860 5339 1957 5378 vos
1984 5339 2108 5379 cum

519 5419 660 5489 apud
693 5431 793 5473 nos
841 5415 1036 5472 fuerint
1076 5418 1350 5488 baptizati,
1396 5418 1442 5473 si
1489 5417 1728 5472 nondum
1774 5417 1888 5471 nati
1940 5426 2107 5483 sunt;

518 5516 670 5585 quasi
701 5526 831 5569 vero
858 5527 924 5566 ex
955 5514 1057 5570 hoc
1086 5522 1302 5584 generet
1331 5513 1472 5569 unde
1500 5520 1744 5582 separata
1774 5519 1877 5577 est,
1921 5521 1976 5567 et
2002 5525 2109 5566 non

519 5622 586 5663 ex
610 5606 732 5674 huc,
763 5607 906 5664 unde
932 5609 1218 5679 conjuncta
1248 5620 1329 5667 est
1353 5627 1368 5665 :
1393 5617 1637 5680 separata
1668 5619 1750 5663 est
1777 5610 1924 5664 enim
1950 5624 1980 5664 a
1999 5608 2116 5663 vin-

519 5703 640 5757 culo
667 5703 943 5759 charitatis
973 5714 1026 5758 et
1055 5705 1220 5774 pacis,
1254 5704 1347 5759 sed
1368 5703 1550 5775 juncta
1597 5711 1684 5758 est
1711 5703 1763 5758 in
1792 5718 1900 5757 uno
1935 5702 2114 5770 bapti-

523 5803 713 5850 smate.
746 5796 931 5868 Itaque
970 5811 1070 5850 una
1122 5806 1203 5852 est
1251 5797 1519 5864 Ecclesia,
1547 5810 1666 5866 quas
1696 5794 1813 5850 sola
1842 5793 2106 5849 catholica

525 5885 851 5958 nominatur,
899 5895 956 5946 et
985 5887 1240 5960 quidquid
1279 5890 1434 5954 suum
1468 5888 1648 5958 habet,
1707 5886 1763 5943 in
1806 5886 2116 5944 communi-

2204 524 2343 595 quod
2373 539 2530 580 suum
2577 523 2632 578 in
2679 520 2755 578 eis
2799 519 2977 586 habet,
3011 518 3128 588 ipsa
3171 517 3357 586 utique
3398 523 3658 585 generat,
3692 529 3789 569 non

2205 617 2328 672 illm.
2363 616 2544 686 Neque
2573 615 2714 671 enim
2765 611 3032 684 separatio
3059 625 3245 667 earum
3278 606 3522 683 [eorum]
3554 618 3787 678 generat,

2204 708 2298 763 sed
2329 708 2468 777 quod
2515 721 2696 762 secum
2739 706 2806 762 de
2832 707 2930 760 ista
2976 713 3303 759 tenuerunt:
3333 700 3481 773 quod
3518 701 3568 757 si
3602 712 3655 759 et
3691 704 3785 758 hoc

2207 799 2495 869 dimittant,
2533 799 2753 856 omnino
2789 814 2896 855 non
2921 803 3200 868 generant.

2794 912 3020 970 CAPUT
3059 911 3218 967 CCX.

2214 1027 2365 1097 Quod
2402 1028 2555 1084 etiam
2589 1028 2721 1083 male
2761 1034 3110 1080 conversantes
3140 1022 3419 1079 catholicos
3451 1023 3577 1094 ipsa
3605 1032 3786 1092 genere:

2754 1114 2868 1169 quae
2889 1107 2936 1151 et
2966 1098 3254 1153 Simonem.

2285 1219 2409 1275 Haec
2437 1219 2613 1290 itaque
2643 1218 2697 1273 in
2727 1215 2978 1272 omnibus
3005 1221 3251 1284 generat,
3280 1211 3438 1282 cujus
3467 1218 3783 1265 sacramenta

2213 1315 2530 1370 retinentur.
2582 1312 2736 1369 Unde
2779 1311 2950 1383 possit
2994 1311 3101 1365 tale
3143 1307 3342 1378 aliquid
3375 1306 3686 1375 ubicunque
3703 1319 3775 1375 ge-

2213 1412 2413 1477 nerari,
2455 1408 2698 1480 quamvis
2747 1422 2854 1464 non
2896 1419 3087 1462 omnes
3136 1418 3270 1474 quos
3300 1412 3557 1473 generat,
3591 1400 3653 1454 ad
3689 1401 3781 1469 ejus

2214 1507 2520 1576 pertineant
2563 1504 2848 1568 unitatem,
2881 1516 3000 1573 quae
3028 1510 3201 1569 uSque
3253 1499 3306 1552 in
3356 1497 3531 1551 ﬁnem
3565 1509 3780 1565 perseve-

2215 1607 2395 1654 rantes
2424 1596 2652 1653 salvabit
2680 1592 2917 1669 [salvat].
2951 1591 3135 1662 Neque
3163 1589 3306 1645 enim
3343 1587 3400 1642 hi
3433 1587 3543 1642 soli
3586 1586 3648 1640 ad
3685 1601 3780 1640 eam

2216 1706 2325 1746 non
2377 1691 2671 1758 pertinent,
2727 1689 2818 1760 qui
2870 1685 3230 1756 separationis
3282 1691 3476 1752 aperto
3531 1678 3781 1747 sacrilegio

2218 1782 2483 1837 manifesti
2533 1789 2678 1845 sunt,
2710 1779 2806 1834 sed
2849 1778 3012 1833 etiam
3063 1775 3161 1840 illi,
3215 1773 3307 1844 qui
3337 1773 3393 1827 in
3437 1771 3562 1840 ejus
3608 1771 3778 1824 unitate

2215 1875 2565 1945 corporaliter
2595 1872 2772 1937 mixti,
2802 1886 2902 1942 per
2931 1871 3092 1924 vitam
3130 1868 3422 1938 pessimam
3464 1873 3772 1933 separantur.

2218 1967 2425 2021 Etenim
2465 1967 2739 2021 Simonem
2783 1965 2994 2034 Magum
3035 1977 3131 2030 per
3170 1952 3441 2030 baptisma
3493 1959 3601 2027 ipsa
3643 1971 3774 2026 pepe-

2215 2071 2379 2126 rerat,
2423 2060 2508 2113 cui
2541 2069 2721 2113 tamen
2750 2057 2953 2112 dictum
2985 2064 3086 2120 est,
3117 2055 3259 2123 quod
3299 2067 3406 2107 non
3441 2051 3648 2106 haberet
3675 2063 3774 2116 par-

2216 2160 2322 2206 tem
2365 2151 2418 2206 in
2468 2151 2782 2206 haereditate
2820 2149 2920 2220 15
2966 2147 3186 2204 Christi.
3247 2143 3487 2212 Nunquid
3530 2144 3577 2198 ei
3621 2140 3775 2207 bapti-

2215 2261 2363 2306 smus
2391 2289 2408 2316 ,
2444 2246 2683 2316 nunquid
2733 2244 3119 2312 Evangelium,
3174 2239 3403 2310 nunquid
3453 2243 3766 2292 sacramenta

2216 2341 2540 2399 defuerunt?
2571 2341 2664 2394 sed
2696 2341 2819 2408 quia
2861 2337 2908 2391 ei
2939 2337 3175 2391 charitas
3205 2333 3381 2397 defuit,
3408 2330 3592 2385 frustra
3618 2338 3762 2382 natus

2215 2445 2318 2504 est,
2354 2445 2408 2490 et
2454 2434 2504 2489 ei
2552 2431 2870 2502 expediebat
2915 2430 3143 2484 fortasse
3187 2442 3292 2480 non
3327 2424 3480 2478 nasci.
3522 2417 3771 2486 Numquid

2216 2542 2323 2583 non
2380 2533 2535 2581 erant
2586 2522 2699 2577 nati
2750 2522 2940 2592 quibus
2989 2517 3278 2589 Apostolus
3340 2511 3769 2578 dicitzTanquam

2217 2620 2453 2693 parvulis
2480 2620 2530 2672 in
2553 2617 2769 2673 Christo
2789 2615 2870 2669 lac
2897 2615 3049 2669 vobis
3072 2622 3254 2682 potum
3285 2610 3432 2674 dedi,
3463 2623 3566 2663 non
3586 2618 3764 2660 escam:

2217 2729 2312 2770 eos
2353 2723 2529 2767 tamen
2560 2709 2842 2778 sacrilegio
2870 2707 3250 2763 schismatihus
3272 2704 3325 2777 [τι
3358 2703 3632 2770 sacrilegio
3654 2697 3764 2752 schio

2215 2802 2424 2875 amatis]
2455 2809 2688 2866 revocat,
2732 2801 2784 2854 in
2818 2800 2960 2870 quod
2997 2799 3119 2854 ideo
3149 2796 3440 2852 inruebant
3470 2786 3748 2866 [inustum],

2217 2899 2339 2969 quia
2369 2895 2612 2952 carnales
2638 2901 2791 2949 erant
2816 2915 2828 2949 :
2856 2893 3016 2959 Quasi
3039 2891 3305 2962 parvulis,
3345 2889 3545 2958 inquit,
3572 2888 3610 2941 in
3625 2882 3740 2937 Chri-

2216 3000 2302 3048 sto
2332 2991 2412 3045 lac
2435 2989 2587 3045 vobis
2612 2997 2792 3057 potum
2824 2986 2969 3053 dedi,
3002 3000 3105 3040 non
3136 2998 3316 3039 escam
3343 3023 3356 3046 ,
3393 2981 3615 3037 nondum
3639 2975 3749 3030 enim

2219 3083 2499 3155 poteratis,
2552 3080 2646 3136 sed
2698 3094 2799 3135 nec
2854 3079 3028 3134 adhuc
3075 3077 3290 3148 quidem
3336 3075 3582 3145 potestis,
3626 3071 3762 3123 adhuc

2217 3177 2358 3233 enim
2386 3178 2518 3232 estis
2545 3175 2810 3230 carnales.
2843 3171 2979 3228 Cum
3011 3172 3153 3226 enim
3203 3167 3313 3224 sint
3344 3169 3494 3222 inter
3527 3180 3612 3219 vos
3637 3176 3764 3217 semu-

2217 3271 2346 3328 latio
2377 3278 2430 3325 et
2459 3268 2755 3333 contentio,
2802 3281 2984 3321 nonne
3033 3263 3277 3320 carnales
3321 3263 3478 3328 estis,
3523 3271 3574 3316 et
3613 3271 3768 3312 secun-

2217 3364 2344 3420 dum
2392 3363 2663 3418 hominem
2715 3358 3039 3415 ambulalis?
3090 3359 3222 3414 Cum
3268 3357 3416 3412 enim
3460 3356 3575 3423 quis
3618 3353 3767 3412 dicat,

2217 3459 2329 3528 Ego
2375 3458 2593 3530 quidem
2651 3471 2771 3510 sum
2824 3454 3000 3516 Pauli,
3036 3452 3172 3507 alius
3203 3461 3404 3517 autem,
3440 3450 3550 3519 Ego
3593 3445 3771 3516 Apoll-1,

2218 3565 2396 3606 nonne
2422 3550 2667 3605 homines
2696 3547 2865 3603 estis?
2889 3546 2956 3601 de
3000 3546 3083 3600 his
3133 3544 3277 3599 enim
3309 3558 3472 3612 supra
3503 3541 3659 3595 dicit:
3689 3537 3771 3592 Ob-

2216 3658 2371 3699 secro
2415 3650 2591 3697 autem
2627 3656 2746 3707 vos,
2781 3639 2996 3705 fratres,
3033 3654 3131 3707 per
3158 3650 3352 3691 nomen
3386 3634 3585 3690 Domini
3631 3627 3774 3684 nostri

2215 3737 2345 3794 Jesu
2374 3733 2591 3800 Christi,
2647 3743 2704 3787 ut
2729 3732 2959 3802 idipsum
2989 3730 3178 3785 dicatis
3211 3743 3416 3792 omnes,
3449 3735 3498 3780 et
3545 3737 3644 3777 non
3674 3724 3775 3773 sint

2217 3830 2273 3886 in
2299 3827 2451 3885 vobis
2493 3827 2809 3892 schismata,
2852 3824 2968 3878 sitis
3019 3831 3199 3878 autem
3249 3819 3452 3891 perfecti
3493 3815 3541 3869 in
3588 3813 3766 3867 eodem

2217 3937 2380 3978 sensu
2429 3929 2484 3976 et
2535 3921 2588 3974 in
2619 3920 2807 3974 eadem
2861 3915 3149 3971 sententia.
3184 3913 3471 3968 Nuntiatum
3516 3917 3595 3961 est
3635 3906 3772 3960 enim

2219 4021 2348 4077 mihi
2378 4019 2446 4075 de
2497 4018 2673 4082 vobis,
2704 4015 2900 4072 fratres
2947 4011 3073 4080 mei,
3125 4011 3194 4067 ab
3222 4011 3307 4066 his
3338 4007 3436 4079 ,qui
3464 4014 3584 4060 sunt
3607 4000 3781 4066 Cloes,

2217 4114 2342 4184 quia
2379 4109 2752 4166 contentiones
2800 4113 2928 4161 sunt
2973 4106 3027 4158 in
3061 4102 3257 4158 vobis:
3290 4101 3392 4155 hoc
3435 4105 3610 4151 autem
3655 4092 3784 4156 dico,

2217 4202 2338 4276 quia
2391 4201 2755 4272 unusquisque
2785 4206 3022 4253 vestrum
3065 4195 3236 4250 dicit:
3270 4193 3384 4264 Ego
3426 4189 3642 4260 quidem
3684 4199 3786 4242 sum

2220 4294 2392 4364 Pauli,
2423 4310 2522 4364 ego
2552 4302 2730 4349 autem
2769 4291 2982 4361 Apollo,
3010 4304 3111 4359 ego
3153 4301 3284 4342 vero
3325 4285 3553 4356 Cephea,
3595 4297 3687 4353 ego
3713 4295 3786 4334 λιιι

2219 4399 2326 4446 tem
2355 4387 2593 4453 Christi;
2641 4386 2844 4441 divisus
2891 4393 2973 4440 est
3019 4381 3300 4438 Christus?
3345 4379 3596 4448 nunquid
3625 4376 3785 4432 Paulus

2219 4481 2510 4538 crucifixus
2553 4489 2635 4535 est
2674 4494 2773 4548 pro
2801 4476 2954 4532 vobis
3002 4485 3093 4530 aut
3123 4475 3174 4529 in
3207 4476 3431 4527 nomine
3464 4471 3624 4527 Pauli
3652 4467 3783 4536 bapti-

2221 4578 2326 4632 zati
2353 4575 2483 4632 estis
2507 4576 2530 4629 ?
2556 4573 2647 4629 Isti
2671 4587 2821 4644 ergo,
2848 4572 2892 4628 si
2918 4571 2971 4626 in
2995 4571 3096 4625 hac
3124 4568 3498 4624 obstinatione
3524 4577 3586 4624 et
3614 4576 3779 4637 perter-

2217 4672 2377 4728 sitate
2403 4678 2770 4736 remanerent,
2798 4675 2947 4722 certe
2987 4665 3202 4736 quidem
3235 4663 3349 4719 nati
3378 4674 3571 4729 erant,
3617 4676 3701 4716 nec
3725 4670 3785 4709 ta-

2218 4779 2340 4820 men
2369 4763 2434 4817 ad
2465 4764 2632 4833 ipsam
2663 4759 2978 4824 Ecclesiam,
3011 4759 3078 4813 de
3104 4773 3206 4827 qua
3236 4758 3347 4810 nati
3379 4766 3578 4824 erant,
3608 4770 3694 4826 per
3716 4764 3790 4822 pa-

2218 4856 2296 4914 cis
2325 4866 2488 4927 atque
2513 4855 2732 4912 unitatis
2762 4854 3061 4918 vinculum,
3095 4851 3460 4921 pertinerent.

2788 4968 3016 5025 CAPUT
3056 4965 3235 5022 CCXI.

2224 5063 2410 5120 Utrum
2447 5067 2585 5136 apud
2611 5063 2876 5119 hwreticos
2918 5062 3028 5136 Ιιᾳνο
3063 5061 3158 5136 ﬁat
3190 5060 3420 5115 remissio
3456 5069 3804 5132 peccatorum;

2787 5150 2852 5188 ex
2881 5133 3057 5187 eodem
3083 5134 3233 5186 libro.

2293 5229 2433 5300 Ergo
2482 5228 2598 5298 ipsa
2645 5235 2886 5298 generat,
2919 5235 2974 5282 et
3003 5241 3098 5296 per
3142 5235 3356 5280 uterum
3407 5239 3612 5294 suum,
3645 5235 3696 5281 et
3734 5235 3810 5292 per

2222 5337 2402 5382 uteros
2428 5323 2744 5380 ancillarum
2782 5337 2851 5378 ex
2895 5320 3100 5377 eisdem
3144 5323 3542 5387 sacramentis,
3578 5330 3809 5391 tanquam

2220 5434 2284 5475 ex
2314 5417 2414 5473 viri
2442 5417 2523 5472 sui
2549 5415 2778 5472 semine.
2797 5413 2911 5469 Non
2934 5413 3080 5468 enim
3110 5412 3311 5469 frustra
3339 5413 3477 5468 dicit
3508 5413 3810 5484 Apostolus,

2220 5511 2399 5568 omnia
2431 5510 2519 5564 illa
2567 5510 2619 5563 in
2649 5508 2819 5578 figura
2847 5522 2968 5563 esse
3007 5515 3158 5578 gesta
3190 5524 3203 5559 :
3235 5505 3332 5562 sed
3371 5507 3470 5576 qui
3505 5505 3817 5576 superbiant

2221 5616 2273 5662 et
2319 5605 2568 5674 legitima:
2613 5604 2771 5658 matri
2829 5617 2934 5656 non
2986 5601 3381 5672 adjunguntur,
3434 5601 3668 5655 similes
3716 5603 3820 5651 sunt

2221 5698 2492 5764 Ismaheli,
2538 5697 2605 5751 de
2651 5710 2756 5766 quo
2803 5695 3006 5750 dictum
3044 5693 3344 5764 estzEjice
3373 5694 3656 5750 ancillam
3688 5702 3740 5747 et
3768 5687 3820 5741 ﬁ—

2223 5792 2351 5848 lium
2383 5791 2520 5861 ejus,
2565 5805 2672 5845 non
2715 5788 2858 5845 enim
2890 5787 3073 5844 haeres
3111 5787 3214 5844 erit
3243 5786 3388 5842 ﬁlius
3421 5789 3688 5850 ancillae,
3718 5797 3825 5839 cum

2223 5890 2335 5948 ﬁlio
2373 5901 2494 5946 meo
2523 5885 2687 5955 Isaac.
2719 5884 2821 5954 Qui
2865 5895 3043 5943 autem
3097 5882 3321 5957 paciﬁce
3369 5881 3631 5955 diligunt
3675 5877 3829 5953 legiti-
