3986 6382
220 409 302 476 873
1341 409 1780 474 THESAURUS.
1821 409 1973 470 CAP.
2017 405 2225 470 CCXII.

3318 396 3423 464 87‘

217 546 328 588 mam
351 529 491 601 patris
529 524 613 586 sui
646 527 951 600 coniugem,
982 519 1152 596 [cujus
1200 520 1442 596 legitimo
1486 527 1609 597 jure
1645 540 1739 596 ge-
1761 525 1816 587 Δ
1841 525 2162 580 auctoritate
2191 525 2475 592 coguntur.
2507 515 2703 587 Quaero
2732 529 2860 589 ergo
2879 522 3056 573 utrum
3080 514 3346 574 fateantur
3366 520 3422 578 ei

216 624 352 684 nerati
367 633 492 691 sunt,
519 623 728 679 similes
756 631 879 678 sunt
908 621 1028 676 ﬁliis
1050 620 1243 685 Jacob,
1265 622 1509 690 quamvis
1537 618 1604 672 de
1639 633 1737 672 an-

212 716 322 772 cillis
337 718 470 784 natis,
492 716 588 772 sed
615 713 1055 770 tamen'eamdem
1078 711 1451 767 hmreditatem
1471 710 1736 766 sumenti-

211 808 305 867 bus.
325 808 404 878 Qui
428 815 604 865 autem
631 807 700 863 de
729 816 882 863 utero
926 806 1092 873 ipsius
1121 804 1312 858 matris
1340 804 1483 860 intus
1529 803 1582 860 in
1618 799 1740 856 uni-

211 907 298 956 tate
342 901 469 966 nati,
529 901 801 970 negligunt
850 898 1075 968 gratiam
1138 911 1302 966 quam
1365 902 1734 964 acceperunt,

206 992 372 1048 similes
393 1000 509 1047 sunt
527 991 670 1046 Esau
698 990 812 1045 (ilio
841 990 1010 1054 Isaac,
1033 988 1124 1058 qui
1147 987 1468 1057 reprobatus
1498 994 1599 1049 est,
1627 984 1738 1040 Deo

204 1093 440 1140 attestante
467 1093 520 1140 et
547 1084 797 1139 dicente:
831 1081 999 1137 Jacob
1028 1081 1216 1147 dilexi,
1240 1079 1383 1134 Esau
1403 1089 1581 1132 autem
1613 1077 1740 1132 odio

203 1176 334 1232 habui
356 1191 494 1231 :cum
521 1177 680 1232 ambo
707 1191 772 1231 ex
795 1189 903 1229 uno
925 1170 1212 1229 concubitu
1243 1171 1510 1240 concepti,
1534 1185 1603 1226 ex
1632 1184 1737 1226 uno

202 1277 329 1326 utero
354 1269 446 1323 nati
471 1267 595 1322 sint.
629 1267 888 1334 Quaerunt
918 1265 1081 1320 etiam
1105 1275 1280 1318 utrum
1314 1270 1535 1332 peccata
1559 1261 1740 1317 dimit-

199 1368 349 1416 tantur
377 1373 460 1430 per
488 1359 812 1429 baptismum
848 1359 902 1413 in
933 1367 1086 1428 parte
1127 1353 1339 1423 Donati,
1371 1364 1430 1409 ut
1455 1354 1501 1410 si
1531 1353 1740 1410 dixeri-

197 1466 300 1509 mus
317 1452 511 1518 dimitti,
536 1451 931 1522 respondeant:
957 1449 1100 1519 Ergo
1121 1458 1202 1504 est
1222 1448 1340 1503 illic
1360 1447 1590 1516 Spiritus
1615 1460 1740 1502 san-

194 1551 313 1611 ctus,
341 1543 448 1612 quia
492 1556 613 1597 cum
661 1538 971 1596 insufflante
1017 1538 1270 1604 Domino,
1301 1536 1460 1591 datus
1489 1544 1634 1592 esset
1659 1533 1740 1589 di-

193 1633 400 1706 seipulis,
434 1642 557 1689 tunc
588 1642 802 1688 secutus
828 1643 911 1688 est
940 1640 996 1688 et
1029 1633 1104 1686 ait
1128 1648 1141 1685 :
1169 1630 1443 1700 Baptizate
1469 1638 1656 1699 gentes
1685 1628 1740 1684 in

190 1727 382 1781 nomine
404 1723 571 1781 Patris
599 1733 652 1780 et
675 1723 796 1779 Filii
825 1732 882 1778 et
906 1722 1141 1792 Spiritus
1165 1722 1336 1777 sancti
1365 1738 1377 1775 :
1402 1722 1448 1776 si
1470 1719 1558 1776 cui
1583 1719 1741 1775 dimi-

185 1813 342 1872 seritis
361 1825 590 1885 peccata,
623 1813 960 1870 dimittentur
979 1814 1062 1881 ei,
1095 1813 1142 1868 si
1162 1814 1250 1868 cui
1275 1813 1556 1868 tenueritis
1588 1821 1740 1868 tene-

1841 617 2062 672 dimissa
2103 613 2352 685 peccata?
2383 610 2626 681 profecto
2673 608 3005 665 fatebuntur.
3050 610 3180 665 ltem
3238 625 3424 680 quaero

1840 722 1937 763 cur
1957 708 2006 763 ei
2027 707 2223 763 dixerit
2239 707 2428 762 Petrus
2455 720 2560 761 non
2584 720 2706 760 eum
2729 704 2930 760 habere
2955 715 3162 775 partem
3192 705 3244 759 in
3269 713 3421 760 sorte

1840 802 2186 858 sanctorum?
2213 802 2368 869 Quia,
2399 801 2662 871 inquiunt,
2691 808 2874 868 postea
2905 800 3170 868 peccavit,
3198 798 3424 869 pecunia

1839 893 2029 948 volens
2071 907 2253 947 emere
2281 891 2479 946 donum
2518 891 2634 957 Dei,
2665 890 2824 960 cujus
2853 889 3162 946 venditores
3207 901 3426 959 aposto-

1841 985 1923 1041 los
1953 983 2198 1039 credidit.
2228 983 2365 1051 Quid
2397 983 2441 1036 si
2472 982 2540 1036 ad
2580 983 2755 1052 ipsum
2795 983 3120 1052 baptismum
3151 983 3305 1037 fictus
3338 997 3427 1038 ac-

1841 1077 2023 1144 cessit,
2051 1075 2272 1131 dimissa
2299 1082 2423 1130 sunt
2441 1075 2490 1130 ei
2522 1082 2760 1144 peccata,
2786 1089 2852 1130 an
2880 1090 2988 1131 non
3019 1083 3146 1130 sunt
3167 1075 3424 1130 dimissa?

1841 1169 2041 1240 eligant
2086 1164 2230 1237 quod
2276 1165 2481 1231 volunt,
2538 1164 2852 1220 utrumlibet
2894 1165 3176 1236 elegerint,
3227 1163 3429 1219 sufficit

1843 1263 2034 1322 nobis;
2065 1262 2110 1316 si
2156 1261 2378 1317 dimissa
2408 1261 2666 1328 dixerint,
2709 1259 2979 1331 quomodo
3027 1274 3158 1330 ergo
3200 1259 3430 1329 Spiritus

1841 1365 2061 1411 sanctus
2090 1353 2385 1424 disciplinac
2413 1352 2632 1425 eﬂ‘ugiet
2661 1352 2868 1418 fictum,
2898 1351 2944 1407 si
2976 1351 3031 1407 in
3057 1352 3160 1406 isto
3186 1351 3313 1406 ficto
3339 1363 3432 1404 re-

1843 1449 2156 1504 missionem
2186 1457 2443 1518 operatus
2465 1456 2548 1503 est
2575 1455 2916 1516 peccatorum
2937 1447 2960 1501 τ
2985 1446 3030 1502 si
3056 1447 3292 1502 dixerint
3321 1460 3430 1501 non

1843 1554 1967 1597 esse
1995 1540 2242 1607 dimissa,
2274 1553 2461 1610 quaero
2488 1540 2533 1595 si
2564 1549 2751 1608 postea
2785 1539 3054 1595 ﬁctionem
3085 1553 3238 1594 suam
3267 1538 3430 1594 corde

1846 1650 2115 1691 concusso
2161 1645 2218 1691 et
2253 1649 2382 1692 vero
2423 1634 2612 1690 dolore
2641 1633 2919 1699 fateretur,
2954 1633 3132 1690 denuo
3158 1635 3430 1702 baptizan-

1843 1726 1946 1781 dus
1970 1726 2338 1796 judicaretur?
2366 1724 2520 1794 Quod
2551 1725 2596 1780 si
2626 1724 3090 1780 dementissimum
3118 1733 3202 1781 est
3229 1725 3432 1790 dicere,

1845 1820 2112 1875 fateantur
2140 1834 2270 1875 vero
2299 1819 2564 1890 baptismo
2599 1817 2799 1873 Christi
2847 1817 3109 1887 baptizari
3139 1831 3298 1887 posse
3331 1818 3432 1871 ho-

183 1907 382 1975 buntur,
411 1915 463 1964 et
487 1908 532 1963 si
564 1908 636 1962 ita
660 1914 764 1972 est,
800 1905 1072 1976 inquiunt,
1102 1903 1411 1961 communio
1451 1911 1634 1958 nostra
1659 1910 1737 1958 est

1849 1913 2070 1977 minem,
2101 1920 2156 1968 et
2185 1920 2365 1967 tamen
2392 1925 2488 1966 cor
2515 1908 2636 1980 ejus
2681 1911 2734 1965 in
2767 1908 2996 1974 malitia,
3025 1909 3109 1963 vel
3151 1909 3434 1978 sacrilegio

182 2003 394 2060 Ecclesia
416 2002 634 2062 Christi.
657 2001 774 2057 Non
805 2000 948 2056 enim
978 2007 1176 2071 praeter
1217 1997 1517 2054 Ecclesiam
1547 1996 1737 2052 dimis-

178 2098 363 2154 sionem
390 2105 728 2168 peccatorum
761 2093 997 2165 Spiritus
1028 2101 1245 2148 sanctus
1284 2098 1540 2162 operatur
1567 2107 1579 2142 :
1609 2097 1665 2144 et
1690 2086 1739 2148 si

176 2197 345 2245 nostra
371 2189 671 2246 communio
713 2196 798 2243 est
829 2185 1073 2243 Ecclesia
1098 2181 1321 2250 Christi,
1353 2197 1461 2239 non
1511 2189 1595 2238 est
1636 2180 1739 2235 Ec-

173 2280 321 2336 clesia
344 2279 534 2336 Christi
563 2288 744 2335 vestra
770 2277 1102 2334 communio.
1139 2274 1257 2330 Una
1290 2280 1374 2328 est
1409 2272 1553 2327 enim
1581 2284 1736 2340 quae.-

171 2386 366 2441 cunque
390 2372 474 2426 illa
495 2374 566 2426 sit
602 2372 672 2426 de
710 2385 813 2441 qua
856 2370 1059 2424 dictum
1088 2374 1172 2423 est
1195 2385 1210 2421 :
1230 2365 1349 2421 Una
1376 2373 1461 2420 est
1490 2362 1740 2418 columba

172 2478 312 2532 mea,
341 2478 438 2518 una
463 2472 546 2518 est
590 2463 750 2518 matri
799 2476 932 2516 suae.
961 2459 1074 2515 Nec
1099 2465 1328 2528 possunt
1373 2455 1629 2511 Ecclesiae
1659 2461 1740 2509 tot

171 2567 310 2622 esse,
338 2563 462 2624 quot
509 2553 823 2608 schismata.
873 2550 932 2607 Si
978 2559 1156 2604 autem
1185 2548 1499 2612 dixerimus,
1529 2558 1636 2600 non
1665 2543 1738 2599 ibi

161 2646 350 2703 dimitti
391 2655 607 2715 peccata
639 2663 651 2700 :
682 2646 846 2718 Ergo,
890 2643 1170 2714 inquiunt,
1198 2655 1306 2698 non
1332 2649 1415 2696 est
1448 2639 1557 2695 illic
1580 2652 1740 2694 verus

156 2739 470 2809 baptismus,
506 2750 562 2794 et
604 2746 889 2809 propterea
920 2750 1055 2806 quos
1092 2749 1122 2790 a
1151 2734 1309 2790 nobis
1342 2731 1614 2802 suscipitis
1641 2744 1740 2786 vos

153 2829 418 2899 baptizare
445 2828 655 2885 debetis
680 2847 692 2886 :
723 2827 864 2899 quod
893 2827 1019 2897 quia
1046 2841 1151 2880 non
1184 2823 1380 2889 facitis,
1411 2822 1464 2876 in
1495 2820 1738 2877 Ecclesia

152 2922 351 2978 Christi
375 2936 470 2977 vos
500 2936 608 2976 non
637 2934 761 2976 esse
783 2918 1046 2975 fatemini.
1076 2917 1172 2972 liis
1194 2916 1269 2972 ita
1297 2915 1623 2984 resistimus,
1650 2926 1738 2969 se-

147 3014 383 3070 cundum
413 3013 710 3084 scripturas
739 3026 832 3069 eos
869 3012 1286 3081 interrogantes,
1321 3015 1380 3064 ut
1405 3007 1549 3079 quod
1578 3021 1608 3060 a
1639 3020 1737 3060 no-

145 3107 230 3162 bis
262 3116 504 3177 quazrunt
550 3107 653 3162 sibi
685 3108 785 3178 ipsi
834 3105 1217 3178 respondeant.
1263 3102 1458 3170 Quaero
1503 3100 1648 3157 enim
1678 3104 1738 3153 ut

145 3202 326 3258 dicant
363 3210 540 3256 utrum
590 3200 931 3256 dimittantur
977 3208 1197 3269 peccata
1227 3196 1318 3254 ubi
1346 3197 1582 3251 charitas
1627 3207 1734 3249 non

1843 2018 2232 2076 perseverans,
2286 2015 2631 2076 peccatorum
2692 2003 3043 2059 abolitionem
3093 2016 3200 2057 non
3249 2001 3433 2056 sinere

1843 2097 1982 2167 fieri,
2016 2107 2174 2169 atque
2201 2097 2273 2152 ita
2297 2097 2618 2168 intelligant,
2650 2095 2706 2151 in
2733 2093 3202 2153 communionibus
3231 2094 3300 2150 ab
3329 2095 3434 2148 Ec-

1842 2191 2008 2247 clesia
2036 2191 2324 2261 separatis,
2356 2205 2517 2260 posse
2543 2189 2790 2244 homines
2819 2187 3078 2258 baptizari
3109 2187 3197 2241 ubi
3229 2184 3435 2243 Christi

1843 2282 2142 2352 baptismus
2185 2281 2375 2337 eadem
2421 2280 2744 2336 sacramenti
2786 2277 3152 2334 celebratione
3182 2276 3339 2330 datur
3380 2289 3438 2332 et

1843 2374 2095 2441 sumitur,
2122 2375 2212 2444 qui
2239 2380 2419 2429 tamen
2453 2382 2578 2427 tunc
2608 2371 2780 2441 prosit
2810 2370 2878 2424 ad
2910 2368 3284 2425 remissionem
3309 2382 3437 2438 pec~

1843 2474 2107 2529 catorum,
2156 2479 2280 2520 cum
2336 2465 2457 2534 quis
2511 2461 2890 2519 reconciliatus
2945 2459 3159 2526 unitati,
3213 2458 3436 2514 sacrile-

1842 2559 1932 2629 gio
1955 2558 2309 2614 dissensionis
2354 2556 2591 2624 exuitur,
2623 2569 2731 2626 quo
2759 2553 2879 2624 ejus
2907 2563 3126 2624 peccata
3169 2552 3436 2610 teneban-

1842 2659 1952 2714 tur,
1992 2657 2051 2706 et
2095 2649 2291 2706 dimitti
2333 2663 2441 2704 non
2497 2648 2835 2704 sinebantur.
2886 2645 3038 2702 Sicut
3078 2645 3222 2701 enim
3255 2645 3311 2700 in
3341 2645 3437 2700 illo

1843 2743 1937 2813 qui
1968 2743 2123 2798 fictus
2167 2748 2495 2808 accesserat,
2545 2743 2604 2794 lit
2633 2748 2694 2795 ut
2739 2753 2845 2795 non
2895 2738 3076 2793 denuo
3108 2737 3435 2808 baptizatur,

1841 2835 1938 2892 sed
1968 2834 2053 2906 pia
2076 2833 2234 2907 [ipsa]
2265 2835 2603 2890 correctione
2628 2841 2685 2888 et
2723 2831 2903 2889 veraci
2933 2831 3277 2888 confessione
3299 2845 3429 2900 pur-

1839 2935 2015 2998 getur,
2042 2925 2184 2995 quod
2213 2939 2323 2980 non
2356 2933 2543 2994 posset
2590 2923 2707 2978 sine
2734 2923 3023 2993 baptismo,
3061 2923 3160 2978 sed
3191 2929 3248 2977 ut
3277 2920 3424 2992 quod

1839 3030 1965 3076 ante
1990 3020 2175 3074 datum
2194 3027 2302 3086 est,
2324 3026 2453 3073 tunc
2477 3016 2656 3072 valere
2682 3014 2901 3085 incipiat
2927 3013 2996 3068 ad
3021 3013 3277 3080 salutem,
3301 3026 3426 3068 cum

1839 3112 1930 3168 illa
1969 3111 2114 3168 ﬁctio
2163 3111 2339 3168 veraci
2383 3109 2730 3166 confessione
2777 3107 3089 3164 recesserit.
3135 3107 3224 3163 Sic
3269 3106 3438 3162 etiam

1837 3205 1962 3274 iste,
1992 3207 2084 3278 qui
2109 3205 2380 3275 baptisma
2407 3204 2638 3270 Christi,
2670 3202 2815 3274 quod
2847 3217 2956 3258 non
2987 3201 3307 3266 amiserunt,
3339 3201 3438 3269 qui

144 3292 266 3347 8⁵ῑῖ
285 3299 501 3361 Deumul
527 3291 672 3346 enim
702 3292 937 3346 ιθηθῢτκ
956 3293 1259 3345 animarum
1289 3296 1416 3343 sum
1442 3302 1459 3343 ἒ
1481 3285 1730 3342 audimus
1757 3300 1806 3367 C
1837 3313 1898 3355 se
1950 3307 2354 3368 separaverunt,
2391 3297 2642 3352 inimicus
2691 3293 2974 3349 charitatis
3016 3302 3071 3348 et
3098 3292 3245 3362 pacis
3280 3290 3437 3346 Chri-

139 3386 340 3456 quippe
363 3384 630 3440 Joannem
665 3384 972 3440 dicentem:
999 3383 1102 3451 Qui
1142 3381 1260 3437 odit
1295 3380 1518 3436 fratrem
1549 3394 1727 3448 suum,

134 3480 193 3533 in
227 3479 470 3535 tenebris
499 3488 582 3535 est
608 3493 777 3549 usque
802 3477 980 3532 adhuc
1005 3493 1021 3529 ι
1050 3475 1183 3530 nulli
1223 3482 1404 3528 autem
1444 3473 1734 3527 schismata

133 3573 409 3640 facerent,
440 3573 487 3627 si
518 3571 758 3628 fraterno
787 3569 916 3626 odio
946 3583 1054 3624 non
1081 3573 1505 3624 excaecarentur.
1523 3565 1581 3622 Si
1606 3578 1736 3634 ergo

129 3665 374 3721 dicimus
402 3679 511 3721 non
547 3664 618 3720 ibi
649 3662 848 3719 dimitti
870 3670 1108 3732 peccata,
1138 3658 1408 3731 quomodo
1438 3657 1738 3714 renascitur

125 3757 230 3827 qui
258 3755 409 3827 apud
437 3771 535 3813 eos
573 3756 910 3827 baptizatur?
941 3753 1071 3826 quid
1098 3760 1184 3809 est
1230 3753 1374 3808 enim
1401 3750 1609 3807 renasci
1641 3764 1737 3821 per

123 3849 500 3918 baptismum,
528 3849 633 3905 nisi
661 3863 690 3904 a
717 3857 987 3905 vetustate
1010 3844 1308 3904 renovari?
1336 3844 1616 3914 Quomodo
1641 3859 1738 3899 au-

120 3950 245 3997 tem
293 3951 600 3996 renovatur
649 3956 680 3996 a
712 3949 998 4005 vetustate,
1058 3938 1144 3994 cui
1194 3946 1412 4007 peccata
1462 3936 1736 4006 praeterita

120 4049 242 4089 non
273 4033 655 4088 dimittuntur?
680 4032 834 4100 Quod
863 4034 908 4086 si
934 4040 1155 4086 renatus
1181 4044 1291 4085 non
1320 4037 1422 4094 est,
1461 4044 1560 4084 nec
1583 4025 1740 4082 Chri-

114 4131 280 4180 stum
315 4123 519 4188 induit,
551 4139 617 4179 ex
644 4137 752 4193 quo
777 4124 1059 4179 conficitur
1102 4130 1160 4177 ut
1180 4122 1360 4178 denuo
1390 4120 1739 4190 baptizandus

112 4217 392 4272 videatur
414 4260 429 4286 ,
463 4217 586 4287 quia
618 4218 752 4273 dicit
801 4217 1089 4288 Apostolus
1127 4233 1140 4269 :
1175 4215 1446 4284 Quotquot
1491 4214 1635 4270 enim
1685 4214 1741 4268 in

106 4309 364 4365 Christo
416 4308 675 4380 baptizati
720 4309 873 4377 estis,
930 4308 1206 4364 Christum
1245 4306 1528 4374 induistis;
1580 4321 1739 4377 quem

102 4403 214 4459 ille
245 4401 297 4457 si
351 4418 468 4458 non
507 4403 701 4471 induit,
751 4418 851 4459 nec
879 4403 934 4457 in
963 4401 1178 4458 Christo
1207 4401 1506 4471 baptizatus
1536 4399 1742 4456 haben-

99 4494 224 4550 dus
253 4503 374 4550 est.
411 4494 590 4551 Porro
617 4495 742 4566 quia
773 4495 828 4550 in
867 4493 1084 4551 Christo
1112 4493 1344 4550 dicimus
1389 4493 1737 4563 baptizatum,

98 4592 376 4646 fatemur
431 4605 554 4647 eum
584 4592 857 4648 Christum
910 4591 1173 4655 induisse,
1221 4590 1324 4646 etsi
1353 4592 1454 4646 hoc
1485 4589 1733 4655 fatemur,

1842 3392 1949 3456 sti;
1978 3391 2033 3446 in
2057 3391 2233 3459 aliqua
2263 3389 2461 3444 hzeresi
2501 3396 2597 3442 aut
2621 3386 2913 3442 schismate
2951 3383 3180 3452 accepit,
3211 3398 3319 3452 quo
3347 3396 3440 3438 sa-

1839 3483 2040 3552 crilego
2065 3482 2272 3536 scelere
2302 3487 2522 3548 peccata
2561 3479 2682 3548 ejus
2711 3492 2816 3534 non
2848 3476 3279 3541 dimittebantur,
3309 3489 3434 3530 cum

1840 3588 1901 3630 se
1929 3573 2247 3639 correxerit,
2292 3578 2350 3626 et
2384 3570 2452 3625 ad
2486 3569 2743 3626 Ecclesia:
2791 3568 3107 3623 societatem
3138 3567 3437 3622 unitatem-

1840 3681 1946 3737 que
1972 3665 2198 3730 venerit,
2235 3678 2345 3719 non
2373 3663 2568 3718 iterum
2599 3660 2954 3732 baptizandus
2982 3670 3065 3715 est
3093 3660 3217 3730 quia
3247 3660 3362 3730 ipsa
3383 3659 3440 3716 ei

1841 3755 2282 3813 reconciliatione
2304 3769 2368 3810 ac
2391 3768 2525 3825 pace
2545 3761 2854 3825 prmstatur,
2880 3759 2937 3806 ut
2961 3749 3030 3805 ad
3060 3750 3437 3806 remissionem

1840 3861 2184 3923 peccatorum
2211 3849 2330 3922 ejus
2361 3851 2415 3906 in
2449 3849 2655 3905 unitate
2678 3847 2789 3918 jam
2822 3846 3082 3918 prodesse
3113 3847 3335 3915 incipiat
3355 3860 3438 3902 sae

1840 3955 2200 4013 cramentum,
2233 3944 2376 4014 quod
2417 3953 2695 4013 acceptum
2745 3943 2800 3996 in
2848 3941 3140 3997 schismate
3169 3940 3436 4010 prodesse

1843 4053 1950 4093 non
1983 4047 2211 4106 poterat.
2242 4037 2301 4092 Si
2333 4046 2513 4091 autem
2539 4035 2775 4090 dixerint
2806 4035 2858 4089 in
2891 4034 2984 4088 illo
3013 4035 3105 4104 qui
3155 4033 3313 4088 ﬁctus
3341 4047 3441 4087 ac-

1843 4131 2028 4196 cessit,
2076 4144 2173 4199 per
2221 4137 2470 4186 sanetum
2523 4128 2633 4182 vim
2681 4127 2814 4180 tanti
2861 4125 3180 4180 sacramenti
3211 4125 3437 4180 dimissa

1842 4223 2058 4294 quidem
2091 4222 2168 4277 illi
2214 4235 2337 4278 esse
2367 4228 2607 4291 peccata,
2655 4217 2709 4274 in
2742 4218 2860 4288 ipso
2912 4220 3166 4288 temporis
3204 4227 3434 4289 puncto,

1844 4317 1939 4373 sed
1971 4315 2356 4386 perfectionem
2388 4315 2559 4384 ipsius
2588 4313 2813 4381 redisse,
2839 4311 3096 4367 continuo
3123 4321 3178 4367 ut
3200 4312 3436 4382 Spiritus

1845 4419 2066 4466 sanctus
2091 4418 2145 4465 et
2173 4407 2406 4466 adfuerit
2435 4407 2726 4478 baptizata,
2757 4415 2816 4461 ut
2845 4415 3062 4476 peccata
3092 4407 3435 4473 recederent,

1845 4511 1899 4558 ct
1925 4501 2383 4573 perseverantiam
2432 4499 2664 4555 fictionis
2705 4497 2925 4569 fugerit,
2970 4506 3030 4552 ut
3068 4496 3323 4553 redirent.
3359 4495 3434 4552 Ut

1845 4605 1902 4652 et
1946 4594 2074 4650 illud
2120 4609 2305 4650 verum
2356 4594 2450 4659 sit,
2493 4593 2765 4661 Quotquot
2818 4591 2869 4644 in
2909 4587 3128 4645 Christo
3173 4588 3437 4660 baptizati

97 4695 530 4754 regeneratum
581 4686 854 4743 fatemur:
884 4685 1035 4756 quod!
1071 4686 1116 4741 si
1159 4685 1230 4740 ita
1272 4695 1377 4751 est,
1426 4695 1480 4740 et
1519 4683 1815 4756 peccataD
1844 4689 1996 4755 estis,
2048 4688 2322 4744 Christum
2365 4686 2640 4751 induistis;
2696 4691 2752 4739 et
2804 4684 2933 4739 illud
2969 4683 3230 4740 :Sanctus
3279 4685 3426 4740 enim

88 4748 360 4830 dimissa
391 4784 543 4830 sunt.
574 4775 855 4842 Quomodo
883 4748 1168 4846 ergo‘dicit
1195 4748 1428 4832 Joannes
1458 4748 1598 4845 :Qui
1620 4777 1735 4834 odit

85 4866 362 4922 fratrem
421 4882 579 4923 suum
629 4869 682 4923 in
728 4867 966 4923 tenebris
1012 4875 1194 4923 manet
1230 4881 1399 4937 usque
1439 4868 1646 4935 adhuc,
1687 4869 1733 4924 si

79 4964 218 5035 jam
287 4965 446 5019 facta
497 4973 581 5019 est
624 4959 871 5027 remissio
909 4959 1280 5032 peccatorum?
1311 4963 1502 5016 Annon
1549 4969 1632 5017 est
1677 4961 1732 5018 in

77 5056 440 5112 schismate
470 5055 651 5112 odium
679 5053 1016 5112 fraternum?
1036 5053 1154 5123 quis
1180 5052 1284 5109 hoc
1303 5053 1502 5110 dixerit
1528 5069 1650 5110 cum
1675 5062 1732 5110 et

71 5150 272 5220 origo
325 5161 392 5206 et
447 5149 743 5219 pertinacia
789 5147 1098 5204 schismatis
1130 5146 1278 5202 nulla
1327 5147 1400 5202 sit
1447 5147 1572 5214 alia,
1623 5147 1728 5203 nisi

66 5241 306 5299 odium
338 5241 535 5297 fratris
565 5239 946 5315 [fraternum]?
973 5241 1119 5297 Hanc
1135 5239 1209 5295 illi
1229 5239 1582 5310 quaestionem
1616 5240 1724 5295 sol-

61 5353 236 5395 vere
269 5338 394 5394 sibi
431 5336 684 5393 videntur
711 5351 832 5391 cum
863 5336 1046 5392 dicunt
1071 5351 1085 5390 :
1111 5333 1228 5391 Non
1250 5343 1334 5390 est
1358 5347 1486 5403 ergo
1511 5333 1563 5389 in
1589 5332 1734 5389 schi-

60 5439 293 5489 smate
333 5429 605 5486 remissio
633 5437 994 5500 peccatorum,
1027 5437 1079 5484 et
1109 5428 1234 5484 ideo
1263 5441 1363 5484 nec
1393 5429 1734 5497 regeneratio

57 5522 228 5579 novi
293 5522 580 5587 hominis,
628 5529 684 5577 et
734 5528 1017 5591 propterea
1049 5534 1147 5575 nec
1183 5519 1478 5588 baptismus
1505 5519 1733 5576 Christi.

55 5613 206 5668 Nos
245 5622 473 5670 autem
503 5613 624 5683 quia
656 5611 888 5668 fatemur
912 5611 986 5666 ibi
1007 5625 1128 5667 esse
1159 5612 1482 5682 baptismum
1506 5612 1729 5680 Christi,

54 5705 248 5760 hanc
304 5707 407 5760 eis
452 5706 810 5774 quaestionem
858 5704 1169 5760 solvendam
1218 5705 1590 5773 proponimus,
1627 5703 1737 5759 Ma-

50 5813 188 5869 gus
229 5797 354 5853 ille
409 5798 630 5864 Simon,
659 5806 838 5853 utrum
890 5812 1019 5854 vero
1044 5797 1239 5852 Christi
1282 5798 1600 5868 baptismate
1629 5796 1737 5853 tin-

50 5902 218 5952 ctus
274 5893 398 5950 sit.
438 5890 882 5961 Respondebunt,
932 5891 1030 5962 lta,
1062 5889 1186 5964 quia
1227 5900 1425 5950 sanctae
1458 5893 1738 5965 scripturas

479 6007 754 6073 Panos.
797 6005 993 6071 LIII.

1841 4780 2072 4851 Spiritus
2102 4779 2402 4850 disciplinae
2429 4777 2648 4847 effugiet
2679 4775 2860 4831 fictum
2887 4793 2900 4830 :
2925 4775 2975 4830 id
3007 4786 3109 4838 est,
3158 4785 3217 4831 ut
3256 4786 3310 4831 et
3336 4778 3426 4830 in-

1843 4874 1970 4927 duat
1999 4888 2120 4927 eum
2151 4872 2364 4927 Christo
2409 4869 2668 4924 sanctitas
2707 4869 2977 4938 baptismi,
3012 4879 3065 4924 et
3106 4877 3271 4924 exuat
3298 4883 3427 4922 eum

1836 4964 2053 5020 Christo
2097 4963 2365 5033 pernicies
2407 4959 2658 5026 ﬁctionis,
2715 4961 2853 5016 sicut
2900 4961 2960 5015 fit
3009 4975 3130 5016 cum
3189 4961 3422 5028 quisque

1843 5061 1947 5131 ιθ
1967 5075 1996 5114 a
2023 5057 2259 5115 tenebris
2305 5072 2400 5128 per
2428 5056 2602 5112 lucem
2629 5055 2824 5111 transit
2847 5055 2915 5120 ad
2949 5055 3200 5110 tenebras
3231 5071 3242 5106 :
3274 5053 3416 5107 oculi

1838 5152 2054 5222 quidem
2084 5150 2200 5220 ejus
2254 5148 2308 5204 in
2357 5147 2610 5204 tenebras
2664 5154 2925 5218 perpetuo
2955 5145 3276 5213 diriguntur,
3331 5141 3432 5196 sed

1836 5256 1944 5298 non
1974 5248 2150 5311 potest
2185 5253 2309 5296 eum
2357 5238 2471 5305 lux,
2524 5237 2628 5292 nisi
2655 5235 2978 5306 perfundere
3019 5240 3414 5288 transeuntem.

1836 5336 1896 5393 Si
1915 5349 2042 5406 ergo
2061 5333 2295 5390 dixerint
2313 5332 2415 5387 hoc
2436 5331 2560 5404 [Qui
2581 5345 2710 5402 ergo
2731 5330 2832 5384 hoc
2849 5325 3249 5398 dixerint],'hoc
3264 5326 3432 5382 etiam

1837 5424 1892 5481 in
1922 5424 2002 5480 eis
2027 5422 2324 5491 intelligant
2355 5421 2498 5486 ﬁeri,
2544 5419 2636 5489 qui
2684 5425 2836 5474 extra
2878 5415 3138 5470 Ecclesia
3179 5430 3434 5470 commu~

1839 5518 2080 5582 nionem,
2107 5515 2203 5570 sed
2225 5522 2404 5569 tamen
2421 5513 2743 5584 baptismate
2770 5509 3028 5566 Ecclesia:
3049 5509 3391 5579 haptizantur
3408 5527 3432 5576 ;

1838 5610 1982 5682 quod
2011 5608 2332 5678 ubicumque
2359 5606 2542 5672 fuerit,
2566 5611 2810 5660 sanctum
2841 5611 2925 5659 est
2956 5617 3053 5672 per
3073 5602 3332 5672 seipsum,
3364 5611 3428 5659 et.

1839 5703 1961 5759 ideo
1991 5717 2097 5758 non
2123 5709 2209 5757 est
2227 5714 2415 5756 eorum
2436 5698 2532 5769 qui
2552 5712 2611 5754 se
2637 5704 2906 5767 separant,
2937 5695 3032 5751 sed
3060 5695 3178 5765 ejus
3203 5697 3342 5752 unde
3366 5711 3430 5753 se

1840 5803 2112 5866 separant.
2141 5792 2298 5853 Valet
2324 5801 2504 5848 tamen
2530 5797 2585 5847 et
2610 5788 2752 5860 apud
2780 5803 2872 5845 eos
2913 5787 3192 5856 hactenus,
3235 5797 3292 5843 ut
3329 5802 3428 5858 per

1842 5890 1963 5964 ejus
1990 5890 2167 5949 lucem
2198 5895 2474 5947 transeant
2515 5885 2586 5945 ad
2624 5883 2980 5944 dissensionis
3004 5897 3118 5941 suae
3147 5882 3429 5980 tenebran

2865 5997 2945 6062 as
3373 6003 3410 6092 ,ρ
