3986 6382
223 349 311 419 αττ
1311 343 1750 403 THESAURUS.
1790 340 1945 403 CAP.
1989 341 2240 403 CCXVII.
3319 346 3423 407 878

64 458 83 499 ἶ
227 472 337 543 apud
359 485 421 537 se,
444 468 489 526 id
516 473 599 527 est
640 484 706 527 ex
732 477 888 526 utero
914 481 1035 533 suo,
1064 466 1183 523 sive
1205 473 1357 523 extra
1387 480 1469 532 se,
1501 465 1569 522 de
1598 464 1735 538 [sive
1760 469 1818 529 Α
1840 463 1964 529 Dei,
1994 479 2100 534 quo
2151 478 2246 520 eos
2286 461 2535 519 hortatur
2562 476 2742 520 sermo
2770 464 3121 539 apostolicus,
3149 465 3219 523 ad
3258 467 3427 527 Vetus

64 554 74 591 ⁸
225 565 365 632 dese,
386 566 478 621 sive
502 566 568 620 de
604 562 819 636 ancilla]
845 563 1053 619 semine
1091 561 1194 617 viri
1224 560 1307 617 sui
1335 578 1347 611 :
1377 559 1469 615 sed
1501 566 1557 615 et
1592 558 1764 613 Esau~
1841 557 2247 614 Testamentum
2297 557 2682 629 pertinebunt:
2706 559 2752 615 si
2801 568 2980 615 autem
3023 560 3329 630 proficiunt,
3372 569 3428 614 et

1838 660 2124 722 antequam
2155 650 2374 721 capiant
2418 649 2536 721 ipso
2566 649 2805 721 profectu
2845 660 2900 707 et
2941 667 3182 719 accessu,
3224 653 3291 707 ad
3318 652 3427 709 No-

1840 760 1964 800 vum
1997 745 2298 813 pertinent;
2341 750 2399 800 et
2443 745 2487 799 si
2517 744 2828 815 priusquam
2858 744 3133 814 spiritales
3168 743 3323 809 flant,
3362 757 3431 799 ex

1839 837 1940 893 hac
1968 839 2077 890 vita
2109 836 2411 908 rapiantur,
2447 836 2702 893 custoditi
2744 851 2841 908 per
2866 837 3197 894 sacramenti
3223 839 3429 894 sancti-

1838 940 2026 997 tatem,
2052 931 2106 985 in
2139 939 2280 986 terra
2310 932 2603 987 viventium
2628 938 3029 999 computantur,
3059 930 3149 985 ubi
3190 939 3276 987 est
3302 943 3428 1000 spes

1838 1035 2026 1083 nostra
2067 1036 2121 1083 et
2149 1027 2325 1096 portio
2367 1027 2649 1086 Dominus.
2680 1030 2791 1087 Nec
2826 1029 3041 1087 invenio
3083 1029 3212 1100 quid
3240 1030 3420 1086 verius

1840 1119 2172 1193 intelligatur
2211 1119 2265 1175 in
2305 1134 2372 1175 eo
2401 1120 2545 1193 quod
2591 1120 2852 1193 scriptum
2903 1132 2988 1179 est
3015 1120 3435 1193 :lmperfectum

1840 1228 2022 1270 meum
2066 1213 2323 1269 viderunt
2363 1214 2509 1271 oculi
2554 1216 2630 1270 tui
2655 1233 2670 1272 ;
2694 1215 3129 1289 quandoquidem
3170 1201 3443 1285 sequitur,

1842 1306 1914 1362 Et
1933 1306 1984 1361 in
2010 1306 2148 1362 libro
2175 1316 2266 1361 tuo
2306 1320 2498 1362 omnes
2527 1306 2854 1367 scribentur.
2889 1308 3025 1377 Quae
3051 1316 3231 1363 autem
3262 1321 3435 1378 pepe-

64 649 81 687 "
226 658 284 716 de
304 672 433 715 uxore
455 666 630 724 natus,
660 666 879 727 propter
910 655 1201 711 fraternam
1230 652 1553 708 discordiam
1581 665 1736 720 sepa-

66 743 79 781 ¹
224 759 343 808 ratus
358 759 420 807 est
436 767 460 806 a
486 749 683 821 populo
711 749 834 815 Dei;
861 751 1066 804 etAscr
1087 763 1183 818 per
1202 746 1389 802 uxoris
1404 745 1618 817 quidem
1643 759 1735 812 po—

72 840 77 873 '
223 852 438 912 testatcrn,
475 843 571 899 sed
617 858 685 898 ex
727 841 923 897 ancilla
952 848 1140 908 natus,
1184 846 1406 911 propter
1448 837 1734 891 fraternam

70 936 75 965 ῖ
219 936 500 994 concordiam
543 943 743 992 terram
793 931 1170 1004 promissionis
1220 929 1452 999 accepit.
1496 928 1651 985 Unde
1684 936 1738 983 et

218 1028 439 1097 lsmaheli,
463 1036 523 1084 ut
562 1034 909 1098 separaretur
954 1041 987 1082 a
1027 1025 1228 1096 populo
1272 1023 1392 1088 Dei,
1424 1036 1531 1077 non
1568 1020 1738 1075 obfuit

64 1122 69 1157 τ
215 1132 358 1181 mater
380 1122 578 1187 ancilla,
609 1122 705 1177 sed
735 1116 910 1176 obfuit
936 1120 1172 1175 fraterna
1197 1115 1495 1183 discordia,
1542 1122 1598 1169 et
1632 1128 1737 1171 non

70 1224 71 1227 ‘
212 1213 376 1286 profuit
400 1221 627 1283 potestas
652 1214 861 1280 uxoris,
891 1214 1047 1282 cujus
1077 1212 1250 1281 magis
1280 1208 1424 1263 illius
1449 1218 1587 1274 erat,
1615 1206 1737 1278 quia

212 1311 452 1382 peripsius
471 1310 591 1379 jura
640 1308 970 1380 coniugalia,
1017 1315 1075 1363 et
1113 1306 1167 1361 in
1216 1303 1410 1359 ancilla
1448 1301 1741 1359 seminatus

1844 1400 1915 1456 rit
1944 1399 2075 1456 Abel
2095 1407 2149 1455 et
2172 1398 2380 1465 Enocb,
2413 1407 2470 1456 et
2503 1398 2637 1467 Noe,
2669 1408 2727 1456 et
2757 1399 3052 1469 Abraham,
3084 1400 3199 1471 ipsa
3228 1398 3440 1469 peperit

1843 1502 1898 1549 et
1936 1492 2185 1564 Moysen,
2237 1501 2291 1547 et
2332 1490 2632 1561 Prophetas
2661 1500 2911 1564 tempore
2956 1493 3284 1562 posteriores
3313 1501 3440 1547 ante

202 1595 474 1643 nascuntur.
523 1586 634 1643 Sed
678 1587 724 1642 si
771 1586 1104 1643 concordent
1147 1601 1269 1642 cum
1302 1584 1585 1652 fratribus,
1645 1598 1741 1653 per
1844 1583 2057 1641 Domini
2088 1584 2501 1643 adventum:et
2545 1600 2666 1656 quae
2711 1584 2875 1653 istos.
2913 1584 3027 1656 ipsa
3055 1594 3113 1642 et
3139 1586 3443 1655 apostolos.

200 1680 424 1735 unitatem
473 1678 641 1747 pacis,
698 1678 768 1734 ad
813 1689 1012 1734 terram
1068 1680 1299 1736 veniunt
1346 1676 1734 1749 promissionis,
1842 1686 1899 1733 et
1936 1687 2201 1752 martyres
2245 1688 2487 1747 nostros,
2538 1685 2596 1733 et
2642 1690 2835 1734 omnes
2877 1676 3047 1734 beuos
3094 1675 3442 1733 christianos.

198 1785 294 1827 non
330 1772 390 1826 de
428 1780 668 1826 materno
695 1781 851 1827 utero
898 1785 1087 1826 rursus
1117 1769 1391 1841 cjiciendi,
1428 1769 1521 1826 sed
1555 1770 1608 1824 in
1644 1782 1739 1838 pa-
1842 1771 2047 1829 Omnes
2068 1772 2217 1829 enim
2247 1769 2478 1829 diversis
2508 1769 2731 1840 quidem
2764 1770 3101 1842 temporibus
3123 1770 3235 1827 nati
3277 1784 3445 1840 appa-

196 1870 333 1918 terno
378 1863 571 1920 semine
627 1863 979 1935 agnoscendi.
1033 1865 1089 1921 Si
1150 1873 1330 1920 autem
1376 1866 1432 1919 in
1482 1863 1745 1919 discordia
1777 1865 1828 1925 B
1853 1876 2102 1933 ruerunt,
2134 1865 2231 1921 sed
2274 1865 2536 1925 societate
2567 1864 2725 1929 unius
2762 1863 2951 1936 populi
2993 1864 3359 1929 continentur,
3387 1869 3448 1920 et

194 1962 525 2023 perseverent,
585 1955 651 2010 ad
692 1955 976 2011 lsmahelis
1018 1955 1316 2010 funiculum
1374 1954 1740 2023 pertinebunt.
1850 1958 2096 2032 ejusdem
2121 1958 2365 2019 civitatis
2386 1959 2541 2019 cives
2564 1958 2785 2017 labores
2810 1956 2974 2031 hujus
3002 1956 3449 2028 peregrinationis

191 2048 330 2105 Prior
355 2061 517 2106 autem
566 2049 665 2105 fuit
696 2050 948 2119 lsmahel,
998 2058 1054 2106 et
1095 2062 1280 2120 postea
1312 2049 1484 2117 lsaac,
1515 2057 1569 2105 et
1597 2050 1745 2120 prior
1849 2052 2060 2122 experti
2089 2060 2253 2107 sunt:
2278 2060 2334 2107 et
2359 2050 2577 2123 quidam
2604 2064 2791 2109 eorum
2818 2065 2962 2107 nunc
2989 2048 3361 2120 experiuntur.
3392 2055 3452 2103 et

189 2144 335 2207 Esau.
364 2146 618 2215 posterior
661 2155 839 2201 autem
871 2144 1055 2200 Jacob.
1091 2144 1207 2199 Non
1246 2143 1371 2215 quia
1404 2143 1549 2213 prior
1579 2156 1745 2213 pepe-
1849 2158 2023 2217 usque
2047 2143 2102 2199 in
2140 2142 2303 2201 finem
2328 2143 2514 2201 caeteri
2541 2143 2907 2216 experientur.
2939 2138 3077 2198 Item
3100 2155 3221 2210 quas
3242 2138 3455 2209 peperit

188 2237 252 2293 rit
288 2237 510 2303 haeresis,
551 2252 707 2307 quam
744 2237 984 2293 Ecclesia
1011 2254 1025 2304 ;
1058 2244 1151 2291 aut
1186 2238 1299 2306 ipsa
1331 2234 1571 2289 Ecclesia
1600 2234 1748 2305 prius
1851 2236 2009 2305 Cain,
2042 2247 2097 2291 et
2126 2233 2321 2302 Cham,
2350 2246 2404 2293 et
2428 2235 2795 2294 Hismabelem
2820 2228 3171 2308 [lsmaelem].
3198 2239 3257 2289 et
3280 2230 3451 2297 Esau.

187 2330 429 2395 carnales,
484 2329 569 2385 vel
621 2329 917 2401 animales,
948 2339 1004 2384 et
1050 2337 1243 2399 postea
1292 2327 1585 2398 spiritales.
1644 2326 1748 2381 Sed
1852 2330 2046 2387 eadem
2079 2331 2193 2401 ipsa
2228 2329 2467 2401 peperit,
2512 2336 2571 2387 et
2605 2328 2841 2397 Datban,
2894 2326 3112 2383 etalios
3158 2326 3217 2381 in
3258 2323 3457 2382 eodem

188 2420 296 2489 quia
328 2422 376 2474 in
422 2422 535 2490 ipsa
579 2430 726 2477 sorte
775 2421 1120 2476 mortalitatis
1169 2430 1390 2484 nostrre,
1424 2434 1492 2477 ex
1538 2433 1645 2488 quo
1684 2419 1752 2475 de
1854 2420 2055 2492 populo
2080 2420 2407 2477 simileszet
2449 2435 2569 2494 quin
2598 2419 2756 2487 istos,
2796 2418 2990 2480 eadem
3033 2418 3151 2489 ipsa
3177 2413 3459 2474 etludem

184 2507 345 2567 Adam
382 2512 670 2577 nascimur,
705 2513 807 2584 17
839 2527 946 2566 non
997 2521 1082 2566 est
1122 2513 1270 2581 prius
1316 2511 1458 2579 quod
1486 2510 1748 2580 spiritale,
1852 2511 2384 2584 pseudoapostolum,
2434 2518 2490 2568 et
2527 2510 2806 2569 Simonem
2850 2510 3087 2584 Magum,
3127 2517 3183 2567 et
3223 2514 3454 2565 caterua

180 2600 273 2655 sed
305 2601 437 2671 quod
481 2603 734 2667 animale,
764 2611 955 2672 postea
999 2601 1269 2671 spiritale.
1303 2601 1383 2656 Ex
1428 2602 1543 2671 ipso
1574 2608 1752 2656 autem
1856 2620 2031 2677 usque
2082 2605 2148 2660 ad
2181 2606 2297 2661 haec
2344 2614 2591 2674 tempora
2635 2602 3193 2675 pseudocbristiams,
3232 2601 3288 2657 in
3327 2598 3459 2656 me.

181 2693 390 2746 animali
420 2708 603 2759 sensu,
629 2695 752 2765 quia
783 2694 947 2749 homo
977 2694 1228 2749 animalis
1256 2708 1362 2749 non
1386 2693 1613 2765 percipit
1635 2709 1755 2763 qua:
1858 2699 2041 2756 ctione
2091 2698 2316 2754 animali
2362 2697 2716 2769 pertinaciter
2744 2696 3069 2757 omni-ams;
3092 2695 3207 2752 sive
3245 2693 3300 2749 in
3331 2690 3457 2749 uni.

177 2796 301 2842 sunt
329 2787 554 2858 Spiritus
585 2788 699 2855 Dei,
730 2805 921 2845 omnes
948 2790 1320 2846 dissensiones
1365 2799 1423 2845 et
1462 2790 1756 2846 schismata
1859 2799 1972 2847 tate
2013 2790 2267 2864 permixti
2315 2790 2447 2859 sint,
2490 2789 2610 2846 sive
2653 2798 2843 2863 aperta
2884 2786 3205 2861 praecisione
3246 2785 3458 2843 dissono

174 2887 511 2949 generantur.
541 2880 596 2934 ln
626 2894 732 2951 quo
777 2896 940 2936 sensu
972 2890 1410 2951 perseverantes,
1460 2879 1758 2951 Apostolus
1860 2883 2017 2940 tiant.

170 2970 322 3041 dicit,
369 2972 433 3027 ad
466 2973 632 3029 Vetus
673 2974 1081 3033 Testamentum
1116 2977 1406 3049 pertinere,
1441 2976 1495 3032 id
1541 2986 1645 3044 est,
1688 2975 1759 3032 ad
2398 2958 2626 3018 CAPUT
2664 2957 2917 3016 CCXV“-

170 3072 506 3120 terrenorum
564 3058 952 3145 promissorum
1004 3070 1395 3139 cupiditatem,
1455 3071 1509 3125 in
1563 3071 1761 3142 quibus
1866 3075 2137 3146 Quomodo
2179 3075 2870 3149 generetrEcclesjaybonos
2908 3074 3169 3149 urnulas.
3205 3080 3469 3145 nam“

168 3157 385 3229 quidem
412 3158 676 3228 spiritalia
708 3161 1029 3232 ﬁgurantur,
1056 3163 1153 3221 sed
1182 3165 1434 3223 animalis
1463 3164 1627 3221 homo
1649 3181 1753 3221 non
2180 3146 2304 3220 ‘W
2326 3164 2380 3202 ⁸⁸
2402 3148 2571 3217 ίρωηῑ
2599 3146 2827 3202 Rebecca
2862 3147 3113 3221 99min“-

165 3248 400 3319 pcrcipit
425 3265 545 3321 quae
570 3262 696 3307 sunt
724 3252 959 3323 Spiritus
987 3254 1104 3310 Dei.
1782 3251 1831 3313 Β
1936 3283 2045 3341 δα,
2076 3298 2199 3341 eum
2227 3282 2364 3341 ωας
2406 3283 2478 3339 ,δ
2516 3281 2853 3352 spitium.
2893 3280 3354 3351 "malum,
3400 3286 3469 3336 es

207 1410 369 1459 eratet
387 1416 441 1458 ex
468 1401 659 1457 ancilla
687 1410 970 1470 susceptus
996 1416 1012 1455 :
1034 1398 1174 1454 sicut
1210 1396 1349 1470 apud
1388 1395 1520 1451 istos
1549 1394 1739 1451 Eccle-

204 1493 290 1551 siae
306 1493 407 1564 jure
430 1492 584 1565 (quod
606 1501 691 1549 cst
716 1494 770 1549 in
792 1493 1087 1564 baptismo)
1113 1500 1409 1547 nascuntur
1435 1489 1741 1560 quicunque

708 3364 938 3423 CAPUT
979 3366 1209 3424 CCXVI.

1864 3374 2225 3449 sacramentis
2253 3374 2590 3439 imbuuntur,
2628 3380 2891 3443 tanquam
2931 3386 3031 3442 per
3054 3388 3116 3428 se
3142 3372 3319 3442 ipsum
3349 3371 3461 3426 Re-

163 3450 326 3519 ραοά
348 3455 564 3524 antiqua
587 3471 672 3535 res
694 3458 759 3510 ait
783 3455 1116 3535 Ecc_lesia_,_in
1136 3459 1254 3535 aliis
1275 3459 1466 3535 Italicus
1485 3462 1765 3517 animalem
1868 3463 2035 3521 becca
2062 3480 2161 3522 eos
2189 3466 2336 3535 parit
2355 3465 2498 3521 sicut
2532 3465 2696 3520 Esau.
2722 3464 2860 3519 Cum
2882 3473 3063 3520 autem
3094 3478 3193 3534 per
3221 3462 3345 3519 illos
3371 3464 3471 3533 qui

537 3526 843 3595 porticum,
876 3528 931 3581 in
964 3529 1082 3582 aliis
1104 3530 1407 3599 spiritalem.

238 3638 598 3711 Quocumque
625 3654 755 3713 ergo
780 3648 1023 3711 tempore
1068 3640 1201 3701 tales
1230 3642 1476 3699 homines
1504 3657 1627 3699 esse
1650 3659 1765 3701 cm-

157 3731 351 3801 perint
383 3731 438 3789 in
471 3731 573 3791 hac
600 3733 730 3801 vita,
765 3741 825 3789 ut
840 3732 954 3803 jam
984 3733 1187 3793 divinis
1215 3751 1311 3803 pro
1332 3736 1662 3793 saeculorum
1685 3737 1768 3792 di-

154 3822 500 3881 stributione
528 3828 885 3883 sacramentis
912 3828 1125 3896 imbuti,
1156 3830 1334 3887 adhuc
1365 3839 1546 3888 tamen
1575 3847 1765 3888 carna-

153 3914 289 3970 liter
339 3918 578 3987 sapiant,
609 3926 667 3974 et
712 3920 948 3976 carnalia
978 3923 1049 3978 de
1103 3926 1210 3979 Deo
1238 3925 1356 3980 sive
1404 3926 1459 3979 in
1491 3928 1590 3981 hac
1634 3928 1764 3995 vita,

152 4004 283 4059 sive
312 4015 445 4075 post
478 4006 615 4063 hanc
646 4010 808 4067 vitam
839 4021 1066 4081 sperent
1094 4022 1257 4082 atque
1285 4015 1620 4082 desiderent,
1657 4020 1770 4073 ani-

151 4090 341 4151 males
390 4109 542 4155 sunt.
598 4100 838 4158 Ecclesia
868 4119 1021 4172 vero,
1067 4106 1211 4173 quod
1257 4117 1342 4164 est
1369 4110 1601 4177 populus
1650 4112 1765 4178 Dei,

146 4190 328 4245 etiam
362 4190 418 4246 in
456 4192 611 4249 istius
636 4195 762 4252 vita:
800 4198 1228 4267 peregrinatione
1276 4200 1498 4271 antiqua
1526 4217 1618 4257 res
1661 4214 1766 4269 est,

1867 3571 1978 3613 non
1996 3564 2148 3612 caste
2168 3570 2273 3613 anu
2281 3557 2491 3612 untiant
2506 3554 2881 3627 Evangelia»,
2908 3554 3047 3611 tales
3068 3558 3127 3611 in
3146 3553 3242 3610 Dei
3266 3553 3462 3625 pupulo

1867 3657 2219 3719 generantur,
2256 3662 2365 3705 non
2404 3646 2806 3718 Βίης-ἣρω,
2851 3646 2947 3703 sed
2986 3660 3083 3717 per
3122 3648 3266 3717 Agar
3304 3644 3463 3719 [Sara

1867 3741 2084 3812 quidem
2112 3741 2207 3799 sed
2249 3756 2343 3811 per
2370 3740 2563 3815 Agar].
2604 3740 2734 3798 item
2762 3740 2893 3797 boni
2912 3738 3209 3811 spiritales,
3248 3738 3464 3810 quando

1867 3833 2366 3904 evangelia-tibus
2396 3832 2482 3889 vel
2511 3832 2913 3904 baptieantibus
2951 3832 3263 3889 carnalibus
3298 3844 3464 3902 gene-

1868 3938 2076 3991 rantur,
2102 3926 2198 3982 Lia
2219 3926 2435 3997 quidem
2458 3925 2545 3980 vel
2570 3925 2772 3981 Rachel
2795 3924 2917 3994 jure
2935 3924 3205 3994 coniugali
3228 3936 3343 3991 cos,
3368 3922 3464 3977 sed

1869 4033 1967 4087 per
1995 4019 2321 4076 ancillarum
2344 4028 2559 4074 merum
2598 4016 2755 4087 perit.
2797 4016 2936 4072 Cum
2968 4030 3097 4071 vero
3125 4029 3224 4086 per
3244 4015 3460 4083 spirita-

1872 4111 1952 4167 les
1993 4111 2045 4168 in
2080 4109 2379 4181 Eva-retin
2422 4118 2759 4182 generantur
2799 4108 2925 4163 boui
2974 4106 3187 4172 ﬁdeles,
3238 4106 3330 4176 qui
3380 4103 3467 4159 vel

1870 4205 2109 4261 evadunt
2131 4205 2185 4260 in
2219 4205 2478 4275 spiritalia
2512 4203 2688 4259 atatis
2715 4201 2989 4271 aﬂectum,
3022 4201 3109 4256 vel
3139 4213 3206 4256 eo
3243 4197 3466 4254 tendere

139 4282 203 4339 in
242 4283 371 4339 aliis
409 4285 726 4344 hominibus
767 4289 973 4346 habens
1021 4290 1307 4349 animalem
1340 4295 1665 4364 portionem,
1715 4297 1769 4351 in
1872 4310 1979 4352 non
2024 4296 2312 4364 desistunt,
2338 4296 2423 4352 vel
2466 4295 2588 4351 ideo
2617 4310 2725 4351 non
2768 4293 2992 4362 faciunt,
3035 4290 3160 4363 quia
3200 4305 3307 4347 non
3336 4305 3465 4363 pos-

136 4375 279 4432 aliis
323 4386 523 4435 autem
553 4379 849 4450 spiritalem
875 4400 888 4436 τ
919 4382 989 4439 ad
1037 4383 1302 4441 animales
1342 4386 1577 4456 pertinet
1603 4387 1773 4444 Vetus
1871 4399 2020 4456 sunt,
2049 4392 2189 4445 sicut
2214 4406 2286 4446 ex
2309 4398 2463 4446 utero
2486 4390 2637 4447 Seras
2660 4389 2830 4457 lsaac,
2862 4390 2947 4445 vel
2985 4387 3245 4444 Rebecca:
3271 4384 3459 4455 Jacob,

131 4465 611 4537 Testamentum,
644 4471 710 4527 ad
731 4471 1005 4543 spiritales
1024 4473 1269 4542 Novum;
1298 4478 1394 4534 sed
1415 4478 1603 4548 primis
1628 4489 1767 4536 tem-

1870 4482 1926 4539 in
1958 4498 2153 4539 novam
2180 4483 2347 4539 vitam
2388 4493 2443 4538 et
2470 4482 2676 4539 Novum
2707 4480 3116 4537 Testamentum
3144 4487 3457 4534 nascuntur.

124 4561 390 4630 poribus
422 4572 717 4636 utrumque
754 4569 1023 4624 occultum
1051 4570 1176 4637 fuit,
1204 4571 1277 4627 ab
1301 4573 1479 4630 Adam.
1498 4590 1672 4646 usque
1698 4578 1769 4633 ad
1800 4630 1843 4646 ﬁ
1869 4573 2055 4644 Itaque
2075 4572 2189 4630 sive
2230 4575 2372 4630 intus
2394 4576 2599 4631 versari
2629 4573 2934 4641 videantur,
2966 4571 3082 4627 sive
3105 4580 3294 4641 aperte
3324 4569 3459 4627 foris

119 4651 409 4726 Moysen.
440 4656 492 4715 Δ
516 4658 701 4731 Moyse
726 4672 903 4718 autem
934 4664 1277 4723 manifestlun
1304 4676 1391 4724 est
1417 4630 1605 4737 Vetus:
1633 4680 1688 4727 et
1709 4672 1763 4728 in
1791 4630 1847 4694 Β
1870 4630 2001 4738 sini,
2045 4671 2187 4742 quod
2216 4685 2347 4726 caro
2373 4680 2478 4738 est,
2529 4682 2658 4726 caro
2700 4676 2824 4735 est;
2856 4666 2971 4723 slve
3010 4667 3064 4721 in
3109 4680 3238 4722 area
3275 4666 3333 4721 in
3362 4679 3459 4721 sua

118 4758 209 4837 eo
239 4746 378 4817 ipso
409 4750 788 4809 occultabatur
828 4754 1059 4823 Novum,
1092 4760 1216 4828 quia
1249 4760 1460 4817 occulte
1487 4763 1763 4832 significa-
1871 4766 2157 4822 sterilitate
2224 4776 2568 4837 perseveret,
2625 4762 2740 4818 sive
2798 4761 3083 4818 occasione
3144 4759 3459 4818 tentationis

114 4836 339 4895 batur.
393 4840 600 4897 Postea
646 4858 776 4901 vero
801 4862 959 4916 quam
1004 4848 1059 4904 in
1107 4864 1271 4908 carne
1308 4853 1568 4911 Dominus
1595 4859 1765 4925 venit,
1874 4867 2127 4930 tanquam
2144 4836 2307 4912 vento
2333 4864 2486 4911 extra
2516 4854 2799 4921 tollantur,
2823 4852 2975 4924 quod
2995 4852 3153 4924 palea
3169 4859 3274 4920 est,
3301 4849 3458 4922 palea

112 4932 480 4989 revelatum
533 4944 619 4992 est
661 4936 893 5005 Novum,
948 4940 1163 4999 Veteris
1205 4952 1385 5000 autem
1425 4959 1767 5005 sacramenta
1871 4958 2077 5007 estzet
2112 4963 2330 5018 semper
2355 4947 2425 5003 ab
2464 4948 2611 5002 illius
2644 4945 2899 5003 Ecclesia
2934 4960 3059 5017 qua:
3101 4944 3222 5001 sine
3246 4940 3459 4997 macula

106 5037 493 5095 cessarunt;
547 5030 640 5087 sed
692 5034 1147 5104 concupiscentia
1197 5037 1332 5093 tales
1376 5052 1484 5095 non
1524 5054 1771 5101 cessave-
1873 5051 1930 5099 et
1956 5057 2084 5110 ruga
2114 5050 2217 5109 est,
2250 5041 2455 5096 unitate
2480 5039 2683 5096 divisus
2720 5048 2825 5104 est,
2853 5038 3018 5095 etiam
3046 5035 3139 5107 qui
3159 5047 3459 5105 congrega-

105 5124 300 5173 runt.
340 5118 415 5175 In
454 5120 571 5175 illis
595 5124 736 5179 enim
765 5134 895 5183 sunt
923 5141 1061 5197 quos
1097 5129 1393 5197 Apostolus
1418 5132 1531 5203 jam
1560 5148 1658 5204 per
1685 5148 1772 5190 sa-
1873 5134 2336 5203 tionisanctorum
2364 5134 2417 5187 in
2444 5132 2649 5188 carnali
2677 5132 3034 5188 obduratiune
3072 5128 3353 5183 miscetur.
3382 5125 3461 5183 De

101 5221 518 5269 cramentum
548 5214 682 5271 Novi
716 5216 1051 5275 Tcstamenti
1075 5229 1253 5290 uates,
1275 5223 1453 5281 adimo
1482 5234 1660 5281 tamen
1690 5227 1774 5283 di-
1874 5227 2024 5283 nullo
2065 5234 2249 5282 amen
2294 5225 2693 5297 desperandum
2735 5233 2841 5294 est,
2885 5224 2999 5281 sive
3026 5221 3117 5296 qui
3163 5222 3309 5279 intus
3337 5220 3465 5277 talis

99 5297 204 5353 cit
238 5303 568 5373 animales,
599 5320 707 5362 non
734 5322 893 5376 posse
920 5310 1200 5382 percipere
1221 5328 1349 5383 qua
1373 5324 1501 5371 sunt
1534 5316 1768 5387 Spiritus
1873 5328 2121 5390 apparet,
2143 5320 2261 5376 sive
2286 5320 2383 5389 qui
2403 5319 2531 5375 foris
2556 5318 2893 5374 manifestius
2920 5316 3256 5373 adversatur.
3290 5314 3462 5387 Spiri-

101 5391 233 5496 D.ei
315 5396 494 5453 sicut
709 5399 763 5457 in
782 5406 1156 5496 sacramentis
1202 5405 1414 5463 Veteris
1443 5409 1770 5467 Testamenti
1876 5414 2011 5471 tales
2041 5423 2217 5470 autem
2248 5414 2363 5471 sive
2388 5415 2455 5471 ad
2484 5415 2587 5471 hoc
2615 5417 2789 5487 ipsum
2830 5413 2919 5485 pio
2947 5414 3128 5469 studio
3167 5410 3460 5486 proﬁcien-
3530 5444 3533 5489 ;

92 5486 429 5543 νίνθίηηῑ
464 5489 687 5559 quidam
713 5493 1007 5563 8il'il‘itales,
1034 5497 1102 5553 ad
1124 5498 1335 5557 Novum
1351 5500 1556 5559 scilicet
1585 5504 1771 5560 Tesm-
1877 5517 1983 5577 tes,
2013 5524 2119 5564 non
2153 5518 2283 5565 eunt
2313 5509 2480 5577 foras,
2503 5486 2709 5581 quiaict
2735 5523 2857 5567 cum
2879 5508 3058 5582 aliqua
3081 5509 3169 5565 vel
3192 5506 3465 5579 perversi-
3530 5486 3536 5541 ἶ

90 5590 453 5684 lieentum,
480 5584 629 5684 quod
652 5594 777 5643 tunc
792 5589 1161 5647 comitabatur
1185 5595 1393 5649 occulte
1415 5598 1767 5666 pertinentes,
1877 5609 2007 5673 tate,
2041 5602 2125 5657 vel
2156 5603 2478 5660 necessitate
2528 5602 2803 5659 hominum
2848 5603 3100 5660 videntur
3141 5599 3361 5671 expelli,
3389 5598 3463 5655 ibi

87 5678 205 5768 sic
281 5686 351 5730 et
409 5692 569 5734 nunc
596 5678 653 5734 in
701 5690 1042 5737 sacramento
1085 5684 1219 5739 Novi
1259 5685 1589 5744 Testantenti
1630 5691 1771 5761 quod
1877 5695 2046 5764 magis
2071 5694 2365 5764 probantur
2386 5710 2543 5766 quam
2574 5694 2620 5750 si
2648 5694 2795 5751 intus
2825 5702 3199 5768 permaneant,
3223 5707 3347 5752 cum
3368 5689 3466 5747 ad—

77 5764 241 5835 jam
303 5770 642 5827 revelatum
686 5780 777 5829 est
824 5772 1070 5844 plerique
1113 5776 1300 5831 vivens
1342 5780 1625 5837 animales.
1668 5782 1771 5850 Qui
1876 5800 2068 5842 versus
2095 5764 2727 5843 Ecclesiamhullatenus
2750 5764 3052 5861 eriguntur,
3082 5787 3178 5844 sed
3205 5784 3261 5843 in
3286 5784 3456 5843 solida

80 5860 455 5930 proﬁcere
486 5865 538 5921 si
558 5866 750 5925 nolunt
775 5867 842 5926 ad
871 5866 1221 5940 paciﬁcatio
1242 5886 1365 5943 qua
1386 5882 1514 5931 sunt
1531 5874 1766 5944 Spiritus
1879 5875 2105 5935 unitatis
2135 5889 2290 5950 petra
2318 5876 2619 5937 fortissimo
2667 5860 2951 5938 charitatis
2989 5880 3183 5938 robore
3214 5876 3469 5936 radican-
