3986 6382
548 332 654 393 879

1645 327 1708 386 D.
1750 331 2074 390 EUGYPPII
2113 333 2406 398 ABBATIS
2432 325 2754 395 AFRICANI
3715 344 3805 404 880

548 459 654 504 tur.
685 442 766 502 Ad
793 443 896 502 hoc
932 444 1078 501 enim
1107 440 1339 514 pertinet
1373 442 1516 512 quod
1559 442 1612 498 in
1642 443 1738 501 illo
1764 445 1994 503 Abrahae
2044 462 2132 504 sa-
2158 453 2211 514 Α
2236 451 2328 507 sia:
2369 453 2802 508 communionem
2851 437 2957 507 non
3004 444 3372 511 habeat-Deus
3419 456 3656 528 aliquem
3697 476 3803 517 suo-

546 538 752 597 crificio
779 535 994 604 dicitur,
1026 551 1150 592 aves
1184 543 1361 591 autem
1392 550 1497 590 non
1527 535 1732 593 divisit.

1047 647 1274 705 CAPUT
1313 647 1591 706 CCXVIII.

547 768 698 836 Quod
717 775 979 837 prapterea
1007 763 1261 839 Dominus
1291 782 1392 820 non
1419 767 1621 835 aperuit
1651 767 1910 839 Cypriane
1936 770 2000 823 de
2023 769 2131 823 Ba-

613 841 797 909 ptismo
823 837 1127 910 sententiam
1147 853 1302 910 quam
1327 846 1504 910 postea
1528 837 1762 909 plenario
1789 840 2007 894 concilio
2027 857 2127 910 pa-

611 907 802 1034 :eg‘ecit,
824 916 877 962 ut
906 908 1017 979 ejus
1046 907 1271 963 Charitas
1299 907 1502 978 plenius
1529 907 1826 981 appareret,
1851 928 1914 966 ex
1950 907 2131 966 eodem

633 997 648 1032 ι
684 995 765 1034 ra.

593 1091 820 1147 Exstant
833 1091 972 1148 beati
986 1093 1238 1164 martyris
1251 1089 1507 1165 Cypriani
1527 1093 1581 1148 in
1597 1094 1713 1164 ejus
1731 1095 1924 1152 litteris
1940 1110 2130 1164 magna

535 1187 884 1260 documenta,
917 1197 978 1242 ut
1005 1187 1073 1241 ad
1104 1186 1256 1243 illum
1296 1187 1402 1255 jam
1456 1189 1692 1254 veniam,
1736 1189 1804 1244 de
1844 1189 1997 1258 cujus
2027 1188 2130 1243 sibi

539 1283 860 1336 auctoritate
911 1279 997 1334 Isti
1045 1280 1335 1336 carnaliter
1389 1281 1772 1345 blandiuntur,
1831 1297 1954 1336 cum
2011 1281 2130 1350 ejus

536 1374 807 1429 charitate
852 1371 1166 1442 spiritaliter
1203 1372 1556 1442 perimantur.
1612 1373 1744 1428 Nam
1778 1373 1886 1429 illis
1917 1381 2129 1443 tempo-

536 1465 687 1521 ribus
717 1475 1005 1534 antequam
1047 1463 1276 1534 pleuarii
1305 1465 1534 1520 Concilii
1581 1471 1871 1531 sententia,
1911 1466 2041 1536 quid
2073 1466 2126 1520 in

539 1557 641 1612 hac
682 1570 741 1612 re
766 1555 1100 1626 sequendum
1144 1564 1312 1623 esset,
1349 1558 1511 1612 totius
1542 1557 1795 1613 Ecclesiae
1841 1559 2129 1614 consensio

538 1647 937 1712 confirmasset,
967 1647 1137 1702 visum
1162 1657 1244 1703 est
1269 1649 1339 1715 ei,
1366 1664 1487 1703 cum
1522 1648 1690 1705 ferme
1711 1651 1978 1721 octoginta
2007 1665 2129 1705 coe-

535 1739 773 1811 piscopis
835 1740 951 1794 suis
999 1739 1373 1796 Africanarum
1427 1741 1814 1808 Ecclesiarum,
1853 1744 2126 1799 hominem

2236 559 2374 609 rum,
2407 545 2548 600 sicut
2577 547 2716 601 inter
2741 546 2962 616 angelos
2989 556 3201 602 sanctos
3230 563 3338 603 non
3374 548 3540 605 habet
3568 552 3801 610 diabolus

2233 636 2467 706 aliquem
2526 653 2770 692 suorum.
2813 636 3069 693 Ecclesia:
3117 653 3244 692 vero
3296 638 3444 705 huic,
3481 655 3608 710 qua
3649 644 3801 700 adhuc

2234 727 2412 782 carnis
2439 730 2816 784 mortalitatem
2862 736 3060 799 portat,
3091 731 3326 799 quandiu
3360 733 3741 802 peregrinatur
3773 750 3798 790 a

2236 819 2482 886 Domino,
2517 821 2730 876 licuerit
2774 821 2992 876 diabolo
3040 823 3270 878 miscere
3299 823 3536 890 zizania,
3582 825 3680 879 hoc
3706 836 3799 893 est,

2234 913 2406 967 malos
2437 913 2702 979 homines,
2737 922 2792 968 et
2829 913 3122 982 permissus
3154 914 3225 968 sit
3251 923 3474 983 prOpter
3516 914 3687 983 ipsius
3712 916 3801 971 Ec-

2235 1004 2415 1059 clesia:
2446 1006 2956 1075 peregrinationem,
2988 1013 3047 1058 ut
3074 1005 3286 1074 requies
3318 1006 3466 1059 illius
3495 1007 3685 1074 patriae
3715 1022 3797 1077 qua

2235 1096 2402 1149 sancti
2433 1096 2608 1166 angeli
2659 1095 3022 1166 perfruuntur,
3070 1095 3473 1151 desideraretur
3517 1095 3792 1153 ardentius.

2235 1183 2311 1239 De
2346 1185 2709 1241 Sacramentis
2757 1196 2936 1241 autem
2981 1185 3082 1240 hoc
3123 1185 3228 1240 dici
3275 1200 3385 1241 non
3428 1194 3635 1256 potest.
3672 1186 3795 1246 Sicut

2235 1278 2377 1332 enim
2405 1293 2467 1334 ea
2497 1288 2720 1348 possunt
2749 1279 2948 1334 habere
2984 1288 3146 1348 atque
3175 1288 3407 1334 tractare
3437 1294 3558 1334 non
3587 1280 3652 1334 ad
3679 1280 3792 1335 salu-

2236 1377 2363 1436 tem,
2405 1370 2500 1424 sed
2543 1371 2610 1424 ad
2641 1372 2934 1440 perniciem
2979 1385 3152 1438 suam,
3186 1371 3238 1426 in
3268 1385 3372 1441 qua
3402 1373 3517 1442 igni
3562 1373 3792 1430 destinata

2233 1469 2358 1514 sunt
2396 1461 2652 1516 interiora
2684 1462 2909 1527 zizania,
2937 1461 3016 1516 sic
3053 1462 3325 1516 exteriora
3352 1463 3586 1531 zizania,
3612 1479 3716 1534 qua
3737 1466 3790 1520 ab

2233 1553 2582 1609 interioribus
2623 1554 3003 1610 recedentibus
3026 1563 3378 1625 acceperunt,
3409 1559 3539 1624 quia
3570 1557 3788 1612 receden-

2237 1647 2306 1702 tia
2343 1661 2448 1702 non
2488 1648 2804 1704 amiserunt.
2838 1647 2992 1713 Quod
3041 1647 3160 1704 sine
3205 1647 3368 1702 dubio
3419 1647 3790 1716 manifestatur,

2235 1752 2354 1792 cum
2398 1739 2746 1794 redeuntibus
2793 1754 2898 1793 non
2943 1738 3266 1804 restituitur,
3298 1741 3522 1807 quando
3551 1739 3678 1795 forte
3711 1742 3786 1796 ali-

537 1829 799 1908 [omnem]
830 1833 921 1903 qui
967 1841 1118 1888 extra
1164 1833 1425 1888 Ecclesiae
1453 1833 1743 1890 catholicae
1791 1835 2128 1890 communio-
2159 1844 2208 1906 Β
2235 1831 2323 1900 qui
2363 1844 2428 1885 ex
2475 1829 2554 1885 eis
2609 1831 2739 1899 ipsis
2769 1828 2859 1898 qui
2908 1839 3247 1885 recesserant
3295 1839 3653 1885 revertuntur.
3699 1830 3782 1887 Nec

538 1941 665 1982 nem
695 1927 998 1997 baptizatus
1037 1927 1248 1993 fuisset,
1289 1935 1543 1996 oportere
1593 1927 1659 1982 ad
1703 1927 1999 1984 Ecclesiam
2036 1944 2127 1985 ve-

541 2020 779 2076 nientem
810 2019 987 2074 denuo
1016 2019 1300 2089 baptizari,
1320 2019 1462 2089 quod
1492 2033 1598 2074 non
1638 2029 1785 2074 recte
1827 2020 1944 2075 fieri
1977 2029 2126 2075 tanto

538 2111 656 2166 viro
677 2113 930 2166 nimirum
958 2121 1242 2182 propterea
1263 2113 1522 2167 Dominus
1546 2129 1652 2167 non
1675 2113 1908 2183 aperuit,
1929 2125 1986 2169 ut
2009 2114 2126 2184 ejus

538 2201 628 2272 pia
657 2210 713 2258 et
739 2202 1033 2270 humilitas,
1057 2213 1112 2259 et
1138 2204 1399 2270 charitas,
1425 2206 1479 2260 in
1512 2206 1862 2262 custodienda
1894 2207 2124 2262 salubri-

537 2301 623 2351 ter
648 2294 906 2350 Ecclesize
937 2309 1090 2365 pace,
1124 2303 1444 2362 patesceret.
1476 2295 1653 2351 Minus
1677 2311 1804 2366 ergo
1833 2297 1923 2352 ille
1952 2312 2123 2366 pene-

536 2385 699 2442 travit
710 2393 768 2442 ut
779 2395 1029 2444 cerneret
1042 2396 1309 2444 secretum
1323 2389 1560 2445 abditum
1577 2390 1899 2446 sacramenti
1917 2407 1929 2443 :
1947 2390 2038 2445 sed
2049 2431 2064 2455 ,
2078 2390 2124 2446 si

535 2481 704 2537 sciret
718 2483 895 2537 omnia
919 2491 1276 2550 sacramenta,
1294 2484 1612 2540 charitatem
1630 2494 1807 2539 autem
1832 2498 1937 2538 non
1959 2482 2126 2538 habe-

535 2586 641 2644 ret,
673 2578 806 2634 nihil
832 2587 995 2635 esset.
1029 2578 1164 2634 Cum
1187 2589 1365 2635 autem
1409 2580 1587 2635 minus
1615 2579 1744 2634 illud
1770 2579 2125 2648 perspiciens,

535 2669 680 2726 hanc
700 2680 878 2728 tamen
901 2671 1198 2738 humiliter,
1215 2671 1697 2738 fideliter,fortiter
1718 2669 2028 2734 custodivit,
2059 2668 2125 2723 ad

537 2762 784 2836 Martyrii
810 2779 1068 2820 coronam
1088 2766 1283 2822 meruit
1301 2767 1608 2837 pervenire,
1634 2775 1693 2820 ut
1720 2767 1766 2820 si
1797 2781 1900 2836 qua
1933 2765 1984 2820 in
2009 2763 2127 2834 ejus

536 2846 770 2914 lucidam
804 2867 1038 2914 mentem
1070 2875 1137 2915 ex
1161 2861 1393 2915 humana
1416 2859 1728 2914 conditione
1756 2859 1952 2914 nebula
1983 2858 2128 2912 inre-

535 2956 758 3020 pserant
808 2949 1185 3024 [irrepserat],
1243 2950 1476 3020 gloriosa
1525 2950 1818 3006 serenitate
1873 2949 2129 3019 fulgentis

533 3040 818 3112 sanguinis
848 3041 1147 3113 fugaretur.
1180 3042 1296 3098 Non
1329 3041 1470 3098 enim
1500 3042 1698 3097 frustra
1731 3043 1845 3112 ipse
1868 3042 2128 3098 Dominus

534 3131 696 3194 Iesus
739 3133 1006 3201 Christus,
1050 3151 1173 3191 cum
1203 3150 1264 3191 se
1312 3137 1486 3206 ipsum
1526 3137 1732 3192 diceret
1759 3135 1948 3201 vitem,
2001 3150 2129 3193 suos

533 3237 716 3287 autem
757 3238 1010 3300 tanquam
1041 3229 1097 3285 in
1129 3230 1242 3285 vite
1279 3238 1550 3285 sarmenta
1598 3229 1818 3299 praecidi
1848 3230 1985 3285 dixit
2008 3245 2124 3299 eos,
2153 3232 2201 3296 C

537 3327 598 3375 et
623 3319 693 3376 de
717 3319 828 3376 vite
874 3319 1094 3387 auferri,
1144 3328 1399 3390 tanquam
1450 3320 1655 3376 inutilia
1698 3329 1970 3376 sarmenta
2001 3337 2122 3392 qua:

533 3406 772 3466 fructum
799 3425 906 3466 non
954 3409 1168 3467 darent.
1208 3410 1339 3478 Quis
1377 3419 1462 3465 est
1511 3421 1692 3467 autem
1746 3413 1970 3480 fructus,
2020 3413 2125 3468 nisi

531 3514 709 3558 novus
736 3501 827 3558 ille
855 3501 1042 3570 laetus,
1069 3503 1138 3559 de
1167 3518 1274 3573 quo
1314 3505 1444 3561 item
1478 3504 1610 3560 dicit
1634 3523 1649 3561 :
1672 3505 1978 3561 Mandatnm
2026 3522 2126 3561 no-

532 3604 662 3646 vum
693 3591 764 3646 do
783 3591 964 3658 vobis,
988 3601 1048 3647 ut
1083 3608 1181 3648 vos
1204 3593 1434 3649 invicem
1464 3595 1737 3665 diligatis?
1769 3597 1883 3664 Ipsa
1923 3606 2005 3653 est
2030 3597 2121 3652 illa

534 3682 793 3751 charitas,
822 3684 940 3738 sine
959 3699 1062 3754 qua
1091 3695 1286 3741 caetera
1310 3687 1442 3740 nihil
1462 3699 1706 3757 prosunt,
1743 3691 1883 3745 Dicit
1905 3701 1957 3746 ct
1981 3694 2123 3760 Apo-

540 3772 1009 3828 stolustructus
1050 3782 1226 3830 autem
1273 3776 1493 3844 spiritus
1541 3787 1625 3832 est
1672 3779 1937 3845 charitas,
1996 3795 2123 3849 gau-

536 3862 706 3932 dium,
739 3877 865 3930 pax,
901 3861 1307 3932 longanimitas,
1337 3865 1662 3935 benignitas,
1702 3867 1933 3935 bonitas,
1967 3870 2120 3935 fides,

533 3952 927 4021 mansuetudo,
980 3954 1332 4010 continentia.
1381 3956 1511 4024 Quae
1558 3959 1738 4013 omnia
1788 3959 2050 4029 incipiunt
2090 3973 2121 4014 a

531 4045 815 4113 charitate,
848 4053 904 4099 et
949 4060 1046 4114 per
1091 4054 1341 4102 ceteram
1369 4047 1675 4117 juncturam
1715 4051 1867 4119 quasi
1905 4051 2121 4106 botrum

528 4134 831 4191 mirabilem
864 4136 1086 4192 faciunt.
1119 4137 1229 4194 Nec
1262 4147 1438 4195 tamen
1469 4141 1670 4197 frustra
1701 4143 1843 4198 idem
1864 4143 2122 4200 Dominus

528 4227 754 4294 addidit,
780 4229 912 4297 Quae
937 4239 1118 4285 autem
1163 4242 1440 4288 sarmenta
1476 4235 1529 4290 in
1571 4251 1658 4290 me
1699 4237 1829 4291 dant
1867 4238 2118 4305 fructum,

529 4326 722 4387 purgat
745 4319 834 4372 illa
860 4329 1012 4388 pater
1037 4337 1212 4388 meus,
1235 4331 1294 4377 ut
1321 4325 1577 4393 majorem
1603 4326 1836 4382 fructum
1859 4327 2114 4383 afferant:

529 4409 636 4464 nisi
676 4410 797 4480 quia
836 4421 893 4466 et
941 4414 1074 4484 ipsi,
1117 4414 1209 4484 qui
1255 4415 1430 4470 fructu
1483 4419 1776 4486 praevalent
1817 4419 2116 4488 charitatis,

529 4511 760 4571 possunt
777 4513 954 4560 tamen
971 4507 1175 4577 aliquid
1195 4508 1394 4564 habere
1413 4511 1767 4580 purgandum,
1788 4512 1926 4581 quod
1946 4512 2116 4566 incul-

2231 1923 2512 1993 quisquatn
2544 1922 2741 1977 dixerit
2771 1939 2783 1975 :
2809 1921 2946 1988 Quid
2978 1922 3120 1976 enim
3153 1920 3409 1976 frumenti
3440 1923 3631 1977 habent
3665 1924 3778 1977 ziza-

2232 2016 2359 2072 nia?
2389 2017 2434 2070 si
2481 2015 2622 2070 enim
2674 2015 2776 2069 hoc
2815 2015 2888 2068 ita
2934 1993 3038 2082 est,
3086 2023 3140 2069 et
3169 2015 3312 2068 intus
3363 2025 3417 2070 et
3446 2014 3572 2070 foris
3616 2016 3674 2068 ad
3699 2014 3782 2069 hoc

2232 2109 2494 2162 duntaxat
2523 2121 2620 2176 par
2640 2105 2878 2161 conditio
2904 2113 3008 2160 est.
3034 2104 3216 2173 Neq'ue
3246 2105 3387 2160 enim
3411 2106 3462 2160 in
3483 2106 3688 2160 zizaniis
3705 2121 3782 2160 ex-

2232 2201 2523 2257 terioribus
2553 2215 2661 2254 non
2690 2199 3038 2254 inveniuntur
3069 2212 3239 2266 grana
3268 2200 3520 2265 frumenti,
3552 2209 3601 2254 et
3625 2198 3676 2252 in
3703 2199 3781 2253 in-

2233 2291 2524 2347 terioribus
2550 2291 2919 2348 inveniuntur.
2948 2292 3024 2346 De
3045 2302 3372 2348 sacramento
3400 2289 3774 2364 [sacramentis]

2233 2395 2410 2441 autem
2457 2401 2578 2441 cum
2632 2386 2912 2454 quazritur,
2961 2400 3068 2439 non
3113 2394 3291 2439 utrum
3334 2385 3550 2440 habeant
3591 2383 3778 2453 aliquid

2231 2478 2484 2533 frumenti
2528 2477 2727 2532 zizauia
2771 2479 3050 2547 quaeritur,
3097 2477 3196 2532 sed
3239 2486 3413 2532 utrum
3454 2477 3776 2532 babeantali-

2232 2570 2357 2641 quid
2384 2571 2543 2626 coeli?
2567 2580 2620 2625 et
2646 2569 3000 2625 exterioribus
3029 2569 3170 2624 enim
3204 2579 3258 2625 et
3287 2569 3624 2625 interioribus
3649 2570 3760 2622 ziza-

2233 2662 2357 2725 niis,
2390 2677 2512 2716 cum
2536 2662 2652 2730 ipso
2688 2660 2867 2716 tritico
2891 2669 2974 2715 est
3002 2660 3178 2730 pluvia
3208 2662 3534 2726 communis,
3562 2676 3662 2730 qua:
3683 2674 3766 2715 cae-

2235 2755 2385 2809 lestis
2413 2763 2467 2810 et
2491 2754 2662 2808 dulcis
2683 2763 2767 2809 est
2798 2770 2813 2810 :
2844 2754 2960 2822 ipsa
2992 2753 3154 2808 etiam
3181 2752 3226 2806 si
3258 2768 3324 2808 ex
3372 2767 3438 2808 ea
3479 2753 3646 2807 zizania
3676 2762 3755 2806 sle-

2233 2848 2408 2902 riliter
2452 2857 2724 2914 crescunt,
2767 2846 2845 2901 sic
2893 2855 2948 2901 et
2978 2845 3362 2915 Evangelicum
3406 2845 3589 2900 Christi
3615 2856 3744 2898 sacra-

2233 2952 2473 2995 mentum
2503 2939 2742 2994 divinum
2773 2947 2827 2993 et
2853 2952 3021 2993 suave
3043 2947 3146 3004 est,
3181 2951 3359 3008 neque
3385 2948 3588 3008 propter
3607 2948 3749 2990 eum

2234 3030 2575 3087 sterilitatem
2625 3045 2764 3101 quos
2805 3029 2969 3086 etiam
3008 3027 3142 3084 foris
3187 3044 3314 3085 cum
3348 3029 3493 3098 pluit
3520 3026 3758 3099 improban-

2234 3124 2382 3180 dum.

2785 3192 3015 3250 CAPUT
3052 3191 3265 3250 CCXX.

2233 3307 2383 3374 Quod
2425 3323 2526 3360 non
2567 3309 2641 3360 ita
2687 3305 2786 3360 sibi
2833 3305 3113 3377 baptisma:
3157 3321 3306 3361 verus
3349 3303 3770 3377 succcdcreponit

2301 3379 2430 3432 sicut
2473 3381 2620 3448 falsa:
2659 3378 2782 3448 ﬁdei
2819 3374 2937 3432 vera
2972 3377 3238 3445 succedit;
3277 3393 3345 3432 ea:
3391 3378 3563 3432 eodem
3589 3374 3769 3430 librodt

2301 3448 2570 3520 Baptismo
2593 3465 2668 3504 tv.

2299 3565 2416 3619 .lam
2463 3566 2594 3619 satis
2642 3565 2974 3620 ostendimus
3017 3565 3085 3620 ad
3127 3564 3454 3636 baptismum
3503 3565 3590 3636 qui
3630 3563 3774 3619 verbis

2229 3657 2555 3726 evangelicis
2603 3667 2976 3723 consecratur,
3027 3673 3134 3713 non
3179 3660 3451 3728 pertinere
3496 3659 3777 3725 cujusquam

2227 3751 2312 3804 vel
2341 3749 2518 3805 dantis
2564 3751 2646 3805 vel
2696 3752 3016 3822 accipientis
3060 3767 3327 3819 errorem,
3372 3754 3475 3807 sire
3501 3751 3563 3805 de
3606 3750 3774 3814 Patre,

2228 3841 2342 3898 sive
2373 3841 2439 3896 de
2470 3841 2633 3910 Filio,
2689 3843 2802 3898 sive
2842 3844 2909 3899 de
2937 3844 3140 3915 Spiritu
3181 3857 3360 3902 sancto
3398 3845 3545 3898 aliter
3585 3841 3770 3896 sentiat

2227 3948 2386 4002 quam
2415 3933 2659 3990 doctrina
2689 3937 2927 3992 caelestis
2966 3939 3223 3994 insinuat.
3253 3937 3395 3994 Multi
3431 3937 3570 3992 enim
3595 3949 3778 3989 carna-

2227 4025 2307 4080 les
2334 4034 2388 4081 et
2413 4027 2672 4082 animales
2711 4029 2870 4084 etiam
2903 4029 3046 4085 intus
3083 4031 3444 4100 baptizantur,
3481 4044 3599 4084 cum
3621 4036 3784 4096 aperte

2227 4119 2371 4174 dicat
2401 4121 2691 4190 Apostolus
2717 4139 2729 4176 :
2759 4121 3025 4178 Auimalis
3053 4134 3231 4179 autem
3261 4124 3425 4178 homo
3457 4138 3559 4177 non
3588 4118 3784 4189 percipit

2226 4226 2288 4268 ea
2318 4227 2438 4281 quae
2467 4223 2590 4267 sunt
2617 4214 2836 4283 spiritus
2868 4215 2982 4281 Dei,
3009 4225 3064 4271 et
3103 4225 3362 4285 percepto
3386 4215 3499 4283 jam
3531 4213 3781 4284 baptismo,

2225 4305 2354 4360 dicit
2391 4320 2488 4362 eos
2523 4307 2699 4361 adhuc
2744 4309 3002 4364 animales
3051 4323 3191 4365 esse.
3240 4309 3558 4365 Secundum
3604 4318 3781 4361 sensum

2223 4408 2400 4455 autem
2443 4402 2734 4468 carnalem,
2786 4417 2894 4456 non
2925 4411 3099 4471 potest
3130 4402 3232 4456 nisi
3273 4403 3584 4457 carnaliter
3611 4399 3669 4454 de
3696 4396 3782 4450 Deo

2223 4508 2413 4561 sapere
2434 4495 2608 4549 anima
2633 4495 2910 4563 corporeis
2941 4495 3194 4549 sensibus
3234 4493 3452 4551 dedita.
3479 4493 3633 4550 Unde
3665 4487 3779 4543 multi

529 4602 645 4646 tum
675 4596 904 4664 agricola
928 4612 1032 4653 non
1057 4600 1330 4670 relinquit.
1354 4600 1508 4667 Quod
1533 4616 1662 4671 ergo
1685 4603 1776 4657 ille
1808 4613 2026 4659 sanctus
2047 4605 2114 4660 de

2229 4595 2346 4654 post
2370 4585 2694 4656 baptismum
2721 4585 3091 4655 proﬁcientes,
3116 4597 3170 4641 et
3197 4587 3445 4640 maxime
3476 4587 3570 4656 qui
3599 4582 3778 4639 infantes

528 4682 810 4752 Baptismo
834 4687 990 4742 aliter
1016 4690 1254 4746 sentiens
1282 4707 1442 4762 quam
1472 4707 1529 4746 se
1572 4709 1659 4747 res
1704 4693 1953 4759 habebat,
1997 4709 2116 4764 quae

528 4783 720 4843 postea
773 4786 1096 4844 pertractata
1141 4791 1196 4836 et
1243 4783 1651 4855 diligentissima
1681 4785 2116 4842 consideratione

527 4873 740 4930 firmata
773 4883 878 4941 est,
902 4877 958 4932 in
987 4878 1254 4936 catholica
1277 4886 1482 4939 unitate
1508 4885 1822 4955 permansit,
1855 4892 1911 4939 et
1940 4885 2113 4940 chari-

527 4969 650 5050 tatis
695 4968 941 5026 ubertate
990 4983 1395 5042 compensatum
1426 4984 1530 5045 est,
1573 4986 1626 5033 et
1671 4977 1939 5048 passionis
1977 4977 2116 5033 falce

526 5069 837 5132 purgatum.

1073 5156 1302 5217 CAPUT
1341 5161 1568 5218 CCXIX.

531 5255 638 5329 18
662 5255 810 5329 Quod
838 5255 968 5329 sicut
997 5251 1137 5329 intus
1156 5254 1293 5329 quod
1317 5254 1507 5320 diaboli
1531 5264 1604 5310 est
1626 5263 2110 5329 argumentumest,

595 5319 669 5380 ἷξε
683 5319 732 5381 et
755 5327 882 5394 foris
903 5323 1036 5394 quod
1054 5319 1244 5379 Christi
1264 5334 1358 5396 est,
1376 5319 1754 5397 agnoscendum
1775 5335 1882 5395 est;
1902 5344 1966 5384 cx
1985 5319 2118 5381 libro

598 5398 663 5452 dc
684 5397 949 5467 Baptismo
981 5410 1057 5449 tv.
1577 5434 1581 5438 .

598 5509 750 5567 Sicut
779 5525 909 5582 ergo
933 5519 989 5566 et
1027 5512 1192 5579 intus,
1234 5511 1376 5580 quod
1407 5510 1605 5566 diaboli
1631 5520 1734 5578 est,
1780 5512 2111 5582 arguendum

523 5609 631 5670 est,
662 5605 739 5658 sic
763 5610 818 5659 et
855 5602 1005 5669 foris,
1047 5604 1188 5674 quod
1217 5601 1416 5660 Christi
1449 5612 1533 5658 est
1575 5605 1976 5674 agnoscendum
2006 5613 2108 5660 est.

525 5693 606 5750 An
639 5705 794 5751 extra
821 5696 1078 5751 unitatem
1105 5697 1360 5751 Ecclesiae
1391 5712 1496 5750 non
1521 5695 1683 5750 habet
1721 5711 1815 5750 sua
1843 5696 2110 5760 Christus,

527 5793 584 5842 et
612 5787 662 5839 in
692 5788 897 5842 unitate
928 5787 1186 5842 Ecclesiae
1216 5788 1378 5841 habet
1408 5803 1502 5842 sua
1533 5787 1821 5843 diabolus?
1864 5788 1976 5843 Hoc
2000 5787 2112 5842 for-

527 5884 674 5938 tasse
699 5875 808 5952 [de]
836 5879 1143 5938 hominibus
1167 5878 1272 5937 dici
1311 5887 1508 5952 potest,
1540 5890 1597 5938 ut
1630 5880 1707 5938 sic
1736 5888 1885 5938 extra
1923 5881 2114 5952 Eccle-

2115 6027 2145 6039 α.

2225 4679 2306 4733 vel
2341 4679 2489 4746 pueri
2522 4679 2777 4749 baptizati
2825 4689 2970 4746 sunt,
3001 4690 3201 4748 quanto
3233 4679 3412 4746 magis
3449 4693 3641 4734 eorum
3668 4672 3785 4729 intel-

2225 4769 2396 4824 lectus
2451 4781 2729 4825 serenatur
2771 4779 2828 4827 et
2872 4771 3202 4826 illuminatur
3233 4768 3647 4841 [iliuminetur‘h
3691 4765 3790 4820 dum

2225 4862 2448 4918 interior
2489 4863 2650 4918 homo
2690 4873 2982 4918 renovatur
3009 4862 3078 4917 de
3115 4862 3203 4916 die
3235 4862 3287 4915 in
3333 4861 3517 4927 diem,
3553 4858 3792 4930 propiores

2226 4954 2500 5028 [priores,]
2527 4970 2650 5011 suas
2673 4954 2972 5024 opiniones,
2997 4968 3130 5025 quas
3145 4953 3214 5009 de
3237 4954 3351 5007 Deo
3379 4952 3686 5017 habebant,
3702 4961 3794 5003 cum

2222 5047 2334 5103 suis
2364 5047 2752 5116 phantasmatis
2779 5046 3208 5111 ludificarentur,
3251 5043 3510 5100 inrident
3536 5035 3795 5116 [irrident].

2221 5140 2551 5197 detestantes
2585 5149 2748 5211 atque
2798 5139 3120 5196 confitentes
3167 5137 3461 5193 abiiciunt.
3511 5138 3626 5194 Nec
3654 5145 3799 5191 tamen

2220 5228 2342 5284 ideo
2363 5243 2469 5284 non
2486 5229 2756 5298 accepisse
2772 5227 3096 5298 baptismum
3115 5225 3537 5296 existimantur,
3561 5233 3653 5279 aut
3675 5221 3801 5277 talem

2219 5320 2542 5390 baptismum
2600 5322 2882 5392 accepisse
2935 5320 3216 5385 dicuntur,
3277 5317 3471 5387 qualis
3531 5318 3638 5374 fuit
3683 5324 3805 5371 error

2219 5417 2456 5487 ipsorum
2485 5434 2497 5469 :
2523 5416 2616 5472 sed
2664 5415 2717 5471 in
2749 5416 2828 5471 eis
2861 5424 2917 5472 et
2952 5414 3286 5472 Sacramenti
3316 5413 3631 5483 integritas
3669 5411 3810 5464 bono-

2225 5517 2394 5576 ratur,
2423 5517 2477 5562 et
2507 5507 2700 5562 mentis
2723 5507 2934 5564 vanitas
2977 5506 3315 5572 emendatur,
3358 5505 3604 5562 etiamsi
3640 5500 3808 5559 conﬁr-

2225 5609 2366 5654 mata
2412 5610 2465 5654 et
2496 5600 2724 5655 fortasse
2759 5599 2941 5655 multis
2980 5597 3430 5654 contentionibus
3463 5597 3699 5653 defensa
3727 5589 3813 5646 cal-

2225 5693 2414 5750 luerat.
2453 5693 2790 5762 Quapropter
2834 5694 2996 5748 etiam
3045 5691 3350 5754 haereticus,
3408 5691 3516 5760 qui
3552 5687 3816 5760 perspicue

2226 5787 2356 5843 foris
2384 5799 2485 5854 est,
2510 5789 2556 5842 si
2579 5787 2900 5858 baptismum
2926 5787 3035 5843 illic
3055 5785 3434 5856 evangelicum
3464 5785 3708 5852 accepit,
3730 5791 3819 5834 non

2227 5881 2386 5939 talem
2404 5881 2584 5953 utique
2603 5881 2925 5952 baptismum
2942 5880 3168 5952 accepit,
3183 5877 3322 5950 quali
3342 5891 3568 5938 errore
3585 5883 3816 5934 caecatur.
