3986 6382
217 362 301 418 881

1353 359 1778 419 THESAURUS.
1819 361 1975 420 CAP.
2014 365 2266 421 CCXXII.

3332 371 3438 427 88‘2

216 484 274 538 Et
308 490 564 553 propterea
617 485 662 540 si
710 485 1029 554 resipiscens
1069 481 1310 552 viderit,l
1337 483 1748 553 relinquendum
1777 481 1832 543 Α
1853 495 1971 536 eam
2004 484 2288 548 miserans,
2322 485 2517 555 ubique
2545 485 2710 539 voluit
2737 485 2803 540 ad
2834 472 2989 557 quem
3023 486 3436 545 redeatammo-

214 589 318 631 esse
340 576 464 646 quod
509 576 648 631 male
689 585 950 641 tenuerat,
995 590 1103 629 non
1153 573 1310 627 simul
1346 574 1395 628 ei
1449 575 1756 645 relinquen-

210 666 320 722 dum
347 677 414 722 est
443 666 642 722 bonum
672 669 812 738 quod
847 673 1150 734 acceperat.
1191 663 1298 718 Nec
1327 665 1450 733 quia
1500 681 1651 720 error
1695 667 1758 720 il-

208 760 304 816 lius
337 761 704 829 improbandus
750 771 853 829 est,
903 768 1188 831 propterea
1220 758 1270 811 in
1303 758 1393 812 illo
1439 756 1634 814 ChriSti
1664 761 1759 816 ba-

207 851 403 923 ptismus
428 853 792 908 exsuttlandus
813 863 916 908 est.
947 855 1064 909 Jam
1091 853 1232 907 enim
1255 866 1320 906 ex
1349 851 1432 907 his
1457 867 1592 922 quos
1616 854 1758 907 intus

202 944 488 1014 contigitde
518 945 629 998 Deo
669 943 800 999 falsa
831 945 1116 1012 opinantes
1160 947 1437 1018 baptizari,
1486 946 1615 1000 satis
1645 945 1761 998 elu-

205 1045 282 1092 cet
302 1036 694 1092 discernendam
726 1052 846 1092 esse
882 1041 1206 1094 sacramenti
1235 1041 1537 1103 veritatem,
1565 1052 1596 1091 a
1619 1036 1759 1090 male

198 1129 445 1186 credentis
475 1145 684 1197 errore,
716 1133 958 1201 quamvis
993 1141 1277 1204 utrumque
1315 1137 1367 1190 in
1407 1133 1626 1189 homine
1653 1146 1760 1186 uno

201 1227 361 1282 valeat
397 1225 620 1282 inveniri
655 1243 671 1282 :
701 1237 756 1283 et
803 1228 926 1283 ideo
966 1243 1089 1283 cum
1121 1230 1282 1284 etiam
1313 1228 1444 1284 foris
1493 1230 1546 1283 in
1575 1241 1761 1284 errore

203 1320 367 1390 aliquo
413 1322 755 1388 constitutus,
809 1337 938 1376 vero
985 1333 1164 1377 tamen
1215 1330 1555 1378 sacramento
1600 1322 1762 1376 fuerit

202 1414 501 1484 baptizatus,
533 1428 654 1468 cum
685 1413 944 1468 Ecclesia:
976 1415 1220 1470 redditur
1247 1416 1458 1480 unitati,
1489 1415 1632 1471 sicut
1664 1413 1762 1468 tal-

200 1521 274 1563 sre
302 1505 413 1561 ﬁdei
439 1521 562 1561 vera
592 1506 853 1573 succedit,
887 1521 991 1560 non
1022 1508 1100 1561 sic
1126 1516 1300 1575 potest
1323 1508 1486 1562 etiam
1514 1521 1643 1562 vero
1670 1506 1762 1560 ba-

196 1599 375 1668 ptismo
409 1611 566 1652 verus
615 1597 912 1668 baptismus
953 1599 1265 1666 succedere,
1298 1600 1420 1670 quia
1451 1598 1594 1654 idem
1641 1599 1758 1669 ipse

192 1689 292 1744 sibi
337 1690 618 1746 succedere
666 1705 773 1746 non
806 1700 1004 1760 potest,
1048 1693 1172 1762 quia
1216 1707 1317 1748 nec
1358 1692 1623 1748 decedere
1662 1706 1758 1762 po-

192 1786 310 1833 test.
357 1780 431 1834 Ad
462 1780 565 1835 hoc
605 1796 733 1851 ergo
765 1783 1003 1839 haeretici
1052 1785 1117 1837 ad
1162 1782 1480 1838 catholicam
1512 1783 1754 1854 veniunt,

193 1870 397 1940 utquod
426 1886 612 1928 eorum
638 1874 839 1928 malum
872 1883 956 1929 est
998 1874 1322 1946 corrigatur,
1357 1891 1464 1930 non
1492 1875 1632 1946 quod
1665 1875 1760 1931 Dei

191 1961 377 2019 bonum
404 1974 484 2019 est
511 1975 804 2034 repetatur.
837 1966 974 2021 Dicit
1000 1968 1192 2037 aliquis
1223 1984 1238 2024 :
1269 1967 1480 2022 Nihilne
1508 1981 1638 2036 ergo
1667 1967 1760 2022 in-

194 2063 349 2111 terest
380 2055 422 2110 si
446 2056 552 2111 duo
577 2056 629 2112 in
677 2072 862 2112 errore
891 2058 1005 2127 pari
1035 2068 1194 2128 atque
1240 2059 1443 2112 malitia
1481 2057 1760 2112 constituti

189 2143 313 2213 sint,
347 2160 437 2200 nec
462 2146 567 2200 vita
601 2160 700 2202 nec
730 2147 896 2202 corde
942 2155 1170 2216 mutato,
1205 2147 1338 2201 alius
1387 2161 1574 2202 eorum
1605 2147 1756 2214 foris,

191 2236 321 2292 alius
362 2237 498 2292 intus
529 2237 868 2307 baptizetur?
902 2239 1095 2294 Fateor
1145 2239 1405 2294 interesse
1436 2255 1449 2291 :
1482 2239 1575 2293 ille
1615 2241 1759 2293 enim

191 2328 335 2395 pejor
381 2337 480 2392 est,
513 2329 602 2398 qui
652 2331 812 2385 etiam
852 2331 980 2384 foris
1018 2331 1345 2399 baptizatur,
1393 2344 1496 2382 non
1526 2344 1589 2384 eo
1618 2331 1760 2398 quod

193 2414 496 2485 baptizatur,
546 2420 641 2473 sed
672 2435 737 2473 eo
764 2421 908 2488 quod
936 2420 1066 2473 foris
1115 2429 1216 2474 est.
1252 2420 1349 2474 Est
1377 2421 1537 2474 etiam
1570 2419 1758 2491 [enim]

191 2503 350 2575 ipsius
372 2507 667 2573 divisionis,
700 2524 802 2564 nec
822 2511 1052 2579 nullum,
1080 2525 1176 2564 nec
1209 2526 1428 2578 parvum
1461 2511 1681 2578 malum,
1713 2511 1761 2564 si

190 2603 362 2652 tamen
386 2598 474 2653 ille
511 2599 602 2668 qui
630 2600 775 2655 intus
800 2600 1121 2670 baptizatur,
1157 2617 1262 2655 non
1290 2610 1509 2671 propter
1546 2601 1759 2669 aliquod

184 2700 450 2749 terrenum
499 2703 594 2749 aut
625 2697 923 2763 temporale
953 2696 1296 2751 commodum
1326 2695 1469 2750 intus
1507 2710 1626 2749 esse
1657 2711 1757 2749 vo-

179 2779 299 2849 luit,
340 2782 434 2839 sed
471 2783 614 2852 quod
662 2785 922 2839 unitatem
956 2784 1211 2839 Ecclesiae
1245 2794 1358 2839 toto
1401 2790 1532 2839 orbe
1555 2784 1759 2839 ditl‘usze

175 2871 517 2928 schismatum
558 2875 956 2930 concisionibus
1005 2877 1269 2944 praetulit;
1311 2876 1545 2945 alioquin
1593 2879 1755 2931 etiam

174 2965 294 3034 ipse
330 2965 465 3021 inter
496 2966 622 3022 illos
667 2967 757 3036 qui
783 2966 913 3022 foris
939 2978 1064 3022 sunt
1101 2968 1439 3037 deputandus
1471 2979 1574 3024 est.
1607 2969 1755 3024 Con-

168 3058 456 3113 stituamus
500 3074 629 3129 ergo
659 3059 796 3115 duos
825 3061 1039 3130 aliquos
1086 3063 1189 3116 isto
1240 3064 1401 3116 modo
1433 3081 1444 3115 :
1477 3079 1638 3117 unum
1666 3078 1759 3117 eo-

169 3163 311 3215 rum,
345 3151 491 3205 verbi
521 3152 710 3221 gratia,
747 3151 799 3206 id
828 3153 1030 3208 sentire
1054 3153 1121 3209 de
1151 3152 1367 3209 Christo
1399 3156 1539 3226 quod
1572 3154 1756 3211 Photi-

1859 590 1989 630 nere
2014 575 2366 648 [admonere].

2395 671 2624 726 CAPUT
2663 671 2896 726 CCXXI.

1860 761 1938 817 De
1969 762 2212 818 bonorum
2256 782 2453 818 morum
2486 766 2720 819 hwretico
2761 774 2806 818 et
2855 766 3104 819 catholico
3130 765 3440 834 criminosa;

2202 852 2264 889 ea:
2291 839 2465 890 eadem
2495 838 2624 890 libro
2647 837 2708 889 de
2735 835 3002 904 Baptismo
3025 852 3095 890 tv.

1934 946 2335 1002 Constituamus
2365 964 2494 1019 ergo
2523 947 2756 1019 aliquem
2790 959 3018 1016 castum,
3051 950 3440 1016 continentem,

1863 1051 1968 1092 non
1992 1053 2232 1101 avarum,
2268 1055 2373 1093 non
2402 1040 2560 1094 idolis
2600 1041 2946 1106 servientem,
2983 1042 3330 1112 hospitalem,
3359 1043 3444 1096 in-

1863 1128 2171 1200 digentibus
2205 1131 2623 1196 ministrantem,
2667 1148 2773 1186 non
2804 1133 3114 1203 cujusquam
3143 1135 3439 1202 inimicum,

1864 1237 1971 1277 non
2017 1225 2437 1287 contentiosum,
2477 1225 2792 1294 patientem,
2827 1227 3085 1295 quietum,
3135 1227 3339 1281 nullum
3371 1242 3444 1281 te-

1864 1318 2178 1382 mulantem,
2217 1316 2347 1370 nulli
2369 1316 2720 1382 invidentem,
2752 1318 3013 1384 sobrium,
3051 1317 3307 1388 frugalem
3337 1319 3444 1375 hae-

1865 1407 2092 1463 reticum
2121 1427 2134 1463 :
2157 1410 2291 1464 nulli
2314 1410 2494 1477 utique
2515 1408 2734 1463 dubium
2758 1420 2863 1476 est,
2895 1420 3116 1480 propter
3139 1413 3238 1465 hoc
3268 1411 3441 1466 solum

1867 1499 2005 1568 quod
2037 1501 2324 1555 haereticus
2365 1508 2471 1563 est,
2507 1514 2732 1569 regnum
2761 1499 2858 1553 Dei
2896 1516 3003 1555 non
3047 1515 3440 1571 possessumm.

1866 1587 2267 1644 Constituamus
2289 1590 2455 1644 alium
2478 1589 2879 1655 fornicatorem,
2905 1589 3264 1660 immundum,
3292 1593 3445 1648 luxu—

1868 1681 2094 1747 riosum,
2125 1696 2368 1746 avarum,
2400 1683 2483 1736 vel
2522 1684 2682 1736 etiam
2730 1681 2966 1750 apertius
2995 1683 3154 1738 idolis
3180 1683 3441 1753 deditum,

1867 1771 2189 1838 veneﬁcum,
2238 1773 2652 1838 discordiosum,
2703 1774 3121 1841 contentiosum,
3172 1775 3444 1840 aemulum,

1790 1860 2164 1920 Banimosum
2220 1867 2340 1938 [pro
2392 1866 2736 1939 temerario],
2785 1867 3132 1936 seditiosum,
3187 1869 3446 1936 invidum,

1865 1956 2154 2024 ebriosum,
2165 1969 2601 2026 comessatorem,
2612 1959 2706 2016 sed
2717 1959 3038 2015 catholicum
3049 1979 3061 2014 :
3071 1961 3305 2032 nunquid
3319 1977 3447 2028 pro-

1866 2059 1984 2119 pter
2011 2050 2113 2106 hoc
2134 2052 2308 2107 solum
2330 2052 2472 2123 quod
2499 2053 2800 2109 catholicus
2828 2062 2928 2119 est,
2954 2069 3178 2125 regnum
3202 2054 3299 2110 Dei
3328 2069 3448 2124 pos-

1865 2143 2061 2198 sidebit
2081 2185 2096 2209 ,
2125 2159 2289 2214 agens
2322 2145 2447 2199 talia
2477 2145 2544 2200 de
2576 2147 2768 2215 quibus
2801 2147 2880 2200 sic
2917 2147 3191 2201 concludit
3218 2148 3449 2216 Aposto-

1866 2234 1950 2288 lus
1976 2251 1988 2286 :
2013 2235 2145 2300 Quae.
2171 2236 2270 2306 17
2291 2236 2526 2304 praedico
2547 2237 2722 2298 vobis,
2756 2239 2893 2292 sicut
2923 2239 3163 2306 praedixi,
3194 2241 3449 2308 quoniam

1865 2327 1955 2394 qui
1991 2328 2112 2380 talia
2140 2335 2303 2397 agunt
2328 2343 2552 2398 regnum
2581 2328 2675 2383 Dei
2707 2345 2812 2384 non
2853 2330 3236 2398 possidebunt?
3268 2331 3322 2387 Si
3349 2331 3451 2386 hoc

1866 2416 2119 2482 dicimus,
2155 2431 2253 2472 nos
2283 2417 2428 2487 ipsos
2468 2418 2796 2474 seducimus.
2833 2420 2964 2475 Nam
3004 2436 3182 2476 sermo
3221 2420 3316 2476 Dei
3345 2436 3450 2478 non

1866 2522 1967 2562 nos
1997 2509 2224 2576 seducit,
2250 2510 2339 2578 qui
2371 2524 2472 2565 nec
2505 2519 2666 2577 tacet,
2702 2527 2800 2568 nec
2829 2514 3020 2583 parcit,
3055 2529 3156 2569 nec
3179 2513 3288 2568 ulla
3317 2513 3453 2568 adu-

1865 2598 2066 2654 latione
2111 2615 2208 2655 nos
2237 2599 2460 2672 decipit.
2492 2601 2618 2658 Ideo
2649 2605 2846 2674 quippe
2890 2615 2944 2659 et
2975 2605 3102 2659 alibi
3142 2605 3312 2661 dicit:
3345 2605 3452 2660 Hoc

1865 2698 2044 2743 autem
2074 2690 2286 2759 scitote,
2334 2704 2725 2762 cognoscentes
2777 2695 3030 2764 quoniam
3082 2696 3260 2751 omnis
3285 2692 3452 2751 forni-

1865 2788 2037 2848 cator,
2066 2790 2158 2836 aut
2181 2783 2511 2850 immundus,
2538 2796 2629 2839 aut
2669 2800 2884 2853 avarus,
2910 2788 3052 2858 quod
3075 2797 3159 2843 est
3187 2787 3452 2844 idolorum

1864 2873 2119 2940 servitus,
2168 2887 2275 2928 non
2323 2876 2485 2931 habet
2528 2875 2899 2933 hereditatem
2943 2879 2998 2934 in
3045 2895 3215 2952 regno
3253 2879 3455 2938 Christi

1863 2971 1919 3016 et
1970 2962 2104 3030 Dei;
2174 2979 2336 3020 nemo
2382 2981 2478 3022 vos
2518 2969 2742 3023 seducat
2792 2971 3040 3026 inanibus
3101 2973 3301 3029 verbis.
3334 2973 3453 3028 Non

1861 3063 1946 3108 est
1991 3069 2122 3124 ergo
2167 3056 2310 3125 quod
2361 3057 2432 3112 de
2476 3073 2724 3116 sermone
2775 3060 2985 3117 Domini
3040 3077 3454 3134 conqueramur.

1862 3147 2002 3202 Dicit
2059 3149 2279 3203 omnino
2333 3158 2390 3205 et
2442 3161 2627 3221 aperte
2680 3167 2744 3208 ac
2797 3153 2986 3220 libere,
3037 3154 3168 3210 dicit
3215 3171 3311 3212 eos
3365 3159 3458 3228 qui

167 3254 280 3296 nus
306 3243 552 3312 opinatus
591 3253 695 3311 est,
728 3253 782 3299 et
820 3244 872 3298 in
921 3244 1039 3315 ejus
1075 3246 1268 3301 haeresi
1310 3248 1570 3316 baptizari
1601 3259 1754 3305 extra
1780 3235 1826 3298 C
1860 3243 2002 3298 male
2060 3243 2246 3297 vivunt
2301 3242 2370 3298 ad
2420 3259 2643 3315 regnum
2704 3245 2800 3301 Dei
2856 3261 2964 3302 non
3009 3249 3316 3317 pertinere;
3373 3249 3458 3304 his

169 3332 432 3392 Ecclesiae
473 3335 751 3392 catholicae
796 3339 1267 3405 communionem;
1299 3342 1464 3397 alium
1492 3359 1622 3399 vero
1661 3347 1764 3404 hoc
1813 3340 1818 3345 ’

169 3423 319 3480 idem
351 3425 575 3491 sentire,
603 3426 698 3480 sed
726 3427 780 3480 in
822 3426 1097 3483 Catholica
1127 3431 1412 3496 baptizari,
1455 3433 1765 3491 existiman-

161 3529 281 3577 tem
332 3521 504 3589 ipsam
549 3536 670 3576 esse
697 3520 1029 3576 Catholicam
1070 3523 1262 3592 ﬁdem;
1316 3525 1476 3579 istum
1521 3528 1760 3585 nondum

159 3613 487 3670 haereticum
512 3612 655 3677 dico,
679 3613 782 3669 nisi
805 3613 1147 3669 manifestata
1181 3615 1283 3669 sibi
1307 3615 1550 3671 doctrina
1573 3619 1762 3673 catho-

157 3705 286 3761 licae
319 3705 444 3762 fidei
495 3707 749 3762 resistere
794 3707 1062 3775 maluerit,
1112 3716 1166 3763 et
1195 3708 1324 3763 illud
1357 3711 1500 3778 quod
1542 3714 1762 3768 tenebat

151 3799 412 3869 elegerit,
452 3800 596 3871 quod
624 3809 910 3870 antequam
941 3801 1054 3868 ﬁat,
1103 3803 1446 3857 manifestum
1495 3814 1578 3859 est
1608 3806 1760 3862 illum

154 3892 257 3962 qui
290 3891 424 3948 foris
460 3903 542 3948 est
566 3908 686 3948 esse
731 3894 999 3964 pejorem.
1031 3895 1214 3964 Itaque
1243 3899 1294 3950 in
1340 3898 1442 3951 hoc
1483 3899 1594 3954 sola
1627 3899 1762 3968 falsa

155 3983 376 4051 opinio,
413 3985 465 4038 in
508 3985 600 4038 illo
649 3995 828 4039 autem
858 3988 1019 4040 etiam
1063 3988 1178 4054 ipsa
1216 3988 1411 4042 divisio
1443 3993 1762 4062 corrigenda

151 4081 279 4138 est;
312 4075 407 4130 sed
453 4075 504 4129 in
555 4086 746 4131 neutro
786 4078 1025 4146 ipsorum
1074 4082 1393 4134 sacramenti
1434 4082 1634 4138 veritas
1671 4099 1760 4138 rc-

146 4165 437 4236 petenda;
463 4165 604 4235 quod
637 4167 681 4220 si
709 4168 988 4237 quisquam
1021 4168 1163 4223 idem
1195 4171 1392 4225 sentiat
1412 4175 1551 4242 quod
1584 4174 1681 4243 illi,
1707 4183 1762 4229 et

144 4271 286 4314 esse
319 4257 572 4313 haeresim
615 4260 829 4313 noverit
858 4261 925 4315 ab
971 4261 1179 4316 unitate
1227 4262 1492 4318 catholica
1540 4279 1762 4334 separa-

142 4357 298 4418 tam,
328 4349 423 4404 ubi
457 4349 559 4405 hoc
587 4349 809 4405 docetur
835 4359 887 4406 et
916 4351 1164 4418 discitur,
1205 4355 1300 4409 sed
1332 4355 1553 4422 alicujus
1583 4369 1759 4410 saecu-

137 4441 294 4498 laris
345 4443 703 4498 emolumenti
733 4457 918 4510 causa,
967 4443 1021 4497 in
1053 4443 1317 4498 catholica
1351 4447 1555 4502 unitate
1584 4446 1760 4517 bapti-

136 4535 275 4592 zari
318 4535 582 4603 voluerit,
615 4535 699 4591 vel
727 4537 780 4592 in
819 4552 878 4591 ea
904 4537 1209 4606 baptizatus
1240 4548 1460 4608 propter
1502 4541 1604 4596 hoc
1633 4542 1758 4598 inde

1870 3334 2032 3403 igitur
2088 3334 2339 3389 omnibus
2407 3336 2558 3392 vitiis
2627 3337 2985 3407 circumsepto
3031 3338 3297 3394 catholico
3348 3355 3454 3394 non

1871 3426 2174 3490 adulemur,
2223 3441 2323 3482 nec
2373 3428 2423 3482 ei
2474 3429 2598 3498 quia
2633 3427 2972 3485 Christianus
3030 3431 3329 3488 catholicus
3373 3441 3459 3489 est

1870 3516 2267 3586 impunitatem,
2298 3531 2456 3587 quam
2488 3520 2765 3589 Scriptura
2815 3520 2996 3576 divina
3025 3536 3132 3578 non
3165 3523 3455 3594 promittit,

1870 3607 2186 3676 promittere
2208 3609 2527 3666 audeamus.
2558 3610 2669 3666 Nec
2695 3612 2742 3668 si
2759 3612 2960 3685 aliquid
2989 3629 3153 3671 unum
3177 3615 3371 3672 haheat
3390 3631 3459 3673 ex

1873 3699 1961 3756 his
1982 3686 2110 3770 °quae
2140 3700 2281 3757 dicta
2324 3712 2470 3770 sunt,
2495 3703 2758 3760 debemus
2780 3706 2831 3761 ei
2871 3707 3188 3765 societatem
3209 3723 3457 3780 superna

1871 3793 2018 3850 illius
2065 3795 2256 3864 patriae
2298 3797 2564 3866 polliceri.
2612 3796 2694 3854 Ad
2725 3799 3035 3856 Corinthios
3070 3804 3215 3858 enim
3243 3804 3456 3875 singula

1869 3896 2175 3955 enumerat,
2217 3889 2272 3944 in
2317 3890 2511 3960 quibus
2555 3891 2781 3960 singulis
2819 3894 3135 3948 subauditur
3182 3897 3325 3964 quod
3371 3911 3458 3951 re-

1869 3991 2033 4046 gnum
2077 3978 2173 4031 Dei
2214 3991 2318 4032 non
2353 3979 2722 4047 possidebunt.
2770 3980 2978 4046 Nolite,
3009 3984 3201 4052 inquit,
3232 3999 3453 4038 errare:

1870 4080 2047 4135 neque
2084 4066 2461 4135 fornicatores,
2513 4085 2688 4138 neque
2718 4070 2877 4126 idolis
2921 4074 3242 4138 servientes,
3285 4089 3459 4144 neque

1869 4157 2124 4225 adulteri,
2158 4173 2331 4228 neque
2360 4160 2576 4229 molles,
2609 4176 2786 4232 neque
2815 4164 3174 4219 masculorum
3203 4165 3459 4221 concubi-

1867 4259 2037 4315 tores,
2071 4264 2243 4319 neque
2269 4249 2436 4317 fures,
2477 4267 2653 4323 neque
2683 4253 2855 4318 avari,
2902 4269 3078 4325 neque
3109 4256 3329 4323 ebriosi,
3363 4273 3460 4313 ne-

1869 4351 1976 4407 que
2011 4337 2282 4405 maledici,
2316 4355 2494 4411 neque
2541 4357 2786 4411 rapaces,
2833 4360 3055 4416 regnum
3090 4345 3183 4402 Dei
3215 4348 3460 4418 posside-

1866 4427 2021 4482 bunt.
2059 4429 2175 4483 Non
2201 4431 2276 4485 ait
2301 4449 2314 4483 :
2341 4432 2440 4498 Qui
2469 4432 2584 4488 haec
2623 4436 2803 4490 omnia
2825 4437 2954 4492 vitia
2985 4437 3142 4493 simul
3172 4438 3458 4496 habuerint

1866 4535 2090 4592 regnum
2115 4521 2212 4576 Dei
2249 4537 2354 4578 non
2376 4525 2753 4593 possidebunt;
2786 4529 2882 4583 sed
2911 4547 2923 4581 :
2953 4529 3135 4600 Neque
3155 4530 3256 4598 illi,
3281 4546 3457 4602 neque

134 4627 313 4686 exire
363 4629 621 4692 noluerit,
656 4643 762 4682 non
811 4629 986 4683 solum
1033 4639 1310 4699 separatus
1345 4630 1622 4690 habendus
1651 4646 1756 4706 est,
1788 4625 1840 4686 Ι)
1866 4611 1966 4679 im:
1991 4623 2048 4667 υί
2068 4613 2121 4706 ίξι
2141 4613 2360 4706 sinsulis
2384 4615 2485 4671 hoc
2503 4617 2814 4687 subaudias.
2839 4620 2988 4688 (111οά
3006 4621 3136 4676 num
3158 4636 3341 4678 eorum
3369 4639 3458 4680 τοο

131 4735 350 4775 verum
385 4721 550 4776 etiam
582 4728 732 4773 tanto
764 4721 1100 4788 sceleratius,
1149 4731 1350 4790 quanto
1379 4724 1550 4792 magis
1589 4727 1760 4781 errori

129 4814 391 4870 haresis
414 4822 472 4868 et
489 4811 737 4866 divisioni
761 4813 980 4866 unitatis
1010 4813 1271 4866 fallaciam
1297 4815 1652 4871 simulationis
1670 4819 1764 4872 ad-

125 4905 358 4977 iungit.
376 4904 744 4973 Quamobrem
762 4905 1025 4974 cujusque
1048 4905 1281 4959 hominis
1302 4909 1535 4975 pravitas
1559 4920 1764 4978 quanto

124 4999 528 5071 periculosior
575 5008 659 5052 est
712 5006 766 5051 et
817 4997 1129 5062 tortuosior,
1191 5005 1340 5052 tanto
1387 4999 1676 5056 instantius
1711 5011 1766 5056 et

123 5089 462 5161 operosius
511 5087 830 5157 corrigenda
879 5096 985 5142 est.
1021 5086 1130 5141 Nec
1160 5085 1282 5140 ideo
1313 5095 1517 5155 tamen,
1567 5089 1610 5143 si
1639 5089 1764 5158 quid

116 5185 328 5241 habet
361 5185 662 5254 integrum,
696 5181 996 5252 praesertim
1026 5196 1132 5236 non
1161 5195 1340 5247 suum,
1371 5180 1467 5236 sed
1500 5181 1614 5249 Dei,
1644 5197 1768 5252 pro-

112 5288 271 5351 pter
313 5278 444 5349 ejus
482 5276 798 5347 pravitatem
828 5275 914 5329 vel
962 5274 1165 5329 nullum
1207 5273 1499 5343 putandum
1546 5283 1651 5342 est,
1683 5276 1768 5330 vel

114 5371 360 5429 eodem
395 5370 563 5426 modo
603 5367 1042 5437 vituperandum,
1081 5366 1167 5422 vel
1216 5367 1333 5436 ejus
1377 5368 1629 5437 pravitati
1670 5370 1767 5424 tri-

1872 4719 2037 4777 gnum
2084 4705 2178 4758 Dei
2212 4705 2584 4774 possidebunt.
2615 4708 2764 4763 Sicut
2805 4723 2932 4780 ergo
2963 4711 3201 4767 hmretici
3229 4727 3455 4784 regnum

1873 4797 1972 4852 Dei
2001 4811 2107 4851 non
2137 4797 2516 4867 possidebunt,
2541 4799 2620 4853 sic
2645 4785 2794 4855 avari
2820 4816 3042 4872 regnum
3076 4803 3170 4859 Dei
3198 4819 3303 4858 non
3331 4819 3457 4873 pos-

1873 4888 2143 4943 sidebunt.
2186 4887 2294 4942 Nec
2337 4888 2685 4944 dubitandum
2729 4901 2812 4946 est
2850 4893 3063 4962 quidem
3092 4908 3284 4964 poenas
3310 4896 3458 4963 ipsas

1873 4979 2067 5049 quibus
2113 4978 2496 5034 cruciabuntur
2541 4979 2632 5050 qui
2675 4997 2896 5054 regnum
2932 4985 3023 5040 Dei
3056 5000 3160 5038 non
3213 4983 3456 5054 posside-

1875 5070 2009 5126 bunt
2034 5084 2130 5139 pro
2160 5069 2476 5125 diversitate
2501 5073 2785 5129 criminum
2813 5089 2934 5131 esse
2954 5077 3214 5140 diversas,
3245 5083 3300 5130 et
3320 5075 3455 5133 alias

1870 5161 1988 5215 aliis
2018 5162 2275 5228 acriores,
2299 5169 2356 5215 ut
2389 5163 2441 5216 in
2476 5163 2594 5233 ipso
2621 5165 2743 5235 igne
2778 5177 2984 5222 aeterno
3014 5181 3114 5236 pro
3144 5165 3452 5236 disparibus

1873 5251 2202 5322 ponderibus
2246 5262 2588 5322 peccatorum
2640 5256 2748 5311 sint
2776 5256 3010 5326 disparia
3039 5265 3302 5312 tormenta
3330 5271 3451 5328 pm-

1870 5359 2079 5400 narum.
2111 5343 2296 5414 Neque
2325 5346 2468 5400 enim
2493 5347 2691 5402 fmstra
2724 5348 2842 5417 ipse
2864 5349 3120 5403 Dominus
3148 5350 3224 5404 ait
3247 5366 3262 5402 :
3285 5347 3453 5406 Tole-

1869 5435 2092 5493 rabilius
2112 5437 2215 5491 erit
2240 5435 2492 5492 Sodomis
2523 5453 2684 5508 quam
2716 5438 2868 5495 vobis
2897 5439 2951 5494 in
2983 5440 3070 5494 die
3093 5438 3302 5509 iudicii.

2403 5551 2631 5608 CAPUT
2667 5553 2924 5610 CCXXII.

2115 5659 2179 5725 tta
2202 5643 2525 5725 ‘baptism‘atis
2555 5653 2602 5698 et
2629 5646 3258 5725 intrchclesianlsaluet
3286 5657 3338 5704 et
3363 5666 3453 5704 c3-

2136 5714 2368 5769 cclesiam
2393 5714 2631 5784 damnet;
2661 5733 2727 5772 ea:
2745 5719 2876 5774 libro
2902 5736 2935 5773 v
2961 5721 3024 5774 de
3050 5719 3337 5790 Baptismo.

105 5461 477 5529 buendum,
530 5474 594 5514 ac
650 5473 758 5513 non
803 5457 945 5512 illius
990 5457 1244 5526 largitati,
1281 5457 1370 5526 qui
1421 5459 1581 5513 etiam
1611 5459 1766 5515 torni.

106 5551 296 5610 cauti
332 5567 368 5606 a
399 5566 463 5607 se
492 5550 711 5618 animas,
756 5557 812 5604 et
839 5548 985 5603 eunti
1028 5555 1149 5616 post
1191 5557 1456 5604 amatores
1488 5564 1636 5620 suos,
1670 5551 1767 5607 de-

103 5646 214 5702 dit
269 5659 493 5714 panem
520 5659 704 5712 suum,
739 5652 794 5698 et
832 5642 1021 5696 vinum
1061 5655 1238 5707 suum,
1270 5649 1326 5696 et
1364 5643 1543 5698 oleum
1586 5660 1764 5713 suum,

103 5749 183 5793 et
219 5739 346 5792 alia
386 5738 473 5793 vel
520 5738 800 5800 alimenta,
852 5734 936 5787 vel
964 5742 1314 5800 ornamenta,
1344 5749 1462 5803 quae
1506 5751 1606 5792 nec
1636 5752 1665 5791 a
1704 5752 1764 5793 se

101 5830 288 5904 ipsa,
319 5846 440 5888 nec
470 5831 536 5887 ab
562 5827 677 5899 ejus
705 5825 1045 5885 amatoribus
1069 5826 1119 5880 ei
1144 5835 1288 5895 sunt,
1320 5828 1414 5883 sed
1447 5830 1514 5884 ab
1545 5830 1640 5886 illo
1665 5832 1760 5904 qui

1872 5644 2024 5714 Quod

1978 5725 2056 5769 ινα

1940 5831 2074 5889 Sunt
2112 5832 2271 5890 etiam
2298 5831 2521 5902 quidam
2546 5849 2609 5891 ex
2655 5850 2722 5892 eo
2753 5851 2981 5895 numero
3011 5837 3102 5910 qui
3145 5835 3319 5904 adhuc
3349 5850 3447 5893 nec
