3986 6382
550 520 733 592 quiter
760 519 968 584 vivant,
1003 529 1094 573 aut
1121 517 1282 572 etiam
1316 515 1370 569 in
1421 514 1742 578 haeresibus,
1765 509 1848 566 vel
1878 509 1932 563 in
1964 508 2141 582 genti-
2165 504 2220 564 Δ

553 611 684 667 lium
736 609 1203 681 superstitionibus
1224 607 1474 678 jaceant;
1517 617 1573 664 et
1613 616 1792 662 tamen
1838 607 1999 662 etiam
2033 603 2144 659 illic

555 706 706 760 novit
728 703 986 758 Dominus
1015 701 1107 772 qui
1138 711 1263 756 sunt
1307 701 1447 771 ejus.
1480 700 1721 771 Namque
1751 701 1804 754 in
1833 698 1924 754 illa
1954 696 2143 752 ineffa-

558 799 655 854 bili
683 797 1018 869 pmscientia
1052 793 1221 868 [Dei],
1256 797 1408 850 multi
1437 797 1525 866 qui
1557 794 1691 850 foris
1722 793 1973 848 videntur
1999 792 2144 847 intus

556 903 706 961 sunt,
739 900 795 948 et
824 891 979 946 multi
1003 891 1093 960 qui
1120 890 1266 946 intus
1305 890 1560 946 videnlur
1589 889 1718 944 foris
1744 896 1889 943 sunt.
1924 886 2004 940 Ex
2040 884 2146 940 illis

558 1000 689 1056 ergo
717 983 968 1040 omnibus
1017 984 1129 1053 qui,
1161 992 1220 1051 ut
1270 982 1343 1038 ita
1388 981 1588 1048 dicam,
1639 981 1968 1038 intrinsecus
1996 987 2052 1035 et
2093 980 2145 1033 in

557 1076 772 1133 occulto
817 1076 961 1130 intus
1005 1086 1152 1144 sunt,
1196 1083 1412 1130 constat
1460 1075 1553 1130 ille
1602 1074 1791 1129 hortus
1834 1073 2147 1140 conclusus,

557 1170 678 1226 fons
705 1171 972 1240 signatus,
1001 1179 1191 1237 puteus
1212 1183 1365 1238 aqua:
1392 1169 1548 1236 vivae,
1581 1167 1863 1238 paradisus
1889 1181 2011 1222 cum
2035 1165 2150 1220 fru-

557 1269 650 1318 ctu
698 1277 1001 1331 pomorum.
1049 1261 1252 1316 Horum
1301 1275 1526 1316 munera
1565 1275 1830 1316 concessa
1868 1258 2148 1326 divinitus,

559 1355 758 1426 partim
789 1364 916 1409 sunt
952 1355 1190 1425 propria,
1230 1355 1371 1409 sicut
1399 1355 1455 1409 in
1485 1355 1590 1410 hoc
1622 1363 1868 1423 tempore
1900 1353 2151 1421 infatiga-

561 1447 683 1502 bilis
713 1446 968 1513 cliaritas,
996 1457 1052 1502 et
1081 1448 1136 1501 in
1169 1447 1349 1502 futuro
1380 1447 1494 1502 vita
1523 1455 1726 1502 aeterna
1753 1463 1767 1511 ;
1804 1447 1996 1516 partim
2020 1459 2152 1500 vero

563 1555 684 1595 cum
716 1539 871 1595 malis
901 1539 1282 1609 perversisque
1307 1539 1638 1605 communia,
1670 1538 1810 1594 sicut
1837 1539 2018 1592 omnia
2048 1552 2153 1591 cat-

563 1642 700 1698 tera,
735 1632 789 1686 in
833 1632 1027 1700 quibus
1059 1639 1185 1686 sunt
1228 1638 1283 1686 et
1311 1640 1657 1687 sacrosancta
1707 1633 1984 1701 mysteria.
2019 1629 2155 1684 Hinc

563 1723 744 1792 itaque
770 1721 883 1790 jam
923 1721 1137 1776 facilior
1164 1722 1320 1776 nobis
1370 1731 1425 1776 et
1453 1721 1755 1789 expeditior
1806 1735 1946 1775 arca:
1983 1720 2152 1786 illius,

563 1815 715 1886 cujus
759 1815 873 1871 Noe
924 1815 1215 1870 fabricator
1269 1825 1324 1870 et
1361 1817 1691 1886 gubernator
1739 1816 1840 1870 fttit
1879 1814 2152 1887 [exstitit].

564 1910 926 1970 consideratio
973 1910 1311 1980 proponitur.
1355 1910 1446 1964 Ait
1491 1909 1633 1965 enim
1669 1909 1859 1965 Petrus
1886 1926 1898 1962 :
1925 1907 1980 1961 In
2028 1921 2154 1963 arca
2186 1921 2235 1984 Β

566 1999 680 2056 Noe
713 2000 887 2070 pauci,
921 2000 1091 2067 idest,
1115 2011 1238 2055 octo
1268 1999 1464 2055 animm
1497 2001 1774 2055 hominum
1807 2002 1974 2056 salvae
2003 1999 2159 2054 facta

567 2101 695 2146 sunt
723 2106 817 2160 per
848 2104 1061 2159 aquam,
1107 2092 1249 2161 quod
1282 2100 1335 2146 et
1379 2105 1475 2146 vos
1504 2093 1670 2146 simili
1700 2092 1870 2147 forma
1896 2094 2160 2161 baptisma

570 2183 748 2240 salvos
775 2182 928 2248 facit,
958 2200 1065 2239 non
1105 2184 1285 2239 carnis
1315 2183 1586 2254 depositio
1620 2183 1885 2250 sordium,
1909 2183 2006 2239 sed
2030 2199 2162 2239 con-

573 2277 816 2335 scientiae
867 2279 1021 2335 bonae
1076 2279 1450 2350 interrogatio.
1508 2279 1848 2351 Quapropter
1897 2281 1944 2335 si
1995 2293 2162 2349 appa-

568 2380 689 2428 rent
736 2371 1044 2427 hominibus
1087 2371 1142 2426 in
1189 2373 1393 2427 unitate
1420 2372 1683 2427 catholica
1729 2371 1981 2441 haptizati
2008 2410 2025 2436 ,
2073 2370 2163 2439 qui

569 2464 769 2520 saeculo
809 2465 990 2521 verbis
1033 2465 1164 2520 solis
1208 2473 1262 2518 et
1311 2479 1419 2519 non
1457 2463 1611 2521 factis
1656 2465 1986 2528 renuntiant,
2024 2476 2163 2532 queo

569 2555 734 2611 modo
764 2556 1035 2626 pertinent
1058 2556 1126 2611 ad
1157 2555 1316 2626 hujus
1343 2571 1483 2611 arcae
1513 2555 1856 2628 mysterium,
1884 2556 1939 2610 in
1967 2555 2164 2624 quibus

571 2664 679 2706 non
710 2652 802 2706 est
851 2651 1198 2707 conscientia:
1250 2651 1409 2707 bona:
1456 2650 1846 2720 interrogatio?
1895 2648 2001 2703 Aut
2029 2662 2167 2717 quo-

571 2745 736 2802 modo
766 2746 898 2800 salvi
931 2745 1066 2800 fiunt
1100 2761 1197 2816 per
1241 2761 1462 2816 aquam,
1505 2745 1598 2815 qui
1627 2753 1817 2800 sancto
1845 2742 2166 2812 baptismate

571 2837 714 2894 male
776 2845 1027 2906 utentes,
1079 2853 1200 2894 cum
1251 2838 1536 2894 videantur
1592 2851 1716 2893 esse
1768 2836 1945 2902 intus,
1995 2848 2167 2904 usque

571 2933 630 2989 in
657 2931 818 2988 finem
849 2934 974 2987 vita:
1003 2930 1057 2986 in
1101 2929 1383 3000 ﬂagitiosis
1417 2938 1473 2985 et
1507 2929 1732 2999 perditis
1758 2926 1999 2982 moribus
2036 2941 2166 2996 per-

573 3022 869 3078 severant?
916 3031 1009 3076 aut
1054 3022 1327 3091 quomodo
1371 3036 1480 3076 non
1527 3031 1655 3076 sunt
1690 3035 1788 3091 per
1824 3033 2018 3090 aquam
2061 3018 2169 3073 sal-

572 3117 707 3181 vati,
738 3130 874 3186 quos
904 3116 960 3169 in
988 3116 1320 3182 praeteritum
1348 3130 1471 3171 cum
1497 3130 1564 3169 eo
1597 3116 1920 3183 baptismate
1941 3113 2081 3181 quod
2112 3113 2166 3166 in

578 3207 772 3261 haeresi
801 3214 1122 3275 acceperant
1145 3205 1200 3259 in
1234 3205 1532 3261 Ecclesiam
1561 3207 1880 3275 simpliciter
1901 3205 2169 3260 admissos

574 3299 877 3372 Cyprianus
925 3300 1042 3370 ipse
1088 3301 1520 3356 commemorati
1566 3300 1757 3355 eadem
1790 3299 1988 3369 quippe
2028 3312 2168 3353 arcas
2193 3311 2241 3374 ο

574 3394 755 3449 unitas
785 3409 881 3449 eos
910 3393 1267 3460 salvos'fecit,
1303 3393 1358 3450 in
1375 3408 1475 3463 qua
1509 3403 1672 3449 nemo
1704 3393 1809 3448 nisi
1848 3407 1948 3462 per
1974 3405 2166 3460 aquam

574 3487 868 3544 salvandus
894 3484 1180 3559 [salvatus]
1213 3495 1315 3543 est.
1346 3486 1467 3557 Ipse
1487 3487 1632 3541 enim
1657 3486 1790 3541 dicit
1815 3502 1830 3539 :
1861 3486 2062 3541 Potens
2085 3494 2172 3539 est

572 3576 833 3636 Dominus
872 3580 1246 3637 misericordia
1276 3595 1375 3636 sua
1403 3580 1790 3651 indulgentiam
1821 3580 1950 3634 dare
1981 3588 2036 3632 et
2072 3590 2170 3634 eos

576 3673 670 3741 qui
717 3674 785 3728 ad
829 3673 1131 3729 Ecclesiam
1178 3674 1502 3743 simpliciter
1555 3673 1776 3729 admissi
1829 3674 1883 3727 in
1929 3673 2170 3729 Ecclesia

577 3766 938 3832 dormierunt,
969 3768 1037 3821 ab
1071 3767 1331 3822 Ecclesiae
1373 3781 1486 3822 sua
1513 3768 1829 3822 muneribus
1857 3781 1966 3821 non
2013 3779 2172 3835 sepa-

579 3870 722 3910 rare.
750 3855 809 3911 Si
851 3869 956 3910 non
987 3871 1084 3924 per
1110 3870 1335 3925 aquam,
1375 3855 1650 3925 quomodo
1690 3856 1744 3909 in
1791 3856 1960 3911 arca?
1989 3856 2035 3910 si
2064 3867 2172 3911 non

597 3963 634 4003 n
662 3962 811 4015 arca,
851 3945 1127 4017 quomodo
1157 3947 1212 4001 in
1234 3946 1510 4002 Ecclesia?
1537 3948 1783 4001 siautem
1813 3948 1868 4002 in
1901 3946 2170 4014 Ecclesia,

580 4041 764 4110 utique
814 4040 869 4096 in
916 4054 1073 4107 arca;
1109 4046 1164 4096 et
1213 4038 1263 4094 si
1309 4038 1363 4094 in
1415 4052 1561 4105 arca,
1603 4039 1786 4108 utique
1821 4053 1918 4108 per
1955 4051 2170 4109 aquam.

579 4131 765 4190 Potest
793 4147 926 4204 ergo
957 4131 1076 4188 fieri
1098 4139 1156 4187 ut
1185 4139 1241 4187 et
1267 4131 1487 4202 quida
1517 4131 1653 4186 foris
1673 4131 1929 4200 baptizatl
1953 4145 2050 4202 per
2077 4131 2173 4186 Dei

578 4225 981 4297 praescientiam
1010 4224 1194 4280 verius
1222 4223 1368 4278 intus
1397 4223 1652 4294 baptizati
1675 4223 2024 4292 deputentur,
2047 4223 2174 4293 quia

580 4319 696 4376 illic
733 4319 814 4375 eis
862 4318 1048 4388 incipit
1089 4332 1228 4389 aqua
1275 4316 1535 4388 prodesse
1581 4316 1652 4371 ad
1689 4319 1953 4380 salutem;
1997 4327 2176 4385 neque

582 4409 729 4467 enim
758 4409 918 4464 aliter
947 4409 1054 4464 dici
1086 4418 1317 4480 possunt
1345 4409 1482 4464 salvi
1512 4408 1638 4463 facti
1666 4408 1721 4463 in
1751 4422 1898 4476 arca,
1934 4407 2039 4462 nisi
2076 4421 2176 4477 per

584 4516 802 4572 aquam.
825 4500 894 4556 Et
915 4516 1104 4557 rursus
1129 4500 1474 4572 quidam,qui
1489 4499 1812 4554 videbuntur
1832 4497 1978 4553 intus
2003 4495 2178 4568 bapti-

587 4593 694 4650 zati
720 4609 819 4664 per
868 4594 1114 4650 eamdem
1156 4593 1550 4662 prascieutiam
1593 4591 1713 4657 Dei,
1747 4592 1876 4648 foris
1921 4591 2176 4662 baptizatl

587 4685 775 4742 verius
792 4687 1132 4756 deputentur.
1156 4686 1294 4742 Male
1315 4686 1512 4756 quippe
1528 4693 1743 4740 utentes
1764 4683 2056 4755 baptismo,
2082 4697 2178 4755 per
2201 4694 2258 4759 υ

589 4793 784 4849 aquam
811 4779 1132 4842 moriuntur,
1176 4779 1320 4848 quod
1359 4777 1495 4833 nulli
1535 4787 1666 4833 tunc
1695 4777 1912 4841 accidit,
1944 4777 2051 4832 nisi
2079 4776 2172 4846 qui

586 4880 786 4941 praeter
811 4883 990 4926 arcam
1022 4871 1139 4926 fuit.
1165 4871 1327 4928 Certe
1355 4871 1698 4927 manifestum
1725 4880 1809 4927 est
1837 4870 1890 4926 id
1919 4871 2060 4941 quod
2091 4871 2174 4927 di-

587 4963 727 5018 citur
775 4962 830 5018 in
863 4961 1106 5017 Ecclesia
1160 4963 1304 5019 intus
1351 4973 1408 5019 et
1461 4963 1615 5029 foris,
1651 4963 1706 5018 in
1750 4961 1935 5027 corde,
1967 4975 2075 5018 non
2118 4963 2173 5017 in

585 5067 855 5123 corpore,
909 5053 1290 5124 cogitandum;
1348 5054 1781 5126 quandoquidem
1838 5067 2028 5110 omnes
2083 5054 2173 5126 qui

586 5148 755 5204 corde
797 5153 924 5202 sunt
967 5146 1025 5202 in
1071 5161 1212 5201 arcae
1269 5150 1490 5215 unitate,
1541 5158 1636 5218 per
1690 5147 1935 5203 eamdem
1979 5159 2172 5218 aquam

589 5240 728 5296 salvi
754 5240 909 5306 ﬁunt,
955 5257 1052 5312 per
1089 5257 1252 5312 quam
1296 5257 1487 5300 omnes
1529 5243 1621 5314 qui
1651 5242 1815 5298 corde
1859 5249 1986 5297 sunt
2023 5240 2175 5308 foris,

587 5335 704 5390 sive
735 5338 898 5391 etiam
928 5349 1156 5406 corpore
1207 5336 1338 5393 foris
1388 5338 1516 5405 sint,
1571 5337 1687 5393 sive
1726 5353 1835 5393 non
1883 5337 2014 5403 sint,
2061 5343 2178 5390 tan-

588 5439 750 5496 quam
779 5427 997 5484 unitatis
1043 5429 1335 5484 adversarii
1366 5429 1690 5484 moriuntur.
1723 5429 1874 5484 Sicut
1911 5441 2041 5498 ergo
2071 5441 2177 5482 non

589 5520 715 5586 alia,
749 5519 846 5576 sed
873 5521 1063 5576 eadem
1093 5537 1252 5592 aqua,
1279 5531 1332 5577 et
1360 5521 1414 5575 in
1440 5533 1562 5574 arca
1595 5521 1800 5590 positos
1827 5517 2002 5574 salvos
2026 5517 2173 5585 fecit,

589 5621 645 5669 et
682 5620 834 5667 extra
864 5627 1045 5667 arcam
1078 5613 1284 5682 positos
1311 5611 1625 5680 linteremit,
1657 5612 1734 5666 sic
1780 5626 1887 5665 non
1919 5611 2046 5677 alio,
2079 5611 2174 5666 sed

587 5705 781 5760 eodem
815 5707 1102 5774 baptismo,
1126 5717 1181 5761 et
1203 5707 1332 5763 boni
1355 5705 1606 5763 catholici
1628 5705 1763 5763 salvi
1789 5705 1944 5775 ﬁunt,
1973 5715 2027 5762 et
2047 5705 2175 5760 mali

589 5797 842 5855 catholici
869 5798 955 5856 vel
985 5799 1228 5857 haeretici
1257 5807 1503 5873 pereunt.

1628 397 1690 452 D.
1735 389 2052 450 EUGYPPII
2091 385 2388 444 ABBA‘I‘IS
2422 381 2766 442 AFRICANI.

3713 377 3803 438 881

2762 491 2987 549 CAPUT
3024 488 3301 548 CCXXIII.

2251 609 2401 677 Quod
2427 609 2575 662 multi
2603 606 2710 677 lupi
2741 606 2840 661 sint
2861 605 3072 658 interius
3107 603 3407 677 insidiantes
3441 610 3490 656 et
3511 605 3683 677 mutue
3711 617 3801 659 om

2319 682 2545 735 exterius
2581 674 2830 742 errantes,
2872 677 3001 730 scire
3047 685 3217 728 tamen
3259 674 3545 729 Dominum
3583 676 3667 742 qui
3706 683 3800 727 sunt

2319 752 2430 821 ejus
2453 767 2471 804 :
2495 760 2543 804 et
2572 751 2635 802 de
2660 759 2835 821 san_cto
2866 745 3148 821 Cypriana,
3182 747 3260 802 vel
3284 747 3348 802 de
3377 747 3621 816 apostolo
3648 743 3800 798 Petm'

2319 817 2382 877 ea:
2411 822 2542 875 libro
2568 836 2619 875 vr
2648 821 2711 875 de
2737 817 3023 890 Baptismo.

2319 931 2492 992 Etiam
2520 934 2683 991 corde
2717 932 3001 999 tardiores,
3034 939 3293 1002 quantum
3323 927 3606 994 existimo,
3635 927 3804 986 intelli-

2249 1038 2381 1101 gunt
2406 1027 2732 1097 baptismum
2763 1023 2966 1080 Christi
3011 1024 3152 1080 nulla
3184 1021 3545 1094 perversitate
3586 1020 3796 1087 hominis,

2250 1123 2362 1177 sive
2389 1120 2589 1184 dantis,
2622 1119 2736 1174 sive
2776 1117 3112 1188 accipientis,
3155 1131 3314 1187 posse
3362 1112 3584 1168 violari.
3632 1113 3723 1168 Nec
3748 1115 3796 1168 ob

2251 1214 2395 1270 aliud
2442 1213 2549 1268 illis
2599 1211 2957 1282 temporibus,
2999 1208 3214 1280 quando
3242 1206 3342 1262 ista
3384 1207 3620 1277 quaestio
3655 1216 3794 1260 contra

2252 1306 2437 1362 utilem
2484 1302 2929 1359 consuetudinem
2968 1299 3422 1372 disputationibus
3477 1299 3624 1352 salva
3661 1300 3790 1353 chari-

2254 1405 2362 1454 tate
2391 1409 2553 1468 atque
2576 1397 2781 1451 unitate
2811 1395 3192 1451 altercantibus
3223 1393 3638 1457 discutiebatur,
3665 1394 3792 1447 visum

2253 1501 2335 1548 est
2367 1491 2682 1562 quibusdam
2712 1491 2874 1544 etiam
2906 1487 3136 1560 egregiis
3165 1487 3293 1543 viris
3322 1486 3653 1542 antistitibus
3680 1485 3792 1540 Chri-

2255 1585 2346 1652 sti,
2371 1585 2511 1640 inter
2531 1600 2666 1654 quos
2699 1583 2969 1654 praecipue
2995 1585 3185 1639 beatus
3213 1580 3522 1652 Cyprianus
3552 1581 3789 1646 eminebat,

2258 1694 2362 1734 non
2391 1694 2513 1733 esse
2537 1692 2693 1747 posse
2722 1676 2863 1747 apud
2904 1675 3189 1731 hazreticos
3227 1675 3312 1729 vel
3345 1673 3701 1728 schismaticos
3725 1675 3790 1727 ba-

2259 1773 2514 1842 ptismum
2556 1770 2782 1838 Christi,
2817 1769 2920 1824 nisi
2974 1768 3097 1839 quia
3151 1783 3258 1822 non
3293 1766 3704 1836 distinguebatur
3733 1780 3792 1819 sa-

2261 1871 2596 1918 cramentum
2643 1860 2711 1916 ab
2747 1859 2942 1918 effectu
2971 1860 3056 1914 vel
3103 1873 3200 1913 usu
3253 1854 3789 1925 sacramenti;etquia

2263 1955 2379 2026 ejus
2408 1955 2633 2010 effectus
2662 1961 2824 2022 atque
2855 1968 2983 2007 usus
3014 1953 3066 2006 in
3117 1951 3434 2007 liberatione
3463 1967 3495 2006 a
3531 1951 3728 2021 peccatis
3748 1957 3792 2006 et

2262 2045 2440 2102 cordis
2470 2044 2800 2100 rectitudine
2823 2041 2963 2113 apud
2992 2041 3279 2096 haereticos
3316 2057 3422 2095 non
3455 2040 3790 2102 inveniebatur,

2264 2139 2437 2205 ipsum
2486 2151 2700 2208 quoque
2730 2143 3130 2190 sacramentum
3178 2133 3289 2187 illic
3317 2148 3422 2188 non
3462 2147 3572 2188 esse
3606 2132 3793 2202 putaba-

2264 2240 2368 2284 tur.
2401 2228 2510 2285 Sed
2552 2226 2990 2284 convertentibus
3039 2225 3228 2281 oculos
3258 2226 3320 2278 ad
3367 2225 3618 2278 interioris
3645 2221 3794 2291 palea

2266 2321 2684 2386 multitudinem,
2735 2334 2856 2374 cum
2903 2328 2957 2374 et
3005 2317 3058 2372 hi
3089 2319 3180 2386 qui
3227 2317 3277 2371 in
3313 2316 3420 2383 ipsa
3470 2316 3654 2370 unitate
3682 2330 3792 2384 per-

2265 2415 2408 2469 versi
2454 2422 2599 2478 sunt,
2642 2420 2695 2468 et
2747 2411 2958 2482 perdite
2988 2411 3195 2478 vivunt,
3229 2417 3506 2478 appareant
3544 2407 3793 2462 remissio-

2268 2523 2388 2563 nem
2421 2515 2767 2578 peccatorum
2797 2520 2898 2560 nec
2927 2505 3056 2559 dare
3096 2518 3274 2573 posse,
3325 2517 3421 2556 nec
3465 2499 3671 2567 habere,
3699 2501 3793 2568 quia

2269 2619 2373 2657 non
2403 2601 2671 2672 malignis,
2704 2599 2797 2656 sed
2840 2599 2997 2654 bonis
3043 2599 3167 2652 filiis
3195 2599 3401 2652 dictum
3430 2605 3511 2651 est
3533 2614 3545 2648 :
3566 2595 3620 2650 Si
3643 2594 3789 2648 cuidi‘

2269 2693 2525 2750 miseritis
2557 2704 2796 2764 peccata,
2831 2690 3168 2746 dimittentur
3196 2691 3279 2754 ei;
3310 2690 3356 2745 si
3389 2689 3478 2744 cui
3509 2685 3780 2748 retinueritis,

2269 2788 2616 2851 tenebuntur,
2643 2785 2844 2840 habere
2874 2793 3078 2849 tamen,
3125 2792 3179 2838 et
3206 2783 3359 2848 dare,
3395 2791 3456 2837 et
3483 2783 3680 2849 accipere
3708 2778 3772 2829 ba-

2271 2878 2450 2949 ptismi
2479 2884 2877 2932 sacramentum
2909 2874 3041 2930 satis
3064 2872 3230 2927 eluxit
3258 2874 3564 2942 pastoribus
3584 2865 3764 2922 Ecclesia

2271 2971 2552 3027 catholicae
2583 2977 2698 3025 toto
2729 2968 2860 3023 orbe
2903 2966 3129 3032 diffusas,
3175 2981 3270 3034 per
3302 2981 3448 3035 quos
3479 2972 3620 3034 postea
3637 2962 3768 3030 plena-

2271 3066 2335 3120 rii
2357 3063 2572 3119 concilii
2603 3064 2924 3118 auctoritate
2959 3058 3238 3130 originalis
3276 3057 3605 3113 consuetudo
3628 3055 3781 3108 firmata

2273 3167 2374 3225 est,
2405 3159 2566 3213 etiam
2604 3171 2758 3212 ovem
2790 3170 2908 3224 qua:
2953 3152 3088 3208 foris
3140 3151 3386 3218 errabat,
3436 3160 3491 3207 et
3529 3149 3786 3205 Dominicstn

2273 3252 2642 3306 characterem
2691 3263 2720 3302 a
2773 3247 3056 3301 fallacibus
3084 3243 3551 3312 depraedatoribus
3587 3242 3678 3295 suis
3700 3236 3790 3292 foris

2275 3350 2577 3414 acceperat,
2630 3340 2935 3395 venientem
2983 3338 3051 3392 ad
3083 3335 3408 3390 Christianae
3459 3335 3658 3390 unitatis
3691 3329 3792 3385 sala-

2274 3447 2405 3501 tem,
2438 3436 2505 3490 ab
2535 3449 2721 3490 errore
2751 3433 2970 3502 corrigi,
3002 3445 3034 3486 a
3084 3429 3404 3498 captivitate
3434 3427 3652 3492 liberari,
3675 3420 3795 3478 antl-

2275 3547 2405 3588 nerc
2443 3529 2625 3587 sanari
2652 3546 2666 3582 :
2692 3529 3063 3582 characterem
3097 3533 3278 3578 tamen
3329 3521 3641 3577 dominicum
3677 3529 3797 3586 agno-

2274 3623 2351 3680 sci
2402 3621 2577 3693 potius
2629 3635 2788 3691 quam
2839 3616 3154 3688 improbari,
3206 3613 3624 3683 quandoquidem
3668 3610 3802 3677 ipsum

2273 3715 2650 3771 characterom
2682 3711 2834 3766 multi
2866 3708 2962 3782 [etl
2996 3707 3106 3778 lupi
3137 3715 3193 3762 et
3221 3706 3362 3776 lupis
3390 3705 3617 3774 inﬁgunt,
3645 3701 3725 3770 qui
3747 3699 3805 3752 vi-

2273 3810 2468 3864 dentur
2520 3806 2737 3878 quidem
2785 3807 2929 3861 intus
2982 3819 3127 3870 esse,
3175 3813 3519 3859 verumtamen
3569 3799 3630 3851 ad
3677 3796 3806 3849 illam

2274 3918 2453 3969 ovem,
2487 3915 2607 3971 qua:
2637 3901 2800 3956 etiam
2835 3914 2902 3954 ex
2943 3897 3130 3952 multis
3161 3911 3268 3951 una
3294 3906 3386 3961 est,
3433 3907 3532 3946 non
3557 3887 3808 3960 pertinere

2276 4010 2484 4052 morum
2511 4009 2730 4049 suorum
2757 3991 3020 4047 fructibus
3050 3991 3460 4053 convincuntur,
3481 3987 3536 4040 in
3561 3983 3742 4055 quibus
3766 3980 3815 4035 iu

2275 4089 2438 4144 finem
2477 4102 2648 4158 usque
2697 4073 3013 4156 perdurant,
3065 4089 3189 4155 quia
3235 4083 3525 4140 secundum
3571 4077 3816 4149 prascien-

2276 4183 2403 4238 tiam
2433 4182 2529 4236 Dei
2558 4180 2703 4236 sicut
2728 4179 2913 4236 multae
2940 4192 3068 4233 oves
3097 4187 3283 4234 errant
3309 4176 3569 4240 exterius,
3598 4172 3673 4229 sic
3697 4167 3815 4226 multi

2276 4277 2389 4348 lupi
2412 4275 2735 4331 insidiantur
2756 4273 3009 4339 interius,
3040 4271 3180 4326 inter
3212 4285 3353 4340 quos
3384 4280 3563 4324 tamen
3591 4266 3720 4321 novit
3741 4263 3816 4316 Do-

2279 4369 2460 4426 minus
2510 4368 2603 4438 qui
2643 4375 2768 4422 sunt
2814 4365 2953 4436 ejus,
2982 4366 3071 4436 qui
3119 4379 3229 4419 non
3274 4362 3512 4418 audiunt
3540 4373 3710 4415 vocem
3742 4352 3816 4409 nisi

2278 4463 2533 4536 pastoris,
2582 4461 2747 4517 etiam
2797 4475 2926 4515 cum
2951 4457 3153 4513 clamat
3182 4471 3281 4526 per
3312 4455 3531 4510 similes
3579 4451 3816 4507 Pharisae-

2279 4573 2424 4626 rum,
2475 4557 2543 4613 de
2599 4556 2796 4626 quibus
2855 4553 3056 4608 dictum
3099 4559 3227 4606 est:
3263 4548 3398 4615 Quae
3457 4547 3643 4602 dicunt
3681 4538 3807 4593 facite.

2281 4651 2433 4707 Sicut
2477 4647 2622 4706 enim
2655 4648 2817 4703 homo
2856 4644 3133 4717 spiritalis,
3166 4641 3371 4697 habens
3401 4639 3576 4696 finem
3609 4629 3818 4708 praecl)“.

2283 4740 2340 4801 id
2371 4752 2453 4798 est
2481 4740 2821 4804 charitatem,
2849 4738 2917 4792 de
2945 4737 3053 4809 20
3082 4732 3250 4790 corde
3271 4745 3435 4801 puro,
3470 4742 3526 4785 et
3560 4718 3823 4783 conscientia

2283 4836 2446 4900 bona,
2493 4841 2547 4888 et
2578 4831 2684 4887 fide
2724 4845 2833 4886 non
2884 4829 3029 4894 ficta,
3076 4834 3255 4897 potest
3293 4822 3512 4892 aliquid
3557 4836 3623 4876 ex
3659 4825 3828 4884 corpore

2283 4903 2634 4997 quodadhuc
2663 4919 3026 4990 corrumpitur
3051 4925 3104 4972 et
3127 4915 3380 4982 adgravat
3413 4913 3681 4973 animam,
3705 4907 3831 4959 minus

2281 5015 2485 5087 liquide
2531 5027 2780 5078 cernere,
2819 5019 2875 5067 et
2921 5009 3077 5063 aliter
3126 5019 3337 5075 sapere,
3387 5003 3554 5073 quod
3603 5002 3654 5056 in
3693 4997 3831 5053 eadem

2282 5106 2543 5164 charitate
2583 5100 2921 5173 permanenti
2959 5097 3103 5154 Deus
3151 5111 3273 5150 cum
3299 5092 3552 5148 voluerit
3589 5087 3832 5147 revelabit:

2283 5202 2361 5257 sic
2392 5201 2444 5255 in
2489 5199 2710 5255 homine
2740 5195 2941 5251 carnali
2971 5202 3132 5261 atque
3159 5202 3422 5262 perverso
3458 5197 3649 5258 potest
3674 5175 3840 5250 aliquod

2283 5296 2484 5353 bonum
2527 5302 2582 5349 et
2608 5292 2740 5347 utile
2783 5289 3034 5359 reperiri,
3079 5284 3223 5356 quod
3266 5283 3497 5337 aliunde
3538 5282 3634 5347 sit,
3679 5293 3768 5332 non
3799 5287 3840 5323 ex

2303 5406 2425 5463 pso.
2457 5389 2590 5444 Nam
2622 5395 2680 5442 ut
2707 5386 2760 5441 in
2802 5382 3025 5451 palmite
3065 5380 3342 5434 fructuoso
3373 5375 3668 5432 invenitur
3693 5363 3848 5436 aliquid

2288 5483 2431 5556 quod
2461 5479 2797 5553 purgandum
2829 5477 2922 5543 sit,
2953 5483 3012 5528 ut
3042 5471 3301 5541 majorem
3334 5468 3593 5524 fructum
3622 5467 3769 5526 ferat,
3803 5467 3852 5556 tu

2286 5551 2341 5635 et
2373 5578 2426 5633 in
2463 5551 2730 5632 arundine
2759 5568 2931 5626 sterili
2960 5575 3120 5636 atque
3147 5562 3318 5630 arido,
3348 5560 3439 5616 vel
3481 5561 3724 5630 alligata,
3754 5551 3857 5608 solet

2284 5686 2393 5727 uva
2418 5667 2676 5739 pendere.
2711 5663 2778 5718 Et
2801 5662 2925 5717 ideo
2946 5661 3090 5715 sicut
3117 5656 3339 5712 stultum
3365 5663 3458 5709 est
3488 5649 3757 5708 fructiferi
3775 5643 3860 5740 pali

2283 5767 2429 5824 mitis
2460 5766 2812 5835 purgamenta
2841 5755 3092 5825 diligere,
3115 5745 3395 5806 commode
3420 5755 3630 5800 autem
3659 5743 3778 5797 facit
3797 5752 3862 5835 qu
3901 5803 3908 5808 ξ

2282 5833 2583 5931 pomasua
2613 5855 2696 5910 via
2733 5853 3061 5920 ubicumque
3099 5859 3359 5916 suspensa
3390 5858 3515 5898 non
3560 5837 3783 5910 respuit.
3811 5833 3864 5932 ila

2285 5950 2522 6025 quisquis
2532 5948 2815 6024 ahunitate
2831 5943 3105 6018 praacisus,
3126 5945 3410 6014 propterea
3438 5934 3759 6004 rebaptizat
3776 5939 3869 5997 qun
