3986 6382
184 369 289 427 885

182 480 453 554 Cypriane
496 474 676 531 visum
721 476 805 527 est
853 465 922 523 ab
967 458 1237 520 hareticis
1288 456 1569 554 venientes
1603 448 1781 505 denuo
1810 432 1866 508 Α

183 546 441 645 baptizari
492 574 769 638 oportere,
817 556 1082 616 laudanda
1132 554 1185 607 in
1233 558 1382 605 tanto
1407 546 1521 601 viro
1560 557 1777 599 aversa-

186 643 295 732 tur,
322 673 377 721 et
412 659 748 718 emendanda
779 658 1045 717 sectatur,
1076 660 1178 702 nec
1211 658 1275 699 ea
1316 643 1431 712 ipsa
1461 652 1579 710 quae
1608 646 1781 732 secta-

187 726 633 824 tur'assequitur.
667 748 759 804 ille
788 745 935 800 enim
967 741 1094 797 dum
1132 737 1249 793 zelo
1293 733 1391 790 Dei
1422 731 1655 803 graviter
1682 726 1781 783 de-

188 855 419 905 testatur
445 822 543 900 eos
588 840 677 912 qui
725 852 783 894 se
815 835 886 892 ab
916 831 1120 888 unitate
1165 832 1573 898 separaverunt,
1619 822 1785 912 etiam

187 902 403 1008 ipso
436 902 704 1005 baptismo
750 926 1035 998 separatos
1061 933 1184 977 esse
1224 916 1516 973 arbitratus
1546 918 1667 969 est:
1695 902 1788 1008 isti

188 1002 370 1087 autem
415 1002 603 1099 parum
644 1021 870 1080 sceleris
906 1023 1153 1087 putantes
1201 1010 1345 1083 quod
1374 1008 1477 1099 ipsi
1524 1002 1789 1099 aChrlstl

190 1120 396 1179 unitate
417 1096 657 1187 separati
682 1122 829 1178 sunt,
851 1110 1016 1167 etiam
1043 1105 1372 1176 baptismum
1400 1098 1521 1172 ejus
1543 1096 1653 1154 illic
1680 1104 1790 1155 non

188 1224 314 1268 esse
348 1220 404 1267 et
449 1220 630 1265 secum
676 1204 860 1260 exisse
907 1196 1265 1254 contendunt.
1289 1194 1420 1248 Tam
1451 1202 1581 1256 ergo
1630 1191 1792 1259 longe

192 1313 318 1361 sunt
350 1301 678 1359 fecunditate
706 1294 987 1370 Cypriani,
1043 1301 1106 1348 ut
1134 1304 1235 1346 nec
1263 1284 1631 1359 purgamentis
1670 1282 1792 1355 ejus

196 1406 497 1470 aequentur.
529 1396 661 1450 item
705 1388 955 1463 quisquis
993 1401 1098 1442 non
1130 1382 1333 1440 habens
1365 1378 1705 1444 charitatem,
1737 1376 1793 1432 et

196 1491 438 1563 perditas
467 1490 582 1545 vias
630 1500 844 1543 morum
890 1478 1201 1554 ingrediens
1234 1474 1612 1547 pessimorum,
1642 1474 1793 1563 intus

197 1562 411 1639 videtur
459 1594 605 1649 esse,
650 1591 771 1633 cum
823 1572 958 1629 foris
1009 1573 1099 1637 sit,
1138 1576 1192 1626 et
1236 1569 1562 1638 baptismum
1593 1562 1797 1620 Christi

200 1684 302 1732 nec
331 1674 384 1730 in
418 1669 686 1728 hiereticis
715 1667 937 1738 repetit,
981 1664 1115 1719 nihil
1141 1662 1258 1733 ejus
1289 1658 1508 1731 adjuvat
1535 1655 1796 1713 sterilita-

200 1776 306 1824 tem
337 1762 480 1838 qund
511 1778 618 1820 non
650 1759 974 1817 fecundatur
1014 1771 1134 1823 suo,
1166 1753 1262 1810 sed
1317 1750 1493 1807 fructu
1543 1756 1798 1806 oneratur

1348 330 1789 397 THESAURUS.
1827 326 1981 388 CAP.
2020 322 2328 385 CCXXXV.

3371 296 3480 367 8“

1892 448 2095 513 quanto
2122 439 2319 495 melior
2359 426 2495 511 [dat]
2522 451 2537 501 ;
2567 438 2729 503 atque
2767 432 2842 486 ita
2865 420 3000 487 nihil
3028 421 3221 503 [aliud]
3250 416 3483 481 interest

1888 543 2089 603 quanto
2114 530 2268 601 pejor
2296 528 2350 584 id
2396 523 2649 595 accipiat,
2685 524 2825 577 sicut
2849 520 2991 577 nihil
3030 521 3254 575 interest
3272 516 3478 586 quanto

1888 627 2079 682 melior
2109 619 2376 694 [accipiat]
2410 615 2579 675 :illud
2601 617 2741 672 enim
2775 628 2869 683 per
2904 612 3167 685 seipsum,
3199 616 3257 667 et
3294 608 3352 663 in
3392 606 3476 663 eis

1891 719 1983 789 qui
2008 732 2114 773 non
2142 716 2422 787 aequaliter
2456 710 2585 782 justi
2607 718 2750 776 sunt,
2776 716 2832 764 et
2864 703 2920 763 ill
2942 700 3021 764 eis
3048 706 3140 779 qui
3169 712 3279 762 neu
3300 708 3483 773 aqua

1890 812 2014 868 llter
2035 810 2204 882 iniqui
2228 818 2373 874 sunt,
2396 804 2673 877 aequaliter
2693 811 2940 859 sanctum
2961 808 3067 858 est.

2403 890 2632 955 CAPUT
2666 886 2951 953 CCXX”.

1896 988 2045 1063 Quod
2074 993 2167 1049 sub
2210 994 2388 1049 eodem
2438 991 2686 1063 baptismo
2727 998 2937 1063 peccatu
2981 984 3329 1063 dimittuntur,
3367 986 3492 1063 pro.

1966 1077 2078 1138 pter
2096 1067 2358 1120 vinculum
2382 1058 2671 1138 cheruntis,
2711 1062 2803 1138 sub
2836 1060 3263 1138 persecuntur
3280 1058 3490 1138 prope!

1967 1128 2299 1207 sacritegium
2328 1136 2633 1200 divisionis;
2664 1133 2799 1189 etde
2828 1128 2986 1188 (unde
3006 1131 3176 1187 sancti
3200 1128 3491 1200 Cypriani;

1969 1226 2032 1265 ea:
2059 1209 2234 1266 eodem
2264 1208 2416 1261 libro.

1967 1304 2099 1372 Sed,
2120 1314 2174 1361 ut
2196 1304 2397 1359 dictum
2415 1311 2521 1368 est,
2540 1302 2673 1358 nihil
2689 1303 2914 1358 interest
2929 1300 2997 1357 ad
3019 1298 3271 1371 baptismi
3293 1296 3494 1355 sancti-

1901 1406 2066 1453 tatem
2083 1404 2286 1466 quanto
2301 1394 2527 1465 quisque
2544 1396 2697 1463 pejor
2717 1393 2769 1449 id
2796 1392 3014 1458 habeat,
3027 1400 3080 1448 et
3098 1401 3297 1462 quanto
3318 1389 3494 1461 pejori

1902 1490 2098 1545 tradat.
2117 1488 2303 1543 Potest
2318 1494 2496 1543 tamen
2515 1485 2729 1541 tradere
2748 1491 3047 1554 separatus,
3064 1484 3202 1539 sicut
3214 1490 3392 1552 potest
3405 1480 3496 1539 ha-

1902 1584 2034 1640 bere
2048 1581 2454 1652 separatus,sed
2472 1595 2631 1650 quam
2646 1579 2949 1649 perniciose
2963 1578 3308 1646 habere,tam
3324 1572 3497 1647 perni-

1902 1678 2051 1731 ciose
2065 1675 2297 1740 tradere;
2318 1673 2409 1729 ille
2426 1682 2604 1727 autem
2623 1672 2711 1726 cui
2725 1671 2909 1739 tradit,
2930 1671 3499 1741 potestsalubriterac-

1904 1767 2110 1836 cipere,
2132 1768 2179 1821 si
2201 1766 2317 1835 ipse
2338 1780 2443 1819 nou
2469 1772 2753 1833 separatus
2785 1764 3032 1832 accipiat,
3064 1764 3205 1820 sicut
3228 1754 3501 1833 plerisque

201 1835 399 1915 alieno.
443 1856 589 1912 Fieri
618 1864 801 1909 autem
832 1856 1012 1919 potest
1032 1856 1088 1903 ut
1116 1846 1310 1917 aliquis
1337 1843 1516 1916 vigeat
1553 1840 1607 1897 in
1645 1839 1791 1897 radi-
1821 1842 1822 1845 “

1934 1866 2129 1933 ιοοίἀίι,
2162 1874 2221 1922 ut
2247 1864 2514 1919 catholico
2544 1864 2726 1918 animo
2754 1870 2812 1918 et
2838 1861 3007 1918 corde
3028 1862 3097 1918 ab
3120 1863 3325 1917 unitate
3345 1861 3500 1932 pacis

202 1960 320 2007 cem
353 1946 655 2011 charitatis,
689 1952 745 2000 et
774 1942 830 1998 in
864 1952 969 2009 quo
990 1939 1293 2011 Cyprianus
1321 1936 1482 1991 aliter
1510 1933 1688 2002 sapuit
1708 1944 1801 1987 re-

204 2042 444 2098 ctissime
475 2039 668 2109 sapiat,
717 2044 771 2092 et
818 2041 999 2088 tamen
1026 2032 1079 2086 in
1126 2028 1398 2101 Cypriane
1428 2040 1586 2097 quam
1613 2024 1667 2079 in
1698 2023 1803 2080 isto

206 2132 359 2204 plura
419 2128 649 2187 fecunda
701 2126 831 2192 sint,
881 2134 936 2182 et
978 2124 1039 2178 in
1082 2120 1188 2178 isto
1232 2132 1393 2192 quam
1444 2112 1499 2173 in
1529 2117 1803 2189 Cypriane

209 2224 361 2297 plura
391 2222 668 2295 purganda
694 2220 824 2275 sint.
858 2216 976 2273 Non
999 2216 1174 2272 solum
1208 2216 1389 2283 itaque
1418 2211 1588 2267 malos
1612 2209 1807 2266 catho-

208 2318 343 2372 licos
376 2315 520 2371 nullo
552 2312 713 2368 modo
737 2319 1138 2378 comparamus,
1185 2300 1281 2360 sed
1313 2316 1416 2359 nec
1443 2302 1617 2358 bonos
1650 2299 1808 2356 facile

211 2420 558 2475 coazquamus
601 2403 763 2459 beato
812 2399 1106 2472 Cypriane,
1156 2410 1315 2466 quem
1364 2395 1507 2450 inter
1552 2407 1704 2448 raros
1753 2400 1809 2447 et

216 2510 418 2568 paucos
468 2493 939 2551 excellentissima
991 2490 1176 2559 gratiae
1223 2486 1371 2542 viros
1424 2493 1671 2541 numerat
1724 2486 1810 2554 pia

215 2596 390 2644 mater
416 2586 659 2643 Ecclesia
681 2601 695 2638 :
721 2584 965 2654 quamvis
1008 2580 1098 2637 isti
1128 2587 1184 2636 et
1224 2580 1365 2648 apud
1396 2577 1679 2633 haereticos
1721 2592 1813 2632 co-

212 2689 481 2753 gnoscant
509 2679 835 2749 baptismum
876 2673 1099 2741 Christi,
1123 2672 1203 2730 liii
1232 2682 1413 2729 autem
1445 2674 1604 2729 aliter
1636 2673 1811 2727 visum

218 2775 314 2836 sit.
343 2783 406 2829 ut
428 2788 524 2843 per
550 2786 675 2828 eum
700 2767 881 2825 minus
910 2764 1115 2838 aliquid
1142 2764 1414 2822 videntem
1440 2773 1494 2821 et
1526 2766 1577 2819 in
1610 2766 1815 2821 unitate

218 2864 532 2921 firmissime
563 2869 992 2933 permanentem,
1036 2858 1373 2914 manifestius
1413 2858 1817 2913 demonstrare-

220 2968 310 3014 tur
361 2955 629 3012 haereticis
687 2968 847 3023 quam
902 2950 1168 3020 sacrilego
1220 2950 1426 3005 scelere
1474 2956 1818 3017 rumperetur

222 3047 501 3105 vinculum
524 3044 693 3114 pacis.
717 3038 903 3113 Neque
931 3038 1076 3097 enim
1102 3038 1360 3094 Pharismi
1391 3040 1542 3106 caeci,
1575 3036 1819 3107 quamvis

222 3142 470 3199 dicentes
499 3137 795 3209 aliquando
821 3135 965 3206 quod
1006 3134 1126 3190 ﬁeri
1172 3132 1429 3197 debebat,
1468 3129 1818 3201 comparandi

1907 1978 2017 2020 non
2059 1962 2321 2025 alienato,
2362 1959 2541 2030 aliqua
2590 1958 2916 2013 necessitate
2955 1957 3144 2012 mortis
3172 1956 3413 2025 urgentis
3444 1955 3502 2011 in
3542 2010 3547 2023 ,

1908 2055 2140 2125 aliquem
2171 2051 2485 2107 hirreticum
2520 2052 2808 2116 irruerent,
2839 2058 2895 2105 et
2939 2047 3009 2105 ah
3053 2063 3119 2104 eo
3169 2047 3371 2103 Christi
3407 2046 3502 2102 ba-

1912 2147 2165 2215 ptismum
2191 2145 2312 2199 sine
2344 2144 2504 2198 uilius
2536 2142 2890 2212 perversitate
2916 2141 3285 2211 perciperent,
3310 2147 3366 2193 et
3384 2138 3503 2195 sivo

1912 2239 2180 2305 defuncti,
2226 2238 2341 2293 sive
2371 2237 2608 2303 liberati,
2640 2250 2977 2307 nequaquam
3024 2233 3169 2305 apud
3198 2247 3293 2287 eos
3318 2245 3503 2288 rema-

1913 2340 2130 2396 nerent,
2162 2329 2229 2383 ad
2259 2344 2396 2399 quos
2432 2344 2706 2397 nunquam
2740 2328 2905 2382 corde
2940 2327 3288 2381 transierant.
3324 2324 3378 2381 Si
3410 2340 3508 2381 au-

1917 2431 2027 2479 tem
2055 2422 2217 2477 etiam
2248 2424 2363 2493 ipse
2402 2431 2682 2491 separatus
2724 2423 3012 2489 acceperit,
3050 2429 3199 2474 tanto
3234 2419 3509 2487 pernicio-

1917 2512 2030 2567 sius
2060 2511 2280 2581 accipit,
2313 2522 2516 2582 quanto
2544 2513 2714 2582 magis
2745 2514 2942 2565 bonum
2962 2520 3045 2566 est
3073 2510 3217 2580 quod
3238 2524 3343 2564 non
3369 2509 3512 2566 bene

1919 2604 2150 2673 accipit:
2179 2613 2235 2659 et
2284 2613 2435 2661 tanto
2481 2605 2650 2673 magis
2680 2604 2826 2657 valet
2855 2602 2923 2657 ad
2972 2603 3191 2657 exitium
3233 2610 3508 2672 separato,

1919 2705 2120 2768 quanto
2150 2697 2319 2765 magis
2372 2706 2555 2765 posset
2597 2695 2665 2751 ad
2707 2696 2932 2750 salutem
2965 2695 3148 2750 valere
3178 2695 3509 2763 conjuncto:

1921 2799 1972 2845 et
2006 2788 2127 2843 ideo
2157 2788 2200 2841 si
2233 2789 2300 2842 ab
2328 2787 2423 2841 illa
2450 2790 2802 2857 perversitate
2826 2794 3127 2851 correctus,
3159 2794 3215 2841 et
3235 2799 3265 2839 a
3292 2797 3515 2853 separa-

1924 2882 2072 2936 tione
2117 2896 2411 2936 conversus
2459 2882 2669 2936 venerit
2698 2880 2765 2935 ad
2795 2880 3122 2936 catholicam
3163 2893 3373 2949 pacem,
3415 2877 3517 2934 sub

1924 2977 2115 3031 eodem
2148 2976 2473 3045 baptismate
2518 2975 2660 3045 quod
2705 2986 2990 3044 acceperat
3033 2974 3154 3045 ejus
3182 2982 3402 3045 peccata
3427 2958 3517 3027 di-

1926 3066 2239 3132 mittuntur,
2271 3074 2491 3136 propter
2516 3066 2791 3121 vinculum
2821 3065 3121 3133 charitatis,
3158 3066 3261 3121 sub
3289 3080 3393 3135 quo
3421 3064 3521 3119 ba-

1926 3157 2178 3225 ptismate
2208 3167 2429 3227 peccata
2476 3158 2597 3226 ejus
2647 3158 2993 3226 tenebantur,
3042 3165 3262 3227 propter
3298 3153 3523 3212 sacrile-

227 3246 386 3295 erant
441 3235 687 3308 apostolo
738 3233 923 3301 Petro,
976 3230 1227 3302 quamvis
1275 3229 1475 3284 dicenti
1525 3225 1818 3297 aliquando

1934 3224 2075 3318 gium
2110 3224 2423 3313 divisionis;
2464 3224 2588 3319 quia
2623 3248 2754 3303 illud
2783 3256 2837 3303 et
2864 3248 2919 3303 in
2951 3224 3170 3305 homine
3189 3248 3359 3318 justo,
3386 3255 3441 3301 et
3470 3246 3526 3306 in

232 3326 377 3402 quod
410 3327 521 3383 ﬁeri
564 3342 671 3382 non
718 3322 972 3381 debebat.
1021 3320 1136 3376 Non
1177 3321 1349 3376 solum
1382 3329 1561 3375 autem
1594 3319 1823 3375 istorum

229 3422 458 3477 ariditas
487 3420 636 3475 illius
656 3416 915 3472 viriditati
961 3414 1290 3470 conferenda
1325 3428 1433 3468 non
1463 3424 1566 3479 est,
1600 3413 1698 3469 sed
1725 3427 1827 3469 nec

231 3513 684 3573 aliorum-fructus
701 3510 845 3567 iiiins
869 3496 1101 3564 ubertati
1123 3508 1491 3578 adtequandus
1506 3516 1610 3562 est.
1629 3506 1829 3563 Gentes

233 3612 377 3668 enim
393 3623 553 3665 nemo
576 3605 849 3679 judaizare
870 3616 1031 3659 nemo
1052 3617 1197 3657 nunc
1211 3602 1373 3670 cogit,
1392 3616 1490 3656 nec
1514 3599 1636 3656 ideo
1651 3608 1831 3656 tamen

237 3703 519 3774 quisquam
557 3714 703 3755 nunc
748 3697 803 3752 in
836 3693 1077 3751 Ecclesia
1115 3693 1507 3763 quantumlibet
1540 3691 1834 3762 profecerit

239 3792 384 3849 Petri
412 3789 740 3863 apostolatui
790 3784 1153 3843 conferendus
1202 3794 1303 3840 est.
1346 3784 1687 3856 Quapropter
1710 3782 1833 3841 red-

242 3886 381 3940 dens
435 3883 672 3939 debitam
735 3879 1101 3937 reverentiam
1155 3877 1479 3948 dignumque
1527 3878 1832 3945 honorem,

250 3987 513 4049 quantum
541 3977 717 4044 valeo,
749 3973 1067 4044 persolvens
1094 3973 1323 4043 paciﬁca
1352 3973 1608 4042 episcopo
1638 3982 1693 4028 et
1720 3974 1837 4041 glo-

248 4070 396 4121 rioso
425 4066 650 4137 martyri
698 4065 993 4134 Cypriane,
1044 4064 1221 4119 audeo
1251 4073 1430 4118 tamen
1472 4062 1655 4119 dicere
1684 4064 1839 4120 aliter

249 4171 376 4209 eum
417 4153 655 4209 sensisse
684 4153 750 4208 de
782 4152 1141 4207 schismaticis
1161 4149 1247 4207 vel
1270 4144 1537 4207 haereticis
1565 4152 1840 4221 baptizan-

250 4243 359 4315 dis,
378 4260 540 4316 quam
568 4253 753 4316 postea
794 4243 994 4299 veritas
1022 4242 1293 4314 prodidit:
1322 4258 1429 4300 non
1461 4258 1530 4299 ex
1574 4258 1716 4313 mea,
1745 4244 1843 4301 sed

249 4356 316 4397 ex
371 4340 642 4396 universa:
693 4338 952 4396 Ecclesiae
999 4326 1295 4406 sententia,
1345 4337 1571 4409 plenarii
1628 4339 1844 4396 concilii

251 4434 571 4491 auctoritate
618 4432 873 4488 roborata
923 4440 1086 4503 atque
1132 4431 1541 4499 ﬁrmata;sicut
1577 4446 1845 4488 venerans

252 4543 350 4598 pro
379 4528 459 4583 sui
489 4526 686 4583 merito
711 4522 955 4592 Petrum,
979 4526 1212 4597 primum
1235 4527 1606 4598 apostolorum
1628 4536 1684 4583 et
1711 4527 1847 4585 emi-

254 4618 630 4675 nentissimum
684 4627 1000 4689 martyrem,
1043 4618 1215 4675 audeo
1271 4629 1451 4677 tamen
1500 4622 1683 4677 dicere
1736 4623 1929 4686 nonD

251 4729 374 4767 eum
409 4723 557 4768 recte
589 4710 782 4769 iecisse
809 4720 867 4767 ut
892 4722 1079 4783 gentes
1095 4710 1375 4781 judaiaare
1402 4723 1619 4786 cogeret
1642 4731 1659 4781 ;
1679 4714 1847 4771 etiam

256 4800 360 4857 hoc
400 4801 545 4857 enim
573 4800 717 4867 dico,
758 4816 865 4857 non
906 4818 973 4858 ex
1020 4818 1166 4870 mea.
1206 4805 1303 4861 sed
1332 4822 1401 4862 ex
1429 4807 1662 4877 apostoli
1694 4808 1849 4864 Pauli

259 4893 486 4948 salutari
517 4892 788 4962 doctrina,
838 4907 933 4961 per
965 4893 1275 4950 universam
1307 4897 1605 4955 Ecclesiam
1636 4907 1849 4956 retenta

255 4995 420 5056 atque
468 4994 702 5041 servata.
756 4982 1045 5054 Disputans
1088 5000 1219 5055 ergo
1250 4986 1438 5059 [enim]
1466 4989 1535 5045 de
1580 4993 1847 5048 sententia

255 5073 536 5148 Cypriani,
594 5072 820 5129 multum
863 5072 1000 5129 infra
1054 5075 1250 5130 merita
1307 5078 1513 5147 positus
1556 5079 1846 5152 Cypriani,

260 5160 385 5223 dico
412 5173 809 5222 sacramentum
849 5160 1102 5237 baptismi
1133 5175 1189 5222 et
1218 5165 1390 5225 bonos
1416 5180 1471 5226 et
1491 5174 1663 5228 malos
1689 5190 1851 5245 posse

258 5254 483 5328 habere,
520 5272 676 5327 posse
724 5256 878 5326 dare,
920 5272 1080 5328 posse
1111 5259 1396 5329 accipere;
1428 5271 1484 5319 et
1524 5265 1695 5320 bonos
1736 5266 1854 5337 qui-

260 5348 384 5406 dem
425 5348 631 5404 utiliter
659 5363 722 5404 ac
752 5349 1060 5417 salubriter,
1114 5351 1287 5407 malos
1334 5364 1512 5410 autem
1551 5358 1855 5426 perniciose

262 5446 425 5512 atque
465 5439 933 5511 pmuaiitermum
982 5439 1112 5497 illud
1165 5451 1345 5501 tamen
1391 5444 1448 5501 in
1496 5450 1739 5522 utrisque
1785 5452 1856 5508 sit

264 5534 545 5607 aequaliter
575 5530 865 5603 integrum,
898 5542 1057 5605 atque
1086 5534 1221 5592 nihil
1248 5537 1510 5598 interesse
1536 5540 1602 5598 ad
1634 5543 1750 5613 ejus
1776 5560 1854 5601 te-

267 5633 485 5706 qualem
515 5631 569 5687 in
598 5630 849 5688 omnibus
878 5629 1236 5704 integritatem
1262 5647 1463 5708 quanto
1487 5638 1645 5711 pejor
1670 5641 1723 5697 id
1758 5642 1855 5699 ha-

265 5729 395 5786 beat
432 5728 575 5782 inter
604 5724 796 5792 malos,
842 5724 981 5780 sicut
1007 5727 1139 5783 nihil
1169 5729 1394 5786 interest
1418 5744 1615 5805 quanto
1663 5737 1857 5793 melior

270 5820 325 5875 id
355 5819 551 5874 habeat
604 5818 744 5873 inter
773 5816 978 5885 bonos;
1027 5834 1090 5874 ac
1134 5836 1233 5891 per
1265 5821 1365 5879 hoc
1414 5827 1546 5881 nihil
1579 5829 1740 5884 ctiam
1774 5830 1853 5885 in-

274 5921 443 5971 terest
487 5920 687 5983 quanto
731 5910 884 5985 pejor
926 5911 982 5972 id
1026 5913 1224 6007 tradat,
1268 5917 1411 5977 sicut
1454 5918 1588 5979 nihil
1630 5922 1857 5985 interest

1936 3341 2157 3397 homine
2178 3342 2381 3411 injuste
2411 3358 2627 3412 semper
2654 3352 2901 3397 sanctum
2932 3352 3035 3408 est,
3066 3342 3211 3409 quod
3239 3356 3414 3412 neque
3439 3339 3527 3395 aii-

1933 3436 2093 3506 cujus
2141 3437 2396 3505 aequitate
2445 3446 2693 3505 augetur,
2740 3451 2915 3504 neque
2963 3435 3191 3503 alicujus
3243 3434 3529 3503 iniquitate

1937 3530 2221 3583 minuitur.
2246 3528 2377 3596 Quae
2397 3544 2521 3583 cum
2546 3530 2618 3583 ita
2643 3530 2772 3593 sint,
2797 3527 2925 3598 quid
2954 3526 3078 3583 huic
3101 3536 3207 3583 tam
3234 3528 3531 3596 pet-spicum

1937 3623 2152 3679 veritati
2182 3622 2353 3679 officit
2385 3621 2529 3691 quod
2561 3622 2718 3676 multi
2753 3622 3063 3691 coepiscopi
3092 3620 3362 3692 Cypriane
3390 3621 3443 3675 in
3468 3620 3532 3676 ii-

1940 3716 2048 3772 iam
2075 3715 2400 3772 sententiam
2426 3723 2845 3781 consenserunt,
2880 3728 3111 3784 suasque
3140 3715 3193 3769 in
3225 3714 3368 3771 idem
3399 3728 3537 3769 con-

1939 3810 2222 3865 venientes
2254 3809 2503 3878 proprias
2525 3807 2887 3877 protulerunt,
2921 3808 3025 3863 nisi
3054 3815 3111 3863 ut
3134 3807 3307 3879 magis
3337 3807 3537 3879 magis:

1942 3915 2050 3973 que
2076 3900 2224 3956 illius
2254 3899 2355 3954 viri
2385 3914 2514 3970 erga
2558 3900 2818 3961 unitatem
2866 3896 3068 3954 Christi
3114 3898 3353 3954 charitas
3381 3899 3539 3956 inno-

1945 3992 2157 4047 tescat?
2184 3992 2241 4048 Si
2272 3994 2416 4047 enim
2446 3992 2598 4047 solus
2627 3989 2699 4046 ita
2722 3992 2965 4047 sentiens
2996 3992 3144 4047 nullo
3164 3993 3540 4049 consentiente

1944 4092 2279 4148 remaneret,
2313 4082 2589 4139 videretur
2627 4092 2918 4151 propterea
2960 4080 3273 4150 refriguisse
3303 4084 3371 4135 ab
3416 4098 3541 4140 sce-

1947 4177 2063 4233 lere
2089 4176 2420 4245 schismatis,
2454 4177 2578 4247 quia
2611 4178 2790 4233 socios
2823 4193 2928 4232 non
2959 4178 3266 4233 inveniebat
3294 4180 3497 4235 erroris
3522 4198 3541 4237 :

1949 4280 2058 4327 tam
2090 4270 2277 4326 multis
2306 4279 2488 4325 autem
2520 4267 2624 4324 sibi
2649 4270 3135 4337 consentientibus,
3162 4285 3324 4341 quam
3351 4256 3544 4346 [quod]

1949 4376 2073 4418 cum
2105 4361 2319 4417 czeteris
2350 4361 2567 4417 diversa
2591 4359 2947 4417 sentientibus
2977 4361 3034 4416 in
3066 4360 3273 4418 unitate
3294 4374 3545 4432 pernam

1951 4454 2025 4509 sit
2072 4452 2356 4508 catholicae
2395 4452 2785 4519 universitatis,
2823 4452 3228 4510 sanctissimum
3271 4453 3546 4513 vinculum

1952 4559 2062 4601 non
2091 4544 2290 4602 timore
2319 4544 2648 4610 solitudinis,
2687 4544 2784 4602 sed
2815 4544 2963 4616 pacis
2982 4560 3170 4604 amore
3187 4546 3440 4603 sanavit.

2478 4639 2705 4697 CAPUT
2743 4638 3000 4697 CCXXV.

1962 4731 2115 4801 Quod
2132 4742 2510 4789 sacramentum
2534 4732 2777 4801 baptismi
2800 4733 2924 4787 etin
2950 4734 3091 4789 moto
3114 4742 3167 4789 et
3201 4735 3259 4789 in
3292 4736 3425 4792 bene
3447 4737 3552 4794 ho.

2339 4806 2476 4859 mine
2494 4804 2562 4859 sit
2591 4803 2828 4876 aequale;
2850 4820 2914 4860 ex
2935 4804 3067 4860 libro
3089 4821 3164 4860 vi.

2030 4895 2218 4953 Potest
2264 4912 2393 4968 ergo
2424 4896 2545 4953 fieri
2591 4908 2648 4952 ut
2677 4897 2869 4969 aliquis
2909 4897 3060 4970 pejor
3099 4900 3173 4955 sit
3216 4902 3454 4972 ethnico,
3494 4910 3555 4963 et

1960 4996 2135 5043 tamen
2168 4988 2223 5042 in
2246 5002 2313 5044 eo
2340 4987 2543 5043 Christi
2563 5000 2962 5048 sacramentum
3001 5008 3109 5049 non
3138 4993 3313 5050 solum
3336 4996 3428 5064 sit,
3453 4998 3553 5056 sed

1961 5081 2123 5135 etiam
2171 5095 2277 5136 non
2309 5082 2379 5136 sit
2423 5080 2576 5152 pejus
2608 5098 2769 5154 quam
2796 5084 2853 5141 in
2905 5084 3124 5141 homine
3151 5095 3344 5143 saneto
3370 5098 3426 5145 et
3458 5090 3552 5161 ju-

1962 5179 2215 5235 stozetsi
2264 5180 2453 5250 enim,
2490 5193 2752 5254 quantum
2800 5184 2978 5240 inille
3023 5182 3243 5240 homine
3288 5196 3393 5254 est,
3443 5204 3553 5247 non

1962 5288 2083 5330 eum
2124 5276 2383 5345 servavit,
2415 5276 2511 5332 sed
2563 5279 2744 5333 animo
2796 5287 2853 5334 et
2888 5276 3168 5333 voluntate
3196 5278 3439 5350 violavit,
3471 5292 3557 5339 ta-

1962 5380 2088 5421 men
2142 5378 2402 5438 quantum
2452 5368 2520 5424 ad
2568 5371 2742 5439 ipsum
2793 5369 2987 5426 attinet
3031 5382 3452 5439 sacramentum,
3497 5387 3554 5432 et

1964 5473 2086 5514 cum
2137 5469 2513 5533 contemptura
2558 5471 2615 5518 et
2640 5462 2985 5534 repudiatore
3013 5479 3112 5519 suo
3157 5468 3423 5536 integrum
3471 5468 3555 5524 iu-

1963 5549 2333 5621 violatnmque
2381 5554 2701 5624 permansit.
2759 5553 2951 5609 Nonne
2998 5554 3294 5611 Sodomita:
3350 5559 3554 5617 ethnici

1962 5654 2136 5710 erant,
2198 5647 2251 5700 id
2293 5655 2379 5702 est
2426 5647 2691 5717 gentiles?
2736 5647 2951 5719 pejores
2995 5662 3124 5719 ergo
3166 5661 3318 5705 erant
3357 5650 3550 5723 Judaei,

1963 5737 2153 5807 quibus
2189 5739 2447 5795 Dominus
2477 5740 2629 5811 dicit,
2676 5740 3038 5797 Tolerabilius
3078 5744 3182 5800 crit
3210 5745 3465 5803 Sodomis
3494 5746 3552 5807 in

1963 5830 2049 5886 die
2084 5830 2141 5901 ju
2186 5832 2271 5888 ’ν’ἰί
2317 5848 2477 5903 quam
2524 5833 2710 5901 vobis;
2754 5844 2809 5891 et
2851 5834 3046 5906 quibus
3076 5837 3338 5909 prepheta
3376 5840 3550 5900 dicit:

1963 5925 2281 5989 JUSiiﬁt‘JLiS
2308 5927 2622 6002 Sodomam,
2650 5930 2705 5990 id
2727 5937 2831 6003 est,
2861 5930 2917 5991 in
2939 5935 3343 6008 comparatione
3370 5942 3552 5999 vestra

3633 5700 3648 5768 ι
