3986 6382
540 254 650 313 887

537 470 727 519 menta
768 463 949 520 divina
980 479 1098 534 quae
1146 463 1284 533 apud
1314 463 1530 520 Judaeos
1579 476 1755 532 erant,
1803 467 1928 521 talia
1971 475 2128 522 erant

539 555 731 625 quales
772 556 874 624 ipsi
901 564 1056 611 erant
1085 569 1202 624 quae
1243 554 1505 610 Dominus
1533 571 1746 627 quoque
1789 558 1904 626 ipse
1941 573 2127 613 susce-

538 648 639 717 pit,
674 656 727 704 et
765 649 830 703 ad
872 663 935 704 ea
963 646 1281 703 celebranda
1324 648 1565 717 leprosos
1597 649 1734 719 qu'os
1776 652 2127 708 mundaverat

537 741 708 808 misit,
763 750 820 797 et
868 755 928 796 ea
973 741 1252 796 Zachariae
1297 741 1626 798 ministranti
1673 744 1894 814 angelus
1937 745 2122 812 astitit,

537 846 772 901 eumque
797 833 849 886 in
873 833 1074 903 templo
1097 833 1490 891 sacriﬁcantem
1516 821 1825 892 exauditam
1847 852 1968 894 esse
1991 854 2125 893 nun-

535 927 725 982 tiavit?
764 927 891 981 Haec
918 927 1108 984 eadem
1144 939 1504 995 sacramenta,
1537 940 1592 986 et
1622 930 1677 986 in
1712 931 1869 987 bonis
1891 931 2124 986 homini-

535 1019 637 1076 bus
661 1018 803 1073 illius
825 1020 1084 1090 temporis
1105 1030 1279 1088 erant,
1311 1028 1366 1077 et
1393 1022 1446 1076 in
1472 1021 1630 1077 malis
1658 1022 1936 1093 pejoribus
1961 1038 2122 1092 quam

531 1113 663 1164 sunt
689 1109 912 1177 ethnici,
940 1113 1373 1183 quandoquidem
1405 1113 1460 1169 in
1492 1117 1596 1186 21
1627 1115 1828 1170 malitia
1855 1114 2122 1184 {Sodomi-

532 1201 599 1257 tis
631 1202 840 1271 praelati
882 1213 1124 1260 suntzet
1157 1215 1335 1261 tamen
1382 1206 1474 1262 illa
1519 1216 1863 1262 sacramenta
1887 1216 2042 1262 erant
2070 1209 2122 1264 in

529 1295 770 1367 utrisque
800 1297 1008 1367 integra
1037 1307 1196 1368 atque
1244 1299 1446 1354 divina.
1476 1298 1608 1354 Nam
1639 1308 1692 1354 et
1732 1300 1832 1371 ipsi
1861 1300 2115 1370 gentiles,

527 1388 576 1444 si
600 1388 730 1458 quid
757 1388 997 1445 divinum
1045 1399 1098 1446 et
1133 1400 1339 1447 rectum
1387 1393 1439 1447 in
1468 1392 1732 1448 doctrinis
1777 1394 1889 1449 suis
1920 1393 2121 1450 habere

526 1489 840 1550 potuerunt,
868 1497 975 1537 non
1005 1483 1443 1554 improbaverunt
1490 1486 1662 1540 sancti
1707 1487 1899 1554 nostri,
1933 1499 2116 1558 quam-

526 1573 611 1628 vis
650 1574 725 1629 illi
777 1589 872 1644 per
913 1588 1040 1630 suas
1087 1577 1501 1646 superstitiones
1550 1587 1608 1632 et
1636 1578 2020 1646 idololatriam,
2064 1590 2118 1636 et

526 1666 838 1735 superbiam
888 1675 1226 1738 caeterosque
1275 1683 1455 1725 mores
1483 1669 1784 1726 detestandi
1817 1681 2021 1742 essent,
2065 1680 2119 1728 et

1631 257 1696 314 D.
1734 257 2062 316 EUGYPPII
2100 255 2394 323 ABBATIS
2430 267 2759 332 AGRICANI
3724 299 3812 359 333

539 367 778 426 Sodoma
799 368 1093 441 iustiﬁcata
1137 377 1240 428 est.
1289 370 1538 442 Nunquid
1567 379 1745 429 tamen
1780 374 1903 429 ideo
1943 389 2122 430 sacra-
2149 376 2207 439 Α
2229 383 2425 438 meruit
2450 385 2673 457 adipisci
2706 405 2800 458 per
2828 391 3195 468 charitatcm].

3243 399 3474 471 Adjuvet
3502 405 3687 478 itaque
3717 430 3800 473 nos

2233 476 2568 534 orationibus
2617 482 2728 537 suis
2777 486 2831 539 in
2885 488 3040 543 istius
3089 493 3268 548 carnis
3313 476 3665 572 mortalitate,
3712 515 3805 565 tan-

2231 582 2390 637 quam
2418 571 2473 626 in
2505 574 2793 644 caliginosa
2819 581 2959 635 nube
2987 582 3315 652 laborantes,
3341 600 3421 656 ut,
3453 571 3694 654 donante
3718 601 3802 659 Do-

2232 659 2379 716 mino
2403 705 2418 731 ,
2476 663 2614 721 bona
2649 669 2766 738 ejus
2797 683 3054 741 quantum
3095 692 3380 747 possumus
3411 685 3709 746 imitemur.
3756 697 3802 752 Si

2231 755 2358 844 quid
2389 766 2567 815 autem
2594 762 2754 819 aliter
2781 768 2967 834 sensit,
2998 777 3052 825 et
3081 773 3403 840 quibusdam
3431 778 3695 841 fratribus
3713 790 3800 844 eol-

2230 843 2471 938 legisque
2501 856 2803 922 persuasit,
2838 860 2977 928 quod
3007 878 3147 918 nunc
3179 880 3243 920 eo
3268 882 3425 937 quem
3452 843 3800 938 dilexit,reve-

2229 936 2373 994 lante
2395 943 2505 1008 jam
2533 948 2723 1014 cernit,
2749 963 2848 1004 nos
2878 950 3036 1023 longe
3059 936 3300 1023 impares
3326 963 3545 1018 meritis
3567 969 3694 1036 suis,
3714 970 3796 1028 Ec-

2229 1029 2406 1087 clesiae
2435 1045 2612 1092 tamen
2636 1040 2915 1099 catholica:
2935 1046 3328 1119 auctoritatem,
3352 1054 3517 1124 cujus
3545 1057 3659 1126 ipse
3679 1029 3794 1132 egre-

2227 1123 2373 1191 gium
2397 1136 2452 1181 et
2475 1127 2852 1188 eharissimum
2877 1138 3175 1195 membrum
3207 1152 3312 1210 est,
3342 1123 3443 1214 pro
3478 1123 3662 1206 nostra
3688 1123 3795 1211 inﬁr.

2226 1215 2412 1273 mitate
2440 1228 2726 1291 sectantes,
2769 1227 3028 1284 adversus
3057 1231 3342 1291 haereticos
3381 1239 3476 1293 vel
3515 1242 3789 1301 schismati-

2225 1322 2319 1362 cos
2365 1311 2682 1382 enodemus,
2721 1334 2854 1388 quos
2903 1325 3157 1391 praecisos
3194 1327 3263 1382 ab
3304 1332 3522 1389 unitate
3551 1352 3702 1406 quam
3733 1351 3788 1396 te-

2225 1404 2364 1505 nuit,
2395 1414 2451 1460 et
2475 1421 2785 1469 arescentes
2808 1429 2840 1470 a
2880 1416 3143 1476 charitate
3171 1439 3277 1493 qua
3303 1426 3504 1496 viguit,
3553 1404 3606 1486 et
3646 1434 3784 1505 lapsos

2222 1495 2291 1549 ab
2320 1495 2623 1594 humilitate
2644 1520 2749 1576 qua
2775 1510 2944 1576 stetit,
2968 1520 3117 1569 tanto
3160 1495 3392 1586 amplius
3436 1495 3707 1594 improbat
3724 1539 3783 1583 at-

2222 1600 2329 1655 que
2359 1590 2702 1661 condemnat,
2731 1608 2932 1667 quanto
2965 1604 3132 1672 magis
3159 1620 3254 1664 eos
3279 1610 3430 1666 novit
3451 1590 3779 1673 ad'insidian-

2221 1676 2349 1776 dum
2373 1688 2698 1776 perscrutari
2733 1690 2873 1746 velle
2901 1695 3044 1763 quod
3069 1696 3307 1768 scripsit,
3336 1711 3395 1757 et
3424 1704 3496 1758 ad
3533 1708 3780 1776 paciﬁcan-

524 1760 636 1864 Risi
667 1760 1091 1831 corrigerentur,
1124 1762 1307 1817 divino
1333 1762 1540 1832 judicio
1581 1763 1862 1832 puniendi.
1890 1763 2044 1864 l‘lam‘
2067 1772 2122 1818 et
2150 1775 2199 1838 Β
2226 1769 2351 1826 dum
2370 1773 2567 1832 imitari
2594 1780 2736 1836 nolle
2757 1785 2897 1853 quod
2918 1760 3066 1841 fecit.
3093 1760 3244 1845 Sicut
3266 1760 3342 1847 illi
3359 1795 3453 1864 qui
3479 1760 3556 1852 se‘

525 1847 727 1906 Paulus
773 1853 1075 1922 apostolus,
1127 1853 1269 1923 apud
1317 1853 1680 1911 Athenienses
1731 1870 1850 1910 cum
1897 1855 1965 1911 de
2010 1856 2120 1912 Deo

523 1947 775 2016 qumdam
799 1948 1028 2016 diceret,
1053 1948 1325 2019 perhibuit
1346 1951 1714 2006 testimonium
1733 1951 1876 2020 quod
1903 1951 2117 2020 quidam

524 2054 715 2095 eorum
746 2041 853 2098 tale
874 2041 1076 2112 aliquid
1103 2043 1374 2098 dixerint:
1401 2044 1544 2115 quod
1576 2045 1780 2114 utique,
1806 2045 1849 2099 si
1880 2045 1945 2100 ad
1965 2044 2120 2100 Chri-

524 2141 672 2188 stum
699 2135 973 2199 venireut,
1003 2144 1390 2205 agnosceretur
1434 2137 1486 2190 in
1517 2136 1619 2201 eis,
1651 2150 1757 2191 non
1785 2136 2119 2206 improbare-

521 2234 630 2280 tur.
671 2225 740 2281 Et
779 2235 997 2282 sanctus
1025 2227 1327 2298 Cyprianus
1367 2227 1562 2284 talibus
1601 2229 1868 2285 adversus
1897 2230 2114 2285 eosdem

523 2317 771 2374 ethnicos
783 2320 950 2374 utitur
970 2320 1192 2376 testibus
1210 2337 1222 2373 :
1241 2336 1362 2375 nam
1374 2335 1496 2376 cum
1513 2321 1581 2377 de
1594 2323 1766 2392 magis
1781 2322 2112 2391 loqueretur,

521 2409 764 2476 Quorum
788 2420 988 2478 tamen,
1004 2411 1197 2481 inquit,
1218 2413 1519 2482 praecipuus
1545 2413 1837 2469 Sosthenes
1860 2411 1961 2466 Ed.
1982 2411 2108 2467 Ben.

519 2499 860 2574 [Hostanos],
895 2512 949 2557 et
982 2502 1209 2557 formam
1233 2503 1347 2558 veri
1373 2504 1469 2559 Dei
1491 2512 1650 2574 negat
1665 2504 1906 2573 conSpici
1933 2517 2110 2573 posse,

518 2602 579 2648 et
606 2595 825 2665 angelos
862 2610 1022 2651 veros
1049 2594 1182 2652 dicit
1227 2596 1344 2652 sedi
1389 2597 1509 2667 ejus
1537 2597 1790 2653 assistere
1813 2607 1872 2663 al;
1921 2597 1975 2652 in
2007 2613 2113 2668 quo

519 2694 578 2740 et
608 2687 764 2742 Plato
788 2687 907 2758 pari
933 2687 1144 2745 ratione
1173 2689 1464 2757 consentit,
1507 2699 1562 2746 et
1589 2706 1754 2745 unum
1784 2689 1954 2746 Deum
1997 2707 2112 2748 ser-

516 2789 680 2842 vans,
725 2785 954 2834 caeteros
1003 2780 1224 2850 angelos
1260 2779 1347 2834 vel
1376 2779 1653 2836 daemonas
1696 2781 1862 2836 dicit:
1889 2780 2112 2838 Hermes

517 2883 735 2940 quoque
765 2870 1153 2943 Trismegistus
1191 2887 1358 2928 unum
1391 2872 1563 2929 Deum
1592 2872 1848 2942 loquitur,
1891 2882 1947 2928 et
1987 2888 2109 2928 eum

512 2961 1129 3030 incomprehensibilem
1176 2973 1341 3034 atque
1401 2964 1834 3020 inaestimabilem
1883 2965 2110 3020 confite—

516 3063 628 3108 tur.
661 3054 717 3109 Si
749 3069 878 3125 ergo
904 3056 991 3109 isti
1019 3055 1299 3110 venissent
1325 3056 1390 3110 ad
1413 3056 1812 3125 percipiendam
1841 3055 2103 3110 Christia-

515 3158 644 3199 nam
683 3144 935 3212 salutem,
967 3159 1074 3200 non
1116 3145 1196 3200 eis
1225 3146 1413 3214 utique
1439 3146 1728 3212 diceretur,
1765 3145 1878 3199 Hoc
1908 3147 2108 3201 malum
2138 3146 2189 3214 α

517 3233 754 3302 habetis,
785 3236 890 3302 vel,
922 3235 1113 3290 falsum
1156 3235 1384 3302 habetis,
1423 3236 1519 3291 sed
1559 3236 1716 3306 plane
1743 3238 1938 3293 merito
1965 3237 2112 3294 dice-

513 3337 690 3393 retur,
723 3327 838 3384 Hoc
862 3328 1015 3384 vobis
1041 3330 1290 3398 quamvis
1340 3329 1609 3400 integrum
1649 3339 1706 3386 et
1737 3345 1946 3396 verum,
1973 3332 2109 3388 nihil

513 3431 696 3477 tamen
720 3422 1002 3492 prodesset
1025 3423 1128 3477 nisi
1155 3422 1221 3477 ad
1244 3421 1443 3478 Christi
1473 3423 1703 3493 gratiam
1732 3424 2016 3480 veniretis.
2048 3424 2106 3480 Si

511 3529 642 3585 ergo
670 3515 725 3568 in
755 3514 886 3584 ipsis
933 3513 1172 3569 ethnicis
1217 3523 1394 3584 potest
1441 3513 1647 3583 aliquid
1688 3514 1928 3570 divinum
1958 3515 2110 3570 inve-

510 3607 619 3661 niri
644 3613 899 3676 recteque
945 3605 1252 3676 approbari,
1285 3605 1529 3676 quamvis
1554 3605 1636 3661 eis
1684 3605 1831 3662 salus
1875 3605 2051 3660 adhuc
2077 3621 2108 3662 a

510 3695 729 3751 Christo
759 3698 1062 3766 praestanda
1094 3699 1185 3764 sit,
1235 3712 1343 3752 non
1375 3705 1592 3766 oportet
1620 3713 1721 3752 nos
1758 3698 1831 3752 ita
1873 3700 2104 3764 moveri,

510 3787 728 3840 etiamsi
757 3788 971 3856 pejores
994 3787 1104 3842 sint
1133 3787 1393 3854 haeretici,
1427 3797 1486 3842 ut
1525 3788 1671 3858 quod
1701 3789 1757 3843 in
1784 3787 1863 3844 eis
1904 3791 2105 3844 malum

510 3878 753 3947 ipsorum
786 3888 869 3936 est
915 3881 1142 3937 velimus
1189 3883 1499 3954 corrigere,
1531 3892 1586 3939 et
1625 3881 1768 3952 quod
1799 3883 1854 3937 in
1899 3883 1980 3939 eis
2012 3883 2113 3940 bo-

510 3985 638 4026 num
669 3980 751 4028 est
779 3972 982 4030 Christi
1010 3975 1242 4032 nolimus
1267 3990 1581 4047 agnoscere.

1030 4088 1257 4147 CAPUT
1297 4089 1584 4146 CCXXVI.

509 4180 664 4248 Quod
689 4183 939 4239 charitate
968 4182 1215 4255 Cypriani
1241 4184 1296 4237 Ιιί
1323 4185 1410 4251 qui
1440 4200 1530 4254 per
1557 4184 1698 4255 illius
1726 4184 2028 4239 sententiam
2054 4201 2109 4240 se

578 4257 753 4335 volunt
805 4254 1074 4321 excusare,
1121 4256 1468 4322 damnentur;
1515 4271 1583 4310 ea:
1626 4254 1755 4309 libro
1784 4269 1857 4308 vti
1900 4257 1963 4310 de
2003 4256 2109 4311 Ba-

580 4333 790 4393 pttsmo.

534 4462 541 4470 ε
583 4437 775 4492 Verius
800 4438 1140 4494 universitati
1164 4438 1423 4494 Ecclesiae
1451 4439 1736 4496 catholicae
1765 4442 2003 4511 placuit,
2045 4451 2107 4498 ut

2223 1878 2323 1919 nos
2343 1865 2649 1927 Nazarenos
2681 1884 2894 1944 vocant,
2920 1887 2974 1933 et
3005 1894 3156 1936 more
3180 1883 3405 1950 judaico
3425 1889 3651 1945 carnalia
3670 1907 3769 1963 pra:-

2221 1964 2370 2026 putia
2399 1965 2828 2036 circumcidunt;
2861 1971 2974 2025 nati
3007 1971 3274 2044 haeretici,
3304 1992 3375 2032 ex
3419 1980 3514 2036 illo
3548 1999 3710 2042 errore
3731 1986 3774 2042 in

2221 2071 2381 2127 quem
2409 2055 2603 2112 Petrus
2657 2059 2879 2117 devians
2915 2079 2946 2118 a
2979 2063 3143 2122 Paulo
3177 2080 3462 2128 revocatus
3491 2085 3586 2142 est,
3612 2077 3658 2132 in
3690 2078 3775 2134 hoc

2218 2145 2396 2202 adhuc
2424 2161 2596 2217 usque
2625 2155 2942 2218 persistunt.
2977 2155 3128 2212 Sicut
3151 2173 3283 2228 ergo
3305 2161 3400 2228 illi,
3425 2164 3577 2220 Petro
3602 2167 3652 2222 in
3675 2172 3774 2236 pri-

2218 2248 2365 2293 matu
2404 2241 2773 2309 apostolorum
2823 2248 3064 2317 martyrii
3107 2249 3274 2319 gloria
3300 2263 3555 2321 coronato,
3591 2257 3641 2310 in
3674 2235 3761 2314 sua

2218 2332 2571 2400 perversitate
2599 2334 2808 2402 przecisi
2835 2336 2901 2392 ab
2915 2336 3162 2394 Ecclesia
3184 2354 3551 2410 remanserunt,
3573 2347 3645 2402 sic
3661 2349 3764 2416 isti,

2216 2423 2290 2494 Cy
2299 2426 2603 2496 priano.per
2622 2428 3003 2487 abundantiam
3017 2433 3294 2489 charitatis
3309 2436 3358 2490 in
3377 2447 3568 2493 sortem
3581 2451 3769 2497 sancto-

2214 2529 2335 2570 rum
2387 2517 2653 2585 passionis
2702 2519 2946 2578 claritate
2995 2535 3278 2596 suscepto,
3325 2528 3531 2594 seipsos
3582 2532 3765 2588 exsules

2215 2608 2438 2663 unitatis
2478 2621 2796 2679 agnoscunt,
2844 2623 2899 2668 et
2945 2624 3134 2672 contra
3178 2619 3405 2674 unitatis
3448 2623 3650 2691 patriam
3682 2638 3758 2694 pro

2215 2701 2330 2757 suis
2359 2702 2643 2760 calumniis
2669 2705 2841 2762 civem
2869 2708 3090 2765 unitatis
3122 2723 3429 2782 opponunt.

2725 2840 2953 2899 CAPUT
2991 2843 3295 2902 CCXXVII.

2217 2950 2452 3034 Quodut
2483 2953 3110 3034 inpassimis‘cqlholicis
3133 2964 3380 3034 correctis
3413 2966 3646 3034 baptisma;
3665 2981 3740 3018 non

2287 3023 2672 3106 iqcipifadesse
2698 3029 2837 3106 quod
2867 3029 3062 3106 deerat,
3088 3033 3177 3106 sed
3187 3035 3454 3106 prodesse
3475 3023 3591 3106 quod
3610 3042 3749 3100 inerat,

2287 3095 2361 3148 sic
2388 3103 2437 3148 et
2465 3095 2519 3150 in
2550 3095 2835 3165 haereticis;
2865 3116 2929 3154 ex
2955 3102 3130 3155 eodem
3161 3095 3292 3158 libro
3319 3121 3400 3160 vit
3429 3095 3497 3162 de
3521 3095 3748 3176 Baptism.

2290 3229 2391 3286 Ubi
2424 3231 2580 3287 nobis
2595 3235 3109 3307 ostendit-Dominus
3133 3240 3274 3295 Deus
3293 3254 3486 3299 noster
3509 3261 3595 3314 per
3618 3244 3758 3314 pacili-

2216 3335 2339 3377 cum
2369 3323 2681 3394 episcopum
2713 3325 3036 3398 Cyprianum
3081 3338 3135 3386 et
3171 3331 3294 3387 illos
3326 3336 3419 3405 qui
3450 3337 3498 3390 ei
3525 3349 3758 3390 consense-

2215 3426 2365 3483 runt,
2394 3426 2648 3486 quantum
2681 3420 2751 3475 sit
2777 3422 3039 3479 catholica
3063 3426 3239 3480 unitas
3266 3427 3556 3498 diligenda,
3584 3431 3761 3484 utineo

2217 3509 2357 3579 quod
2388 3511 2543 3566 aliter
2569 3512 2870 3582 sapiebant,
2896 3516 3068 3574 donec
3092 3517 3235 3574 Deus
3274 3520 3327 3574 id
3352 3537 3558 3593 quoque
3587 3522 3762 3577 revela-

2215 3611 2319 3667 ret,
2358 3604 2650 3660 tolerarent
2677 3608 2854 3676 potius
2879 3607 3090 3664 diversa
3113 3612 3432 3680 sentientes,
3462 3630 3609 3685 quam
3634 3629 3687 3670 se
3711 3614 3764 3669 ab

2216 3696 2297 3751 eis
2338 3696 2544 3752 nefario
2573 3698 2868 3756 schismate
2895 3711 3212 3769 separarent
3243 3723 3256 3756 :
3286 3706 3374 3759 ubi
3404 3706 3761 3760 Donatistarum

2219 3801 2439 3856 prorsus
2469 3803 2562 3843 ora
2593 3790 2934 3859 clauduntur,
2980 3794 3141 3847 etiam
3188 3795 3234 3848 si
3283 3796 3346 3852 de
3387 3796 3755 3850 Maximianisris

2215 3879 2346 3934 nihil
2373 3879 2633 3937 dicamus.
2663 3882 2718 3937 Si
2757 3885 2898 3937 enim
2945 3884 3072 3938 mali
3100 3885 3272 3942 bonos
3301 3889 3346 3941 in
3373 3887 3560 3940 unitate
3581 3896 3753 3940 conta-

2214 3973 2443 4040 minant,
2471 3975 2670 4030 nullam
2689 3976 2799 4046 jam
2826 3977 3120 4034 Ecclesiam
3147 3982 3232 4034 cui
3259 3981 3538 4035 sociaretur
3559 3981 3643 4036 vel
3658 3980 3766 4051 ipse

2213 4063 2514 4135 Cyprianus
2546 4068 2788 4135 invenit;
2819 4069 2867 4125 si
2897 4080 3076 4126 autem
3123 4073 3248 4126 mali
3289 4074 3458 4128 bonos
3492 4075 3545 4128 in
3587 4074 3768 4128 unitate

2213 4175 2321 4215 non
2346 4162 2634 4228 maculant,
2666 4165 2870 4219 nullam
2890 4180 3108 4222 causam
3131 4169 3488 4238 separationis
3509 4168 3768 4239 sacrilegus

2211 4253 2488 4309 Donatista
2530 4257 2796 4326 proponit.
2857 4258 3186 4326 Baptismum
3216 4270 3399 4316 autem
3434 4263 3482 4316 si
3513 4262 3697 4317 habent
3729 4270 3769 4313 et

2212 4347 2429 4402 tradunt
2478 4348 2568 4401 alii
2609 4357 2717 4403 tam
2758 4349 2913 4404 multi
2941 4351 3030 4419 qui
3060 4362 3355 4422 operantur
3405 4369 3572 4425 opera
3602 4353 3766 4419 carnis,

2212 4441 2387 4506 qualia
2418 4442 2509 4512 qui
2540 4453 2734 4512 agunt,
2767 4459 2986 4514 regnum
3019 4445 3113 4500 Dei
3140 4461 3245 4501 non
3279 4448 3765 4516 possidebuntha-

505 4524 748 4584 heretici
781 4530 886 4597 vel,
919 4531 1254 4587 schismatici
1281 4532 1371 4603 qui
1401 4532 1512 4603 jam
1540 4532 1741 4587 Christi
1772 4533 2092 4602 baptismum
2123 4528 2178 4589 D
2206 4532 2332 4588 bent
2361 4547 2423 4587 ac
2449 4534 2662 4588 tradunt
2688 4535 2947 4603 haeretici,
2979 4538 3068 4604 qui
3101 4539 3240 4593 inter
3269 4539 3357 4593 illa
3383 4555 3565 4611 opera
3587 4554 3756 4598 enume—

506 4618 619 4675 illic
647 4618 790 4674 unde
812 4622 1034 4677 veniunt
1059 4633 1406 4692 acceperunt,
1436 4625 1488 4678 in
1510 4623 1830 4680 catholicam
1854 4640 2098 4682 commu-

504 4712 724 4766 nionem
747 4725 867 4766 cum
900 4713 991 4768 illo
1019 4715 1393 4783 admittantur,
1423 4717 1492 4771 ab
1511 4731 1698 4772 errore
1722 4731 1821 4772 suo
1845 4721 2095 4788 correcti,

506 4801 564 4859 in
591 4803 856 4857 charitate
885 4803 1112 4860 radicati
1135 4814 1296 4876 atque
1317 4806 1542 4874 fundati;
1566 4816 1628 4862 ut
1647 4808 1788 4877 quod
1814 4810 2003 4867 attinet
2030 4811 2097 4867 ad

501 4893 760 4965 baptismi
791 4905 1209 4961 sacramentum,
1263 4912 1369 4953 non
1411 4899 1552 4954 adsit
1589 4901 1731 4970 quod
1765 4902 1970 4969 deerat,
2001 4904 2098 4959 sed

505 4988 678 5056 prosit
699 4987 839 5057 quod
869 4985 1064 5042 inerat.
1100 4985 1167 5042 Et
1186 4987 1374 5044 beatus
1400 4992 1616 5059 quidem
1646 4992 1949 5064 Cyprianus
1973 4994 2048 5049 ait
2076 5011 2091 5049 :

502 5075 746 5147 Corpore
776 5077 918 5145 quod
941 5079 1311 5150 corrumpitur
1337 5096 1442 5136 non
1470 5095 1792 5153 aggravante
1823 5086 2054 5140 animam
2076 5130 2092 5152 ,

501 5177 562 5225 et
588 5170 922 5240 deprimente
970 5181 1183 5228 terrena
1234 5172 1620 5231 inhabitatione
1666 5192 1880 5232 sensum
1929 5179 2095 5235 multa

502 5262 851 5329 c0gitantem,
873 5280 1098 5321 serenus
1120 5267 1375 5338 perspicit
1403 5269 1706 5334 veritatem,
1721 5286 1878 5340 quam
1903 5273 2097 5328 meruit

501 5355 729 5424 adipisci
752 5373 848 5426 per
867 5358 1182 5418 charitatem
1209 5362 1299 5433 [Et
1321 5363 1509 5419 beatus
1520 5361 1821 5435 Cyprianus
1837 5366 2051 5435 quidem
2074 5382 2090 5420 :

503 5443 622 5500 Jam
646 5460 876 5517 corpore
902 5451 1043 5520 quod
1071 5453 1436 5522 corrumpitur
1473 5470 1578 5508 non
1623 5465 1946 5527 aggravante
1977 5458 2089 5512 ani-

502 5551 678 5608 mam,
712 5553 812 5595 nec
840 5541 1174 5612 deprimente
1211 5553 1426 5600 terrena
1456 5543 1844 5601 inhabitatione
1873 5561 2088 5602 sensum

503 5631 671 5686 multa
695 5633 1041 5702 cogitantem,
1058 5637 1300 5692 serenius
1321 5636 1582 5708 perspicit
1600 5635 1903 5703 veritatem,
1927 5652 2088 5708 quam

579 5753 619 5815 ι,
654 5744 783 5801 Vide
809 5747 1158 5823 Cyprianum,
1189 5751 1286 5810 lib.
1318 5753 1386 5814 de
1416 5751 1686 5813 [dolorum
1716 5752 1984 5813 Vanitate.

2202 4626 2304 4681 rati
2336 4635 2481 4690 sunt,
2525 4627 2665 4695 quod
2720 4628 2841 4697 quia
2889 4629 3194 4684 recedendo
3240 4646 3348 4686 non
3400 4636 3710 4700 amiserunt,
3729 4640 3768 4686 et

2201 4717 2415 4773 tradere
2446 4719 2712 4773 manendo
2743 4730 3058 4788 potuerunt;
3087 4723 3182 4778 sed
3215 4733 3321 4778 tam
3345 4725 3685 4783 infructuose
3709 4734 3770 4780 at-

2200 4826 2305 4882 que
2335 4810 2595 4865 inutiliter
2624 4814 2756 4867 tales
2786 4813 3002 4878 talibus,
3028 4828 3186 4882 quam
3215 4825 3266 4870 et
3292 4816 3371 4870 illi
3402 4823 3605 4874 caeleri
3632 4829 3777 4889 patres

2200 4922 2408 4974 eorum,
2439 4908 2492 4961 in
2520 4921 2585 4961 eo
2624 4907 2766 4976 quod
2790 4922 3011 4975 regnum
3049 4909 3140 4964 Dei
3170 4925 3275 4965 non
3315 4915 3680 4980 possidebunt
3701 4932 3716 4980 ;
3737 4921 3779 4968 et

2202 4997 2653 5067 quemadmodum
2686 4997 2790 5052 illis
2830 4999 3089 5053 correctis
3136 4999 3403 5069 baptisma
3457 5020 3574 5060 non
3627 5005 3781 5074 incipit

2199 5089 2388 5144 adesse
2417 5089 2557 5160 quod
2590 5089 2805 5158 deerat,
2836 5091 2929 5146 sed
2959 5092 3212 5161 prodesse
3238 5095 3380 5163 quod
3413 5096 3624 5167 inerat,
3650 5100 3721 5154 sic
3739 5108 3781 5154 et

2199 5180 2487 5237 haereticis.
2515 5181 2667 5237 Unde
2692 5181 3011 5255 Cyprianus,
3046 5194 3100 5240 et
3125 5186 3216 5256 qui
3245 5201 3365 5242 cum
3389 5203 3781 5253 eosenserunt.

2199 5276 2482 5330 catholica:
2524 5275 2779 5330 Ecclesia?
2808 5293 2967 5347 quam
3003 5279 3291 5335 noluerunt
3328 5286 3665 5353 pracidere,
3697 5301 3783 5341 non

2201 5376 2493 5436 potuerunt
2537 5367 2910 5437 praescribere.
2953 5372 3105 5439 Quod
3138 5389 3268 5428 vero
3308 5375 3480 5433 aliter
3510 5389 3788 5452 sapuerunt

2193 5471 2300 5511 non
2331 5460 2757 5526 etpavescimus,
2802 5460 2926 5530 quia
2965 5476 3086 5516 cum
3119 5464 3200 5520 eis
3241 5478 3593 5526 veneramur
3619 5482 3673 5526 et
3697 5471 3785 5526 Ρθ·

2194 5561 2368 5604 trum:
2403 5551 2542 5619 quod
2563 5559 2741 5607 autem
2768 5554 2835 5608 ab
2856 5554 3057 5610 unitate
3079 5571 3183 5611 non
3208 5572 3579 5621 recesserunt
3609 5564 3790 5638 gaude

2191 5653 2334 5707 mus,
2367 5640 2488 5710 quia
2518 5655 2640 5697 cum
2669 5641 2749 5698 eis
2780 5642 3108 5702 aedificamur
3135 5647 3188 5706 in
3219 5645 3400 5705 Petra.
