3986 6382
182 331 273 390 889

643 444 870 506 CAPUT
902 443 1229 503 CCXXVIII.

1285 331 1712 392 THESAURUS.
1755 329 1910 387 CAP.
1949 331 2277 394 CCXXVII].

1653 439 1660 445 “
1750 443 1980 513 Arant;
2039 447 2162 504 hinc
2208 448 2352 505 enim
2399 453 2456 505 et
2506 447 2853 520 Evangelium
2921 452 3088 510 dicit:
3147 456 3409 524 Quoniam

3314 349 3416 404 890

177 536 294 604 Qua
313 538 407 592 sint
442 537 659 612 tenable:
697 540 1109 612 exteriores;__ex
1139 537 1267 592 libro
1294 537 1357 593 de
1383 535 1562 591 Gratia
1589 533 1729 590 Novi
1830 534 2118 594 abundavit
2158 539 2430 610 iniquitas,
2471 540 2780 612 refrigescet
2822 544 3054 603 charitas
3097 549 3412 609 multorum.

562 607 866 664 Testamenti
895 611 963 662 ad
986 609 1333 664 Honoratum.

236 721 432 779 Timore
451 721 629 795 itaque
649 735 797 781 casto
821 727 1154 796 permanenti
1177 729 1231 782 in
1245 727 1499 783 saculum
1517 727 1722 792 sarculi,

170 813 335 870 timeat
357 814 522 872 Deum
552 831 712 874 omne
737 832 920 874 semen
949 819 1136 875 Israel.
1167 820 1420 876 Timeant
1457 833 1616 886 quem
1648 819 1726 875 di-

169 903 343 974 ligunt,
371 920 475 962 non
502 907 609 962 alta
639 909 916 978 sapiendo,
947 910 1043 966 sed
1075 909 1363 965 humilibus
1386 910 1728 966 consentien-

165 996 251 1062 do,
279 1012 388 1052 cum
417 999 610 1055 timore
655 1009 708 1055 et
754 1009 988 1056 tremore
1025 1017 1175 1056 suam
1218 1004 1454 1072 ipsorum
1497 1001 1722 1058 salutem

165 1099 435 1159 operentur
467 1089 814 1164 [operando]:
840 1093 980 1149 Deus
1002 1104 1086 1150 est
1112 1094 1253 1148 enim
1280 1095 1369 1164 qui
1397 1101 1648 1162 operatur
1669 1093 1722 1149 in

161 1179 239 1236 eis
265 1190 312 1238 et
338 1182 474 1239 velle
494 1192 548 1239 et
573 1186 783 1255 operari
830 1201 923 1255 per
967 1187 1160 1242 bonam
1205 1186 1552 1242 voluntatem.
1598 1185 1724 1242 Haec

157 1283 237 1330 est
259 1274 455 1343 justitia
482 1277 594 1342 Dei,
627 1276 730 1334 hoc
750 1286 832 1334 est
858 1278 1001 1346 quod
1025 1279 1164 1334 Deus
1184 1278 1348 1334 donat
1373 1277 1578 1334 homini
1604 1293 1723 1332 cum

152 1366 394 1435 justiticat
429 1368 684 1438 impium;
733 1370 873 1426 hanc
897 1370 991 1426 Dei
1013 1371 1272 1440 justitiam
1303 1371 1610 1440 ignorantes
1637 1385 1726 1426 su-

150 1459 297 1529 perbi
323 1459 509 1529 Judaai,
541 1471 595 1518 et
640 1477 790 1519 suam
843 1464 1084 1520 volentes
1125 1465 1473 1530 constituere,
1500 1464 1724 1534 iustitia:

149 1548 248 1603 Dci
277 1564 374 1604 non
417 1560 542 1607 sunt
581 1553 829 1622 subjecti.
881 1554 992 1609 Hac
1033 1555 1282 1624 superbia
1312 1555 1638 1623 dejiciuntur
1666 1565 1724 1612 ut

146 1637 357 1695 humilis
385 1641 652 1698 inseratur
679 1646 941 1711 oleaster,
975 1654 1029 1701 et
1062 1645 1141 1700 illi
1184 1646 1336 1701 ibunt
1377 1646 1434 1701 in
1476 1647 1722 1703 tenebras

148 1734 463 1805 exteriores,
511 1736 578 1793 de
603 1738 799 1809 quibus
833 1739 972 1795 inter
997 1740 1100 1794 alia
1131 1739 1425 1810 requisisti,
1456 1741 1720 1796 venienti-

1827 630 1900 685 At
1919 647 2046 687 vero
2073 635 2236 691 ﬂante
2256 645 2441 694 austro
2465 639 2666 708 glacies
2699 642 3004 712 resolvitur,
3045 655 3103 702 et
3142 656 3411 707 torrentes

1829 724 2027 800 ﬂuunt;
2059 729 2111 784 id
2136 739 2243 800 est,
2275 736 2508 802 peccatis
2535 737 2796 806 remissis,
2841 740 3021 810 populi
3043 741 3109 796 ad
3135 740 3408 798 Christum

1826 819 2090 877 eharitate
2138 836 2499 895 concurrunt;
2550 829 2675 885 hinc
2721 838 2775 885 et
2800 831 2927 886 alibi
2976 833 3232 903 scriptum
3283 843 3411 892 est:

1827 911 1976 967 Sicut
2005 913 2204 983 glacies
2236 917 2286 972 in
2317 933 2541 990 sereno,
2590 922 2662 977 ita
2711 923 2988 980 solventur
3035 935 3253 995 peccata
3294 937 3409 984 tua.

1827 1000 2058 1060 Proinde
2086 1006 2363 1064 rationalis
2393 1018 2638 1067 creatura
2678 1013 2791 1069 sive
2828 1014 2881 1070 in
2918 1015 3160 1087 angelico
3199 1019 3408 1087 spiritu,

1827 1096 1942 1152 sive
1965 1098 2016 1152 in
2054 1099 2231 1155 anima
2263 1100 2495 1158 humana
2525 1104 2597 1159 ita
2637 1105 2776 1161 facta
2803 1116 2918 1178 est,
2953 1117 3014 1163 ut
3041 1108 3144 1165 sibi
3167 1110 3279 1180 ipsa
3312 1109 3411 1164 bo-

1825 1205 1951 1245 num
1979 1207 2088 1262 quo
2124 1193 2279 1248 beata
2310 1195 2401 1251 fiat
2426 1212 2548 1255 esse
2578 1214 2685 1255 non
2717 1202 2927 1270 possit;
2960 1201 3055 1257 sed
3085 1203 3412 1259 mutabilitas

1826 1281 1944 1351 ejus
1968 1283 2013 1337 si
2055 1294 2397 1342 convertatur
2441 1288 2510 1342 ad
2560 1291 2995 1348 incommutabile
3042 1293 3265 1360 bonum,
3319 1295 3414 1348 ﬂat

1825 1372 1979 1428 beata
2006 1392 2018 1427 :
2043 1377 2184 1433 unde
2214 1378 2257 1431 si
2286 1389 2559 1436 avertatur
2584 1383 2778 1439 misera
2810 1392 2912 1440 est.
2936 1385 3165 1440 Aversio
3201 1385 3318 1454 ejus
3339 1387 3414 1441 vis

1825 1464 1958 1520 tium
1974 1467 2111 1537 ejus,
2130 1478 2184 1524 et
2202 1471 2484 1527 conversio
2495 1472 2612 1543 ejus
2624 1474 2797 1530 virtus
2813 1478 2928 1545 ejus
2945 1485 3045 1532 εει.
3061 1477 3264 1533 Natura
3284 1491 3415 1548 ergo

1825 1572 1933 1613 non
1962 1568 2043 1614 est
2069 1561 2230 1630 mala,
2263 1563 2387 1632 quia
2416 1575 2660 1622 creatura
2688 1568 2909 1637 spiritus
2945 1566 3072 1640 [est]
3097 1570 3221 1624 vita:
3250 1571 3415 1624 ratio-

1824 1649 1986 1717 nalis,
2009 1652 2172 1708 etiam
2193 1655 2396 1724 privata
2427 1656 2588 1723 bono,
2615 1657 2769 1728 cujus
2806 1660 3214 1730 participatione
3241 1661 3414 1717 beati-

1826 1740 2034 1810 ﬁcatur,
2065 1743 2116 1798 id
2147 1753 2251 1814 est,
2281 1747 2442 1802 etiam
2472 1749 2658 1805 vitiosa
2688 1750 2882 1807 melior
2905 1760 2988 1807 est
3015 1767 3243 1823 corpore
3270 1753 3414 1824 quod

146 1823 245 1879 bus
274 1825 335 1880 ab
360 1826 566 1885 oriente
613 1839 668 1885 et
714 1831 993 1888 occidente
1030 1832 1235 1900 multis,
1277 1833 1370 1902 qui
1410 1835 1722 1892 recumbent
1753 1824 1804 1888 B
1830 1849 2097 1892 summum
2126 1847 2208 1894 est
2237 1841 2292 1894 in
2323 1842 2658 1912 corporibus,
2685 1843 2736 1898 id
2762 1851 2863 1907 est.
2887 1843 2991 1901 hac
3019 1845 3139 1901 luce
3159 1823 3414 1915 quassen-

143 1929 260 1969 cum
284 1916 582 1987 Abraham,
618 1921 765 1978 Isaac
807 1931 862 1977 et
906 1923 1074 1978 Jacob
1120 1923 1175 1978 in
1203 1937 1370 1993 regno
1413 1926 1713 1981 malorum:
1759 1929 1766 1934 ’

142 2018 263 2060 ευηι
290 2011 426 2064 enim
457 2011 617 2068 modo
646 2014 698 2067 in
728 2014 929 2070 exteris
967 2015 1227 2082 tenebris,
1281 2015 1424 2072 unde
1451 2019 1716 2074 correctio

141 2099 466 2168 desperanda
494 2119 600 2159 non
631 2112 734 2172 εει,
760 2121 919 2175 quam
947 2107 994 2161 si
1020 2109 1444 2178 contempserint
1475 2109 1627 2165 ibunt
1662 2111 1712 2166 in

139 2190 376 2245 tenebras
404 2194 727 2260 exteriores,
759 2197 848 2251 ubi
881 2199 1234 2260 correctionis
1257 2199 1405 2255 locus
1437 2216 1542 2256 non
1565 2203 1671 2257 erit
1697 2219 1711 2267 ;

137 2283 379 2350 quoniam
411 2285 552 2341 Deus
582 2287 674 2341 lux
714 2296 819 2354 est,
856 2299 909 2345 et
954 2292 1193 2346 tenebrae
1230 2292 1284 2346 in
1327 2307 1394 2348 eo
1437 2309 1542 2348 non
1593 2304 1717 2350 sunt

139 2375 282 2440 ullae,
306 2378 398 2432 sed
427 2379 514 2433 lux
546 2381 744 2447 cordis,
793 2399 897 2437 non
943 2385 1167 2440 istorum
1192 2386 1283 2456 qui
1313 2388 1368 2442 in
1401 2402 1562 2442 carne
1590 2397 1716 2442 sunt

141 2468 435 2536 oculorum,
471 2486 569 2526 nec
597 2475 816 2529 omnino
843 2476 964 2531 talis
991 2478 1165 2544 qualis
1196 2479 1354 2548 hujus
1384 2480 1610 2536 visibilis
1634 2481 1715 2535 lu-
1763 2491 1767 2495 '

129 2558 211 2612 cis
239 2558 516 2628 phantasia
545 2563 831 2632 cogitatur,
871 2581 1172 2637 quanquam
1204 2581 1258 2626 et
1287 2570 1361 2626 ibi
1392 2581 1474 2626 est
1504 2572 1708 2641 videre,

123 2650 224 2703 sed
251 2654 406 2721 longe
446 2653 634 2720 aliter,
666 2655 822 2725 longe
852 2657 1202 2715 dissimiliter.
1237 2661 1421 2730 Qualis
1448 2665 1592 2718 enim
1623 2665 1711 2721 lux

119 2749 211 2795 est
231 2741 341 2810 ipsa
363 2743 618 2810 charitas,
643 2746 764 2815 quis
783 2749 963 2804 verbis
983 2751 1251 2822 expliceth
1272 2754 1390 2822 quis
1413 2769 1599 2811 earum
1626 2772 1710 2813 re-

121 2846 242 2886 rum
266 2847 385 2902 qua:
405 2836 653 2892 sensibus
674 2841 917 2909 corporis
939 2842 1206 2912 adjacent,
1233 2846 1343 2902 ullo
1369 2848 1711 2906 demonstret

118 2927 410 2995 exemplo?
441 2929 521 2983 An
552 2929 689 2987 forte
718 2931 804 2986 lux
832 2933 1069 2992 charitas
1099 2954 1205 2994 non
1233 2943 1351 2996 est?
1392 2943 1529 2998 Audi
1572 2960 1705 3015 apo-

113 3017 314 3072 stolum
343 3018 630 3089 Joannem,
662 3023 779 3092 ipse
803 3027 1001 3097 quippe
1027 3028 1161 3084 dixit
1181 3033 1322 3101 quod
1367 3035 1528 3089 modo
1557 3051 1707 3091 com-

109 3111 430 3176 memoravi,
472 3114 724 3182 quoniam
763 3117 906 3173 Deus
951 3119 1041 3175 lux
1063 3130 1175 3189 est,
1207 3133 1260 3178 et
1291 3127 1527 3182 tenebrae
1558 3128 1611 3183 in
1640 3143 1707 3184 eo

1823 1926 1952 1980 titur
1979 1927 2151 1983 oculis
2179 1930 2380 1998 carnis,
2413 1931 2537 2001 quia
2564 1940 2618 1987 et
2647 1933 2760 2003 ipsa
2786 1948 2984 2004 corpus
3012 1943 3115 1991 est.
3142 1936 3298 1991 Omni
3322 1951 3413 1990 au-

1819 2023 1926 2070 tem
1957 2031 2182 2088 corpore
2208 2020 2462 2090 quaelibet
2490 2023 2808 2093 incorporea
2831 2033 3021 2081 natura
3049 2027 3408 2096 praestantior,

1819 2121 1925 2160 non
1959 2108 2100 2163 mole
2123 2110 2269 2180 (quia
2299 2127 2407 2166 non
2431 2113 2534 2169 nisi
2559 2129 2850 2184 corporum
2883 2127 2966 2173 est
2995 2117 3211 2188 moles),
3243 2117 3338 2174 sed
3359 2119 3412 2174 vi

1817 2199 2048 2268 quadam
2075 2216 2178 2272 qua
2206 2207 2612 2278 supergreditur
2641 2224 2857 2265 omnem
2890 2212 3222 2280 phantasiam
3253 2228 3411 2283 quam

1817 2290 2026 2345 volutat
2070 2293 2278 2348 animus
2310 2296 2556 2351 haustam
2605 2297 2675 2353 de
2724 2300 2970 2354 sensibus
2999 2301 3263 2370 corporis.
3307 2301 3412 2359 Sed

1816 2380 2270 2449 quemadmodum
2304 2384 2358 2440 in
2388 2386 2520 2456 ipsis
2549 2388 2887 2459 corporibus,
2925 2404 2988 2444 ea
3011 2405 3132 2458 qua:
3155 2389 3410 2444 inferiora

1816 2480 1962 2538 sunt,
2010 2473 2151 2528 sicut
2179 2483 2319 2530 terra
2363 2486 2418 2532 et
2457 2493 2617 2549 aqua,
2650 2490 2703 2536 et
2732 2482 2849 2551 ipse
2876 2496 2990 2548 aer,
3017 2482 3242 2536 meliora
3272 2481 3407 2537 fiunt

1815 2564 2225 2634 participatione
2256 2570 2515 2637 melioris,
2559 2572 2612 2626 id
2656 2579 2761 2639 est,
2794 2588 2915 2628 cum
2949 2573 3069 2630 luce
3101 2573 3408 2628 illuminan-

1814 2665 1903 2711 tur
1933 2667 1986 2711 et
2017 2657 2225 2714 fervore
2268 2670 2604 2732 vegetamur,
2656 2663 2733 2718 sic
2772 2664 3110 2734 incorporea:
3149 2673 3413 2720 creaturae

1814 2751 2106 2808 rationales
2151 2754 2322 2823 ipsius
2352 2754 2625 2811 Creatoris
2656 2756 2791 2811 ﬂunt
2833 2757 3244 2827 participatione
3293 2772 3412 2812 me-

1816 2844 2004 2914 liores,
2048 2860 2170 2900 cum
2213 2847 2263 2901 ei
2312 2848 2588 2904 cohaerent
2635 2851 2924 2921 purissima
2973 2861 3027 2906 et
3073 2849 3412 2906 sanctissima

1816 2935 2099 3002 eharitate,
2146 2955 2250 3010 qua
2281 2940 2592 2995 omnimodo
2620 2942 2665 2996 si
2694 2943 2988 3011 caruerint,
3034 2941 3412 2998 tenebrescent

1813 3037 1870 3083 et
1893 3029 2252 3085 obdurescent
2284 3032 2706 3100 quodammodo.
2754 3033 2988 3089 Proinde
3030 3033 3278 3091 inﬁdeles
3317 3034 3412 3088 ho~

1812 3117 1986 3172 mines
2017 3121 2253 3175 tenebrae
2281 3130 2425 3188 sunt,
2448 3122 2538 3191 qui
2562 3138 2656 3193 per
2678 3123 2837 3179 fidem
2861 3127 3106 3181 conversi
3131 3131 3196 3180 ad
3221 3126 3408 3193 Deum,

106 3217 224 3256 non
255 3213 380 3258 sunt
407 3203 560 3269 ullae;
592 3207 682 3277 qui
705 3224 892 3266 rursus
917 3211 1080 3282 dicit,
1131 3215 1274 3271 Deus
1318 3219 1552 3276 charitas
1599 3232 1702 3280 est.

1813 3208 2040 3278 quadam
2079 3210 2357 3280 praemissa
2402 3211 2795 3268 illuminatione
2845 3215 2939 3268 lux
2994 3215 3162 3269 fiunt:
3219 3215 3272 3269 in
3307 3231 3411 3286 qua

101 3292 193 3348 Ac
221 3308 315 3363 per
345 3296 447 3352 hoc
475 3298 519 3352 si
546 3298 688 3355 Deus
717 3301 806 3356 lux
832 3313 933 3371 est,
959 3313 1014 3360 et
1038 3305 1178 3362 Deus
1205 3310 1441 3368 charitas
1459 3323 1561 3381 est,
1585 3331 1707 3385 pro-

100 3385 254 3440 fecto
279 3386 514 3445 charitas
540 3391 632 3446 lux
661 3392 777 3461 ipsa
800 3403 912 3461 est,
949 3412 1069 3466 quae
1098 3398 1416 3458 diffunditur
1447 3406 1500 3459 in
1529 3409 1705 3463 cordi-

97 3474 210 3531 bus
241 3479 441 3534 nostris
483 3494 580 3548 per
612 3480 870 3550 Spiritum
921 3495 1165 3543 sanctum
1198 3492 1286 3560 qui
1307 3493 1464 3548 datus
1493 3506 1577 3550 est
1608 3513 1702 3552 no-

96 3566 212 3631 bis,
245 3567 377 3623 ltem
406 3569 572 3625 dicit:
606 3572 709 3640 Qui
753 3574 867 3629 odit
907 3575 1128 3633 fratrem
1172 3594 1327 3636 suum
1377 3585 1430 3639 in
1472 3588 1706 3646 tenebris

93 3669 190 3715 est
219 3676 392 3731 usque
422 3662 620 3719 adhuc.
646 3665 766 3720 Istae
795 3678 924 3722 sunt
953 3670 1188 3727 tenebrae
1219 3673 1270 3728 in
1299 3690 1432 3746 quas
1461 3678 1705 3736 diabolus

93 3758 161 3805 et
209 3751 390 3822 angeli
427 3753 546 3822 ejus
577 3755 804 3810 multum
836 3759 1201 3828 superbiendo
1241 3769 1514 3834 progressi
1542 3781 1701 3839 sunt;

92 3841 348 3896 charitas
369 3845 513 3898 enim
537 3860 642 3901 non
671 3848 974 3918 aemulatur,
1021 3867 1128 3908 non
1151 3854 1401 3925 inﬂatur;
1447 3860 1568 3917 ideo
1596 3879 1704 3919 non

91 3934 416 3998 aemulatur,
447 3938 571 4005 quia
602 3953 708 3992 non
737 3939 975 3995 inﬂatur.
1019 3943 1122 3999 Ubi
1151 3947 1296 4001 enim
1327 3953 1586 4018 praecedit
1616 3955 1702 4008 in-

98 4021 282 4087 ﬂatio,
318 4027 574 4080 continuo
598 4029 840 4094 sequitur
869 4033 1162 4102 aemulatio,
1208 4039 1314 4108 22
1336 4042 1586 4108 quoniam
1614 4060 1705 4100 su-

90 4110 299 4181 perbia
350 4122 522 4167 mater
562 4123 647 4170 est
674 4116 1002 4174 invidentia).
1039 4121 1296 4180 Diabolus
1322 4127 1483 4197 igitur
1526 4142 1580 4187 ει
1607 4149 1702 4190 an-

87 4201 210 4273 geli
255 4199 401 4270 ejus,
445 4217 474 4256 a
506 4204 626 4259 luce
670 4213 831 4275 atque
872 4208 1083 4266 fervore
1112 4214 1389 4272 charitatis
1418 4224 1616 4292 aversi,
1651 4234 1704 4280 et

81 4289 268 4345 nimis
291 4290 347 4344 in
375 4293 681 4362 superbiam
708 4295 1074 4368 invidiamque
1100 4307 1394 4373 progressi,
1425 4309 1570 4365 velut
1589 4289 1703 4384 gla-

78 4379 228 4436 ciali
258 4380 461 4437 duritia
490 4393 828 4455 torpuerunt,
848 4399 902 4444 et
923 4391 1044 4446 ideo
1071 4407 1168 4464 per
1190 4395 1415 4466 figuram
1449 4379 1700 4474 tanquam

75 4471 150 4526 in
181 4471 444 4540 aquilone
471 4486 764 4544 ponuntur.
797 4478 949 4536 Unde
978 4497 1100 4538 cum
1123 4489 1307 4556 generi
1332 4471 1572 4548 humano
1587 4496 1702 4552 dia-

1810 3299 2142 3366 proficiendo
2163 3302 2208 3355 si
2242 3316 2309 3356 ex
2339 3301 2448 3357 fide
2474 3305 2540 3358 ad
2570 3306 2806 3372 speciem
2840 3308 3215 3376 pervenerint,
3266 3317 3324 3361 ut
3355 3307 3406 3361 id

1807 3391 1949 3459 quod
1978 3391 2205 3446 credunt
2230 3395 2393 3448 etiam
2424 3397 2770 3466 prospicere,
2801 3397 2944 3453 sicut
2973 3408 3177 3454 tantum
3206 3399 3407 3454 bonum

1806 3489 1985 3550 potest
2011 3485 2272 3553 conSpici,
2304 3497 2637 3554 mereantur,
2662 3492 2954 3558 perfectam
2979 3492 3239 3559 recipient
3273 3490 3407 3544 ima-

1806 3574 1985 3642 ginem
2021 3574 2114 3629 Dei
2139 3592 2154 3640 ;
2187 3576 2381 3632 talibus
2405 3580 2552 3633 enim
2576 3579 3013 3649 dicitApostolus
3039 3597 3052 3633 :
3089 3581 3287 3636 Fuistis
3310 3582 3409 3636 ali-

1807 3665 2025 3732 quando
2055 3667 2321 3734 tenebrte,
2359 3685 2505 3725 nunc
2534 3679 2710 3726 autem
2750 3671 2839 3726 lux
2880 3672 2933 3727 in
2963 3672 3212 3727 Domino.
3238 3671 3408 3728 Porro

1809 3755 2058 3812 diabolus
2087 3768 2142 3813 et
2172 3761 2347 3831 angeli
2385 3762 2504 3833 ejus
2534 3763 2773 3820 tenebrat
2804 3774 2929 3820 sunt
2958 3765 3266 3821 infidelibus
3308 3765 3407 3821 ho-

1808 3849 2040 3906 minibus
2057 3854 2384 3922 exteriores;
2407 3856 2524 3925 plus
2547 3856 2689 3914 enim
2713 3857 2783 3913 ab
2813 3858 2901 3914 illa
2923 3859 3185 3915 eharitate
3207 3859 3405 3926 aversi,

1803 3953 1859 3998 et
1894 3944 1948 3997 in
1980 3960 2135 4000 suum
2170 3946 2368 4003 factum
2399 3949 2926 4022 obstinationemque
2958 3953 3229 4023 progressi
3253 3964 3402 4019 sunt;

1805 4041 1861 4088 et
1882 4037 2132 4104 quoniam
2159 4048 2401 4094 extremo
2425 4041 2629 4109 judicio
2655 4043 2896 4098 dicturus
2924 4052 3009 4098 est
3037 4043 3284 4098 Christus
3313 4043 3393 4097 eis

1804 4137 1943 4191 quos
1973 4125 2040 4179 ad
2069 4127 2340 4183 sinistram
2382 4129 2676 4197 discernet,
2715 4133 2790 4186 lte
2817 4133 2869 4186 in
2909 4132 3086 4202 ignem
3120 4142 3402 4199 mternum,

1805 4215 1896 4283 qui
1926 4225 2142 4283 paratus
2173 4227 2258 4272 est
2281 4219 2495 4276 diabolo
2521 4231 2576 4277 et
2603 4223 2811 4293 angelis
2839 4223 2958 4294 ejus
2985 4239 2999 4289 ;
3043 4222 3127 4277 his
3155 4223 3403 4292 malignis

1806 4304 2086 4373 spiritibus
2127 4308 2534 4381 conjungendos
2581 4311 2847 4382 simulque
2897 4312 3231 4368 damnandos
3273 4312 3404 4367 dicit

1806 4398 1978 4453 ituros
2017 4399 2072 4454 in
2118 4400 2368 4457 tenebras
2408 4403 2729 4470 exteriores,
2761 4404 2815 4460 id
2867 4413 2952 4461 est
2996 4405 3051 4459 in
3082 4403 3398 4460 societatem

1806 4489 2074 4558 poenalem
2099 4490 2302 4547 diaboli
2323 4500 2379 4548 et
2402 4495 2714 4565 angelorum
2739 4497 2890 4566 ejus;
2924 4496 3052 4552 huic
3075 4511 3249 4565 poenae
3269 4511 3370 4552 con
3387 4527 3401 4538 -

74 4564 257 4621 holus
288 4565 592 4637 incubaret,
624 4580 852 4627 ventura
893 4578 1066 4644 gratia
1098 4578 1392 4640 Salvatoris
1422 4586 1618 4644 dicitur
1645 4591 1697 4648 in

1813 4583 2029 4638 trarium
2059 4594 2142 4641 est
2169 4587 2314 4656 quod
2343 4564 2494 4644 bono,
2514 4603 2674 4646 servo
2703 4564 2901 4645 dicitur
2930 4607 2946 4646 :
2995 4590 3137 4645 lntra
3177 4591 3232 4646 in
3271 4606 3403 4662 gau-

70 4655 330 4712 Cantico
350 4660 711 4716 canticorum:
737 4662 1005 4737 Exsurge,
1028 4669 1229 4739 aquilo,
1256 4676 1469 4742 etveni,
1491 4688 1698 4750 auster,

67 4747 268 4821 perﬂa
303 4749 520 4806 hortum
550 4767 750 4820 meum,
780 4763 835 4809 et
863 4755 1029 4813 ﬂuent
1056 4773 1332 4831 aromata;
1359 4781 1588 4840 exsurge
1609 4747 1702 4842 qui

1807 4674 1953 4730 dium
1977 4675 2191 4733 Domini
2222 4679 2327 4745 tui;
2366 4688 2424 4734 ut
2452 4690 2654 4750 quanto
2687 4691 2811 4737 sunt
2836 4681 2954 4738 ista:
2985 4683 3221 4738 tenebrae
3249 4692 3401 4737 exte-

1804 4766 2002 4833 riores,
2033 4775 2181 4824 tanto
2214 4768 2284 4824 sit
2313 4769 2496 4826 lumen
2543 4770 2675 4826 illud
2717 4770 2962 4827 interius.
3011 4771 3129 4828 Non
3159 4772 3274 4828 haec
3305 4787 3403 4842 per

63 4840 281 4909 ruisti,
316 4844 410 4914 qui
435 4844 664 4900 subditis
690 4847 976 4916 incumbis,
1010 4855 1099 4922 qui
1141 4870 1420 4925 possessas
1452 4840 1653 4932 premis
1681 4884 1697 4934 ;

58 4949 367 5006 exsurge,
387 4946 449 4993 ut
475 4953 503 4992 a
534 4948 625 4994 tuo
650 4941 888 5009 pondere
917 4945 1137 5001 relevati
1164 4951 1439 5020 erigantur
1467 4972 1698 5024 quorum

55 5028 314 5084 animas
348 5033 641 5100 premendo
665 5037 923 5091 curvasti.
957 5036 1025 5092 Et
1061 5040 1207 5106 veni,
1254 5053 1458 5113 auster,
1501 5047 1695 5121 inquit,

56 5120 359 5191 spiritum
388 5122 643 5181 invocans
663 5127 869 5197 gratiae,
902 5128 1119 5186 ﬂantem
1151 5133 1219 5188 de
1248 5136 1507 5204 meridie,
1551 5141 1699 5198 velut

52 5231 95 5270 a
140 5224 319 5284 parte
353 5214 560 5272 fervida
585 5229 640 5273 et
667 5218 955 5287 luminosa,
986 5231 1042 5278 et
1067 5226 1236 5280 ﬂuant
1261 5238 1522 5285 aromata.
1548 5231 1701 5290 Unde

51 5305 404 5375 Apostolus
431 5306 598 5364 dicit:
645 5307 848 5366 Christi
881 5313 1057 5370 bonus
1086 5315 1221 5372 odor
1243 5330 1429 5375 sumus
1461 5321 1512 5376 in
1551 5323 1700 5380 omni

48 5400 250 5466 loco;
290 5399 424 5454 hinc
464 5401 624 5456 etiam
670 5402 866 5460 dicitur
909 5407 962 5462 in
1011 5411 1243 5479 quodam
1289 5415 1522 5481 psalmo:
1557 5418 1697 5474 Con-

49 5498 274 5557 verte,
311 5490 560 5559 Domine,
599 5494 962 5563 captivitatem
1012 5512 1276 5570 nostram,
1322 5506 1461 5563 sicut
1484 5515 1699 5568 torrens

48 5585 131 5641 in
194 5590 435 5651 austro;
490 5583 850 5654 captivitatem
908 5589 1130 5660 scilicet,
1178 5610 1283 5666 qua
1330 5598 1432 5653 sub
1483 5601 1698 5661 diabolo

48 5686 367 5743 tanquam
419 5675 519 5731 sub
567 5678 817 5746 aquilone
873 5683 1212 5758 tenebantur,
1260 5690 1351 5746 ubi
1389 5692 1696 5755 abundante

48 5765 394 5836 iniquitate
445 5765 778 5838 friguerant,
830 5781 884 5829 et
928 5774 1326 5847 quodammodo
1375 5787 1694 5861 congelave.

1804 4857 2048 4914 locorum
2071 4860 2350 4916 intervalla
2369 4861 2516 4917 inani
2538 4862 2912 4932 phantasmate
2938 4865 3222 4936 cogitanda
3247 4873 3398 4929 sunt,

1803 4952 1991 5009 localia
2023 4955 2194 5024 spatia
2221 4971 2326 5011 non
2348 4966 2615 5027 occupant
2640 4959 2745 5014 nisi
2776 4974 3062 5031 corporum
3110 4958 3396 5032 [corporis]

1808 5046 2002 5101 moles.
2035 5045 2150 5101 Non
2180 5055 2265 5102 est
2296 5046 2401 5104 hoc
2429 5049 2650 5119 spiritus
2672 5051 2817 5120 vitae,
2839 5068 2944 5108 non
2973 5061 3056 5110 est
3083 5054 3187 5106 hoc
3215 5051 3398 5107 anima

1809 5138 2117 5206 rationalis,
2151 5139 2322 5195 multo
2349 5141 2529 5198 minus
2553 5143 2696 5200 Deus
2721 5146 2960 5201 omnium
2983 5143 3398 5213 benignissimus

1807 5229 2054 5286 conditor
2092 5239 2150 5287 et
2185 5232 2514 5302 justissimus
2560 5237 2861 5294 ordinator.
2919 5235 3299 5291 Voluntatibus
3342 5245 3398 5291 et

1807 5319 2086 5378 aﬂ‘ectibus
2114 5323 2214 5380 ista
2243 5324 2330 5381 vel
2358 5328 2741 5397 propinquare,
2789 5328 2878 5383 vel
2920 5326 3079 5396 longe
3118 5326 3259 5394 ﬂeri,
3311 5327 3396 5382 vel

1810 5414 2032 5482 intrare,
2053 5417 2140 5474 vel
2170 5419 2322 5475 exire
2349 5419 2622 5475 dicuntur.
2653 5419 2759 5476 Sed
2792 5419 2916 5490 quia
2943 5418 3085 5475 malo
3117 5431 3304 5490 opere,
3343 5418 3396 5473 id

1801 5516 1887 5564 est
1931 5509 2247 5577 tenebroso,
2303 5511 2638 5569 delectantur
2684 5511 2976 5580 facientes,
3017 5519 3270 5569 secutura
3310 5518 3395 5567 est

1799 5610 1978 5659 autem
2007 5617 2165 5675 pmna
2195 5619 2315 5675 quae
2344 5614 2626 5676 torqueat;
2658 5605 2783 5661 ideo
2810 5605 3072 5662 Dominus
3096 5603 3191 5660 ubi
3219 5603 3388 5660 dicit:

1799 5693 2421 5767 Tenebrasexteriores,
2462 5696 2612 5752 addit
2660 5697 2856 5763 etiam.
2908 5697 2985 5754 lbi
3017 5695 3120 5752 erit
3145 5694 3387 5766 ploratus

1797 5787 2000 5865 [ῧθιυι]
2027 5798 2083 5850 ει
2116 5789 2315 5871 stridor
2349 5788 2632 5862 dentium;
2678 5805 2747 5850 ne
2785 5789 2984 5849 talibus
3013 5785 3384 5846 oblectationi-
