  <div class='ocr_page' id='page_1' title='image "/cluster/home/n/w/nwhite01/storage/ocr_20150623/62/hvd.32044015706393/451.png"; bbox 0 0 3986 6382; ppageno 0'>
   <div class='ocr_carea' id='block_1_1' title="bbox 616 318 718 376">
    <p class='ocr_par' dir='ltr' id='par_1_1' title="bbox 616 318 718 376">
     <span class='ocr_line' id='line_1_1' title="bbox 616 318 718 376; baseline 0 0"><span class='ocrx_word' id='word_1_1' title='bbox 616 318 718 376; x_wconf 79' lang='grc'><strong>891</strong></span> 
     </span>
    </p>
   </div>
   <div class='ocr_carea' id='block_1_2' title="bbox 1705 315 3826 395">
    <p class='ocr_par' dir='ltr' id='par_1_2' title="bbox 1705 315 3826 395">
     <span class='ocr_line' id='line_1_2' title="bbox 1705 315 3826 395; baseline 0.003 -17"><span class='ocrx_word' id='word_1_2' title='bbox 1705 323 1772 383; x_wconf 88' lang='lat' dir='ltr'><strong>D.</strong></span> <span class='ocrx_word' id='word_1_3' title='bbox 1813 316 2132 379; x_wconf 72' lang='lat' dir='ltr'><strong>EUGYPPII</strong></span> <span class='ocrx_word' id='word_1_4' title='bbox 2169 315 2462 378; x_wconf 76' lang='lat' dir='ltr'><strong>ABBA&#39;I&#39;IS</strong></span> <span class='ocrx_word' id='word_1_5' title='bbox 2497 318 2822 381; x_wconf 74' lang='lat' dir='ltr'><strong>AFRICANI</strong></span> <span class='ocrx_word' id='word_1_6' title='bbox 3747 334 3826 395; x_wconf 67' lang='grc' dir='ltr'><strong>Μ</strong></span> 
     </span>
    </p>
   </div>
   <div class='ocr_carea' id='block_1_3' title="bbox 612 417 2187 507">
    <p class='ocr_par' dir='ltr' id='par_1_3' title="bbox 612 417 2187 507">
     <span class='ocr_line' id='line_1_3' title="bbox 612 417 2187 507; baseline -0.002 -16"><span class='ocrx_word' id='word_1_7' title='bbox 612 417 737 502; x_wconf 79' lang='lat' dir='ltr'><strong>bus,</strong></span> <span class='ocrx_word' id='word_1_8' title='bbox 764 434 1014 507; x_wconf 82' lang='lat' dir='ltr'><strong>qualibus</strong></span> <span class='ocrx_word' id='word_1_9' title='bbox 1036 432 1123 491; x_wconf 83' lang='lat' dir='ltr'><strong>hic</strong></span> <span class='ocrx_word' id='word_1_10' title='bbox 1153 432 1315 506; x_wconf 87' lang='lat' dir='ltr'><strong>iniqui</strong></span> <span class='ocrx_word' id='word_1_11' title='bbox 1346 430 1715 505; x_wconf 88' lang='lat' dir='ltr'><strong>perfruuntur,</strong></span> <span class='ocrx_word' id='word_1_12' title='bbox 1754 434 1971 505; x_wconf 84' lang='lat' dir='ltr'><strong>quando</strong></span> <span class='ocrx_word' id='word_1_13' title='bbox 2004 431 2187 489; x_wconf 83' lang='lat' dir='ltr'><strong>inﬁde-</strong></span> 
     </span>
    </p>
   </div>
   <div class='ocr_carea' id='block_1_4' title="bbox 2286 417 3820 507">
    <p class='ocr_par' dir='ltr' id='par_1_4' title="bbox 2305 431 3820 505">
     <span class='ocr_line' id='line_1_4' title="bbox 2305 431 3820 505; baseline 0.011 -18"><span class='ocrx_word' id='word_1_14' title='bbox 2305 431 2603 505; x_wconf 88' lang='lat' dir='ltr'><strong>longitudo,</strong></span> <span class='ocrx_word' id='word_1_15' title='bbox 2634 444 2689 490; x_wconf 90' lang='lat' dir='ltr'><strong>et</strong></span> <span class='ocrx_word' id='word_1_16' title='bbox 2714 434 2959 503; x_wconf 72' lang='lat' dir='ltr'><strong>altitudo,</strong></span> <span class='ocrx_word' id='word_1_17' title='bbox 2990 440 3044 491; x_wconf 87' lang='lat' dir='ltr'><strong>et</strong></span> <span class='ocrx_word' id='word_1_18' title='bbox 3072 432 3420 505; x_wconf 82' lang='lat' dir='ltr'><strong>profundum,</strong></span> <span class='ocrx_word' id='word_1_19' title='bbox 3452 439 3588 497; x_wconf 88' lang='lat' dir='ltr'><strong>scire</strong></span> <span class='ocrx_word' id='word_1_20' title='bbox 3604 442 3740 501; x_wconf 87' lang='lat' dir='ltr'><strong>etiam</strong></span> <span class='ocrx_word' id='word_1_21' title='bbox 3756 464 3820 505; x_wconf 88' lang='lat' dir='ltr'><strong>su-</strong></span> 
     </span>
    </p>
   </div>
   <div class='ocr_carea' id='block_1_5' title="bbox 612 524 2200 599">
    <p class='ocr_par' dir='ltr' id='par_1_5' title="bbox 612 524 2200 599">
     <span class='ocr_line' id='line_1_5' title="bbox 612 524 2200 599; baseline -0.001 -16"><span class='ocrx_word' id='word_1_22' title='bbox 612 527 766 585; x_wconf 86' lang='lat' dir='ltr'><strong>litate</strong></span> <span class='ocrx_word' id='word_1_23' title='bbox 792 537 953 599; x_wconf 85' lang='lat' dir='ltr'><strong>atque</strong></span> <span class='ocrx_word' id='word_1_24' title='bbox 978 528 1235 599; x_wconf 72' lang='lat' dir='ltr'><strong>iniustitia</strong></span> <span class='ocrx_word' id='word_1_25' title='bbox 1266 524 1669 597; x_wconf 88' lang='lat' dir='ltr'><strong>tenehrescont,</strong></span> <span class='ocrx_word' id='word_1_26' title='bbox 1692 528 1851 584; x_wconf 90' lang='lat' dir='ltr'><strong>etiam</strong></span> <span class='ocrx_word' id='word_1_27' title='bbox 1880 530 1932 584; x_wconf 94' lang='lat' dir='ltr'><strong>in</strong></span> <span class='ocrx_word' id='word_1_28' title='bbox 1962 527 2052 583; x_wconf 92' lang='lat' dir='ltr'><strong>illo</strong></span> <span class='ocrx_word' id='word_1_29' title='bbox 2073 539 2200 597; x_wconf 79' lang='lat' dir='ltr'><strong>sup-</strong></span> 
     </span>
    </p>
   </div>
   <div class='ocr_carea' id='block_1_6' title="bbox 615 622 2201 696">
    <p class='ocr_par' dir='ltr' id='par_1_6' title="bbox 615 622 2201 696">
     <span class='ocr_line' id='line_1_6' title="bbox 615 622 2201 696; baseline -0.002 -15"><span class='ocrx_word' id='word_1_30' title='bbox 615 626 776 696; x_wconf 90' lang='lat' dir='ltr'><strong>plicio</strong></span> <span class='ocrx_word' id='word_1_31' title='bbox 806 639 865 682; x_wconf 91' lang='lat' dir='ltr'><strong>se</strong></span> <span class='ocrx_word' id='word_1_32' title='bbox 894 636 1089 681; x_wconf 88' lang='lat' dir='ltr'><strong>usuros</strong></span> <span class='ocrx_word' id='word_1_33' title='bbox 1117 622 1398 681; x_wconf 87' lang='lat' dir='ltr'><strong>dementer</strong></span> <span class='ocrx_word' id='word_1_34' title='bbox 1426 624 1754 680; x_wconf 76' lang='lat' dir='ltr'><strong>existiment.</strong></span> <span class='ocrx_word' id='word_1_35' title='bbox 1782 622 1918 693; x_wconf 86' lang='lat' dir='ltr'><strong>Quia</strong></span> <span class='ocrx_word' id='word_1_36' title='bbox 1944 622 2088 679; x_wconf 92' lang='lat' dir='ltr'><strong>enim</strong></span> <span class='ocrx_word' id='word_1_37' title='bbox 2112 632 2201 678; x_wconf 89' lang='lat' dir='ltr'><strong>vo-</strong></span> 
     </span>
    </p>
   </div>
   <div class='ocr_carea' id='block_1_7' title="bbox 616 712 2199 786">
    <p class='ocr_par' dir='ltr' id='par_1_7' title="bbox 616 712 2199 786">
     <span class='ocr_line' id='line_1_7' title="bbox 616 712 2199 786; baseline 0 -16"><span class='ocrx_word' id='word_1_38' title='bbox 616 712 788 773; x_wconf 89' lang='lat' dir='ltr'><strong>lentes</strong></span> <span class='ocrx_word' id='word_1_39' title='bbox 820 715 1017 786; x_wconf 84' lang='lat' dir='ltr'><strong>injuste</strong></span> <span class='ocrx_word' id='word_1_40' title='bbox 1054 722 1279 771; x_wconf 87' lang='lat' dir='ltr'><strong>utuntur</strong></span> <span class='ocrx_word' id='word_1_41' title='bbox 1318 714 1496 783; x_wconf 88' lang='lat' dir='ltr'><strong>bonis,</strong></span> <span class='ocrx_word' id='word_1_42' title='bbox 1538 713 1683 786; x_wconf 83' lang='lat' dir='ltr'><strong>juste</strong></span> <span class='ocrx_word' id='word_1_43' title='bbox 1716 716 1963 772; x_wconf 90' lang='lat' dir='ltr'><strong>nolentes</strong></span> <span class='ocrx_word' id='word_1_44' title='bbox 1988 715 2199 771; x_wconf 66' lang='lat' dir='ltr'><strong>cruciav</strong></span> 
     </span>
    </p>
   </div>
   <div class='ocr_carea' id='block_1_8' title="bbox 613 806 2199 879">
    <p class='ocr_par' dir='ltr' id='par_1_8' title="bbox 613 806 2199 879">
     <span class='ocr_line' id='line_1_8' title="bbox 613 806 2199 879; baseline 0.001 -14"><span class='ocrx_word' id='word_1_45' title='bbox 613 810 812 865; x_wconf 86' lang='lat' dir='ltr'><strong>buntur</strong></span> <span class='ocrx_word' id='word_1_46' title='bbox 830 806 982 864; x_wconf 92' lang='lat' dir='ltr'><strong>malis</strong></span> <span class='ocrx_word' id='word_1_47' title='bbox 999 827 1015 874; x_wconf 90' lang='lat'><strong>;</strong></span> <span class='ocrx_word' id='word_1_48' title='bbox 1035 807 1179 865; x_wconf 91' lang='lat' dir='ltr'><strong>unde</strong></span> <span class='ocrx_word' id='word_1_49' title='bbox 1201 818 1424 879; x_wconf 91' lang='lat' dir='ltr'><strong>possunt</strong></span> <span class='ocrx_word' id='word_1_50' title='bbox 1448 810 1607 865; x_wconf 90' lang='lat' dir='ltr'><strong>etiam</strong></span> <span class='ocrx_word' id='word_1_51' title='bbox 1634 807 1871 865; x_wconf 81' lang='lat' dir='ltr'><strong>tenebrae</strong></span> <span class='ocrx_word' id='word_1_52' title='bbox 1893 808 2199 866; x_wconf 79' lang='lat' dir='ltr'><strong>exteriores</strong></span> 
     </span>
    </p>
   </div>
   <div class='ocr_carea' id='block_1_9' title="bbox 613 898 2197 973">
    <p class='ocr_par' dir='ltr' id='par_1_9' title="bbox 613 898 2197 973">
     <span class='ocr_line' id='line_1_9' title="bbox 613 898 2197 973; baseline 0 -16"><span class='ocrx_word' id='word_1_53' title='bbox 613 898 837 971; x_wconf 79' lang='lat' dir='ltr'><strong>intelligi</strong></span> <span class='ocrx_word' id='word_1_54' title='bbox 864 914 1039 971; x_wconf 78' lang='lat' dir='ltr'><strong>preme</strong></span> <span class='ocrx_word' id='word_1_55' title='bbox 1068 901 1401 971; x_wconf 83' lang='lat' dir='ltr'><strong>corporales.</strong></span> <span class='ocrx_word' id='word_1_56' title='bbox 1432 901 1640 973; x_wconf 91' lang='lat' dir='ltr'><strong>Corpus</strong></span> <span class='ocrx_word' id='word_1_57' title='bbox 1671 900 1868 973; x_wconf 82' lang='lat' dir='ltr'><strong>quippe</strong></span> <span class='ocrx_word' id='word_1_58' title='bbox 1895 908 1978 958; x_wconf 89' lang='lat' dir='ltr'><strong>est</strong></span> <span class='ocrx_word' id='word_1_59' title='bbox 2001 900 2197 957; x_wconf 70' lang='lat' dir='ltr'><strong>animae</strong></span> 
     </span>
    </p>
   </div>
   <div class='ocr_carea' id='block_1_10' title="bbox 612 992 2197 1065">
    <p class='ocr_par' dir='ltr' id='par_1_10' title="bbox 612 992 2197 1065">
     <span class='ocr_line' id='line_1_10' title="bbox 612 992 2197 1065; baseline 0.001 -18"><span class='ocrx_word' id='word_1_60' title='bbox 612 992 873 1059; x_wconf 74' lang='lat' dir='ltr'><strong>ettterius,</strong></span> <span class='ocrx_word' id='word_1_61' title='bbox 905 1003 963 1048; x_wconf 89' lang='lat' dir='ltr'><strong>ut</strong></span> <span class='ocrx_word' id='word_1_62' title='bbox 990 994 1098 1049; x_wconf 89' lang='lat' dir='ltr'><strong>sint</strong></span> <span class='ocrx_word' id='word_1_63' title='bbox 1127 994 1319 1049; x_wconf 79' lang='lat' dir='ltr'><strong>animae</strong></span> <span class='ocrx_word' id='word_1_64' title='bbox 1342 994 1505 1063; x_wconf 87' lang='lat' dir='ltr'><strong>mala,</strong></span> <span class='ocrx_word' id='word_1_65' title='bbox 1530 994 1725 1065; x_wconf 88' lang='lat' dir='ltr'><strong>quibus</strong></span> <span class='ocrx_word' id='word_1_66' title='bbox 1758 1009 1789 1049; x_wconf 89' lang='lat' dir='ltr'><strong>a</strong></span> <span class='ocrx_word' id='word_1_67' title='bbox 1816 993 2090 1049; x_wconf 90' lang='lat' dir='ltr'><strong>charitatis</strong></span> <span class='ocrx_word' id='word_1_68' title='bbox 2118 993 2197 1049; x_wconf 83' lang='lat' dir='ltr'><strong>lu-</strong></span> 
     </span>
    </p>
   </div>
   <div class='ocr_carea' id='block_1_11' title="bbox 609 1082 2197 1161">
    <p class='ocr_par' dir='ltr' id='par_1_11' title="bbox 609 1082 2197 1161">
     <span class='ocr_line' id='line_1_11' title="bbox 609 1082 2197 1161; baseline 0.003 -22"><span class='ocrx_word' id='word_1_69' title='bbox 609 1083 753 1140; x_wconf 88' lang='lat' dir='ltr'><strong>mine</strong></span> <span class='ocrx_word' id='word_1_70' title='bbox 775 1099 968 1141; x_wconf 89' lang='lat' dir='ltr'><strong>aversa</strong></span> <span class='ocrx_word' id='word_1_71' title='bbox 990 1082 1209 1161; x_wconf 87' lang='lat' dir='ltr'><strong>[mens],</strong></span> <span class='ocrx_word' id='word_1_72' title='bbox 1227 1088 1279 1142; x_wconf 94' lang='lat' dir='ltr'><strong>in</strong></span> <span class='ocrx_word' id='word_1_73' title='bbox 1304 1088 1537 1158; x_wconf 88' lang='lat' dir='ltr'><strong>peccatis</strong></span> <span class='ocrx_word' id='word_1_74' title='bbox 1562 1086 1881 1153; x_wconf 80' lang='lat' dir='ltr'><strong>oblectatur,</strong></span> <span class='ocrx_word' id='word_1_75' title='bbox 1901 1087 2197 1143; x_wconf 79' lang='lat' dir='ltr'><strong>exteriores</strong></span> 
     </span>
    </p>
   </div>
   <div class='ocr_carea' id='block_1_12' title="bbox 606 1171 2196 1251">
    <p class='ocr_par' dir='ltr' id='par_1_12' title="bbox 606 1171 2196 1251">
     <span class='ocr_line' id='line_1_12' title="bbox 606 1171 2196 1251; baseline 0.001 -20"><span class='ocrx_word' id='word_1_76' title='bbox 606 1171 873 1245; x_wconf 80' lang='lat' dir='ltr'><strong>tenebrae;</strong></span> <span class='ocrx_word' id='word_1_77' title='bbox 894 1179 1140 1249; x_wconf 87' lang='lat' dir='ltr'><strong>corporis</strong></span> <span class='ocrx_word' id='word_1_78' title='bbox 1155 1188 1331 1235; x_wconf 90' lang='lat' dir='ltr'><strong>autem</strong></span> <span class='ocrx_word' id='word_1_79' title='bbox 1348 1180 1508 1246; x_wconf 90' lang='lat' dir='ltr'><strong>maia,</strong></span> <span class='ocrx_word' id='word_1_80' title='bbox 1526 1178 1719 1251; x_wconf 88' lang='lat' dir='ltr'><strong>quibus</strong></span> <span class='ocrx_word' id='word_1_81' title='bbox 1736 1180 1948 1236; x_wconf 60' lang='lat' dir='ltr'><strong>aeternis</strong></span> <span class='ocrx_word' id='word_1_82' title='bbox 1968 1178 2018 1235; x_wconf 89' lang='lat' dir='ltr'><strong>in</strong></span> <span class='ocrx_word' id='word_1_83' title='bbox 2034 1179 2196 1233; x_wconf 86' lang='lat' dir='ltr'><strong>linem</strong></span> 
     </span>
    </p>
   </div>
   <div class='ocr_carea' id='block_1_13' title="bbox 608 1269 2197 1342">
    <p class='ocr_par' dir='ltr' id='par_1_13' title="bbox 608 1269 2197 1342">
     <span class='ocr_line' id='line_1_13' title="bbox 608 1269 2197 1342; baseline 0 -18"><span class='ocrx_word' id='word_1_84' title='bbox 608 1269 967 1341; x_wconf 70' lang='lat' dir='ltr'><strong>torquebitur,</strong></span> <span class='ocrx_word' id='word_1_85' title='bbox 1012 1270 1307 1327; x_wconf 86' lang='lat' dir='ltr'><strong>exteriores</strong></span> <span class='ocrx_word' id='word_1_86' title='bbox 1350 1273 1611 1339; x_wconf 64' lang='lat' dir='ltr'><strong>tenebrae,</strong></span> <span class='ocrx_word' id='word_1_87' title='bbox 1651 1284 1782 1342; x_wconf 87' lang='lat' dir='ltr'><strong>quas</strong></span> <span class='ocrx_word' id='word_1_88' title='bbox 1820 1270 1963 1326; x_wconf 88' lang='lat' dir='ltr'><strong>solas</strong></span> <span class='ocrx_word' id='word_1_89' title='bbox 2008 1269 2197 1325; x_wconf 85' lang='lat' dir='ltr'><strong>timent</strong></span> 
     </span>
    </p>
   </div>
   <div class='ocr_carea' id='block_1_14' title="bbox 605 1359 2195 1433">
    <p class='ocr_par' dir='ltr' id='par_1_14' title="bbox 605 1359 2195 1433">
     <span class='ocr_line' id='line_1_14' title="bbox 605 1359 2195 1433; baseline 0.002 -18"><span class='ocrx_word' id='word_1_90' title='bbox 605 1361 697 1433; x_wconf 84' lang='lat' dir='ltr'><strong>qui</strong></span> <span class='ocrx_word' id='word_1_91' title='bbox 722 1362 906 1418; x_wconf 87' lang='lat' dir='ltr'><strong>servili</strong></span> <span class='ocrx_word' id='word_1_92' title='bbox 933 1361 1110 1418; x_wconf 87' lang='lat' dir='ltr'><strong>adhuc</strong></span> <span class='ocrx_word' id='word_1_93' title='bbox 1139 1363 1333 1421; x_wconf 89' lang='lat' dir='ltr'><strong>timore</strong></span> <span class='ocrx_word' id='word_1_94' title='bbox 1361 1361 1691 1419; x_wconf 87' lang='lat' dir='ltr'><strong>detinentur.</strong></span> <span class='ocrx_word' id='word_1_95' title='bbox 1729 1361 1861 1418; x_wconf 85' lang='lat' dir='ltr'><strong>Nam</strong></span> <span class='ocrx_word' id='word_1_96' title='bbox 1885 1359 1933 1417; x_wconf 90' lang='lat' dir='ltr'><strong>si</strong></span> <span class='ocrx_word' id='word_1_97' title='bbox 1958 1363 2037 1417; x_wconf 88' lang='lat' dir='ltr'><strong>eis</strong></span> <span class='ocrx_word' id='word_1_98' title='bbox 2067 1360 2195 1418; x_wconf 89' lang='lat' dir='ltr'><strong>lice-</strong></span> 
     </span>
    </p>
   </div>
   <div class='ocr_carea' id='block_1_15' title="bbox 604 1452 2195 1527">
    <p class='ocr_par' dir='ltr' id='par_1_15' title="bbox 604 1452 2195 1527">
     <span class='ocr_line' id='line_1_15' title="bbox 604 1452 2195 1527; baseline 0 -19"><span class='ocrx_word' id='word_1_99' title='bbox 604 1462 687 1508; x_wconf 81' lang='lat' dir='ltr'><strong>ret</strong></span> <span class='ocrx_word' id='word_1_100' title='bbox 715 1452 766 1508; x_wconf 92' lang='lat' dir='ltr'><strong>in</strong></span> <span class='ocrx_word' id='word_1_101' title='bbox 794 1453 898 1509; x_wconf 87' lang='lat' dir='ltr'><strong>illis</strong></span> <span class='ocrx_word' id='word_1_102' title='bbox 928 1453 1128 1511; x_wconf 88' lang='lat' dir='ltr'><strong>exteris</strong></span> <span class='ocrx_word' id='word_1_103' title='bbox 1152 1468 1271 1525; x_wconf 84' lang='lat' dir='ltr'><strong>quae</strong></span> <span class='ocrx_word' id='word_1_104' title='bbox 1301 1465 1427 1511; x_wconf 88' lang='lat' dir='ltr'><strong>sunt</strong></span> <span class='ocrx_word' id='word_1_105' title='bbox 1456 1455 1509 1510; x_wconf 93' lang='lat' dir='ltr'><strong>in</strong></span> <span class='ocrx_word' id='word_1_106' title='bbox 1540 1453 1774 1527; x_wconf 88' lang='lat' dir='ltr'><strong>peccatis</strong></span> <span class='ocrx_word' id='word_1_107' title='bbox 1813 1456 2029 1524; x_wconf 87' lang='lat' dir='ltr'><strong>impune</strong></span> <span class='ocrx_word' id='word_1_108' title='bbox 2054 1466 2195 1508; x_wconf 82' lang='lat' dir='ltr'><strong>sem—</strong></span> 
     </span>
    </p>
   </div>
   <div class='ocr_carea' id='block_1_16' title="bbox 606 1544 2195 1618">
    <p class='ocr_par' dir='ltr' id='par_1_16' title="bbox 606 1544 2195 1618">
     <span class='ocr_line' id='line_1_16' title="bbox 606 1544 2195 1618; baseline 0.001 -19"><span class='ocrx_word' id='word_1_109' title='bbox 606 1557 701 1617; x_wconf 84' lang='lat' dir='ltr'><strong>per</strong></span> <span class='ocrx_word' id='word_1_110' title='bbox 731 1544 871 1602; x_wconf 83' lang='lat' dir='ltr'><strong>volvi</strong></span> <span class='ocrx_word' id='word_1_111' title='bbox 901 1552 956 1602; x_wconf 90' lang='lat' dir='ltr'><strong>et</strong></span> <span class='ocrx_word' id='word_1_112' title='bbox 992 1545 1220 1615; x_wconf 78' lang='lat' dir='ltr'><strong>involvi,</strong></span> <span class='ocrx_word' id='word_1_113' title='bbox 1256 1544 1496 1618; x_wconf 83' lang='lat' dir='ltr'><strong>proiecto</strong></span> <span class='ocrx_word' id='word_1_114' title='bbox 1521 1562 1793 1618; x_wconf 88' lang='lat' dir='ltr'><strong>nunquam</strong></span> <span class='ocrx_word' id='word_1_115' title='bbox 1817 1544 2017 1602; x_wconf 80' lang='lat' dir='ltr'><strong>vellent</strong></span> <span class='ocrx_word' id='word_1_116' title='bbox 2041 1557 2195 1600; x_wconf 90' lang='lat' dir='ltr'><strong>acce-</strong></span> 
     </span>
    </p>
   </div>
   <div class='ocr_carea' id='block_1_17' title="bbox 607 1629 2194 1709">
    <p class='ocr_par' dir='ltr' id='par_1_17' title="bbox 607 1629 2194 1709">
     <span class='ocr_line' id='line_1_17' title="bbox 607 1629 2194 1709; baseline 0.001 -18"><span class='ocrx_word' id='word_1_117' title='bbox 607 1636 735 1694; x_wconf 76' lang='lat' dir='ltr'><strong>dere</strong></span> <span class='ocrx_word' id='word_1_118' title='bbox 761 1636 829 1694; x_wconf 90' lang='lat' dir='ltr'><strong>ad</strong></span> <span class='ocrx_word' id='word_1_119' title='bbox 862 1637 1056 1709; x_wconf 91' lang='lat' dir='ltr'><strong>Deum,</strong></span> <span class='ocrx_word' id='word_1_120' title='bbox 1086 1645 1141 1698; x_wconf 89' lang='lat' dir='ltr'><strong>et</strong></span> <span class='ocrx_word' id='word_1_121' title='bbox 1168 1638 1458 1697; x_wconf 88' lang='lat' dir='ltr'><strong>illuminari</strong></span> <span class='ocrx_word' id='word_1_122' title='bbox 1480 1648 1536 1698; x_wconf 91' lang='lat' dir='ltr'><strong>et</strong></span> <span class='ocrx_word' id='word_1_123' title='bbox 1562 1638 1829 1697; x_wconf 71' lang='lat' dir='ltr'><strong>inhaerere</strong></span> <span class='ocrx_word' id='word_1_124' title='bbox 1849 1638 1924 1695; x_wconf 90' lang='lat' dir='ltr'><strong>illi</strong></span> <span class='ocrx_word' id='word_1_125' title='bbox 1948 1629 2042 1709; x_wconf 79' lang='lat' dir='ltr'><strong>per</strong></span> <span class='ocrx_word' id='word_1_126' title='bbox 2066 1636 2194 1693; x_wconf 89' lang='lat' dir='ltr'><strong>cha-</strong></span> 
     </span>
    </p>
   </div>
   <div class='ocr_carea' id='block_1_18' title="bbox 599 1729 2191 1805">
    <p class='ocr_par' dir='ltr' id='par_1_18' title="bbox 599 1729 2191 1805">
     <span class='ocr_line' id='line_1_18' title="bbox 599 1729 2191 1805; baseline -0.001 -19"><span class='ocrx_word' id='word_1_127' title='bbox 599 1729 835 1798; x_wconf 81' lang='lat' dir='ltr'><strong>ritatem,</strong></span> <span class='ocrx_word' id='word_1_128' title='bbox 866 1733 956 1788; x_wconf 91' lang='lat' dir='ltr'><strong>ubi</strong></span> <span class='ocrx_word' id='word_1_129' title='bbox 987 1742 1069 1789; x_wconf 90' lang='lat' dir='ltr'><strong>est</strong></span> <span class='ocrx_word' id='word_1_130' title='bbox 1104 1734 1265 1791; x_wconf 87' lang='lat' dir='ltr'><strong>timor</strong></span> <span class='ocrx_word' id='word_1_131' title='bbox 1302 1744 1485 1791; x_wconf 90' lang='lat' dir='ltr'><strong>castus</strong></span> <span class='ocrx_word' id='word_1_132' title='bbox 1531 1746 1855 1805; x_wconf 82' lang='lat' dir='ltr'><strong>permanens</strong></span> <span class='ocrx_word' id='word_1_133' title='bbox 1908 1732 1961 1788; x_wconf 92' lang='lat' dir='ltr'><strong>in</strong></span> <span class='ocrx_word' id='word_1_134' title='bbox 2018 1744 2191 1786; x_wconf 70' lang='lat' dir='ltr'><strong>saecu-</strong></span> 
     </span>
    </p>
   </div>
   <div class='ocr_carea' id='block_1_19' title="bbox 2305 523 3819 603">
    <p class='ocr_par' dir='ltr' id='par_1_19' title="bbox 2305 523 3819 603">
     <span class='ocr_line' id='line_1_19' title="bbox 2305 523 3819 603; baseline 0.011 -25"><span class='ocrx_word' id='word_1_135' title='bbox 2305 523 2729 595; x_wconf 89' lang='lat' dir='ltr'><strong>pereminentem</strong></span> <span class='ocrx_word' id='word_1_136' title='bbox 2774 525 3052 583; x_wconf 83' lang='lat' dir='ltr'><strong>scientiam</strong></span> <span class='ocrx_word' id='word_1_137' title='bbox 3097 526 3371 584; x_wconf 86' lang='lat' dir='ltr'><strong>charitatis</strong></span> <span class='ocrx_word' id='word_1_138' title='bbox 3402 525 3630 603; x_wconf 86' lang='lat' dir='ltr'><strong>Christi,</strong></span> <span class='ocrx_word' id='word_1_139' title='bbox 3666 546 3715 592; x_wconf 87' lang='lat' dir='ltr'><strong>ut</strong></span> <span class='ocrx_word' id='word_1_140' title='bbox 3749 537 3819 595; x_wconf 80' lang='lat' dir='ltr'><strong>ita-</strong></span> 
     </span>
    </p>
   </div>
   <div class='ocr_carea' id='block_1_20' title="bbox 2303 618 3818 692">
    <p class='ocr_par' dir='ltr' id='par_1_20' title="bbox 2303 618 3818 692">
     <span class='ocr_line' id='line_1_20' title="bbox 2303 618 3818 692; baseline 0.01 -19"><span class='ocrx_word' id='word_1_141' title='bbox 2303 618 2557 689; x_wconf 91' lang='lat' dir='ltr'><strong>pleamini</strong></span> <span class='ocrx_word' id='word_1_142' title='bbox 2598 621 2651 675; x_wconf 87' lang='lat' dir='ltr'><strong>in</strong></span> <span class='ocrx_word' id='word_1_143' title='bbox 2690 635 2906 677; x_wconf 91' lang='lat' dir='ltr'><strong>omnem</strong></span> <span class='ocrx_word' id='word_1_144' title='bbox 2938 620 3321 692; x_wconf 89' lang='lat' dir='ltr'><strong>plenitudinem</strong></span> <span class='ocrx_word' id='word_1_145' title='bbox 3358 618 3474 679; x_wconf 90' lang='lat' dir='ltr'><strong>Dei.</strong></span> <span class='ocrx_word' id='word_1_146' title='bbox 3506 627 3715 685; x_wconf 79' lang='lat' dir='ltr'><strong>Attende</strong></span> <span class='ocrx_word' id='word_1_147' title='bbox 3740 646 3818 687; x_wconf 80' lang='lat' dir='ltr'><strong>oat-</strong></span> 
     </span>
    </p>
   </div>
   <div class='ocr_carea' id='block_1_21' title="bbox 2303 710 3816 794">
    <p class='ocr_par' dir='ltr' id='par_1_21' title="bbox 2303 710 3816 794">
     <span class='ocr_line' id='line_1_21' title="bbox 2303 710 3816 794; baseline 0.011 -29"><span class='ocrx_word' id='word_1_148' title='bbox 2303 710 2392 766; x_wconf 91' lang='lat' dir='ltr'><strong>nia</strong></span> <span class='ocrx_word' id='word_1_149' title='bbox 2423 710 2727 784; x_wconf 85' lang='lat' dir='ltr'><strong>diligenter.</strong></span> <span class='ocrx_word' id='word_1_150' title='bbox 2754 711 2923 784; x_wconf 83' lang='lat' dir='ltr'><strong>Hujus</strong></span> <span class='ocrx_word' id='word_1_151' title='bbox 2953 713 3030 771; x_wconf 89' lang='lat' dir='ltr'><strong>rei</strong></span> <span class='ocrx_word' id='word_1_152' title='bbox 3060 713 3250 785; x_wconf 87' lang='lat' dir='ltr'><strong>gratia,</strong></span> <span class='ocrx_word' id='word_1_153' title='bbox 3299 714 3495 786; x_wconf 84' lang='lat' dir='ltr'><strong>inquit,</strong></span> <span class='ocrx_word' id='word_1_154' title='bbox 3526 714 3673 775; x_wconf 76' lang='lat' dir='ltr'><strong>ﬂecto</strong></span> <span class='ocrx_word' id='word_1_155' title='bbox 3696 736 3816 794; x_wconf 74' lang='lat' dir='ltr'><strong>genua</strong></span> 
     </span>
    </p>
   </div>
   <div class='ocr_carea' id='block_1_22' title="bbox 2302 802 3814 885">
    <p class='ocr_par' dir='ltr' id='par_1_22' title="bbox 2302 802 3814 885">
     <span class='ocr_line' id='line_1_22' title="bbox 2302 802 3814 885; baseline 0.007 -25"><span class='ocrx_word' id='word_1_156' title='bbox 2302 818 2419 860; x_wconf 88' lang='lat' dir='ltr'><strong>mea</strong></span> <span class='ocrx_word' id='word_1_157' title='bbox 2452 805 2520 860; x_wconf 91' lang='lat' dir='ltr'><strong>ad</strong></span> <span class='ocrx_word' id='word_1_158' title='bbox 2550 802 2765 861; x_wconf 85' lang='lat' dir='ltr'><strong>Patrem</strong></span> <span class='ocrx_word' id='word_1_159' title='bbox 2804 804 3016 862; x_wconf 88' lang='lat' dir='ltr'><strong>Domini</strong></span> <span class='ocrx_word' id='word_1_160' title='bbox 3053 806 3222 863; x_wconf 86' lang='lat' dir='ltr'><strong>nostri</strong></span> <span class='ocrx_word' id='word_1_161' title='bbox 3253 804 3376 865; x_wconf 79' lang='lat' dir='ltr'><strong>lesu</strong></span> <span class='ocrx_word' id='word_1_162' title='bbox 3403 805 3634 879; x_wconf 82' lang='lat' dir='ltr'><strong>Christi,</strong></span> <span class='ocrx_word' id='word_1_163' title='bbox 3669 826 3722 868; x_wconf 90' lang='lat' dir='ltr'><strong>ex</strong></span> <span class='ocrx_word' id='word_1_164' title='bbox 3745 828 3814 885; x_wconf 83' lang='lat' dir='ltr'><strong>quo</strong></span> 
     </span>
    </p>
   </div>
   <div class='ocr_carea' id='block_1_23' title="bbox 2302 897 3812 971">
    <p class='ocr_par' dir='ltr' id='par_1_23' title="bbox 2302 897 3812 971">
     <span class='ocr_line' id='line_1_23' title="bbox 2302 897 3812 971; baseline 0.009 -19"><span class='ocrx_word' id='word_1_165' title='bbox 2302 898 2479 954; x_wconf 90' lang='lat' dir='ltr'><strong>omnis</strong></span> <span class='ocrx_word' id='word_1_166' title='bbox 2508 897 2614 971; x_wconf 73' lang='lat'><strong>23</strong></span> <span class='ocrx_word' id='word_1_167' title='bbox 2642 899 2933 969; x_wconf 88' lang='lat' dir='ltr'><strong>paternitas</strong></span> <span class='ocrx_word' id='word_1_168' title='bbox 2965 900 3017 955; x_wconf 93' lang='lat' dir='ltr'><strong>in</strong></span> <span class='ocrx_word' id='word_1_169' title='bbox 3049 901 3188 958; x_wconf 67' lang='lat' dir='ltr'><strong>caelo</strong></span> <span class='ocrx_word' id='word_1_170' title='bbox 3212 909 3267 959; x_wconf 92' lang='lat' dir='ltr'><strong>et</strong></span> <span class='ocrx_word' id='word_1_171' title='bbox 3298 899 3351 958; x_wconf 91' lang='lat' dir='ltr'><strong>in</strong></span> <span class='ocrx_word' id='word_1_172' title='bbox 3382 910 3531 959; x_wconf 84' lang='lat' dir='ltr'><strong>terra</strong></span> <span class='ocrx_word' id='word_1_173' title='bbox 3563 907 3812 967; x_wconf 83' lang='lat' dir='ltr'><strong>nominatur.</strong></span> 
     </span>
    </p>
   </div>
   <div class='ocr_carea' id='block_1_24' title="bbox 2300 986 3813 1068">
    <p class='ocr_par' dir='ltr' id='par_1_24' title="bbox 2300 986 3813 1068">
     <span class='ocr_line' id='line_1_24' title="bbox 2300 986 3813 1068; baseline 0.007 -25"><span class='ocrx_word' id='word_1_174' title='bbox 2300 986 2508 1057; x_wconf 72' lang='lat' dir='ltr'><strong>Quaeris</strong></span> <span class='ocrx_word' id='word_1_175' title='bbox 2533 990 2685 1061; x_wconf 82' lang='lat' dir='ltr'><strong>cujus</strong></span> <span class='ocrx_word' id='word_1_176' title='bbox 2707 989 2784 1048; x_wconf 86' lang='lat' dir='ltr'><strong>rei</strong></span> <span class='ocrx_word' id='word_1_177' title='bbox 2815 992 3017 1063; x_wconf 86' lang='lat' dir='ltr'><strong>gratia?</strong></span> <span class='ocrx_word' id='word_1_178' title='bbox 3044 990 3157 1048; x_wconf 82' lang='lat' dir='ltr'><strong>Hoc</strong></span> <span class='ocrx_word' id='word_1_179' title='bbox 3196 1006 3358 1065; x_wconf 88' lang='lat' dir='ltr'><strong>supra</strong></span> <span class='ocrx_word' id='word_1_180' title='bbox 3387 990 3629 1051; x_wconf 78' lang='lat' dir='ltr'><strong>dixerat:</strong></span> <span class='ocrx_word' id='word_1_181' title='bbox 3654 996 3813 1068; x_wconf 75' lang='lat' dir='ltr'><strong>Propter</strong></span> 
     </span>
    </p>
   </div>
   <div class='ocr_carea' id='block_1_25' title="bbox 2299 1081 3809 1165">
    <p class='ocr_par' dir='ltr' id='par_1_25' title="bbox 2299 1081 3809 1165">
     <span class='ocr_line' id='line_1_25' title="bbox 2299 1081 3809 1165; baseline 0.009 -27"><span class='ocrx_word' id='word_1_182' title='bbox 2299 1081 2442 1153; x_wconf 91' lang='lat' dir='ltr'><strong>quod</strong></span> <span class='ocrx_word' id='word_1_183' title='bbox 2474 1093 2597 1155; x_wconf 90' lang='lat' dir='ltr'><strong>peto</strong></span> <span class='ocrx_word' id='word_1_184' title='bbox 2618 1101 2722 1142; x_wconf 92' lang='lat' dir='ltr'><strong>non</strong></span> <span class='ocrx_word' id='word_1_185' title='bbox 2747 1086 3006 1143; x_wconf 82' lang='lat' dir='ltr'><strong>inﬁrmari</strong></span> <span class='ocrx_word' id='word_1_186' title='bbox 3046 1088 3101 1144; x_wconf 90' lang='lat' dir='ltr'><strong>in</strong></span> <span class='ocrx_word' id='word_1_187' title='bbox 3140 1087 3584 1147; x_wconf 85' lang='lat' dir='ltr'><strong>tribulationibus</strong></span> <span class='ocrx_word' id='word_1_188' title='bbox 3610 1093 3719 1150; x_wconf 89' lang='lat' dir='ltr'><strong>meis</strong></span> <span class='ocrx_word' id='word_1_189' title='bbox 3750 1111 3809 1165; x_wconf 79' lang='lat' dir='ltr'><strong>pro</strong></span> 
     </span>
    </p>
   </div>
   <div class='ocr_carea' id='block_1_26' title="bbox 2298 1175 3807 1248">
    <p class='ocr_par' dir='ltr' id='par_1_26' title="bbox 2298 1175 3807 1248">
     <span class='ocr_line' id='line_1_26' title="bbox 2298 1175 3807 1248; baseline 0.008 -20"><span class='ocrx_word' id='word_1_190' title='bbox 2298 1175 2482 1243; x_wconf 86' lang='lat' dir='ltr'><strong>vobis;</strong></span> <span class='ocrx_word' id='word_1_191' title='bbox 2526 1176 2627 1233; x_wconf 91' lang='lat' dir='ltr'><strong>hoc</strong></span> <span class='ocrx_word' id='word_1_192' title='bbox 2657 1191 2786 1248; x_wconf 89' lang='lat' dir='ltr'><strong>ergo</strong></span> <span class='ocrx_word' id='word_1_193' title='bbox 2814 1178 2895 1234; x_wconf 91' lang='lat' dir='ltr'><strong>eis</strong></span> <span class='ocrx_word' id='word_1_194' title='bbox 2928 1184 3076 1248; x_wconf 83' lang='lat' dir='ltr'><strong>Optat</strong></span> <span class='ocrx_word' id='word_1_195' title='bbox 3106 1184 3163 1235; x_wconf 91' lang='lat' dir='ltr'><strong>ut</strong></span> <span class='ocrx_word' id='word_1_196' title='bbox 3192 1193 3300 1235; x_wconf 89' lang='lat' dir='ltr'><strong>non</strong></span> <span class='ocrx_word' id='word_1_197' title='bbox 3340 1178 3730 1238; x_wconf 81' lang='lat' dir='ltr'><strong>iuﬂrmenturiu</strong></span> <span class='ocrx_word' id='word_1_198' title='bbox 3752 1186 3807 1240; x_wconf 85' lang='lat' dir='ltr'><strong>tri-</strong></span> 
     </span>
    </p>
   </div>
   <div class='ocr_carea' id='block_1_27' title="bbox 2297 1264 3805 1349">
    <p class='ocr_par' dir='ltr' id='par_1_27' title="bbox 2297 1264 3805 1349">
     <span class='ocr_line' id='line_1_27' title="bbox 2297 1264 3805 1349; baseline 0.008 -28"><span class='ocrx_word' id='word_1_199' title='bbox 2297 1264 2659 1326; x_wconf 89' lang='lat' dir='ltr'><strong>bulationibus</strong></span> <span class='ocrx_word' id='word_1_200' title='bbox 2680 1271 2920 1339; x_wconf 83' lang='lat' dir='ltr'><strong>Apostoli</strong></span> <span class='ocrx_word' id='word_1_201' title='bbox 2936 1287 3067 1344; x_wconf 91' lang='lat' dir='ltr'><strong>quas</strong></span> <span class='ocrx_word' id='word_1_202' title='bbox 3080 1287 3176 1343; x_wconf 91' lang='lat' dir='ltr'><strong>pro</strong></span> <span class='ocrx_word' id='word_1_203' title='bbox 3198 1272 3303 1328; x_wconf 92' lang='lat' dir='ltr'><strong>illis</strong></span> <span class='ocrx_word' id='word_1_204' title='bbox 3327 1275 3642 1343; x_wconf 85' lang='lat' dir='ltr'><strong>sustinebat,</strong></span> <span class='ocrx_word' id='word_1_205' title='bbox 3655 1287 3697 1332; x_wconf 90' lang='lat' dir='ltr'><strong>et</strong></span> <span class='ocrx_word' id='word_1_206' title='bbox 3709 1293 3805 1349; x_wconf 75' lang='lat' dir='ltr'><strong>prop</strong></span> 
     </span>
    </p>
   </div>
   <div class='ocr_carea' id='block_1_28' title="bbox 2298 1361 3804 1438">
    <p class='ocr_par' dir='ltr' id='par_1_28' title="bbox 2298 1361 3804 1438">
     <span class='ocr_line' id='line_1_28' title="bbox 2298 1361 3804 1438; baseline 0.008 -24"><span class='ocrx_word' id='word_1_207' title='bbox 2298 1366 2382 1415; x_wconf 90' lang='lat' dir='ltr'><strong>ter</strong></span> <span class='ocrx_word' id='word_1_208' title='bbox 2404 1361 2505 1418; x_wconf 89' lang='lat' dir='ltr'><strong>hoc</strong></span> <span class='ocrx_word' id='word_1_209' title='bbox 2532 1378 2705 1435; x_wconf 87' lang='lat' dir='ltr'><strong>genua</strong></span> <span class='ocrx_word' id='word_1_210' title='bbox 2738 1362 2992 1422; x_wconf 81' lang='lat' dir='ltr'><strong>ﬂectebat</strong></span> <span class='ocrx_word' id='word_1_211' title='bbox 3022 1365 3089 1422; x_wconf 90' lang='lat' dir='ltr'><strong>ad</strong></span> <span class='ocrx_word' id='word_1_212' title='bbox 3122 1367 3375 1433; x_wconf 86' lang='lat' dir='ltr'><strong>Patrem;</strong></span> <span class='ocrx_word' id='word_1_213' title='bbox 3409 1368 3632 1438; x_wconf 88' lang='lat' dir='ltr'><strong>proinde</strong></span> <span class='ocrx_word' id='word_1_214' title='bbox 3661 1373 3804 1426; x_wconf 85' lang='lat' dir='ltr'><strong>nonin-</strong></span> 
     </span>
    </p>
   </div>
   <div class='ocr_carea' id='block_1_29' title="bbox 2296 1449 3804 1529">
    <p class='ocr_par' dir='ltr' id='par_1_29' title="bbox 2296 1449 3804 1529">
     <span class='ocr_line' id='line_1_29' title="bbox 2296 1449 3804 1529; baseline 0.009 -23"><span class='ocrx_word' id='word_1_215' title='bbox 2296 1449 2496 1509; x_wconf 84' lang='lat' dir='ltr'><strong>ﬂrmari</strong></span> <span class='ocrx_word' id='word_1_216' title='bbox 2529 1455 2670 1512; x_wconf 91' lang='lat' dir='ltr'><strong>unde</strong></span> <span class='ocrx_word' id='word_1_217' title='bbox 2700 1457 2807 1512; x_wconf 92' lang='lat' dir='ltr'><strong>illis</strong></span> <span class='ocrx_word' id='word_1_218' title='bbox 2836 1455 2926 1525; x_wconf 89' lang='lat' dir='ltr'><strong>sit,</strong></span> <span class='ocrx_word' id='word_1_219' title='bbox 2957 1458 3201 1529; x_wconf 88' lang='lat' dir='ltr'><strong>sequitur</strong></span> <span class='ocrx_word' id='word_1_220' title='bbox 3226 1466 3283 1515; x_wconf 87' lang='lat' dir='ltr'><strong>et</strong></span> <span class='ocrx_word' id='word_1_221' title='bbox 3308 1458 3442 1515; x_wconf 91' lang='lat' dir='ltr'><strong>dicit</strong></span> <span class='ocrx_word' id='word_1_222' title='bbox 3468 1479 3484 1516; x_wconf 88' lang='lat'><strong>:</strong></span> <span class='ocrx_word' id='word_1_223' title='bbox 3520 1460 3587 1518; x_wconf 82' lang='lat' dir='ltr'><strong>Ut</strong></span> <span class='ocrx_word' id='word_1_224' title='bbox 3612 1459 3685 1518; x_wconf 87' lang='lat' dir='ltr'><strong>det</strong></span> <span class='ocrx_word' id='word_1_225' title='bbox 3706 1463 3804 1521; x_wconf 81' lang='lat' dir='ltr'><strong>vobis</strong></span> 
     </span>
    </p>
   </div>
   <div class='ocr_carea' id='block_1_30' title="bbox 2295 1544 3803 1619">
    <p class='ocr_par' dir='ltr' id='par_1_30' title="bbox 2295 1544 3803 1619">
     <span class='ocr_line' id='line_1_30' title="bbox 2295 1544 3803 1619; baseline 0.007 -20"><span class='ocrx_word' id='word_1_226' title='bbox 2295 1544 2588 1601; x_wconf 91' lang='lat' dir='ltr'><strong>secundum</strong></span> <span class='ocrx_word' id='word_1_227' title='bbox 2637 1545 2851 1604; x_wconf 89' lang='lat' dir='ltr'><strong>divitias</strong></span> <span class='ocrx_word' id='word_1_228' title='bbox 2891 1547 3078 1619; x_wconf 89' lang='lat' dir='ltr'><strong>gloriae</strong></span> <span class='ocrx_word' id='word_1_229' title='bbox 3118 1562 3250 1618; x_wconf 88' lang='lat' dir='ltr'><strong>suae,</strong></span> <span class='ocrx_word' id='word_1_230' title='bbox 3298 1549 3508 1607; x_wconf 87' lang='lat' dir='ltr'><strong>virtute</strong></span> <span class='ocrx_word' id='word_1_231' title='bbox 3551 1552 3803 1609; x_wconf 81' lang='lat' dir='ltr'><strong>corroboran&#39;</strong></span> 
     </span>
    </p>
   </div>
   <div class='ocr_carea' id='block_1_31' title="bbox 2298 1635 3799 1713">
    <p class='ocr_par' dir='ltr' id='par_1_31' title="bbox 2298 1635 3799 1713">
     <span class='ocr_line' id='line_1_31' title="bbox 2298 1635 3799 1713; baseline 0.004 -22"><span class='ocrx_word' id='word_1_232' title='bbox 2298 1650 2392 1706; x_wconf 92' lang='lat' dir='ltr'><strong>per</strong></span> <span class='ocrx_word' id='word_1_233' title='bbox 2420 1635 2676 1708; x_wconf 88' lang='lat' dir='ltr'><strong>Spiritum</strong></span> <span class='ocrx_word' id='word_1_234' title='bbox 2704 1637 2855 1708; x_wconf 85' lang='lat' dir='ltr'><strong>ejus;</strong></span> <span class='ocrx_word' id='word_1_235' title='bbox 2904 1637 2989 1695; x_wconf 69' lang='lat' dir='ltr'><strong>hae</strong></span> <span class='ocrx_word' id='word_1_236' title='bbox 3014 1648 3140 1695; x_wconf 91' lang='lat' dir='ltr'><strong>sunt</strong></span> <span class='ocrx_word' id='word_1_237' title='bbox 3164 1639 3366 1697; x_wconf 73' lang='lat' dir='ltr'><strong>divitia:</strong></span> <span class='ocrx_word' id='word_1_238' title='bbox 3392 1640 3464 1698; x_wconf 92' lang='lat' dir='ltr'><strong>de</strong></span> <span class='ocrx_word' id='word_1_239' title='bbox 3495 1641 3665 1713; x_wconf 87' lang='lat' dir='ltr'><strong>quibus</strong></span> <span class='ocrx_word' id='word_1_240' title='bbox 3687 1643 3799 1699; x_wconf 84' lang='lat' dir='ltr'><strong>dicit:</strong></span> 
     </span>
    </p>
   </div>
   <div class='ocr_carea' id='block_1_32' title="bbox 2294 1728 3801 1794">
    <p class='ocr_par' dir='ltr' id='par_1_32' title="bbox 2294 1728 3801 1794">
     <span class='ocr_line' id='line_1_32' title="bbox 2294 1728 3801 1794; baseline 0.006 -9"><span class='ocrx_word' id='word_1_241' title='bbox 2294 1728 2589 1785; x_wconf 90' lang='lat' dir='ltr'><strong>Oaltiiudo</strong></span> <span class='ocrx_word' id='word_1_242' title='bbox 2632 1730 2977 1788; x_wconf 78' lang='lat' dir='ltr'><strong>divitiartrm!</strong></span> <span class='ocrx_word' id='word_1_243' title='bbox 3010 1730 3232 1789; x_wconf 80' lang='lat' dir='ltr'><strong>Abditas</strong></span> <span class='ocrx_word' id='word_1_244' title='bbox 3271 1734 3417 1791; x_wconf 88' lang='lat' dir='ltr'><strong>enim</strong></span> <span class='ocrx_word' id='word_1_245' title='bbox 3461 1734 3647 1793; x_wconf 89' lang='lat' dir='ltr'><strong>habent</strong></span> <span class='ocrx_word' id='word_1_246' title='bbox 3675 1752 3801 1794; x_wconf 76' lang='lat' dir='ltr'><strong>causas</strong></span> 
     </span>
    </p>
   </div>
   <div class='ocr_carea' id='block_1_33' title="bbox 598 1806 3799 1901">
    <p class='ocr_par' dir='ltr' id='par_1_33' title="bbox 598 1806 3799 1901">
     <span class='ocr_line' id='line_1_33' title="bbox 598 1806 3799 1901; baseline 0.002 -22"><span class='ocrx_word' id='word_1_247' title='bbox 598 1819 710 1879; x_wconf 91' lang='lat' dir='ltr'><strong>lum</strong></span> <span class='ocrx_word' id='word_1_248' title='bbox 754 1824 966 1893; x_wconf 87' lang='lat' dir='ltr'><strong>saeculi;</strong></span> <span class='ocrx_word' id='word_1_249' title='bbox 1017 1825 1109 1897; x_wconf 87' lang='lat' dir='ltr'><strong>qui</strong></span> <span class='ocrx_word' id='word_1_250' title='bbox 1142 1826 1302 1883; x_wconf 92' lang='lat' dir='ltr'><strong>timor</strong></span> <span class='ocrx_word' id='word_1_251' title='bbox 1329 1840 1437 1883; x_wconf 90' lang='lat' dir='ltr'><strong>non</strong></span> <span class='ocrx_word' id='word_1_252' title='bbox 1465 1827 1688 1890; x_wconf 84' lang='lat' dir='ltr'><strong>cruciat,</strong></span> <span class='ocrx_word' id='word_1_253' title='bbox 1732 1824 1826 1882; x_wconf 91' lang='lat' dir='ltr'><strong>sed</strong></span> <span class='ocrx_word' id='word_1_254' title='bbox 1866 1821 2193 1879; x_wconf 88' lang='lat' dir='ltr'><strong>tenaciorem</strong></span> <span class='ocrx_word' id='word_1_255' title='bbox 2220 1806 2271 1875; x_wconf 87' lang='grc' dir='ltr'>Β</span> <span class='ocrx_word' id='word_1_256' title='bbox 2301 1820 2590 1891; x_wconf 90' lang='lat' dir='ltr'><strong>ubi,nullis</strong></span> <span class='ocrx_word' id='word_1_257' title='bbox 2611 1824 2819 1880; x_wconf 88' lang='lat' dir='ltr'><strong>meritis</strong></span> <span class='ocrx_word' id='word_1_258' title='bbox 2844 1824 3290 1895; x_wconf 83' lang='lat' dir='ltr'><strong>praecedentibus,</strong></span> <span class='ocrx_word' id='word_1_259' title='bbox 3312 1828 3441 1899; x_wconf 91' lang='lat' dir='ltr'><strong>quid</strong></span> <span class='ocrx_word' id='word_1_260' title='bbox 3469 1829 3799 1901; x_wconf 85' lang='lat' dir='ltr'><strong>habemusquod</strong></span> 
     </span>
    </p>
   </div>
   <div class='ocr_carea' id='block_1_34' title="bbox 601 1911 2083 1988">
    <p class='ocr_par' dir='ltr' id='par_1_34' title="bbox 601 1911 2083 1988">
     <span class='ocr_line' id='line_1_34' title="bbox 601 1911 2083 1988; baseline -0.002 -20"><span class='ocrx_word' id='word_1_261' title='bbox 601 1912 729 1970; x_wconf 77' lang='lat' dir='ltr'><strong>facit</strong></span> <span class='ocrx_word' id='word_1_262' title='bbox 750 1914 981 1971; x_wconf 84' lang='lat' dir='ltr'><strong>animam</strong></span> <span class='ocrx_word' id='word_1_263' title='bbox 1008 1915 1135 1972; x_wconf 85' lang='lat' dir='ltr'><strong>boni</strong></span> <span class='ocrx_word' id='word_1_264' title='bbox 1162 1916 1328 1985; x_wconf 88' lang='lat' dir='ltr'><strong>illius,</strong></span> <span class='ocrx_word' id='word_1_265' title='bbox 1354 1916 1498 1988; x_wconf 90' lang='lat' dir='ltr'><strong>quod</strong></span> <span class='ocrx_word' id='word_1_266' title='bbox 1525 1916 1571 1972; x_wconf 92' lang='lat' dir='ltr'><strong>si</strong></span> <span class='ocrx_word' id='word_1_267' title='bbox 1599 1915 1885 1983; x_wconf 89' lang='lat' dir='ltr'><strong>dimiserit,</strong></span> <span class='ocrx_word' id='word_1_268' title='bbox 1909 1911 2083 1970; x_wconf 91' lang='lat' dir='ltr'><strong>cadet.</strong></span> 
     </span>
    </p>
   </div>
   <div class='ocr_carea' id='block_1_35' title="bbox 1126 2030 1677 2090">
    <p class='ocr_par' dir='ltr' id='par_1_35' title="bbox 1126 2030 1677 2090">
     <span class='ocr_line' id='line_1_35' title="bbox 1126 2030 1677 2090; baseline 0 -3"><span class='ocrx_word' id='word_1_269' title='bbox 1126 2030 1354 2089; x_wconf 84' lang='lat' dir='ltr'><strong>CAPUT</strong></span> <span class='ocrx_word' id='word_1_270' title='bbox 1392 2032 1677 2090; x_wconf 80' lang='lat' dir='ltr'><strong>CCXXIX.</strong></span> 
     </span>
    </p>
   </div>
   <div class='ocr_carea' id='block_1_36' title="bbox 606 2118 2194 2248">
    <p class='ocr_par' dir='ltr' id='par_1_36' title="bbox 606 2118 2194 2248">
     <span class='ocr_line' id='line_1_36' title="bbox 606 2118 2194 2248; baseline 0.002 -75"><span class='ocrx_word' id='word_1_271' title='bbox 606 2118 735 2187; x_wconf 69' lang='lat' dir='ltr'><strong>Qua:</strong></span> <span class='ocrx_word' id='word_1_272' title='bbox 758 2120 1091 2205; x_wconf 74' lang='lat' dir='ltr'><strong>sittatitudo,</strong></span> <span class='ocrx_word' id='word_1_273' title='bbox 1114 2132 1163 2178; x_wconf 84' lang='lat' dir='ltr'><strong>et</strong></span> <span class='ocrx_word' id='word_1_274' title='bbox 1193 2124 1483 2197; x_wconf 80' lang='lat' dir='ltr'><strong>longitudo,</strong></span> <span class='ocrx_word' id='word_1_275' title='bbox 1520 2135 1567 2179; x_wconf 83' lang='lat' dir='ltr'><strong>et</strong></span> <span class='ocrx_word' id='word_1_276' title='bbox 1598 2124 1838 2188; x_wconf 81' lang='lat' dir='ltr'><strong>altitudo,</strong></span> <span class='ocrx_word' id='word_1_277' title='bbox 1888 2132 1935 2177; x_wconf 81' lang='lat' dir='ltr'><strong>et</strong></span> <span class='ocrx_word' id='word_1_278' title='bbox 1978 2123 2194 2248; x_wconf 39' lang='lat' dir='ltr'><strong>primum:</strong></span> 
     </span>
     <span class='ocr_line' id='line_1_37' title="bbox 680 2191 2194 2248; baseline 0.003 -4"><span class='ocrx_word' id='word_1_279' title='bbox 680 2191 805 2244; x_wconf 84' lang='lat' dir='ltr'><strong>dum</strong></span> <span class='ocrx_word' id='word_1_280' title='bbox 830 2194 967 2248; x_wconf 79' lang='lat' dir='ltr'><strong>quod</strong></span> <span class='ocrx_word' id='word_1_281' title='bbox 1006 2200 1078 2248; x_wconf 83' lang='lat' dir='ltr'><strong>att</strong></span> <span class='ocrx_word' id='word_1_282' title='bbox 1108 2194 1425 2248; x_wconf 73' lang='lat' dir='ltr'><strong>Apostolus:</strong></span> <span class='ocrx_word' id='word_1_283' title='bbox 1471 2213 1534 2248; x_wconf 74' lang='lat' dir='ltr'><strong>ea:</strong></span> <span class='ocrx_word' id='word_1_284' title='bbox 1580 2196 1712 2248; x_wconf 81' lang='lat' dir='ltr'><strong>libro</strong></span> <span class='ocrx_word' id='word_1_285' title='bbox 1751 2194 1813 2248; x_wconf 86' lang='lat' dir='ltr'><strong>de</strong></span> <span class='ocrx_word' id='word_1_286' title='bbox 1842 2191 2022 2248; x_wconf 70' lang='lat' dir='ltr'><strong>Gratia</strong></span> <span class='ocrx_word' id='word_1_287' title='bbox 2112 2210 2194 2248; x_wconf 82' lang='lat' dir='ltr'><strong>ovt</strong></span> 
     </span>
    </p>
   </div>
   <div class='ocr_carea' id='block_1_37' title="bbox 680 2191 2194 2266">
    <p class='ocr_par' dir='ltr' id='par_1_37' title="bbox 680 2191 2194 2266">
     <span class='ocr_line' id='line_1_38' title="bbox 680 2191 2194 2266; baseline 0.004 -23"><span class='ocrx_word' id='word_1_288' title='bbox 680 2191 805 2266; x_wconf 52' lang='lat' dir='ltr'><strong>dum</strong></span> <span class='ocrx_word' id='word_1_289' title='bbox 830 2194 1078 2266; x_wconf 15' lang='lat' dir='ltr'><strong>quadrait</strong></span> <span class='ocrx_word' id='word_1_290' title='bbox 1108 2191 1425 2266; x_wconf 78' lang='lat' dir='ltr'><strong>Apostolus;</strong></span> <span class='ocrx_word' id='word_1_291' title='bbox 1468 2191 1534 2253; x_wconf 61' lang='grc' dir='ltr'><strong>ἐπ</strong></span> <span class='ocrx_word' id='word_1_292' title='bbox 1580 2196 1712 2251; x_wconf 78' lang='lat' dir='ltr'><strong>libro</strong></span> <span class='ocrx_word' id='word_1_293' title='bbox 1751 2194 1813 2250; x_wconf 85' lang='lat' dir='ltr'><strong>de</strong></span> <span class='ocrx_word' id='word_1_294' title='bbox 1842 2191 2022 2249; x_wconf 79' lang='lat' dir='ltr'><strong>Gratia</strong></span> <span class='ocrx_word' id='word_1_295' title='bbox 2054 2191 2194 2249; x_wconf 76' lang='lat' dir='ltr'><strong>Novi</strong></span> 
     </span>
    </p>
   </div>
   <div class='ocr_carea' id='block_1_38' title="bbox 672 2258 1008 2320">
    <p class='ocr_par' dir='ltr' id='par_1_38' title="bbox 672 2258 1008 2320">
     <span class='ocr_line' id='line_1_39' title="bbox 672 2258 1008 2320; baseline 0.012 -4"><span class='ocrx_word' id='word_1_296' title='bbox 672 2258 716 2316; x_wconf 87' lang='grc' dir='ltr'><em>Τ</em></span> <span class='ocrx_word' id='word_1_297' title='bbox 716 2258 1008 2320; x_wconf 64' lang='lat' dir='ltr'><strong>ammenti.</strong></span> 
     </span>
    </p>
   </div>
   <div class='ocr_carea' id='block_1_39' title="bbox 667 2374 2191 2453">
    <p class='ocr_par' dir='ltr' id='par_1_39' title="bbox 667 2374 2191 2453">
     <span class='ocr_line' id='line_1_40' title="bbox 667 2374 2191 2453; baseline 0.007 -23"><span class='ocrx_word' id='word_1_298' title='bbox 667 2374 859 2433; x_wconf 83' lang='lat' dir='ltr'><strong>Merito</strong></span> <span class='ocrx_word' id='word_1_299' title='bbox 881 2393 1009 2449; x_wconf 85' lang='lat' dir='ltr'><strong>ergo</strong></span> <span class='ocrx_word' id='word_1_300' title='bbox 1039 2378 1264 2437; x_wconf 89' lang='lat' dir='ltr'><strong>istorum</strong></span> <span class='ocrx_word' id='word_1_301' title='bbox 1287 2383 1376 2453; x_wconf 88' lang='lat' dir='ltr'><strong>qui</strong></span> <span class='ocrx_word' id='word_1_302' title='bbox 1408 2393 1719 2439; x_wconf 85' lang='lat' dir='ltr'><strong>saturantur</strong></span> <span class='ocrx_word' id='word_1_303' title='bbox 1739 2382 1919 2441; x_wconf 85' lang='lat' dir='ltr'><strong>vivent</strong></span> <span class='ocrx_word' id='word_1_304' title='bbox 1948 2383 2111 2441; x_wconf 88' lang='lat' dir='ltr'><strong>corda</strong></span> <span class='ocrx_word' id='word_1_305' title='bbox 2136 2384 2191 2441; x_wconf 88' lang='lat' dir='ltr'><strong>in</strong></span> 
     </span>
    </p>
   </div>
   <div class='ocr_carea' id='block_1_40' title="bbox 596 2467 2191 2548">
    <p class='ocr_par' dir='ltr' id='par_1_40' title="bbox 596 2467 2191 2548">
     <span class='ocr_line' id='line_1_41' title="bbox 596 2467 2191 2548; baseline 0.007 -27"><span class='ocrx_word' id='word_1_306' title='bbox 596 2467 851 2524; x_wconf 68' lang='lat' dir='ltr'><strong>saaculum</strong></span> <span class='ocrx_word' id='word_1_307' title='bbox 884 2472 1070 2527; x_wconf 77' lang='lat' dir='ltr'><strong>saeculi</strong></span> <span class='ocrx_word' id='word_1_308' title='bbox 1097 2488 1112 2527; x_wconf 89' lang='lat'><strong>:</strong></span> <span class='ocrx_word' id='word_1_309' title='bbox 1163 2472 1272 2529; x_wconf 85' lang='lat' dir='ltr'><strong>vita</strong></span> <span class='ocrx_word' id='word_1_310' title='bbox 1299 2475 1442 2530; x_wconf 90' lang='lat' dir='ltr'><strong>enim</strong></span> <span class='ocrx_word' id='word_1_311' title='bbox 1475 2472 1721 2531; x_wconf 85' lang='lat' dir='ltr'><strong>Christus</strong></span> <span class='ocrx_word' id='word_1_312' title='bbox 1741 2487 1825 2532; x_wconf 88' lang='lat' dir='ltr'><strong>est</strong></span> <span class='ocrx_word' id='word_1_313' title='bbox 1854 2475 1943 2548; x_wconf 91' lang='lat' dir='ltr'><strong>qui</strong></span> <span class='ocrx_word' id='word_1_314' title='bbox 1986 2475 2191 2532; x_wconf 88' lang='lat' dir='ltr'><strong>habitat</strong></span> 
     </span>
    </p>
   </div>
   <div class='ocr_carea' id='block_1_41' title="bbox 593 2558 2192 2638">
    <p class='ocr_par' dir='ltr' id='par_1_41' title="bbox 593 2558 2192 2638">
     <span class='ocr_line' id='line_1_42' title="bbox 593 2558 2192 2638; baseline 0.006 -24"><span class='ocrx_word' id='word_1_315' title='bbox 593 2558 647 2614; x_wconf 90' lang='lat' dir='ltr'><strong>in</strong></span> <span class='ocrx_word' id='word_1_316' title='bbox 672 2560 924 2619; x_wconf 90' lang='lat' dir='ltr'><strong>cordibus</strong></span> <span class='ocrx_word' id='word_1_317' title='bbox 942 2578 1152 2632; x_wconf 90' lang='lat' dir='ltr'><strong>eorum,</strong></span> <span class='ocrx_word' id='word_1_318' title='bbox 1189 2564 1404 2623; x_wconf 88' lang='lat' dir='ltr'><strong>interim</strong></span> <span class='ocrx_word' id='word_1_319' title='bbox 1429 2582 1525 2638; x_wconf 89' lang='lat' dir='ltr'><strong>per</strong></span> <span class='ocrx_word' id='word_1_320' title='bbox 1555 2567 1739 2637; x_wconf 91' lang='lat' dir='ltr'><strong>ﬁdem,</strong></span> <span class='ocrx_word' id='word_1_321' title='bbox 1765 2579 1886 2638; x_wconf 92' lang='lat' dir='ltr'><strong>post</strong></span> <span class='ocrx_word' id='word_1_322' title='bbox 1911 2568 2070 2624; x_wconf 86' lang='lat' dir='ltr'><strong>etiam</strong></span> <span class='ocrx_word' id='word_1_323' title='bbox 2094 2580 2192 2637; x_wconf 85' lang='lat' dir='ltr'><strong>per</strong></span> 
     </span>
    </p>
   </div>
   <div class='ocr_carea' id='block_1_42' title="bbox 592 2653 2193 2731">
    <p class='ocr_par' dir='ltr' id='par_1_42' title="bbox 592 2653 2193 2731">
     <span class='ocr_line' id='line_1_43' title="bbox 592 2653 2193 2731; baseline 0.004 -25"><span class='ocrx_word' id='word_1_324' title='bbox 592 2654 853 2722; x_wconf 88' lang='lat' dir='ltr'><strong>speciem.</strong></span> <span class='ocrx_word' id='word_1_325' title='bbox 885 2653 1083 2712; x_wconf 85' lang='lat' dir='ltr'><strong>Vident</strong></span> <span class='ocrx_word' id='word_1_326' title='bbox 1110 2656 1255 2714; x_wconf 89' lang='lat' dir='ltr'><strong>enirn</strong></span> <span class='ocrx_word' id='word_1_327' title='bbox 1286 2674 1428 2715; x_wconf 92' lang='lat' dir='ltr'><strong>nunc</strong></span> <span class='ocrx_word' id='word_1_328' title='bbox 1466 2674 1564 2731; x_wconf 89' lang='lat' dir='ltr'><strong>per</strong></span> <span class='ocrx_word' id='word_1_329' title='bbox 1604 2662 1880 2731; x_wconf 90' lang='lat' dir='ltr'><strong>speculum</strong></span> <span class='ocrx_word' id='word_1_330' title='bbox 1927 2659 1980 2714; x_wconf 93' lang='lat' dir='ltr'><strong>in</strong></span> <span class='ocrx_word' id='word_1_331' title='bbox 2026 2658 2193 2729; x_wconf 86' lang='lat' dir='ltr'><strong>aenig-</strong></span> 
     </span>
    </p>
   </div>
   <div class='ocr_carea' id='block_1_43' title="bbox 593 2748 2191 2827">
    <p class='ocr_par' dir='ltr' id='par_1_43' title="bbox 593 2748 2191 2827">
     <span class='ocr_line' id='line_1_44' title="bbox 593 2748 2191 2827; baseline 0.003 -24"><span class='ocrx_word' id='word_1_332' title='bbox 593 2756 759 2827; x_wconf 70' lang='lat' dir='ltr'><strong>mate,</strong></span> <span class='ocrx_word' id='word_1_333' title='bbox 784 2756 909 2803; x_wconf 89' lang='lat' dir='ltr'><strong>tunc</strong></span> <span class='ocrx_word' id='word_1_334' title='bbox 933 2759 1110 2806; x_wconf 90' lang='lat' dir='ltr'><strong>autem</strong></span> <span class='ocrx_word' id='word_1_335' title='bbox 1140 2748 1274 2808; x_wconf 90' lang='lat' dir='ltr'><strong>facie</strong></span> <span class='ocrx_word' id='word_1_336' title='bbox 1299 2752 1367 2807; x_wconf 89' lang='lat' dir='ltr'><strong>ad</strong></span> <span class='ocrx_word' id='word_1_337' title='bbox 1398 2749 1606 2808; x_wconf 81' lang='lat' dir='ltr'><strong>faciem.</strong></span> <span class='ocrx_word' id='word_1_338' title='bbox 1644 2751 1793 2808; x_wconf 80' lang='lat' dir='ltr'><strong>Unde</strong></span> <span class='ocrx_word' id='word_1_339' title='bbox 1818 2752 1931 2823; x_wconf 89' lang='lat' dir='ltr'><strong>ipsa</strong></span> <span class='ocrx_word' id='word_1_340' title='bbox 1956 2751 2191 2807; x_wconf 85' lang='lat' dir='ltr'><strong>charitas</strong></span> 
     </span>
    </p>
   </div>
   <div class='ocr_carea' id='block_1_44' title="bbox 592 2840 2188 2916">
    <p class='ocr_par' dir='ltr' id='par_1_44' title="bbox 592 2840 2188 2916">
     <span class='ocr_line' id='line_1_45' title="bbox 592 2840 2188 2916; baseline 0.003 -19"><span class='ocrx_word' id='word_1_341' title='bbox 592 2857 737 2897; x_wconf 91' lang='lat' dir='ltr'><strong>nunc</strong></span> <span class='ocrx_word' id='word_1_342' title='bbox 752 2840 805 2898; x_wconf 91' lang='lat' dir='ltr'><strong>in</strong></span> <span class='ocrx_word' id='word_1_343' title='bbox 831 2840 987 2901; x_wconf 88' lang='lat' dir='ltr'><strong>bonis</strong></span> <span class='ocrx_word' id='word_1_344' title='bbox 1005 2844 1260 2916; x_wconf 89' lang='lat' dir='ltr'><strong>operibus</strong></span> <span class='ocrx_word' id='word_1_345' title='bbox 1277 2844 1584 2902; x_wconf 88' lang='lat' dir='ltr'><strong>dilectionis</strong></span> <span class='ocrx_word' id='word_1_346' title='bbox 1601 2855 1902 2910; x_wconf 84' lang='lat' dir='ltr'><strong>exercetur,</strong></span> <span class='ocrx_word' id='word_1_347' title='bbox 1922 2856 2023 2916; x_wconf 87' lang='lat' dir='ltr'><strong>qua</strong></span> <span class='ocrx_word' id='word_1_348' title='bbox 2041 2859 2099 2900; x_wconf 91' lang='lat' dir='ltr'><strong>se</strong></span> <span class='ocrx_word' id='word_1_349' title='bbox 2120 2842 2188 2901; x_wconf 87' lang='lat' dir='ltr'><strong>ad</strong></span> 
     </span>
    </p>
   </div>
   <div class='ocr_carea' id='block_1_45' title="bbox 592 2936 2187 3012">
    <p class='ocr_par' dir='ltr' id='par_1_45' title="bbox 592 2936 2187 3012">
     <span class='ocr_line' id='line_1_46' title="bbox 592 2936 2187 3012; baseline 0 -19"><span class='ocrx_word' id='word_1_350' title='bbox 592 2937 1017 2996; x_wconf 85' lang='lat' dir='ltr'><strong>subveniendum</strong></span> <span class='ocrx_word' id='word_1_351' title='bbox 1036 2957 1245 3012; x_wconf 89' lang='lat' dir='ltr'><strong>quaqua</strong></span> <span class='ocrx_word' id='word_1_352' title='bbox 1255 2956 1468 2998; x_wconf 89' lang='lat' dir='ltr'><strong>versum</strong></span> <span class='ocrx_word' id='word_1_353' title='bbox 1492 2950 1691 3012; x_wconf 84' lang='lat' dir='ltr'><strong>potest,</strong></span> <span class='ocrx_word' id='word_1_354' title='bbox 1712 2939 1965 3011; x_wconf 81' lang='lat' dir='ltr'><strong>porrigit;</strong></span> <span class='ocrx_word' id='word_1_355' title='bbox 1990 2946 2045 2995; x_wconf 92' lang='lat' dir='ltr'><strong>et</strong></span> <span class='ocrx_word' id='word_1_356' title='bbox 2070 2936 2187 2995; x_wconf 72' lang='lat' dir='ltr'><strong>haec</strong></span> 
     </span>
    </p>
   </div>
   <div class='ocr_carea' id='block_1_46' title="bbox 588 3031 2189 3105">
    <p class='ocr_par' dir='ltr' id='par_1_46' title="bbox 588 3031 2189 3105">
     <span class='ocr_line' id='line_1_47' title="bbox 588 3031 2189 3105; baseline 0.001 -18"><span class='ocrx_word' id='word_1_357' title='bbox 588 3031 814 3088; x_wconf 86' lang='lat' dir='ltr'><strong>latitudo</strong></span> <span class='ocrx_word' id='word_1_358' title='bbox 835 3042 948 3099; x_wconf 88' lang='lat' dir='ltr'><strong>est;</strong></span> <span class='ocrx_word' id='word_1_359' title='bbox 986 3049 1126 3089; x_wconf 90' lang='lat' dir='ltr'><strong>nunc</strong></span> <span class='ocrx_word' id='word_1_360' title='bbox 1146 3033 1548 3105; x_wconf 87' lang='lat' dir='ltr'><strong>longanimitate</strong></span> <span class='ocrx_word' id='word_1_361' title='bbox 1569 3033 1792 3090; x_wconf 89' lang='lat' dir='ltr'><strong>adversa</strong></span> <span class='ocrx_word' id='word_1_362' title='bbox 1817 3033 2028 3101; x_wconf 88' lang='lat' dir='ltr'><strong>tolerat,</strong></span> <span class='ocrx_word' id='word_1_363' title='bbox 2050 3041 2105 3087; x_wconf 93' lang='lat' dir='ltr'><strong>et</strong></span> <span class='ocrx_word' id='word_1_364' title='bbox 2133 3034 2189 3089; x_wconf 89' lang='lat' dir='ltr'><strong>in</strong></span> 
     </span>
    </p>
   </div>
   <div class='ocr_carea' id='block_1_47' title="bbox 588 3125 2181 3198">
    <p class='ocr_par' dir='ltr' id='par_1_47' title="bbox 588 3125 2181 3198">
     <span class='ocr_line' id='line_1_48' title="bbox 588 3125 2181 3198; baseline 0.001 -17"><span class='ocrx_word' id='word_1_365' title='bbox 588 3140 653 3182; x_wconf 91' lang='lat' dir='ltr'><strong>eo</strong></span> <span class='ocrx_word' id='word_1_366' title='bbox 674 3127 816 3196; x_wconf 91' lang='lat' dir='ltr'><strong>quod</strong></span> <span class='ocrx_word' id='word_1_367' title='bbox 844 3127 1109 3183; x_wconf 89' lang='lat' dir='ltr'><strong>veraciter</strong></span> <span class='ocrx_word' id='word_1_368' title='bbox 1131 3132 1306 3184; x_wconf 90' lang='lat' dir='ltr'><strong>tenuit</strong></span> <span class='ocrx_word' id='word_1_369' title='bbox 1328 3138 1658 3198; x_wconf 85' lang='lat' dir='ltr'><strong>perseverat,</strong></span> <span class='ocrx_word' id='word_1_370' title='bbox 1686 3137 1742 3184; x_wconf 92' lang='lat' dir='ltr'><strong>et</strong></span> <span class='ocrx_word' id='word_1_371' title='bbox 1762 3127 1879 3182; x_wconf 77' lang='lat' dir='ltr'><strong>hzec</strong></span> <span class='ocrx_word' id='word_1_372' title='bbox 1906 3125 2181 3197; x_wconf 78' lang='lat' dir='ltr'><strong>longitudo</strong></span> 
     </span>
    </p>
   </div>
   <div class='ocr_carea' id='block_1_48' title="bbox 587 3218 2183 3294">
    <p class='ocr_par' dir='ltr' id='par_1_48' title="bbox 587 3218 2183 3294">
     <span class='ocr_line' id='line_1_49' title="bbox 587 3218 2183 3294; baseline 0.003 -19"><span class='ocrx_word' id='word_1_373' title='bbox 587 3226 704 3275; x_wconf 88' lang='lat' dir='ltr'><strong>est:</strong></span> <span class='ocrx_word' id='word_1_374' title='bbox 754 3218 858 3276; x_wconf 91' lang='lat' dir='ltr'><strong>hoc</strong></span> <span class='ocrx_word' id='word_1_375' title='bbox 883 3229 1060 3277; x_wconf 88' lang='lat' dir='ltr'><strong>autem</strong></span> <span class='ocrx_word' id='word_1_376' title='bbox 1092 3230 1265 3279; x_wconf 90' lang='lat' dir='ltr'><strong>totum</strong></span> <span class='ocrx_word' id='word_1_377' title='bbox 1311 3232 1530 3294; x_wconf 89' lang='lat' dir='ltr'><strong>propter</strong></span> <span class='ocrx_word' id='word_1_378' title='bbox 1573 3222 1973 3292; x_wconf 88' lang='lat' dir='ltr'><strong>adipiscendam</strong></span> <span class='ocrx_word' id='word_1_379' title='bbox 2019 3220 2183 3279; x_wconf 86' lang='lat' dir='ltr'><strong>vitam</strong></span> 
     </span>
    </p>
   </div>
   <div class='ocr_carea' id='block_1_49' title="bbox 586 3309 2185 3386">
    <p class='ocr_par' dir='ltr' id='par_1_49' title="bbox 586 3309 2185 3386">
     <span class='ocr_line' id='line_1_50' title="bbox 586 3309 2185 3386; baseline 0.007 -22"><span class='ocrx_word' id='word_1_380' title='bbox 586 3309 714 3366; x_wconf 81' lang='lat' dir='ltr'><strong>facit</strong></span> <span class='ocrx_word' id='word_1_381' title='bbox 740 3321 1023 3380; x_wconf 67' lang='lat' dir='ltr'><strong>mternam,</strong></span> <span class='ocrx_word' id='word_1_382' title='bbox 1044 3330 1162 3385; x_wconf 71' lang='lat' dir='ltr'><strong>qua:</strong></span> <span class='ocrx_word' id='word_1_383' title='bbox 1187 3316 1264 3370; x_wconf 91' lang='lat' dir='ltr'><strong>illi</strong></span> <span class='ocrx_word' id='word_1_384' title='bbox 1296 3316 1627 3386; x_wconf 89' lang='lat' dir='ltr'><strong>promittitur</strong></span> <span class='ocrx_word' id='word_1_385' title='bbox 1644 3317 1699 3372; x_wconf 91' lang='lat' dir='ltr'><strong>in</strong></span> <span class='ocrx_word' id='word_1_386' title='bbox 1731 3316 1969 3383; x_wconf 85' lang='lat' dir='ltr'><strong>excelso,</strong></span> <span class='ocrx_word' id='word_1_387' title='bbox 1990 3326 2045 3373; x_wconf 92' lang='lat' dir='ltr'><strong>et</strong></span> <span class='ocrx_word' id='word_1_388' title='bbox 2066 3316 2185 3375; x_wconf 84' lang='lat' dir='ltr'><strong>haec</strong></span> 
     </span>
    </p>
   </div>
   <div class='ocr_carea' id='block_1_50' title="bbox 585 3404 2181 3482">
    <p class='ocr_par' dir='ltr' id='par_1_50' title="bbox 585 3404 2181 3482">
     <span class='ocr_line' id='line_1_51' title="bbox 585 3404 2181 3482; baseline 0.004 -24"><span class='ocrx_word' id='word_1_389' title='bbox 585 3404 818 3461; x_wconf 88' lang='lat' dir='ltr'><strong>altitudo</strong></span> <span class='ocrx_word' id='word_1_390' title='bbox 845 3415 950 3463; x_wconf 91' lang='lat' dir='ltr'><strong>est.</strong></span> <span class='ocrx_word' id='word_1_391' title='bbox 993 3408 1189 3464; x_wconf 86' lang='lat' dir='ltr'><strong>Existit</strong></span> <span class='ocrx_word' id='word_1_392' title='bbox 1232 3424 1361 3465; x_wconf 89' lang='lat' dir='ltr'><strong>vero</strong></span> <span class='ocrx_word' id='word_1_393' title='bbox 1411 3424 1476 3464; x_wconf 83' lang='lat' dir='ltr'><strong>ex</strong></span> <span class='ocrx_word' id='word_1_394' title='bbox 1531 3408 1742 3466; x_wconf 93' lang='lat' dir='ltr'><strong>occulto</strong></span> <span class='ocrx_word' id='word_1_395' title='bbox 1787 3410 1893 3465; x_wconf 87' lang='lat' dir='ltr'><strong>ista</strong></span> <span class='ocrx_word' id='word_1_396' title='bbox 1922 3410 2181 3482; x_wconf 88' lang='lat' dir='ltr'><strong>charitas,</strong></span> 
     </span>
    </p>
   </div>
   <div class='ocr_carea' id='block_1_51' title="bbox 586 3492 2185 3569">
    <p class='ocr_par' dir='ltr' id='par_1_51' title="bbox 586 3492 2185 3569">
     <span class='ocr_line' id='line_1_52' title="bbox 586 3492 2185 3569; baseline 0.007 -22"><span class='ocrx_word' id='word_1_397' title='bbox 586 3492 677 3548; x_wconf 91' lang='lat' dir='ltr'><strong>ubi</strong></span> <span class='ocrx_word' id='word_1_398' title='bbox 722 3492 931 3553; x_wconf 80' lang='lat' dir='ltr'><strong>fundati</strong></span> <span class='ocrx_word' id='word_1_399' title='bbox 983 3499 1384 3569; x_wconf 91' lang='lat' dir='ltr'><strong>quodammodo</strong></span> <span class='ocrx_word' id='word_1_400' title='bbox 1414 3510 1468 3556; x_wconf 92' lang='lat' dir='ltr'><strong>et</strong></span> <span class='ocrx_word' id='word_1_401' title='bbox 1525 3500 1745 3555; x_wconf 88' lang='lat' dir='ltr'><strong>radicati</strong></span> <span class='ocrx_word' id='word_1_402' title='bbox 1788 3515 2017 3567; x_wconf 88' lang='lat' dir='ltr'><strong>sumus;</strong></span> <span class='ocrx_word' id='word_1_403' title='bbox 2090 3498 2185 3558; x_wconf 87' lang='lat' dir='ltr'><strong>ubi</strong></span> 
     </span>
    </p>
   </div>
   <div class='ocr_carea' id='block_1_52' title="bbox 585 3590 2183 3664">
    <p class='ocr_par' dir='ltr' id='par_1_52' title="bbox 585 3590 2183 3664">
     <span class='ocr_line' id='line_1_53' title="bbox 585 3590 2183 3664; baseline 0.005 -23"><span class='ocrx_word' id='word_1_404' title='bbox 585 3600 766 3643; x_wconf 68' lang='lat' dir='ltr'><strong>causae</strong></span> <span class='ocrx_word' id='word_1_405' title='bbox 794 3590 1084 3647; x_wconf 83' lang='lat' dir='ltr'><strong>voluntatis</strong></span> <span class='ocrx_word' id='word_1_406' title='bbox 1114 3592 1209 3648; x_wconf 90' lang='lat' dir='ltr'><strong>Dei</strong></span> <span class='ocrx_word' id='word_1_407' title='bbox 1234 3608 1340 3650; x_wconf 90' lang='lat' dir='ltr'><strong>non</strong></span> <span class='ocrx_word' id='word_1_408' title='bbox 1378 3592 1787 3663; x_wconf 90' lang='lat' dir='ltr'><strong>investigantur,</strong></span> <span class='ocrx_word' id='word_1_409' title='bbox 1828 3592 1984 3664; x_wconf 91' lang='lat' dir='ltr'><strong>cujus</strong></span> <span class='ocrx_word' id='word_1_410' title='bbox 2011 3592 2183 3664; x_wconf 85' lang='lat' dir='ltr'><strong>gratia</strong></span> 
     </span>
    </p>
   </div>
   <div class='ocr_carea' id='block_1_53' title="bbox 583 3679 2183 3754">
    <p class='ocr_par' dir='ltr' id='par_1_53' title="bbox 583 3679 2183 3754">
     <span class='ocr_line' id='line_1_54' title="bbox 583 3679 2183 3754; baseline 0.006 -23"><span class='ocrx_word' id='word_1_411' title='bbox 583 3692 773 3733; x_wconf 87' lang='lat' dir='ltr'><strong>sumus</strong></span> <span class='ocrx_word' id='word_1_412' title='bbox 803 3679 936 3734; x_wconf 87' lang='lat' dir='ltr'><strong>salvi</strong></span> <span class='ocrx_word' id='word_1_413' title='bbox 966 3680 1116 3747; x_wconf 88' lang='lat' dir='ltr'><strong>facti,</strong></span> <span class='ocrx_word' id='word_1_414' title='bbox 1148 3698 1255 3737; x_wconf 91' lang='lat' dir='ltr'><strong>non</strong></span> <span class='ocrx_word' id='word_1_415' title='bbox 1286 3699 1353 3737; x_wconf 90' lang='lat' dir='ltr'><strong>ex</strong></span> <span class='ocrx_word' id='word_1_416' title='bbox 1397 3684 1653 3752; x_wconf 89' lang='lat' dir='ltr'><strong>operibus</strong></span> <span class='ocrx_word' id='word_1_417' title='bbox 1677 3682 1900 3753; x_wconf 78' lang='lat' dir='ltr'><strong>justitia:</strong></span> <span class='ocrx_word' id='word_1_418' title='bbox 1938 3699 2057 3754; x_wconf 69' lang='lat' dir='ltr'><strong>quae</strong></span> <span class='ocrx_word' id='word_1_419' title='bbox 2083 3696 2183 3740; x_wconf 85' lang='lat' dir='ltr'><strong>nos</strong></span> 
     </span>
    </p>
   </div>
   <div class='ocr_carea' id='block_1_54' title="bbox 585 3766 2182 3842">
    <p class='ocr_par' dir='ltr' id='par_1_54' title="bbox 585 3766 2182 3842">
     <span class='ocr_line' id='line_1_55' title="bbox 585 3766 2182 3842; baseline 0.007 -22"><span class='ocrx_word' id='word_1_420' title='bbox 585 3766 835 3835; x_wconf 80' lang='lat' dir='ltr'><strong>fecimus,</strong></span> <span class='ocrx_word' id='word_1_421' title='bbox 864 3770 959 3826; x_wconf 88' lang='lat' dir='ltr'><strong>sed</strong></span> <span class='ocrx_word' id='word_1_422' title='bbox 988 3770 1283 3828; x_wconf 89' lang='lat' dir='ltr'><strong>secundum</strong></span> <span class='ocrx_word' id='word_1_423' title='bbox 1315 3773 1434 3842; x_wconf 84' lang='lat' dir='ltr'><strong>ejus</strong></span> <span class='ocrx_word' id='word_1_424' title='bbox 1478 3774 1928 3829; x_wconf 88' lang='lat' dir='ltr'><strong>misericordiam.</strong></span> <span class='ocrx_word' id='word_1_425' title='bbox 1979 3775 2182 3831; x_wconf 87' lang='lat' dir='ltr'><strong>Volun-</strong></span> 
     </span>
    </p>
   </div>
   <div class='ocr_carea' id='block_1_55' title="bbox 585 3860 2184 3933">
    <p class='ocr_par' dir='ltr' id='par_1_55' title="bbox 585 3860 2184 3933">
     <span class='ocr_line' id='line_1_56' title="bbox 585 3860 2184 3933; baseline 0.004 -18"><span class='ocrx_word' id='word_1_426' title='bbox 585 3860 720 3916; x_wconf 89' lang='lat' dir='ltr'><strong>tarie</strong></span> <span class='ocrx_word' id='word_1_427' title='bbox 767 3860 967 3933; x_wconf 86' lang='lat' dir='ltr'><strong>auippe</strong></span> <span class='ocrx_word' id='word_1_428' title='bbox 1012 3864 1199 3932; x_wconf 91' lang='lat' dir='ltr'><strong>genuit</strong></span> <span class='ocrx_word' id='word_1_429' title='bbox 1241 3879 1339 3920; x_wconf 89' lang='lat' dir='ltr'><strong>nos</strong></span> <span class='ocrx_word' id='word_1_430' title='bbox 1382 3866 1547 3921; x_wconf 87' lang='lat' dir='ltr'><strong>verbo</strong></span> <span class='ocrx_word' id='word_1_431' title='bbox 1576 3864 1841 3931; x_wconf 87' lang='lat' dir='ltr'><strong>veritatis,</strong></span> <span class='ocrx_word' id='word_1_432' title='bbox 1863 3874 1916 3921; x_wconf 91' lang='lat' dir='ltr'><strong>et</strong></span> <span class='ocrx_word' id='word_1_433' title='bbox 1945 3866 2061 3920; x_wconf 80' lang='lat' dir='ltr'><strong>haec</strong></span> <span class='ocrx_word' id='word_1_434' title='bbox 2088 3882 2184 3922; x_wconf 89' lang='lat' dir='ltr'><strong>vo-</strong></span> 
     </span>
    </p>
   </div>
   <div class='ocr_carea' id='block_1_56' title="bbox 583 3950 2182 4026">
    <p class='ocr_par' dir='ltr' id='par_1_56' title="bbox 583 3950 2182 4026">
     <span class='ocr_line' id='line_1_57' title="bbox 583 3950 2182 4026; baseline 0.003 -19"><span class='ocrx_word' id='word_1_435' title='bbox 583 3950 762 4009; x_wconf 88' lang='lat' dir='ltr'><strong>luntas</strong></span> <span class='ocrx_word' id='word_1_436' title='bbox 788 3969 905 4024; x_wconf 78' lang='lat' dir='ltr'><strong>ejus</strong></span> <span class='ocrx_word' id='word_1_437' title='bbox 932 3953 984 4009; x_wconf 92' lang='lat' dir='ltr'><strong>in</strong></span> <span class='ocrx_word' id='word_1_438' title='bbox 1016 3954 1199 4011; x_wconf 90' lang='lat' dir='ltr'><strong>abdito</strong></span> <span class='ocrx_word' id='word_1_439' title='bbox 1228 3963 1334 4023; x_wconf 90' lang='lat' dir='ltr'><strong>est,</strong></span> <span class='ocrx_word' id='word_1_440' title='bbox 1358 3955 1513 4026; x_wconf 86' lang='lat' dir='ltr'><strong>cujus</strong></span> <span class='ocrx_word' id='word_1_441' title='bbox 1536 3956 1732 4012; x_wconf 90' lang='lat' dir='ltr'><strong>secreti</strong></span> <span class='ocrx_word' id='word_1_442' title='bbox 1761 3952 2182 4026; x_wconf 81' lang='lat' dir='ltr'><strong>profunditatem</strong></span> 
     </span>
    </p>
   </div>
   <div class='ocr_carea' id='block_1_57' title="bbox 583 4048 2182 4122">
    <p class='ocr_par' dir='ltr' id='par_1_57' title="bbox 583 4048 2182 4122">
     <span class='ocr_line' id='line_1_58' title="bbox 583 4048 2182 4122; baseline 0.003 -20"><span class='ocrx_word' id='word_1_443' title='bbox 583 4048 984 4116; x_wconf 91' lang='lat' dir='ltr'><strong>quodammodo</strong></span> <span class='ocrx_word' id='word_1_444' title='bbox 1012 4065 1378 4121; x_wconf 87' lang='lat' dir='ltr'><strong>expavescens</strong></span> <span class='ocrx_word' id='word_1_445' title='bbox 1399 4051 1696 4122; x_wconf 85' lang='lat' dir='ltr'><strong>Apostolus</strong></span> <span class='ocrx_word' id='word_1_446' title='bbox 1722 4052 1956 4109; x_wconf 88' lang='lat' dir='ltr'><strong>clamat:</strong></span> <span class='ocrx_word' id='word_1_447' title='bbox 1987 4052 2031 4108; x_wconf 95' lang='lat'><strong>0</strong></span> <span class='ocrx_word' id='word_1_448' title='bbox 2059 4052 2182 4107; x_wconf 91' lang='lat' dir='ltr'><strong>alti-</strong></span> 
     </span>
    </p>
   </div>
   <div class='ocr_carea' id='block_1_58' title="bbox 582 4140 2182 4223">
    <p class='ocr_par' dir='ltr' id='par_1_58' title="bbox 582 4140 2182 4223">
     <span class='ocr_line' id='line_1_59' title="bbox 582 4140 2182 4223; baseline 0.002 -27"><span class='ocrx_word' id='word_1_449' title='bbox 582 4140 714 4198; x_wconf 91' lang='lat' dir='ltr'><strong>tudo</strong></span> <span class='ocrx_word' id='word_1_450' title='bbox 740 4142 1053 4198; x_wconf 88' lang='lat' dir='ltr'><strong>divitiarum</strong></span> <span class='ocrx_word' id='word_1_451' title='bbox 1087 4144 1367 4213; x_wconf 74' lang='lat' dir='ltr'><strong>sapientia:</strong></span> <span class='ocrx_word' id='word_1_452' title='bbox 1395 4155 1451 4223; x_wconf 89' lang='lat' dir='ltr'><strong>et</strong></span> <span class='ocrx_word' id='word_1_453' title='bbox 1479 4146 1718 4202; x_wconf 78' lang='lat' dir='ltr'><strong>scientia:</strong></span> <span class='ocrx_word' id='word_1_454' title='bbox 1745 4145 1841 4201; x_wconf 92' lang='lat' dir='ltr'><strong>Dei</strong></span> <span class='ocrx_word' id='word_1_455' title='bbox 1867 4146 1879 4199; x_wconf 91' lang='lat'><strong>!</strong></span> <span class='ocrx_word' id='word_1_456' title='bbox 1911 4160 2068 4214; x_wconf 89' lang='lat' dir='ltr'><strong>quam</strong></span> <span class='ocrx_word' id='word_1_457' title='bbox 2098 4146 2182 4199; x_wconf 91' lang='lat' dir='ltr'><strong>in-</strong></span> 
     </span>
    </p>
   </div>
   <div class='ocr_carea' id='block_1_59' title="bbox 580 4235 2183 4309">
    <p class='ocr_par' dir='ltr' id='par_1_59' title="bbox 580 4235 2183 4309">
     <span class='ocr_line' id='line_1_60' title="bbox 580 4235 2183 4309; baseline 0.001 -20"><span class='ocrx_word' id='word_1_458' title='bbox 580 4236 897 4293; x_wconf 86' lang='lat' dir='ltr'><strong>scrutabilia</strong></span> <span class='ocrx_word' id='word_1_459' title='bbox 928 4243 1056 4292; x_wconf 91' lang='lat' dir='ltr'><strong>sunt</strong></span> <span class='ocrx_word' id='word_1_460' title='bbox 1086 4235 1289 4307; x_wconf 89' lang='lat' dir='ltr'><strong>judicia</strong></span> <span class='ocrx_word' id='word_1_461' title='bbox 1331 4238 1483 4308; x_wconf 92' lang='lat' dir='ltr'><strong>ejus,</strong></span> <span class='ocrx_word' id='word_1_462' title='bbox 1530 4247 1585 4294; x_wconf 92' lang='lat' dir='ltr'><strong>et</strong></span> <span class='ocrx_word' id='word_1_463' title='bbox 1633 4238 2037 4309; x_wconf 87' lang='lat' dir='ltr'><strong>iuvestigabiies</strong></span> <span class='ocrx_word' id='word_1_464' title='bbox 2080 4237 2183 4303; x_wconf 63' lang='lat' dir='ltr'><strong>vim</strong></span> 
     </span>
    </p>
   </div>
   <div class='ocr_carea' id='block_1_60' title="bbox 580 4316 2181 4401">
    <p class='ocr_par' dir='ltr' id='par_1_60' title="bbox 580 4316 2181 4401">
     <span class='ocr_line' id='line_1_61' title="bbox 580 4316 2181 4401; baseline 0.002 -20"><span class='ocrx_word' id='word_1_465' title='bbox 580 4324 732 4395; x_wconf 90' lang='lat' dir='ltr'><strong>ejus!</strong></span> <span class='ocrx_word' id='word_1_466' title='bbox 758 4329 892 4395; x_wconf 83' lang='lat' dir='ltr'><strong>Quis</strong></span> <span class='ocrx_word' id='word_1_467' title='bbox 920 4330 1064 4385; x_wconf 89' lang='lat' dir='ltr'><strong>enim</strong></span> <span class='ocrx_word' id='word_1_468' title='bbox 1091 4330 1344 4401; x_wconf 77' lang='lat' dir='ltr'><strong>cognovit</strong></span> <span class='ocrx_word' id='word_1_469' title='bbox 1364 4345 1582 4387; x_wconf 90' lang='lat' dir='ltr'><strong>sensum</strong></span> <span class='ocrx_word' id='word_1_470' title='bbox 1608 4316 1865 4386; x_wconf 81' lang='lat' dir='ltr'><strong>Domini?</strong></span> <span class='ocrx_word' id='word_1_471' title='bbox 1892 4338 1947 4386; x_wconf 91' lang='lat' dir='ltr'><strong>et</strong></span> <span class='ocrx_word' id='word_1_472' title='bbox 1970 4330 2072 4385; x_wconf 91' lang='lat' dir='ltr'><strong>hoc</strong></span> <span class='ocrx_word' id='word_1_473' title='bbox 2096 4338 2181 4385; x_wconf 81' lang='lat' dir='ltr'><strong>est</strong></span> 
     </span>
    </p>
   </div>
   <div class='ocr_carea' id='block_1_61' title="bbox 583 4417 2179 4491">
    <p class='ocr_par' dir='ltr' id='par_1_61' title="bbox 583 4417 2179 4491">
     <span class='ocr_line' id='line_1_62' title="bbox 583 4417 2179 4491; baseline 0.003 -19"><span class='ocrx_word' id='word_1_474' title='bbox 583 4417 930 4487; x_wconf 90' lang='lat' dir='ltr'><strong>profundum.</strong></span> <span class='ocrx_word' id='word_1_475' title='bbox 953 4420 1198 4477; x_wconf 84' lang='lat' dir='ltr'><strong>Altitudo</strong></span> <span class='ocrx_word' id='word_1_476' title='bbox 1218 4420 1418 4491; x_wconf 87' lang='lat' dir='ltr'><strong>quippe</strong></span> <span class='ocrx_word' id='word_1_477' title='bbox 1445 4435 1733 4479; x_wconf 88' lang='lat' dir='ltr'><strong>commune</strong></span> <span class='ocrx_word' id='word_1_478' title='bbox 1762 4436 1962 4478; x_wconf 87' lang='lat' dir='ltr'><strong>nomen</strong></span> <span class='ocrx_word' id='word_1_479' title='bbox 1982 4431 2064 4478; x_wconf 89' lang='lat' dir='ltr'><strong>est</strong></span> <span class='ocrx_word' id='word_1_480' title='bbox 2084 4437 2179 4478; x_wconf 81' lang='lat' dir='ltr'><strong>ex-</strong></span> 
     </span>
    </p>
   </div>
   <div class='ocr_carea' id='block_1_62' title="bbox 585 4509 2173 4583">
    <p class='ocr_par' dir='ltr' id='par_1_62' title="bbox 585 4509 2173 4583">
     <span class='ocr_line' id='line_1_63' title="bbox 585 4509 2173 4583; baseline 0.004 -19"><span class='ocrx_word' id='word_1_481' title='bbox 585 4509 734 4565; x_wconf 89' lang='lat' dir='ltr'><strong>celso</strong></span> <span class='ocrx_word' id='word_1_482' title='bbox 762 4520 818 4567; x_wconf 90' lang='lat' dir='ltr'><strong>et</strong></span> <span class='ocrx_word' id='word_1_483' title='bbox 847 4512 1138 4583; x_wconf 83' lang='lat' dir='ltr'><strong>profundo,</strong></span> <span class='ocrx_word' id='word_1_484' title='bbox 1168 4513 1266 4570; x_wconf 82' lang='lat' dir='ltr'><strong>sed</strong></span> <span class='ocrx_word' id='word_1_485' title='bbox 1293 4528 1417 4571; x_wconf 91' lang='lat' dir='ltr'><strong>cum</strong></span> <span class='ocrx_word' id='word_1_486' title='bbox 1445 4515 1500 4571; x_wconf 91' lang='lat' dir='ltr'><strong>in</strong></span> <span class='ocrx_word' id='word_1_487' title='bbox 1522 4515 1737 4572; x_wconf 83' lang='lat' dir='ltr'><strong>excelso</strong></span> <span class='ocrx_word' id='word_1_488' title='bbox 1766 4514 1983 4583; x_wconf 88' lang='lat' dir='ltr'><strong>dicitur,</strong></span> <span class='ocrx_word' id='word_1_489' title='bbox 2005 4514 2173 4571; x_wconf 88' lang='lat' dir='ltr'><strong>subli-</strong></span> 
     </span>
    </p>
   </div>
   <div class='ocr_carea' id='block_1_63' title="bbox 580 4603 2170 4679">
    <p class='ocr_par' dir='ltr' id='par_1_63' title="bbox 580 4603 2170 4679">
     <span class='ocr_line' id='line_1_64' title="bbox 580 4603 2170 4679; baseline 0.004 -20"><span class='ocrx_word' id='word_1_490' title='bbox 580 4603 785 4660; x_wconf 86' lang='lat' dir='ltr'><strong>mitatis</strong></span> <span class='ocrx_word' id='word_1_491' title='bbox 814 4605 1104 4664; x_wconf 84' lang='lat' dir='ltr'><strong>eminentia</strong></span> <span class='ocrx_word' id='word_1_492' title='bbox 1133 4608 1577 4675; x_wconf 84' lang='lat' dir='ltr'><strong>commendatur;</strong></span> <span class='ocrx_word' id='word_1_493' title='bbox 1609 4624 1731 4665; x_wconf 77' lang='lat' dir='ltr'><strong>cum</strong></span> <span class='ocrx_word' id='word_1_494' title='bbox 1762 4619 1941 4664; x_wconf 87' lang='lat' dir='ltr'><strong>autem</strong></span> <span class='ocrx_word' id='word_1_495' title='bbox 1967 4608 2020 4663; x_wconf 93' lang='lat' dir='ltr'><strong>in</strong></span> <span class='ocrx_word' id='word_1_496' title='bbox 2043 4623 2170 4679; x_wconf 85' lang='lat' dir='ltr'><strong>pro-</strong></span> 
     </span>
    </p>
   </div>
   <div class='ocr_carea' id='block_1_64' title="bbox 578 4690 2170 4773">
    <p class='ocr_par' dir='ltr' id='par_1_64' title="bbox 578 4690 2170 4773">
     <span class='ocr_line' id='line_1_65' title="bbox 578 4690 2170 4773; baseline 0.005 -25"><span class='ocrx_word' id='word_1_497' title='bbox 578 4690 769 4760; x_wconf 87' lang='lat' dir='ltr'><strong>fundo,</strong></span> <span class='ocrx_word' id='word_1_498' title='bbox 796 4695 1084 4753; x_wconf 77' lang='lat' dir='ltr'><strong>difﬁcultas</strong></span> <span class='ocrx_word' id='word_1_499' title='bbox 1110 4696 1538 4773; x_wconf 78' lang='lat' dir='ltr'><strong>investigationis</strong></span> <span class='ocrx_word' id='word_1_500' title='bbox 1566 4706 1623 4756; x_wconf 90' lang='lat' dir='ltr'><strong>et</strong></span> <span class='ocrx_word' id='word_1_501' title='bbox 1645 4699 1987 4770; x_wconf 83' lang='lat' dir='ltr'><strong>cognitionis.</strong></span> <span class='ocrx_word' id='word_1_502' title='bbox 2014 4698 2170 4756; x_wconf 84' lang='lat' dir='ltr'><strong>Unde</strong></span> 
     </span>
    </p>
   </div>
   <div class='ocr_carea' id='block_1_65' title="bbox 2301 1917 3799 1994">
    <p class='ocr_par' dir='ltr' id='par_1_65' title="bbox 2301 1917 3799 1994">
     <span class='ocr_line' id='line_1_66' title="bbox 2301 1917 3799 1994; baseline 0.004 -23"><span class='ocrx_word' id='word_1_503' title='bbox 2301 1929 2408 1971; x_wconf 89' lang='lat' dir='ltr'><strong>non</strong></span> <span class='ocrx_word' id='word_1_504' title='bbox 2437 1917 2781 1986; x_wconf 77' lang='lat' dir='ltr'><strong>accepimus?</strong></span> <span class='ocrx_word' id='word_1_505' title='bbox 2804 1917 3006 1975; x_wconf 86' lang='lat' dir='ltr'><strong>Deinde</strong></span> <span class='ocrx_word' id='word_1_506' title='bbox 3036 1920 3277 1990; x_wconf 85' lang='lat' dir='ltr'><strong>sequitur</strong></span> <span class='ocrx_word' id='word_1_507' title='bbox 3301 1931 3357 1977; x_wconf 91' lang='lat' dir='ltr'><strong>et</strong></span> <span class='ocrx_word' id='word_1_508' title='bbox 3377 1922 3507 1992; x_wconf 87' lang='lat' dir='ltr'><strong>quid</strong></span> <span class='ocrx_word' id='word_1_509' title='bbox 3529 1925 3799 1994; x_wconf 78' lang='lat' dir='ltr'><strong>Opleladjun-</strong></span> 
     </span>
    </p>
   </div>
   <div class='ocr_carea' id='block_1_66' title="bbox 2296 2007 3797 2081">
    <p class='ocr_par' dir='ltr' id='par_1_66' title="bbox 2296 2007 3797 2081">
     <span class='ocr_line' id='line_1_67' title="bbox 2296 2007 3797 2081; baseline 0.003 -19"><span class='ocrx_word' id='word_1_510' title='bbox 2296 2007 2402 2079; x_wconf 87' lang='lat' dir='ltr'><strong>git:</strong></span> <span class='ocrx_word' id='word_1_511' title='bbox 2449 2007 2503 2063; x_wconf 93' lang='lat' dir='ltr'><strong>ln</strong></span> <span class='ocrx_word' id='word_1_512' title='bbox 2527 2007 2807 2076; x_wconf 90' lang='lat' dir='ltr'><strong>interiore,</strong></span> <span class='ocrx_word' id='word_1_513' title='bbox 2841 2010 3035 2081; x_wconf 91' lang='lat' dir='ltr'><strong>inquit,</strong></span> <span class='ocrx_word' id='word_1_514' title='bbox 3066 2012 3284 2069; x_wconf 88' lang='lat' dir='ltr'><strong>homine</strong></span> <span class='ocrx_word' id='word_1_515' title='bbox 3310 2012 3549 2071; x_wconf 84' lang='lat' dir='ltr'><strong>habitare</strong></span> <span class='ocrx_word' id='word_1_516' title='bbox 3577 2016 3797 2081; x_wconf 81' lang='lat' dir='ltr'><strong>Christum,</strong></span> 
     </span>
    </p>
   </div>
   <div class='ocr_carea' id='block_1_67' title="bbox 2295 2097 3801 2172">
    <p class='ocr_par' dir='ltr' id='par_1_67' title="bbox 2295 2097 3801 2172">
     <span class='ocr_line' id='line_1_68' title="bbox 2295 2097 3801 2172; baseline 0.005 -17"><span class='ocrx_word' id='word_1_517' title='bbox 2295 2110 2394 2169; x_wconf 87' lang='lat' dir='ltr'><strong>per</strong></span> <span class='ocrx_word' id='word_1_518' title='bbox 2423 2097 2583 2155; x_wconf 85' lang='lat' dir='ltr'><strong>ﬁdem</strong></span> <span class='ocrx_word' id='word_1_519' title='bbox 2614 2100 2669 2156; x_wconf 91' lang='lat' dir='ltr'><strong>in</strong></span> <span class='ocrx_word' id='word_1_520' title='bbox 2699 2099 2951 2158; x_wconf 88' lang='lat' dir='ltr'><strong>cordibus</strong></span> <span class='ocrx_word' id='word_1_521' title='bbox 2979 2103 3169 2159; x_wconf 79' lang='lat' dir='ltr'><strong>veStris</strong></span> <span class='ocrx_word' id='word_1_522' title='bbox 3198 2122 3213 2172; x_wconf 90' lang='lat'><strong>;</strong></span> <span class='ocrx_word' id='word_1_523' title='bbox 3251 2105 3367 2161; x_wconf 76' lang='lat' dir='ltr'><strong>haec</strong></span> <span class='ocrx_word' id='word_1_524' title='bbox 3394 2114 3476 2163; x_wconf 88' lang='lat' dir='ltr'><strong>est</strong></span> <span class='ocrx_word' id='word_1_525' title='bbox 3503 2109 3590 2163; x_wconf 85' lang='lat' dir='ltr'><strong>vita</strong></span> <span class='ocrx_word' id='word_1_526' title='bbox 3616 2107 3801 2163; x_wconf 86' lang='lat' dir='ltr'><strong>cordiutn</strong></span> 
     </span>
    </p>
   </div>
   <div class='ocr_carea' id='block_1_68' title="bbox 2294 2188 3803 2267">
    <p class='ocr_par' dir='ltr' id='par_1_68' title="bbox 2294 2188 3803 2267">
     <span class='ocr_line' id='line_1_69' title="bbox 2294 2188 3803 2267; baseline 0.007 -24"><span class='ocrx_word' id='word_1_527' title='bbox 2294 2203 2398 2259; x_wconf 88' lang='lat' dir='ltr'><strong>qua</strong></span> <span class='ocrx_word' id='word_1_528' title='bbox 2430 2188 2658 2246; x_wconf 89' lang='lat' dir='ltr'><strong>vivimus</strong></span> <span class='ocrx_word' id='word_1_529' title='bbox 2688 2191 2742 2247; x_wconf 92' lang='lat' dir='ltr'><strong>in</strong></span> <span class='ocrx_word' id='word_1_530' title='bbox 2771 2193 3026 2249; x_wconf 69' lang='lat' dir='ltr'><strong>saeculum</strong></span> <span class='ocrx_word' id='word_1_531' title='bbox 3055 2195 3263 2263; x_wconf 82' lang='lat' dir='ltr'><strong>saeculi,</strong></span> <span class='ocrx_word' id='word_1_532' title='bbox 3296 2195 3361 2252; x_wconf 87' lang='lat' dir='ltr'><strong>ab</strong></span> <span class='ocrx_word' id='word_1_533' title='bbox 3382 2194 3521 2253; x_wconf 86' lang='lat' dir='ltr'><strong>initio</strong></span> <span class='ocrx_word' id='word_1_534' title='bbox 3544 2198 3653 2253; x_wconf 80' lang='lat' dir='ltr'><strong>ﬁdei</strong></span> <span class='ocrx_word' id='word_1_535' title='bbox 3668 2212 3803 2267; x_wconf 84' lang='lat' dir='ltr'><strong>usque</strong></span> 
     </span>
    </p>
   </div>
   <div class='ocr_carea' id='block_1_69' title="bbox 2294 2280 3805 2360">
    <p class='ocr_par' dir='ltr' id='par_1_69' title="bbox 2294 2280 3805 2360">
     <span class='ocr_line' id='line_1_70' title="bbox 2294 2280 3805 2360; baseline 0.006 -25"><span class='ocrx_word' id='word_1_536' title='bbox 2294 2281 2361 2335; x_wconf 89' lang='lat' dir='ltr'><strong>ad</strong></span> <span class='ocrx_word' id='word_1_537' title='bbox 2392 2280 2552 2339; x_wconf 86' lang='lat' dir='ltr'><strong>linem</strong></span> <span class='ocrx_word' id='word_1_538' title='bbox 2584 2284 2814 2355; x_wconf 88' lang='lat' dir='ltr'><strong>speciei:</strong></span> <span class='ocrx_word' id='word_1_539' title='bbox 2844 2294 2902 2341; x_wconf 91' lang='lat' dir='ltr'><strong>ut</strong></span> <span class='ocrx_word' id='word_1_540' title='bbox 2927 2287 2981 2341; x_wconf 92' lang='lat' dir='ltr'><strong>in</strong></span> <span class='ocrx_word' id='word_1_541' title='bbox 3012 2287 3291 2353; x_wconf 87' lang='lat' dir='ltr'><strong>charitate,</strong></span> <span class='ocrx_word' id='word_1_542' title='bbox 3320 2290 3504 2360; x_wconf 88' lang='lat' dir='ltr'><strong>inquit,</strong></span> <span class='ocrx_word' id='word_1_543' title='bbox 3542 2289 3732 2344; x_wconf 84' lang='lat' dir='ltr'><strong>radicati</strong></span> <span class='ocrx_word' id='word_1_544' title='bbox 3754 2297 3805 2346; x_wconf 92' lang='lat' dir='ltr'><strong>et</strong></span> 
     </span>
    </p>
   </div>
   <div class='ocr_carea' id='block_1_70' title="bbox 2294 2374 3802 2452">
    <p class='ocr_par' dir='ltr' id='par_1_70' title="bbox 2294 2374 3802 2452">
     <span class='ocr_line' id='line_1_71' title="bbox 2294 2374 3802 2452; baseline 0.007 -23"><span class='ocrx_word' id='word_1_545' title='bbox 2294 2374 2524 2445; x_wconf 77' lang='lat' dir='ltr'><strong>fundati,</strong></span> <span class='ocrx_word' id='word_1_546' title='bbox 2567 2374 2904 2446; x_wconf 61' lang='lat' dir='ltr'><strong>praevaleatis</strong></span> <span class='ocrx_word' id='word_1_547' title='bbox 2953 2380 3403 2452; x_wconf 86' lang='lat' dir='ltr'><strong>comprehendere</strong></span> <span class='ocrx_word' id='word_1_548' title='bbox 3446 2399 3555 2439; x_wconf 89' lang='lat' dir='ltr'><strong>cum</strong></span> <span class='ocrx_word' id='word_1_549' title='bbox 3596 2383 3802 2439; x_wconf 84' lang='lat' dir='ltr'><strong>omnibus</strong></span> 
     </span>
    </p>
   </div>
   <div class='ocr_carea' id='block_1_71' title="bbox 2292 2466 3798 2544">
    <p class='ocr_par' dir='ltr' id='par_1_71' title="bbox 2292 2466 3798 2544">
     <span class='ocr_line' id='line_1_72' title="bbox 2292 2466 3798 2544; baseline 0.005 -20"><span class='ocrx_word' id='word_1_550' title='bbox 2292 2467 2517 2524; x_wconf 90' lang='lat' dir='ltr'><strong>sanctis.</strong></span> <span class='ocrx_word' id='word_1_551' title='bbox 2554 2466 2659 2525; x_wconf 84' lang='lat' dir='ltr'><strong>ista</strong></span> <span class='ocrx_word' id='word_1_552' title='bbox 2702 2479 2785 2525; x_wconf 93' lang='lat' dir='ltr'><strong>est</strong></span> <span class='ocrx_word' id='word_1_553' title='bbox 2823 2473 3131 2528; x_wconf 90' lang='lat' dir='ltr'><strong>communio</strong></span> <span class='ocrx_word' id='word_1_554' title='bbox 3157 2472 3430 2544; x_wconf 85' lang='lat' dir='ltr'><strong>cujusdam</strong></span> <span class='ocrx_word' id='word_1_555' title='bbox 3462 2474 3629 2531; x_wconf 70' lang='lat' dir='ltr'><strong>divinae</strong></span> <span class='ocrx_word' id='word_1_556' title='bbox 3654 2474 3798 2531; x_wconf 69' lang='lat' dir='ltr'><strong>caeles-</strong></span> 
     </span>
    </p>
   </div>
   <div class='ocr_carea' id='block_1_72' title="bbox 2295 2561 3791 2638">
    <p class='ocr_par' dir='ltr' id='par_1_72' title="bbox 2295 2561 3791 2638">
     <span class='ocr_line' id='line_1_73' title="bbox 2295 2561 3791 2638; baseline 0.004 -24"><span class='ocrx_word' id='word_1_557' title='bbox 2295 2561 2473 2632; x_wconf 89' lang='lat' dir='ltr'><strong>tisque</strong></span> <span class='ocrx_word' id='word_1_558' title='bbox 2499 2561 2831 2633; x_wconf 77' lang='lat' dir='ltr'><strong>reipublicm,</strong></span> <span class='ocrx_word' id='word_1_559' title='bbox 2862 2562 2988 2620; x_wconf 86' lang='lat' dir='ltr'><strong>hinc</strong></span> <span class='ocrx_word' id='word_1_560' title='bbox 3009 2576 3320 2622; x_wconf 90' lang='lat' dir='ltr'><strong>saturantur</strong></span> <span class='ocrx_word' id='word_1_561' title='bbox 3344 2582 3605 2638; x_wconf 88' lang='lat' dir='ltr'><strong>pauperes,</strong></span> <span class='ocrx_word' id='word_1_562' title='bbox 3626 2584 3707 2622; x_wconf 91' lang='lat' dir='ltr'><strong>non</strong></span> <span class='ocrx_word' id='word_1_563' title='bbox 3729 2582 3791 2621; x_wconf 78' lang='lat' dir='ltr'><strong>sua</strong></span> 
     </span>
    </p>
   </div>
   <div class='ocr_carea' id='block_1_73' title="bbox 2291 2650 3788 2729">
    <p class='ocr_par' dir='ltr' id='par_1_73' title="bbox 2291 2650 3788 2729">
     <span class='ocr_line' id='line_1_74' title="bbox 2291 2650 3788 2729; baseline 0.002 -19"><span class='ocrx_word' id='word_1_564' title='bbox 2291 2662 2616 2727; x_wconf 65' lang='lat' dir='ltr'><strong>quaerentes,</strong></span> <span class='ocrx_word' id='word_1_565' title='bbox 2641 2650 2736 2712; x_wconf 85' lang='lat' dir='ltr'><strong>sed</strong></span> <span class='ocrx_word' id='word_1_566' title='bbox 2767 2670 2888 2727; x_wconf 71' lang='lat' dir='ltr'><strong>quae</strong></span> <span class='ocrx_word' id='word_1_567' title='bbox 2907 2656 3035 2713; x_wconf 84' lang='lat' dir='ltr'><strong>Jesu</strong></span> <span class='ocrx_word' id='word_1_568' title='bbox 3062 2656 3283 2729; x_wconf 87' lang='lat' dir='ltr'><strong>Christi,</strong></span> <span class='ocrx_word' id='word_1_569' title='bbox 3315 2658 3368 2714; x_wconf 95' lang='lat' dir='ltr'><strong>id</strong></span> <span class='ocrx_word' id='word_1_570' title='bbox 3398 2669 3601 2716; x_wconf 91' lang='lat' dir='ltr'><strong>estnon</strong></span> <span class='ocrx_word' id='word_1_571' title='bbox 3623 2672 3788 2716; x_wconf 84' lang='lat' dir='ltr'><strong>commo-</strong></span> 
     </span>
    </p>
   </div>
   <div class='ocr_carea' id='block_1_74' title="bbox 2292 2748 3781 2818">
    <p class='ocr_par' dir='ltr' id='par_1_74' title="bbox 2292 2748 3781 2818">
     <span class='ocr_line' id='line_1_75' title="bbox 2292 2748 3781 2818; baseline 0 -15"><span class='ocrx_word' id='word_1_572' title='bbox 2292 2748 2360 2803; x_wconf 93' lang='lat' dir='ltr'><strong>da</strong></span> <span class='ocrx_word' id='word_1_573' title='bbox 2384 2748 2591 2818; x_wconf 89' lang='lat' dir='ltr'><strong>privata</strong></span> <span class='ocrx_word' id='word_1_574' title='bbox 2614 2758 2907 2817; x_wconf 88' lang='lat' dir='ltr'><strong>sectantes,</strong></span> <span class='ocrx_word' id='word_1_575' title='bbox 2952 2751 3046 2807; x_wconf 90' lang='lat' dir='ltr'><strong>sed</strong></span> <span class='ocrx_word' id='word_1_576' title='bbox 3074 2752 3127 2808; x_wconf 92' lang='lat' dir='ltr'><strong>in</strong></span> <span class='ocrx_word' id='word_1_577' title='bbox 3157 2766 3454 2810; x_wconf 90' lang='lat' dir='ltr'><strong>commune</strong></span> <span class='ocrx_word' id='word_1_578' title='bbox 3485 2754 3560 2809; x_wconf 88' lang='lat' dir='ltr'><strong>ubi</strong></span> <span class='ocrx_word' id='word_1_579' title='bbox 3582 2754 3685 2808; x_wconf 82' lang='lat' dir='ltr'><strong>salus</strong></span> <span class='ocrx_word' id='word_1_580' title='bbox 3704 2766 3781 2804; x_wconf 81' lang='lat' dir='ltr'><strong>om-</strong></span> 
     </span>
    </p>
   </div>
   <div class='ocr_carea' id='block_1_75' title="bbox 2294 2840 3769 2919">
    <p class='ocr_par' dir='ltr' id='par_1_75' title="bbox 2294 2840 3769 2919">
     <span class='ocr_line' id='line_1_76' title="bbox 2294 2840 3769 2919; baseline -0.001 -23"><span class='ocrx_word' id='word_1_581' title='bbox 2294 2840 2441 2896; x_wconf 91' lang='lat' dir='ltr'><strong>nium</strong></span> <span class='ocrx_word' id='word_1_582' title='bbox 2472 2849 2556 2898; x_wconf 88' lang='lat' dir='ltr'><strong>est</strong></span> <span class='ocrx_word' id='word_1_583' title='bbox 2579 2842 2947 2900; x_wconf 90' lang='lat' dir='ltr'><strong>consulentes.</strong></span> <span class='ocrx_word' id='word_1_584' title='bbox 2981 2843 3114 2900; x_wconf 85' lang='lat' dir='ltr'><strong>Nam</strong></span> <span class='ocrx_word' id='word_1_585' title='bbox 3156 2845 3224 2901; x_wconf 85' lang='lat' dir='ltr'><strong>de</strong></span> <span class='ocrx_word' id='word_1_586' title='bbox 3263 2844 3387 2916; x_wconf 90' lang='lat' dir='ltr'><strong>ipso</strong></span> <span class='ocrx_word' id='word_1_587' title='bbox 3422 2863 3548 2919; x_wconf 80' lang='lat' dir='ltr'><strong>parte</strong></span> <span class='ocrx_word' id='word_1_588' title='bbox 3578 2861 3649 2916; x_wconf 85' lang='lat' dir='ltr'><strong>quo</strong></span> <span class='ocrx_word' id='word_1_589' title='bbox 3680 2844 3769 2897; x_wconf 76' lang='lat' dir='ltr'><strong>tales</strong></span> 
     </span>
    </p>
   </div>
   <div class='ocr_carea' id='block_1_76' title="bbox 2292 2935 3773 3008">
    <p class='ocr_par' dir='ltr' id='par_1_76' title="bbox 2292 2935 3773 3008">
     <span class='ocr_line' id='line_1_77' title="bbox 2292 2935 3773 3008; baseline 0.001 -20"><span class='ocrx_word' id='word_1_590' title='bbox 2292 2941 2625 3005; x_wconf 86' lang='lat' dir='ltr'><strong>saturantur,</strong></span> <span class='ocrx_word' id='word_1_591' title='bbox 2658 2935 2893 3006; x_wconf 91' lang='lat' dir='ltr'><strong>quodam</strong></span> <span class='ocrx_word' id='word_1_592' title='bbox 2926 2936 3048 2992; x_wconf 92' lang='lat' dir='ltr'><strong>loco</strong></span> <span class='ocrx_word' id='word_1_593' title='bbox 3078 2938 3374 3008; x_wconf 79' lang='lat' dir='ltr'><strong>Apostolus</strong></span> <span class='ocrx_word' id='word_1_594' title='bbox 3410 2936 3560 2996; x_wconf 90' lang='lat' dir='ltr'><strong>dicit:</strong></span> <span class='ocrx_word' id='word_1_595' title='bbox 3590 2935 3773 3003; x_wconf 61' lang='lat' dir='ltr'><strong>Unuspr</strong></span> 
     </span>
    </p>
   </div>
   <div class='ocr_carea' id='block_1_77' title="bbox 2292 3024 3782 3102">
    <p class='ocr_par' dir='ltr' id='par_1_77' title="bbox 2292 3024 3782 3102">
     <span class='ocr_line' id='line_1_78' title="bbox 2292 3024 3782 3102; baseline -0.001 -21"><span class='ocrx_word' id='word_1_596' title='bbox 2292 3024 2401 3095; x_wconf 88' lang='lat' dir='ltr'><strong>nis,</strong></span> <span class='ocrx_word' id='word_1_597' title='bbox 2438 3042 2603 3083; x_wconf 90' lang='lat' dir='ltr'><strong>unum</strong></span> <span class='ocrx_word' id='word_1_598' title='bbox 2649 3042 2846 3099; x_wconf 92' lang='lat' dir='ltr'><strong>corpus</strong></span> <span class='ocrx_word' id='word_1_599' title='bbox 2891 3028 3046 3085; x_wconf 90' lang='lat' dir='ltr'><strong>multi</strong></span> <span class='ocrx_word' id='word_1_600' title='bbox 3074 3043 3276 3086; x_wconf 83' lang='lat' dir='ltr'><strong>sumus.</strong></span> <span class='ocrx_word' id='word_1_601' title='bbox 3313 3029 3469 3098; x_wconf 85' lang='lat' dir='ltr'><strong>Quid</strong></span> <span class='ocrx_word' id='word_1_602' title='bbox 3496 3045 3595 3102; x_wconf 80' lang='lat' dir='ltr'><strong>ergo</strong></span> <span class='ocrx_word' id='word_1_603' title='bbox 3615 3039 3782 3095; x_wconf 71' lang='lat' dir='ltr'><strong>compre-</strong></span> 
     </span>
    </p>
   </div>
   <div class='ocr_carea' id='block_1_78' title="bbox 2294 3110 3788 3193">
    <p class='ocr_par' dir='ltr' id='par_1_78' title="bbox 2294 3110 3788 3193">
     <span class='ocr_line' id='line_1_79' title="bbox 2294 3110 3788 3193; baseline 0.005 -21"><span class='ocrx_word' id='word_1_604' title='bbox 2294 3117 2531 3176; x_wconf 87' lang='lat' dir='ltr'><strong>hendere</strong></span> <span class='ocrx_word' id='word_1_605' title='bbox 2551 3119 2576 3173; x_wconf 68' lang='grc' dir='ltr'><strong><em>Ὺ</em></strong></span> <span class='ocrx_word' id='word_1_606' title='bbox 2597 3119 2726 3188; x_wconf 74' lang='lat' dir='ltr'><strong>Qua:</strong></span> <span class='ocrx_word' id='word_1_607' title='bbox 2754 3121 2844 3190; x_wconf 91' lang='lat' dir='ltr'><strong>sit,</strong></span> <span class='ocrx_word' id='word_1_608' title='bbox 2874 3121 3063 3193; x_wconf 90' lang='lat' dir='ltr'><strong>inquit,</strong></span> <span class='ocrx_word' id='word_1_609' title='bbox 3088 3122 3350 3177; x_wconf 88' lang='lat' dir='ltr'><strong>latitudo:</strong></span> <span class='ocrx_word' id='word_1_610' title='bbox 3376 3121 3519 3179; x_wconf 90' lang='lat' dir='ltr'><strong>sicut</strong></span> <span class='ocrx_word' id='word_1_611' title='bbox 3542 3118 3664 3179; x_wconf 83' lang='lat' dir='ltr'><strong>etiam</strong></span> <span class='ocrx_word' id='word_1_612' title='bbox 3685 3110 3788 3193; x_wconf 73' lang='lat' dir='ltr'><strong>[iam]</strong></span> 
     </span>
    </p>
   </div>
   <div class='ocr_carea' id='block_1_79' title="bbox 2211 3182 3789 3284">
    <p class='ocr_par' dir='ltr' id='par_1_79' title="bbox 2211 3182 3789 3284">
     <span class='ocr_line' id='line_1_80' title="bbox 2211 3182 3789 3284; baseline -0.001 -20"><span class='ocrx_word' id='word_1_613' title='bbox 2211 3182 2263 3254; x_wconf 70' lang='grc' dir='ltr'>ο</span> <span class='ocrx_word' id='word_1_614' title='bbox 2289 3207 2425 3277; x_wconf 90' lang='lat' dir='ltr'><strong>dixi,</strong></span> <span class='ocrx_word' id='word_1_615' title='bbox 2455 3208 2510 3265; x_wconf 93' lang='lat' dir='ltr'><strong>in</strong></span> <span class='ocrx_word' id='word_1_616' title='bbox 2535 3182 2690 3267; x_wconf 75' lang='lat' dir='ltr'><strong>bonis</strong></span> <span class='ocrx_word' id='word_1_617' title='bbox 2716 3182 2970 3283; x_wconf 74' lang='lat' dir='ltr'><strong>operibus</strong></span> <span class='ocrx_word' id='word_1_618' title='bbox 3016 3182 3207 3284; x_wconf 78' lang='lat' dir='ltr'><strong>quibus</strong></span> <span class='ocrx_word' id='word_1_619' title='bbox 3245 3212 3606 3271; x_wconf 78' lang='lat' dir='ltr'><strong>benevolentia</strong></span> <span class='ocrx_word' id='word_1_620' title='bbox 3636 3182 3789 3283; x_wconf 52' lang='lat' dir='ltr'><strong>porrigi;</strong></span> 
     </span>
    </p>
   </div>
   <div class='ocr_carea' id='block_1_80' title="bbox 2288 3302 3795 3377">
    <p class='ocr_par' dir='ltr' id='par_1_80' title="bbox 2288 3302 3795 3377">
     <span class='ocr_line' id='line_1_81' title="bbox 2288 3302 3795 3377; baseline -0.003 -20"><span class='ocrx_word' id='word_1_621' title='bbox 2288 3308 2378 3357; x_wconf 89' lang='lat' dir='ltr'><strong>tur</strong></span> <span class='ocrx_word' id='word_1_622' title='bbox 2420 3317 2592 3375; x_wconf 89' lang='lat' dir='ltr'><strong>usque</strong></span> <span class='ocrx_word' id='word_1_623' title='bbox 2647 3303 2712 3360; x_wconf 90' lang='lat' dir='ltr'><strong>ad</strong></span> <span class='ocrx_word' id='word_1_624' title='bbox 2761 3304 3065 3377; x_wconf 85' lang='lat' dir='ltr'><strong>diligendus</strong></span> <span class='ocrx_word' id='word_1_625' title='bbox 3109 3303 3390 3374; x_wconf 88' lang='lat' dir='ltr'><strong>inimicos;</strong></span> <span class='ocrx_word' id='word_1_626' title='bbox 3435 3317 3488 3362; x_wconf 90' lang='lat' dir='ltr'><strong>et</strong></span> <span class='ocrx_word' id='word_1_627' title='bbox 3506 3302 3737 3375; x_wconf 80' lang='lat' dir='ltr'><strong>longitudo,</strong></span> <span class='ocrx_word' id='word_1_628' title='bbox 3758 3306 3795 3353; x_wconf 89' lang='lat' dir='ltr'><strong>ut</strong></span> 
     </span>
    </p>
   </div>
   <div class='ocr_carea' id='block_1_81' title="bbox 2285 3394 3794 3467">
    <p class='ocr_par' dir='ltr' id='par_1_81' title="bbox 2285 3394 3794 3467">
     <span class='ocr_line' id='line_1_82' title="bbox 2285 3394 3794 3467; baseline -0.003 -18"><span class='ocrx_word' id='word_1_629' title='bbox 2285 3394 2667 3466; x_wconf 90' lang='lat' dir='ltr'><strong>longanimiter</strong></span> <span class='ocrx_word' id='word_1_630' title='bbox 2695 3411 2791 3467; x_wconf 88' lang='lat' dir='ltr'><strong>pro</strong></span> <span class='ocrx_word' id='word_1_631' title='bbox 2822 3398 2922 3454; x_wconf 88' lang='lat' dir='ltr'><strong>hac</strong></span> <span class='ocrx_word' id='word_1_632' title='bbox 2959 3396 3240 3454; x_wconf 88' lang='lat' dir='ltr'><strong>latitudine</strong></span> <span class='ocrx_word' id='word_1_633' title='bbox 3265 3399 3527 3455; x_wconf 72' lang='lat' dir='ltr'><strong>molesﬁae</strong></span> <span class='ocrx_word' id='word_1_634' title='bbox 3556 3395 3794 3456; x_wconf 79' lang='lat' dir='ltr'><strong>tolerenur;</strong></span> 
     </span>
    </p>
   </div>
   <div class='ocr_carea' id='block_1_82' title="bbox 2288 3489 3801 3566">
    <p class='ocr_par' dir='ltr' id='par_1_82' title="bbox 2288 3489 3801 3566">
     <span class='ocr_line' id='line_1_83' title="bbox 2288 3489 3801 3566; baseline -0.001 -21"><span class='ocrx_word' id='word_1_635' title='bbox 2288 3496 2341 3546; x_wconf 86' lang='lat' dir='ltr'><strong>et</strong></span> <span class='ocrx_word' id='word_1_636' title='bbox 2374 3489 2622 3559; x_wconf 88' lang='lat' dir='ltr'><strong>altitudo,</strong></span> <span class='ocrx_word' id='word_1_637' title='bbox 2656 3500 2715 3547; x_wconf 93' lang='lat' dir='ltr'><strong>ut</strong></span> <span class='ocrx_word' id='word_1_638' title='bbox 2746 3508 2842 3561; x_wconf 90' lang='lat' dir='ltr'><strong>pro</strong></span> <span class='ocrx_word' id='word_1_639' title='bbox 2873 3492 2956 3550; x_wconf 90' lang='lat' dir='ltr'><strong>his</strong></span> <span class='ocrx_word' id='word_1_640' title='bbox 2983 3503 3249 3551; x_wconf 86' lang='lat' dir='ltr'><strong>aeternum</strong></span> <span class='ocrx_word' id='word_1_641' title='bbox 3281 3496 3429 3566; x_wconf 91' lang='lat' dir='ltr'><strong>quod</strong></span> <span class='ocrx_word' id='word_1_642' title='bbox 3457 3496 3505 3550; x_wconf 91' lang='lat' dir='ltr'><strong>in</strong></span> <span class='ocrx_word' id='word_1_643' title='bbox 3527 3492 3801 3563; x_wconf 79' lang='lat' dir='ltr'><strong>superuisest</strong></span> 
     </span>
    </p>
   </div>
   <div class='ocr_carea' id='block_1_83' title="bbox 2286 3584 3802 3658">
    <p class='ocr_par' dir='ltr' id='par_1_83' title="bbox 2286 3584 3802 3658">
     <span class='ocr_line' id='line_1_84' title="bbox 2286 3584 3802 3658; baseline -0.001 -21"><span class='ocrx_word' id='word_1_644' title='bbox 2286 3584 2588 3653; x_wconf 66' lang='lat' dir='ltr'><strong>praemium,</strong></span> <span class='ocrx_word' id='word_1_645' title='bbox 2635 3599 2742 3640; x_wconf 92' lang='lat' dir='ltr'><strong>non</strong></span> <span class='ocrx_word' id='word_1_646' title='bbox 2776 3585 2987 3642; x_wconf 87' lang='lat' dir='ltr'><strong>varium</strong></span> <span class='ocrx_word' id='word_1_647' title='bbox 3024 3584 3225 3658; x_wconf 86' lang='lat' dir='ltr'><strong>aliquid</strong></span> <span class='ocrx_word' id='word_1_648' title='bbox 3255 3587 3545 3658; x_wconf 87' lang='lat' dir='ltr'><strong>temporale</strong></span> <span class='ocrx_word' id='word_1_649' title='bbox 3569 3592 3802 3656; x_wconf 85' lang='lat' dir='ltr'><strong>speretur;</strong></span> 
     </span>
    </p>
   </div>
   <div class='ocr_carea' id='block_1_84' title="bbox 2286 3673 3809 3751">
    <p class='ocr_par' dir='ltr' id='par_1_84' title="bbox 2286 3673 3809 3751">
     <span class='ocr_line' id='line_1_85' title="bbox 2286 3673 3809 3751; baseline -0.003 -19"><span class='ocrx_word' id='word_1_650' title='bbox 2286 3685 2339 3732; x_wconf 90' lang='lat' dir='ltr'><strong>et</strong></span> <span class='ocrx_word' id='word_1_651' title='bbox 2368 3673 2710 3747; x_wconf 87' lang='lat' dir='ltr'><strong>profundum,</strong></span> <span class='ocrx_word' id='word_1_652' title='bbox 2736 3674 2875 3734; x_wconf 88' lang='lat' dir='ltr'><strong>unde</strong></span> <span class='ocrx_word' id='word_1_653' title='bbox 2897 3679 3128 3748; x_wconf 84' lang='lat' dir='ltr'><strong>gratuita</strong></span> <span class='ocrx_word' id='word_1_654' title='bbox 3155 3680 3328 3751; x_wconf 88' lang='lat' dir='ltr'><strong>gratia</strong></span> <span class='ocrx_word' id='word_1_655' title='bbox 3356 3678 3449 3736; x_wconf 88' lang='lat' dir='ltr'><strong>Dei</strong></span> <span class='ocrx_word' id='word_1_656' title='bbox 3472 3675 3728 3734; x_wconf 88' lang='lat' dir='ltr'><strong>secundum</strong></span> <span class='ocrx_word' id='word_1_657' title='bbox 3746 3688 3809 3727; x_wconf 86' lang='lat' dir='ltr'><strong>se-</strong></span> 
     </span>
    </p>
   </div>
   <div class='ocr_carea' id='block_1_85' title="bbox 2285 3764 3809 3841">
    <p class='ocr_par' dir='ltr' id='par_1_85' title="bbox 2285 3764 3809 3841">
     <span class='ocr_line' id='line_1_86' title="bbox 2285 3764 3809 3841; baseline -0.005 -19"><span class='ocrx_word' id='word_1_658' title='bbox 2285 3772 2495 3823; x_wconf 90' lang='lat' dir='ltr'><strong>cretum</strong></span> <span class='ocrx_word' id='word_1_659' title='bbox 2523 3776 2577 3824; x_wconf 91' lang='lat' dir='ltr'><strong>et</strong></span> <span class='ocrx_word' id='word_1_660' title='bbox 2604 3766 2847 3824; x_wconf 91' lang='lat' dir='ltr'><strong>abditum</strong></span> <span class='ocrx_word' id='word_1_661' title='bbox 2877 3768 3170 3826; x_wconf 87' lang='lat' dir='ltr'><strong>voluntatis</strong></span> <span class='ocrx_word' id='word_1_662' title='bbox 3215 3769 3332 3841; x_wconf 90' lang='lat' dir='ltr'><strong>ejus</strong></span> <span class='ocrx_word' id='word_1_663' title='bbox 3363 3769 3540 3826; x_wconf 82' lang='lat' dir='ltr'><strong>existit.</strong></span> <span class='ocrx_word' id='word_1_664' title='bbox 3582 3764 3654 3820; x_wconf 85' lang='lat' dir='ltr'><strong>Ibi</strong></span> <span class='ocrx_word' id='word_1_665' title='bbox 3686 3764 3809 3818; x_wconf 83' lang='lat' dir='ltr'><strong>enim</strong></span> 
     </span>
    </p>
   </div>
   <div class='ocr_carea' id='block_1_86' title="bbox 2286 3854 3814 3929">
    <p class='ocr_par' dir='ltr' id='par_1_86' title="bbox 2286 3854 3814 3929">
     <span class='ocr_line' id='line_1_87' title="bbox 2286 3854 3814 3929; baseline -0.003 -19"><span class='ocrx_word' id='word_1_666' title='bbox 2286 3854 2533 3925; x_wconf 89' lang='lat' dir='ltr'><strong>radicati,</strong></span> <span class='ocrx_word' id='word_1_667' title='bbox 2563 3857 2639 3912; x_wconf 89' lang='lat' dir='ltr'><strong>ibi</strong></span> <span class='ocrx_word' id='word_1_668' title='bbox 2669 3856 2873 3914; x_wconf 79' lang='lat' dir='ltr'><strong>fundati</strong></span> <span class='ocrx_word' id='word_1_669' title='bbox 2900 3872 3115 3927; x_wconf 90' lang='lat' dir='ltr'><strong>sumus;</strong></span> <span class='ocrx_word' id='word_1_670' title='bbox 3149 3861 3363 3917; x_wconf 87' lang='lat' dir='ltr'><strong>radicati</strong></span> <span class='ocrx_word' id='word_1_671' title='bbox 3386 3872 3586 3929; x_wconf 77' lang='lat' dir='ltr'><strong>pmpter</strong></span> <span class='ocrx_word' id='word_1_672' title='bbox 3605 3854 3814 3925; x_wconf 85' lang='lat' dir='ltr'><strong>agricul-</strong></span> 
     </span>
    </p>
   </div>
   <div class='ocr_carea' id='block_1_87' title="bbox 2287 3944 3816 4021">
    <p class='ocr_par' dir='ltr' id='par_1_87' title="bbox 2287 3944 3816 4021">
     <span class='ocr_line' id='line_1_88' title="bbox 2287 3944 3816 4021; baseline -0.006 -18"><span class='ocrx_word' id='word_1_673' title='bbox 2287 3956 2482 4017; x_wconf 90' lang='lat' dir='ltr'><strong>turam,</strong></span> <span class='ocrx_word' id='word_1_674' title='bbox 2512 3948 2719 4005; x_wconf 89' lang='lat' dir='ltr'><strong>fundati</strong></span> <span class='ocrx_word' id='word_1_675' title='bbox 2752 3959 2974 4021; x_wconf 91' lang='lat' dir='ltr'><strong>propter</strong></span> <span class='ocrx_word' id='word_1_676' title='bbox 3002 3949 3423 4008; x_wconf 84' lang='lat' dir='ltr'><strong>aedilicationem.</strong></span> <span class='ocrx_word' id='word_1_677' title='bbox 3450 3949 3571 4017; x_wconf 79' lang='lat' dir='ltr'><strong>Quae</strong></span> <span class='ocrx_word' id='word_1_678' title='bbox 3596 3944 3816 4017; x_wconf 82' lang='lat' dir='ltr'><strong>quoniam</strong></span> 
     </span>
    </p>
   </div>
   <div class='ocr_carea' id='block_1_88' title="bbox 2286 4031 3820 4110">
    <p class='ocr_par' dir='ltr' id='par_1_88' title="bbox 2286 4031 3820 4110">
     <span class='ocr_line' id='line_1_89' title="bbox 2286 4031 3820 4110; baseline -0.004 -17"><span class='ocrx_word' id='word_1_679' title='bbox 2286 4054 2395 4095; x_wconf 90' lang='lat' dir='ltr'><strong>non</strong></span> <span class='ocrx_word' id='word_1_680' title='bbox 2419 4049 2504 4096; x_wconf 92' lang='lat' dir='ltr'><strong>est</strong></span> <span class='ocrx_word' id='word_1_681' title='bbox 2527 4041 2595 4097; x_wconf 92' lang='lat' dir='ltr'><strong>ab</strong></span> <span class='ocrx_word' id='word_1_682' title='bbox 2615 4040 2834 4097; x_wconf 89' lang='lat' dir='ltr'><strong>homine</strong></span> <span class='ocrx_word' id='word_1_683' title='bbox 2859 4038 2989 4098; x_wconf 90' lang='lat' dir='ltr'><strong>dicit</strong></span> <span class='ocrx_word' id='word_1_684' title='bbox 3007 4041 3115 4098; x_wconf 89' lang='lat' dir='ltr'><strong>alio</strong></span> <span class='ocrx_word' id='word_1_685' title='bbox 3137 4043 3255 4098; x_wconf 92' lang='lat' dir='ltr'><strong>loco</strong></span> <span class='ocrx_word' id='word_1_686' title='bbox 3276 4042 3417 4099; x_wconf 91' lang='lat' dir='ltr'><strong>idem</strong></span> <span class='ocrx_word' id='word_1_687' title='bbox 3440 4037 3728 4110; x_wconf 77' lang='lat' dir='ltr'><strong>Apostolus:</strong></span> <span class='ocrx_word' id='word_1_688' title='bbox 3749 4031 3820 4087; x_wconf 76' lang='lat' dir='ltr'><strong>Dei</strong></span> 
     </span>
    </p>
   </div>
   <div class='ocr_carea' id='block_1_89' title="bbox 2282 4127 3817 4206">
    <p class='ocr_par' dir='ltr' id='par_1_89' title="bbox 2282 4127 3817 4206">
     <span class='ocr_line' id='line_1_90' title="bbox 2282 4127 3817 4206; baseline -0.006 -20"><span class='ocrx_word' id='word_1_689' title='bbox 2282 4132 2608 4203; x_wconf 82' lang='lat' dir='ltr'><strong>agricultura</strong></span> <span class='ocrx_word' id='word_1_690' title='bbox 2640 4127 2841 4206; x_wconf 87' lang='lat' dir='ltr'><strong>[estis],</strong></span> <span class='ocrx_word' id='word_1_691' title='bbox 2872 4131 2972 4189; x_wconf 91' lang='lat' dir='ltr'><strong>Dei</strong></span> <span class='ocrx_word' id='word_1_692' title='bbox 3012 4132 3298 4192; x_wconf 83' lang='lat' dir='ltr'><strong>aediﬁcatio</strong></span> <span class='ocrx_word' id='word_1_693' title='bbox 3344 4134 3497 4191; x_wconf 90' lang='lat' dir='ltr'><strong>estis.</strong></span> <span class='ocrx_word' id='word_1_694' title='bbox 3544 4129 3648 4186; x_wconf 82' lang='lat' dir='ltr'><strong>Hoc</strong></span> <span class='ocrx_word' id='word_1_695' title='bbox 3689 4134 3817 4181; x_wconf 86' lang='lat' dir='ltr'><strong>totum</strong></span> 
     </span>
    </p>
   </div>
   <div class='ocr_carea' id='block_1_90' title="bbox 2283 4219 3917 4300">
    <p class='ocr_par' dir='ltr' id='par_1_90' title="bbox 2283 4219 3917 4300">
     <span class='ocr_line' id='line_1_91' title="bbox 2283 4219 3917 4300; baseline -0.002 -21"><span class='ocrx_word' id='word_1_696' title='bbox 2283 4224 2444 4295; x_wconf 87' lang='lat' dir='ltr'><strong>igitur</strong></span> <span class='ocrx_word' id='word_1_697' title='bbox 2465 4237 2586 4280; x_wconf 91' lang='lat' dir='ltr'><strong>cum</strong></span> <span class='ocrx_word' id='word_1_698' title='bbox 2619 4226 2673 4280; x_wconf 92' lang='lat' dir='ltr'><strong>in</strong></span> <span class='ocrx_word' id='word_1_699' title='bbox 2706 4226 2806 4281; x_wconf 84' lang='lat' dir='ltr'><strong>hac</strong></span> <span class='ocrx_word' id='word_1_700' title='bbox 2838 4236 3020 4282; x_wconf 90' lang='lat' dir='ltr'><strong>nostra</strong></span> <span class='ocrx_word' id='word_1_701' title='bbox 3046 4226 3491 4300; x_wconf 86' lang='lat' dir='ltr'><strong>peregrinatione</strong></span> <span class='ocrx_word' id='word_1_702' title='bbox 3518 4224 3641 4281; x_wconf 81' lang='lat' dir='ltr'><strong>ﬁdes</strong></span> <span class='ocrx_word' id='word_1_703' title='bbox 3667 4238 3745 4293; x_wconf 85' lang='lat' dir='ltr'><strong>per</strong></span> <span class='ocrx_word' id='word_1_704' title='bbox 3766 4219 3821 4274; x_wconf 79' lang='lat' dir='ltr'><strong>di-</strong></span> <span class='ocrx_word' id='word_1_705' title='bbox 3916 4219 3917 4271; x_wconf 60' lang='grc' dir='ltr'>ἒ</span> 
     </span>
    </p>
   </div>
   <div class='ocr_carea' id='block_1_91' title="bbox 2282 4312 3817 4389">
    <p class='ocr_par' dir='ltr' id='par_1_91' title="bbox 2282 4312 3817 4389">
     <span class='ocr_line' id='line_1_92' title="bbox 2282 4312 3817 4389; baseline -0.003 -18"><span class='ocrx_word' id='word_1_706' title='bbox 2282 4313 2572 4373; x_wconf 88' lang='lat' dir='ltr'><strong>lectionem</strong></span> <span class='ocrx_word' id='word_1_707' title='bbox 2594 4326 2872 4389; x_wconf 89' lang='lat' dir='ltr'><strong>operatur,</strong></span> <span class='ocrx_word' id='word_1_708' title='bbox 2898 4320 2952 4375; x_wconf 89' lang='lat' dir='ltr'><strong>in</strong></span> <span class='ocrx_word' id='word_1_709' title='bbox 2982 4316 3162 4375; x_wconf 89' lang='lat' dir='ltr'><strong>futuro</strong></span> <span class='ocrx_word' id='word_1_710' title='bbox 3188 4330 3370 4376; x_wconf 88' lang='lat' dir='ltr'><strong>autem</strong></span> <span class='ocrx_word' id='word_1_711' title='bbox 3411 4318 3608 4378; x_wconf 72' lang='lat' dir='ltr'><strong>saeculo</strong></span> <span class='ocrx_word' id='word_1_712' title='bbox 3649 4312 3817 4385; x_wconf 69' lang='lat' dir='ltr'><strong>perlecta</strong></span> 
     </span>
    </p>
   </div>
   <div class='ocr_carea' id='block_1_92' title="bbox 2280 4406 3820 4480">
    <p class='ocr_par' dir='ltr' id='par_1_92' title="bbox 2280 4406 3820 4480">
     <span class='ocr_line' id='line_1_93' title="bbox 2280 4406 3820 4480; baseline -0.004 -16"><span class='ocrx_word' id='word_1_713' title='bbox 2280 4417 2334 4464; x_wconf 87' lang='lat' dir='ltr'><strong>et</strong></span> <span class='ocrx_word' id='word_1_714' title='bbox 2356 4406 2511 4479; x_wconf 89' lang='lat' dir='ltr'><strong>plena</strong></span> <span class='ocrx_word' id='word_1_715' title='bbox 2540 4408 2795 4480; x_wconf 87' lang='lat' dir='ltr'><strong>charitas,</strong></span> <span class='ocrx_word' id='word_1_716' title='bbox 2831 4408 2950 4467; x_wconf 90' lang='lat' dir='ltr'><strong>sine</strong></span> <span class='ocrx_word' id='word_1_717' title='bbox 2977 4409 3090 4467; x_wconf 87' lang='lat' dir='ltr'><strong>ulla</strong></span> <span class='ocrx_word' id='word_1_718' title='bbox 3118 4410 3389 4469; x_wconf 83' lang='lat' dir='ltr'><strong>malorum</strong></span> <span class='ocrx_word' id='word_1_719' title='bbox 3429 4412 3715 4477; x_wconf 82' lang='lat' dir='ltr'><strong>tolerantia,</strong></span> <span class='ocrx_word' id='word_1_720' title='bbox 3746 4420 3820 4461; x_wconf 84' lang='lat' dir='ltr'><strong>non</strong></span> 
     </span>
    </p>
   </div>
   <div class='ocr_carea' id='block_1_93' title="bbox 2283 4500 3814 4577">
    <p class='ocr_par' dir='ltr' id='par_1_93' title="bbox 2283 4500 3814 4577">
     <span class='ocr_line' id='line_1_94' title="bbox 2283 4500 3814 4577; baseline -0.001 -22"><span class='ocrx_word' id='word_1_721' title='bbox 2283 4500 2388 4557; x_wconf 88' lang='lat' dir='ltr'><strong>ﬁde</strong></span> <span class='ocrx_word' id='word_1_722' title='bbox 2410 4500 2582 4559; x_wconf 91' lang='lat' dir='ltr'><strong>credit</strong></span> <span class='ocrx_word' id='word_1_723' title='bbox 2601 4502 2744 4575; x_wconf 88' lang='lat' dir='ltr'><strong>quod</strong></span> <span class='ocrx_word' id='word_1_724' title='bbox 2767 4519 2873 4561; x_wconf 91' lang='lat' dir='ltr'><strong>non</strong></span> <span class='ocrx_word' id='word_1_725' title='bbox 2885 4500 3050 4574; x_wconf 87' lang='lat' dir='ltr'><strong>videt,</strong></span> <span class='ocrx_word' id='word_1_726' title='bbox 3077 4520 3176 4561; x_wconf 92' lang='lat' dir='ltr'><strong>nec</strong></span> <span class='ocrx_word' id='word_1_727' title='bbox 3192 4521 3290 4577; x_wconf 89' lang='lat' dir='ltr'><strong>spe</strong></span> <span class='ocrx_word' id='word_1_728' title='bbox 3314 4504 3601 4563; x_wconf 89' lang='lat' dir='ltr'><strong>desiderat</strong></span> <span class='ocrx_word' id='word_1_729' title='bbox 3617 4500 3725 4575; x_wconf 82' lang='lat' dir='ltr'><strong>quod</strong></span> <span class='ocrx_word' id='word_1_730' title='bbox 3739 4511 3814 4551; x_wconf 72' lang='lat' dir='ltr'><strong>nos</strong></span> 
     </span>
    </p>
   </div>
   <div class='ocr_carea' id='block_1_94' title="bbox 2195 4552 3816 4662">
    <p class='ocr_par' dir='ltr' id='par_1_94' title="bbox 2195 4552 3816 4662">
     <span class='ocr_line' id='line_1_95' title="bbox 2283 4552 3715 4577; baseline 0 -22"><span class='ocrx_word' id='word_1_731' title='bbox 2283 4552 2387 4557; x_wconf 57' lang='grc' dir='ltr'><strong>η,</strong></span> <span class='ocrx_word' id='word_1_732' title='bbox 2414 4552 2581 4559; x_wconf 68' lang='lat'>--____</span> <span class='ocrx_word' id='word_1_733' title='bbox 2604 4552 2744 4575; x_wconf 47' lang='grc' dir='ltr'><strong>γ--</strong></span> <span class='ocrx_word' id='word_1_734' title='bbox 2767 4552 2873 4561; x_wconf 62' lang='grc' dir='ltr'><strong>-.-η</strong></span> <span class='ocrx_word' id='word_1_735' title='bbox 2896 4552 3050 4574; x_wconf 68' lang='grc'><strong>,,,-,,</strong></span> <span class='ocrx_word' id='word_1_736' title='bbox 3077 4552 3175 4561; x_wconf 62' lang='grc' dir='ltr'><strong>..π</strong></span> <span class='ocrx_word' id='word_1_737' title='bbox 3192 4552 3290 4577; x_wconf 55' lang='grc' dir='ltr'><strong>Ὗ,</strong></span> <span class='ocrx_word' id='word_1_738' title='bbox 3315 4552 3601 4563; x_wconf 66' lang='lat'><strong>_,,_,,,_____</strong></span> <span class='ocrx_word' id='word_1_739' title='bbox 3619 4552 3715 4575; x_wconf 50' lang='grc' dir='ltr'><strong>η---</strong></span> 
     </span>
     <span class='ocr_line' id='line_1_96' title="bbox 2195 4552 3816 4662; baseline 0 -14"><span class='ocrx_word' id='word_1_740' title='bbox 2195 4552 2254 4629; x_wconf 62' lang='grc' dir='ltr'><em>Β</em></span> <span class='ocrx_word' id='word_1_741' title='bbox 2279 4598 2443 4662; x_wconf 87' lang='lat' dir='ltr'><strong>tenet,</strong></span> <span class='ocrx_word' id='word_1_742' title='bbox 2475 4590 2569 4649; x_wconf 87' lang='lat' dir='ltr'><strong>sed</strong></span> <span class='ocrx_word' id='word_1_743' title='bbox 2600 4592 2651 4649; x_wconf 90' lang='lat' dir='ltr'><strong>in</strong></span> <span class='ocrx_word' id='word_1_744' title='bbox 2682 4602 2946 4650; x_wconf 77' lang='lat' dir='ltr'><strong>aeternum</strong></span> <span class='ocrx_word' id='word_1_745' title='bbox 2967 4595 3211 4651; x_wconf 87' lang='lat' dir='ltr'><strong>veritatis</strong></span> <span class='ocrx_word' id='word_1_746' title='bbox 3235 4594 3716 4652; x_wconf 79' lang='lat' dir='ltr'><strong>incommutabilem</strong></span> <span class='ocrx_word' id='word_1_747' title='bbox 3730 4601 3816 4657; x_wconf 62' lang='lat' dir='ltr'><strong>spt-</strong></span> 
     </span>
    </p>
   </div>
   <div class='ocr_carea' id='block_1_95' title="bbox 2277 4684 3823 4762">
    <p class='ocr_par' dir='ltr' id='par_1_95' title="bbox 2277 4684 3823 4762">
     <span class='ocr_line' id='line_1_97' title="bbox 2277 4684 3823 4762; baseline 0.006 -21"><span class='ocrx_word' id='word_1_748' title='bbox 2277 4687 2414 4742; x_wconf 88' lang='lat' dir='ltr'><strong>ciem</strong></span> <span class='ocrx_word' id='word_1_749' title='bbox 2464 4684 2939 4759; x_wconf 80' lang='lat' dir='ltr'><strong>contemplabitur,</strong></span> <span class='ocrx_word' id='word_1_750' title='bbox 2983 4686 3137 4759; x_wconf 84' lang='lat' dir='ltr'><strong>cujus</strong></span> <span class='ocrx_word' id='word_1_751' title='bbox 3164 4684 3286 4746; x_wconf 84' lang='lat' dir='ltr'><strong>sine</strong></span> <span class='ocrx_word' id='word_1_752' title='bbox 3320 4688 3439 4747; x_wconf 88' lang='lat' dir='ltr'><strong>ﬁne</strong></span> <span class='ocrx_word' id='word_1_753' title='bbox 3471 4691 3696 4762; x_wconf 86' lang='lat' dir='ltr'><strong>quietum</strong></span> <span class='ocrx_word' id='word_1_754' title='bbox 3730 4692 3823 4749; x_wconf 59' lang='lat' dir='ltr'><strong>illius</strong></span> 
     </span>
    </p>
   </div>
   <div class='ocr_carea' id='block_1_96' title="bbox 578 4771 3830 4862">
    <p class='ocr_par' dir='ltr' id='par_1_96' title="bbox 578 4771 3830 4862">
     <span class='ocr_line' id='line_1_98' title="bbox 578 4771 3830 4862; baseline 0.005 -22"><span class='ocrx_word' id='word_1_755' title='bbox 578 4792 634 4840; x_wconf 87' lang='lat' dir='ltr'><strong>et</strong></span> <span class='ocrx_word' id='word_1_756' title='bbox 673 4783 804 4841; x_wconf 91' lang='lat' dir='ltr'><strong>illud</strong></span> <span class='ocrx_word' id='word_1_757' title='bbox 829 4785 944 4843; x_wconf 87' lang='lat' dir='ltr'><strong>Deo</strong></span> <span class='ocrx_word' id='word_1_758' title='bbox 971 4787 1207 4844; x_wconf 90' lang='lat' dir='ltr'><strong>dicitur:</strong></span> <span class='ocrx_word' id='word_1_759' title='bbox 1253 4771 1425 4859; x_wconf 83' lang='lat' dir='ltr'><strong>Quam</strong></span> <span class='ocrx_word' id='word_1_760' title='bbox 1462 4790 1799 4862; x_wconf 86' lang='lat' dir='ltr'><strong>magniﬁcata</strong></span> <span class='ocrx_word' id='word_1_761' title='bbox 1840 4797 1969 4845; x_wconf 90' lang='lat' dir='ltr'><strong>sunt</strong></span> <span class='ocrx_word' id='word_1_762' title='bbox 2005 4804 2171 4859; x_wconf 84' lang='lat' dir='ltr'><strong>opera</strong></span> <span class='ocrx_word' id='word_1_763' title='bbox 2275 4775 2380 4834; x_wconf 61' lang='lat' dir='ltr'><strong>erit</strong></span> <span class='ocrx_word' id='word_1_764' title='bbox 2426 4777 2643 4837; x_wconf 64' lang='lat' dir='ltr'><strong>laudare</strong></span> <span class='ocrx_word' id='word_1_765' title='bbox 2692 4776 2835 4851; x_wconf 77' lang='grc' dir='ltr'><strong>(ιυοά</strong></span> <span class='ocrx_word' id='word_1_766' title='bbox 2886 4792 3053 4848; x_wconf 59' lang='grc' dir='ltr'><strong>Ἄπιθι,</strong></span> <span class='ocrx_word' id='word_1_767' title='bbox 3082 4792 3139 4838; x_wconf 72' lang='grc' dir='ltr'>ει</span> <span class='ocrx_word' id='word_1_768' title='bbox 3176 4797 3369 4839; x_wconf 62' lang='lat' dir='ltr'><strong>amare</strong></span> <span class='ocrx_word' id='word_1_769' title='bbox 3394 4783 3555 4855; x_wconf 77' lang='grc' dir='ltr'><strong>ιιυοά</strong></span> <span class='ocrx_word' id='word_1_770' title='bbox 3592 4771 3830 4838; x_wconf 53' lang='lat' dir='ltr'><strong>laudm-De</strong></span> 
     </span>
    </p>
   </div>
   <div class='ocr_carea' id='block_1_97' title="bbox 577 4866 3829 4953">
    <p class='ocr_par' dir='ltr' id='par_1_97' title="bbox 577 4866 3829 4953">
     <span class='ocr_line' id='line_1_99' title="bbox 577 4866 3829 4953; baseline 0.002 -22"><span class='ocrx_word' id='word_1_771' title='bbox 577 4884 697 4946; x_wconf 87' lang='lat' dir='ltr'><strong>tua,</strong></span> <span class='ocrx_word' id='word_1_772' title='bbox 720 4876 968 4943; x_wconf 87' lang='lat' dir='ltr'><strong>Domine,</strong></span> <span class='ocrx_word' id='word_1_773' title='bbox 995 4878 1157 4935; x_wconf 87' lang='lat' dir='ltr'><strong>nimis</strong></span> <span class='ocrx_word' id='word_1_774' title='bbox 1188 4880 1472 4950; x_wconf 77' lang='lat' dir='ltr'><strong>profunda:</strong></span> <span class='ocrx_word' id='word_1_775' title='bbox 1494 4882 1647 4937; x_wconf 69' lang='lat' dir='ltr'><strong>facta:</strong></span> <span class='ocrx_word' id='word_1_776' title='bbox 1676 4880 2171 4953; x_wconf 85' lang='lat' dir='ltr'><strong>suntcogitationes</strong></span> <span class='ocrx_word' id='word_1_777' title='bbox 2273 4868 2402 4927; x_wconf 75' lang='lat' dir='ltr'><strong>hinc</strong></span> <span class='ocrx_word' id='word_1_778' title='bbox 2441 4866 2586 4945; x_wconf 75' lang='lat' dir='ltr'><strong>[hae]</strong></span> <span class='ocrx_word' id='word_1_779' title='bbox 2615 4880 3008 4944; x_wconf 67' lang='lat' dir='ltr'><strong>consequenter</strong></span> <span class='ocrx_word' id='word_1_780' title='bbox 3041 4866 3210 4928; x_wconf 70' lang='lat' dir='ltr'><strong>dicit:</strong></span> <span class='ocrx_word' id='word_1_781' title='bbox 3260 4870 3435 4930; x_wconf 84' lang='lat' dir='ltr'><strong>Scire</strong></span> <span class='ocrx_word' id='word_1_782' title='bbox 3489 4873 3652 4931; x_wconf 79' lang='lat' dir='ltr'><strong>etiam</strong></span> <span class='ocrx_word' id='word_1_783' title='bbox 3696 4878 3829 4936; x_wconf 71' lang='grc' dir='ltr'><strong>ευΡεί·</strong></span> 
     </span>
    </p>
   </div>
   <div class='ocr_carea' id='block_1_98' title="bbox 583 4967 2167 5044">
    <p class='ocr_par' dir='ltr' id='par_1_98' title="bbox 583 4967 2167 5044">
     <span class='ocr_line' id='line_1_100' title="bbox 583 4967 2167 5044; baseline 0.004 -21"><span class='ocrx_word' id='word_1_784' title='bbox 583 4976 727 5035; x_wconf 75' lang='lat' dir='ltr'><strong>tuae;</strong></span> <span class='ocrx_word' id='word_1_785' title='bbox 757 4977 812 5025; x_wconf 90' lang='lat' dir='ltr'><strong>et</strong></span> <span class='ocrx_word' id='word_1_786' title='bbox 841 4967 1077 5025; x_wconf 86' lang='lat' dir='ltr'><strong>iterum:</strong></span> <span class='ocrx_word' id='word_1_787' title='bbox 1121 4967 1331 5026; x_wconf 75' lang='lat' dir='ltr'><strong>Iudicia</strong></span> <span class='ocrx_word' id='word_1_788' title='bbox 1371 4981 1461 5028; x_wconf 87' lang='lat' dir='ltr'><strong>tua</strong></span> <span class='ocrx_word' id='word_1_789' title='bbox 1514 4973 1664 5029; x_wconf 90' lang='lat' dir='ltr'><strong>velut</strong></span> <span class='ocrx_word' id='word_1_790' title='bbox 1708 4972 1874 5028; x_wconf 88' lang='lat' dir='ltr'><strong>multa</strong></span> <span class='ocrx_word' id='word_1_791' title='bbox 1920 4971 2167 5044; x_wconf 79' lang='lat' dir='ltr'><strong>abyssus.</strong></span> 
     </span>
    </p>
   </div>
   <div class='ocr_carea' id='block_1_99' title="bbox 576 5058 2175 5135">
    <p class='ocr_par' dir='ltr' id='par_1_99' title="bbox 576 5058 2175 5135">
     <span class='ocr_line' id='line_1_101' title="bbox 576 5058 2175 5135; baseline 0.003 -20"><span class='ocrx_word' id='word_1_792' title='bbox 576 5059 716 5118; x_wconf 82' lang='lat' dir='ltr'><strong>Hinc</strong></span> <span class='ocrx_word' id='word_1_793' title='bbox 746 5060 911 5132; x_wconf 92' lang='lat' dir='ltr'><strong>igitur</strong></span> <span class='ocrx_word' id='word_1_794' title='bbox 938 5069 1023 5117; x_wconf 87' lang='lat' dir='ltr'><strong>est</strong></span> <span class='ocrx_word' id='word_1_795' title='bbox 1055 5058 1190 5117; x_wconf 92' lang='lat' dir='ltr'><strong>illud</strong></span> <span class='ocrx_word' id='word_1_796' title='bbox 1228 5062 1473 5132; x_wconf 80' lang='lat' dir='ltr'><strong>Apostoii</strong></span> <span class='ocrx_word' id='word_1_797' title='bbox 1503 5064 1648 5135; x_wconf 90' lang='lat' dir='ltr'><strong>quod</strong></span> <span class='ocrx_word' id='word_1_798' title='bbox 1680 5062 2066 5134; x_wconf 79' lang='lat' dir='ltr'><strong>requirendum</strong></span> <span class='ocrx_word' id='word_1_799' title='bbox 2095 5064 2175 5119; x_wconf 91' lang='lat' dir='ltr'><strong>in-</strong></span> 
     </span>
    </p>
   </div>
   <div class='ocr_carea' id='block_1_100' title="bbox 582 5154 2177 5230">
    <p class='ocr_par' dir='ltr' id='par_1_100' title="bbox 582 5154 2177 5230">
     <span class='ocr_line' id='line_1_102' title="bbox 582 5154 2177 5230; baseline 0.006 -23"><span class='ocrx_word' id='word_1_800' title='bbox 582 5165 668 5211; x_wconf 91' lang='lat' dir='ltr'><strong>ter</strong></span> <span class='ocrx_word' id='word_1_801' title='bbox 693 5163 891 5211; x_wconf 65' lang='lat' dir='ltr'><strong>caetera</strong></span> <span class='ocrx_word' id='word_1_802' title='bbox 940 5155 1202 5226; x_wconf 84' lang='lat' dir='ltr'><strong>posuisti:</strong></span> <span class='ocrx_word' id='word_1_803' title='bbox 1250 5154 1421 5225; x_wconf 83' lang='lat' dir='ltr'><strong>Hujus</strong></span> <span class='ocrx_word' id='word_1_804' title='bbox 1444 5157 1527 5213; x_wconf 90' lang='lat' dir='ltr'><strong>rei</strong></span> <span class='ocrx_word' id='word_1_805' title='bbox 1551 5157 1743 5228; x_wconf 88' lang='lat' dir='ltr'><strong>gratia,</strong></span> <span class='ocrx_word' id='word_1_806' title='bbox 1790 5158 1983 5230; x_wconf 87' lang='lat' dir='ltr'><strong>inquit,</strong></span> <span class='ocrx_word' id='word_1_807' title='bbox 2016 5161 2177 5216; x_wconf 87' lang='lat' dir='ltr'><strong>ilecto</strong></span> 
     </span>
    </p>
   </div>
   <div class='ocr_carea' id='block_1_101' title="bbox 579 5244 2172 5318">
    <p class='ocr_par' dir='ltr' id='par_1_101' title="bbox 579 5244 2172 5318">
     <span class='ocr_line' id='line_1_103' title="bbox 579 5244 2172 5318; baseline 0.003 -16"><span class='ocrx_word' id='word_1_808' title='bbox 579 5259 759 5316; x_wconf 82' lang='lat' dir='ltr'><strong>genua</strong></span> <span class='ocrx_word' id='word_1_809' title='bbox 785 5260 906 5302; x_wconf 90' lang='lat' dir='ltr'><strong>mea</strong></span> <span class='ocrx_word' id='word_1_810' title='bbox 934 5246 1002 5303; x_wconf 89' lang='lat' dir='ltr'><strong>ad</strong></span> <span class='ocrx_word' id='word_1_811' title='bbox 1031 5244 1248 5304; x_wconf 90' lang='lat' dir='ltr'><strong>Patrem</strong></span> <span class='ocrx_word' id='word_1_812' title='bbox 1278 5247 1493 5304; x_wconf 91' lang='lat' dir='ltr'><strong>Domini</strong></span> <span class='ocrx_word' id='word_1_813' title='bbox 1512 5249 1685 5306; x_wconf 89' lang='lat' dir='ltr'><strong>nostri</strong></span> <span class='ocrx_word' id='word_1_814' title='bbox 1710 5250 1838 5306; x_wconf 85' lang='lat' dir='ltr'><strong>Jesu</strong></span> <span class='ocrx_word' id='word_1_815' title='bbox 1859 5247 2081 5318; x_wconf 82' lang='lat' dir='ltr'><strong>Christi,</strong></span> <span class='ocrx_word' id='word_1_816' title='bbox 2104 5265 2172 5306; x_wconf 84' lang='lat' dir='ltr'><strong>ex</strong></span> 
     </span>
    </p>
   </div>
   <div class='ocr_carea' id='block_1_102' title="bbox 510 5337 2165 5415">
    <p class='ocr_par' dir='ltr' id='par_1_102' title="bbox 510 5337 2165 5415">
     <span class='ocr_line' id='line_1_104' title="bbox 510 5337 2165 5415; baseline 0.005 -24"><span class='ocrx_word' id='word_1_817' title='bbox 510 5396 524 5415; x_wconf 8' lang='grc' dir='ltr'><strong>γ’</strong></span> <span class='ocrx_word' id='word_1_818' title='bbox 577 5351 686 5406; x_wconf 92' lang='lat' dir='ltr'><strong>quo</strong></span> <span class='ocrx_word' id='word_1_819' title='bbox 714 5337 891 5409; x_wconf 90' lang='lat' dir='ltr'><strong>omnis</strong></span> <span class='ocrx_word' id='word_1_820' title='bbox 917 5341 1215 5408; x_wconf 86' lang='lat' dir='ltr'><strong>paternitas</strong></span> <span class='ocrx_word' id='word_1_821' title='bbox 1244 5340 1298 5398; x_wconf 91' lang='lat' dir='ltr'><strong>in</strong></span> <span class='ocrx_word' id='word_1_822' title='bbox 1328 5342 1467 5398; x_wconf 74' lang='lat' dir='ltr'><strong>ctelo</strong></span> <span class='ocrx_word' id='word_1_823' title='bbox 1494 5343 1623 5399; x_wconf 89' lang='lat' dir='ltr'><strong>etin</strong></span> <span class='ocrx_word' id='word_1_824' title='bbox 1654 5351 1798 5399; x_wconf 80' lang='lat' dir='ltr'><strong>terra</strong></span> <span class='ocrx_word' id='word_1_825' title='bbox 1836 5344 2165 5413; x_wconf 89' lang='lat' dir='ltr'><strong>nominatur,</strong></span> 
     </span>
    </p>
   </div>
   <div class='ocr_carea' id='block_1_103' title="bbox 508 5424 2169 5505">
    <p class='ocr_par' dir='ltr' id='par_1_103' title="bbox 508 5424 2169 5505">
     <span class='ocr_line' id='line_1_105' title="bbox 508 5424 2169 5505; baseline 0.007 -23"><span class='ocrx_word' id='word_1_826' title='bbox 508 5492 509 5497; x_wconf 24' lang='grc' dir='ltr'><strong>η</strong></span> <span class='ocrx_word' id='word_1_827' title='bbox 578 5434 639 5483; x_wconf 91' lang='lat' dir='ltr'><strong>ut</strong></span> <span class='ocrx_word' id='word_1_828' title='bbox 659 5425 749 5483; x_wconf 93' lang='lat' dir='ltr'><strong>det</strong></span> <span class='ocrx_word' id='word_1_829' title='bbox 776 5429 933 5486; x_wconf 88' lang='lat' dir='ltr'><strong>vobis</strong></span> <span class='ocrx_word' id='word_1_830' title='bbox 959 5429 1254 5489; x_wconf 85' lang='lat' dir='ltr'><strong>secundum</strong></span> <span class='ocrx_word' id='word_1_831' title='bbox 1285 5432 1502 5489; x_wconf 88' lang='lat' dir='ltr'><strong>divitias</strong></span> <span class='ocrx_word' id='word_1_832' title='bbox 1533 5424 1721 5505; x_wconf 85' lang='lat' dir='ltr'><strong>gloriae</strong></span> <span class='ocrx_word' id='word_1_833' title='bbox 1766 5448 1915 5501; x_wconf 67' lang='lat' dir='ltr'><strong>suae,</strong></span> <span class='ocrx_word' id='word_1_834' title='bbox 1973 5435 2169 5493; x_wconf 88' lang='lat' dir='ltr'><strong>virtute</strong></span> 
     </span>
    </p>
   </div>
   <div class='ocr_carea' id='block_1_104' title="bbox 2276 4962 3835 5037">
    <p class='ocr_par' dir='ltr' id='par_1_104' title="bbox 2276 4962 3835 5037">
     <span class='ocr_line' id='line_1_106' title="bbox 2276 4962 3835 5037; baseline 0.003 -18"><span class='ocrx_word' id='word_1_835' title='bbox 2276 4963 2603 5021; x_wconf 90' lang='lat' dir='ltr'><strong>eminentem</strong></span> <span class='ocrx_word' id='word_1_836' title='bbox 2634 4965 2915 5022; x_wconf 89' lang='lat' dir='ltr'><strong>scientiam</strong></span> <span class='ocrx_word' id='word_1_837' title='bbox 2962 4965 3237 5023; x_wconf 88' lang='lat' dir='ltr'><strong>charitatis</strong></span> <span class='ocrx_word' id='word_1_838' title='bbox 3271 4964 3534 5037; x_wconf 86' lang='lat' dir='ltr'><strong>Christi,</strong></span> <span class='ocrx_word' id='word_1_839' title='bbox 3572 4979 3629 5024; x_wconf 91' lang='lat' dir='ltr'><strong>ut</strong></span> <span class='ocrx_word' id='word_1_840' title='bbox 3671 4962 3835 5032; x_wconf 65' lang='lat' dir='ltr'><strong>impin-</strong></span> 
     </span>
    </p>
   </div>
   <div class='ocr_carea' id='block_1_105' title="bbox 2281 5054 3835 5132">
    <p class='ocr_par' dir='ltr' id='par_1_105' title="bbox 2281 5054 3835 5132">
     <span class='ocr_line' id='line_1_107' title="bbox 2281 5054 3835 5132; baseline -0.001 -19"><span class='ocrx_word' id='word_1_841' title='bbox 2281 5058 2411 5114; x_wconf 87' lang='lat' dir='ltr'><strong>mini</strong></span> <span class='ocrx_word' id='word_1_842' title='bbox 2440 5058 2495 5115; x_wconf 91' lang='lat' dir='ltr'><strong>in</strong></span> <span class='ocrx_word' id='word_1_843' title='bbox 2524 5073 2739 5116; x_wconf 89' lang='lat' dir='ltr'><strong>omnem</strong></span> <span class='ocrx_word' id='word_1_844' title='bbox 2771 5056 3156 5130; x_wconf 89' lang='lat' dir='ltr'><strong>plenitudinem</strong></span> <span class='ocrx_word' id='word_1_845' title='bbox 3199 5060 3320 5118; x_wconf 91' lang='lat' dir='ltr'><strong>Dei.</strong></span> <span class='ocrx_word' id='word_1_846' title='bbox 3371 5062 3439 5119; x_wconf 79' lang='lat' dir='ltr'><strong>in</strong></span> <span class='ocrx_word' id='word_1_847' title='bbox 3496 5062 3604 5119; x_wconf 89' lang='lat' dir='ltr'><strong>hoc</strong></span> <span class='ocrx_word' id='word_1_848' title='bbox 3645 5054 3835 5132; x_wconf 64' lang='lat' dir='ltr'><strong>mysteria</strong></span> 
     </span>
    </p>
   </div>
   <div class='ocr_carea' id='block_1_106' title="bbox 2279 5146 3841 5228">
    <p class='ocr_par' dir='ltr' id='par_1_106' title="bbox 2279 5146 3841 5228">
     <span class='ocr_line' id='line_1_108' title="bbox 2279 5146 3841 5228; baseline 0.001 -23"><span class='ocrx_word' id='word_1_849' title='bbox 2279 5146 2451 5221; x_wconf 87' lang='lat' dir='ltr'><strong>ﬁgura</strong></span> <span class='ocrx_word' id='word_1_850' title='bbox 2476 5153 2652 5208; x_wconf 91' lang='lat' dir='ltr'><strong>crucis</strong></span> <span class='ocrx_word' id='word_1_851' title='bbox 2674 5152 2976 5208; x_wconf 90' lang='lat' dir='ltr'><strong>ostenditur</strong></span> <span class='ocrx_word' id='word_1_852' title='bbox 3009 5152 3138 5225; x_wconf 89' lang='lat' dir='ltr'><strong>:qui</strong></span> <span class='ocrx_word' id='word_1_853' title='bbox 3178 5155 3325 5209; x_wconf 91' lang='lat' dir='ltr'><strong>enim</strong></span> <span class='ocrx_word' id='word_1_854' title='bbox 3359 5156 3506 5228; x_wconf 85' lang='lat' dir='ltr'><strong>quia</strong></span> <span class='ocrx_word' id='word_1_855' title='bbox 3546 5155 3709 5212; x_wconf 87' lang='lat' dir='ltr'><strong>voluit</strong></span> <span class='ocrx_word' id='word_1_856' title='bbox 3743 5163 3841 5206; x_wconf 49' lang='lat' dir='ltr'><strong>mer:</strong></span> 
     </span>
    </p>
   </div>
   <div class='ocr_carea' id='block_1_107' title="bbox 2279 5238 3842 5314">
    <p class='ocr_par' dir='ltr' id='par_1_107' title="bbox 2279 5238 3842 5314">
     <span class='ocr_line' id='line_1_109' title="bbox 2279 5238 3842 5314; baseline -0.005 -18"><span class='ocrx_word' id='word_1_857' title='bbox 2279 5249 2404 5298; x_wconf 86' lang='lat' dir='ltr'><strong>tuus</strong></span> <span class='ocrx_word' id='word_1_858' title='bbox 2429 5248 2549 5312; x_wconf 90' lang='lat' dir='ltr'><strong>est,</strong></span> <span class='ocrx_word' id='word_1_859' title='bbox 2586 5238 2853 5313; x_wconf 90' lang='lat' dir='ltr'><strong>quomodo</strong></span> <span class='ocrx_word' id='word_1_860' title='bbox 2886 5240 3061 5299; x_wconf 81' lang='lat' dir='ltr'><strong>voluit</strong></span> <span class='ocrx_word' id='word_1_861' title='bbox 3092 5252 3343 5299; x_wconf 89' lang='lat' dir='ltr'><strong>mortuus</strong></span> <span class='ocrx_word' id='word_1_862' title='bbox 3372 5257 3513 5314; x_wconf 86' lang='lat' dir='ltr'><strong>est;</strong></span> <span class='ocrx_word' id='word_1_863' title='bbox 3563 5262 3671 5302; x_wconf 92' lang='lat' dir='ltr'><strong>non</strong></span> <span class='ocrx_word' id='word_1_864' title='bbox 3701 5244 3842 5297; x_wconf 70' lang='lat' dir='ltr'><strong>frustra</strong></span> 
     </span>
    </p>
   </div>
   <div class='ocr_carea' id='block_1_108' title="bbox 2275 5328 3849 5411">
    <p class='ocr_par' dir='ltr' id='par_1_108' title="bbox 2275 5328 3849 5411">
     <span class='ocr_line' id='line_1_110' title="bbox 2275 5328 3849 5411; baseline -0.006 -22"><span class='ocrx_word' id='word_1_865' title='bbox 2275 5332 2435 5407; x_wconf 87' lang='lat' dir='ltr'><strong>igitur</strong></span> <span class='ocrx_word' id='word_1_866' title='bbox 2462 5336 2568 5392; x_wconf 88' lang='lat' dir='ltr'><strong>tale</strong></span> <span class='ocrx_word' id='word_1_867' title='bbox 2589 5351 2759 5407; x_wconf 87' lang='lat' dir='ltr'><strong>genus</strong></span> <span class='ocrx_word' id='word_1_868' title='bbox 2781 5334 2969 5393; x_wconf 86' lang='lat' dir='ltr'><strong>mortis</strong></span> <span class='ocrx_word' id='word_1_869' title='bbox 2991 5335 3171 5407; x_wconf 88' lang='lat' dir='ltr'><strong>elegit,</strong></span> <span class='ocrx_word' id='word_1_870' title='bbox 3198 5335 3300 5392; x_wconf 90' lang='lat' dir='ltr'><strong>nisi</strong></span> <span class='ocrx_word' id='word_1_871' title='bbox 3327 5347 3397 5393; x_wconf 89' lang='lat' dir='ltr'><strong>ut</strong></span> <span class='ocrx_word' id='word_1_872' title='bbox 3424 5338 3487 5396; x_wconf 87' lang='lat' dir='ltr'><strong>in</strong></span> <span class='ocrx_word' id='word_1_873' title='bbox 3507 5356 3579 5397; x_wconf 87' lang='lat' dir='ltr'><strong>eo</strong></span> <span class='ocrx_word' id='word_1_874' title='bbox 3600 5328 3849 5411; x_wconf 69' lang='lat' dir='ltr'><strong>quoqueh-</strong></span> 
     </span>
    </p>
   </div>
   <div class='ocr_carea' id='block_1_109' title="bbox 2277 5424 3852 5501">
    <p class='ocr_par' dir='ltr' id='par_1_109' title="bbox 2277 5424 3852 5501">
     <span class='ocr_line' id='line_1_111' title="bbox 2277 5424 3852 5501; baseline -0.004 -18"><span class='ocrx_word' id='word_1_875' title='bbox 2277 5424 2523 5486; x_wconf 89' lang='lat' dir='ltr'><strong>titudinis</strong></span> <span class='ocrx_word' id='word_1_876' title='bbox 2546 5424 2726 5500; x_wconf 88' lang='lat' dir='ltr'><strong>hujus,</strong></span> <span class='ocrx_word' id='word_1_877' title='bbox 2752 5426 3120 5501; x_wconf 88' lang='lat' dir='ltr'><strong>longitudinis,</strong></span> <span class='ocrx_word' id='word_1_878' title='bbox 3148 5440 3202 5486; x_wconf 90' lang='lat' dir='ltr'><strong>et</strong></span> <span class='ocrx_word' id='word_1_879' title='bbox 3222 5428 3581 5501; x_wconf 86' lang='lat' dir='ltr'><strong>altitudinis,</strong></span> <span class='ocrx_word' id='word_1_880' title='bbox 3610 5442 3663 5488; x_wconf 93' lang='lat' dir='ltr'><strong>et</strong></span> <span class='ocrx_word' id='word_1_881' title='bbox 3687 5424 3852 5500; x_wconf 76' lang='lat' dir='ltr'><strong>prorua-</strong></span> 
     </span>
    </p>
   </div>
   <div class='ocr_carea' id='block_1_110' title="bbox 505 5503 3855 5597">
    <p class='ocr_par' dir='ltr' id='par_1_110' title="bbox 505 5503 3855 5597">
     <span class='ocr_line' id='line_1_112' title="bbox 505 5503 3855 5597; baseline -0.001 -20"><span class='ocrx_word' id='word_1_882' title='bbox 505 5503 517 5595; x_wconf 65' lang='grc' dir='ltr'>ξ</span> <span class='ocrx_word' id='word_1_883' title='bbox 577 5521 922 5578; x_wconf 88' lang='lat' dir='ltr'><strong>corroborari</strong></span> <span class='ocrx_word' id='word_1_884' title='bbox 948 5538 1045 5595; x_wconf 84' lang='lat' dir='ltr'><strong>per</strong></span> <span class='ocrx_word' id='word_1_885' title='bbox 1064 5523 1328 5596; x_wconf 84' lang='lat' dir='ltr'><strong>Spiritum</strong></span> <span class='ocrx_word' id='word_1_886' title='bbox 1357 5527 1474 5597; x_wconf 90' lang='lat' dir='ltr'><strong>ejus</strong></span> <span class='ocrx_word' id='word_1_887' title='bbox 1498 5568 1514 5593; x_wconf 95' lang='lat'><strong>,</strong></span> <span class='ocrx_word' id='word_1_888' title='bbox 1541 5503 1617 5582; x_wconf 26' lang='lat' dir='ltr'><strong>vin</strong></span> <span class='ocrx_word' id='word_1_889' title='bbox 1655 5527 1909 5583; x_wconf 85' lang='lat' dir='ltr'><strong>interiore</strong></span> <span class='ocrx_word' id='word_1_890' title='bbox 1948 5528 2169 5587; x_wconf 73' lang='lat' dir='ltr'><strong>homine</strong></span> <span class='ocrx_word' id='word_1_891' title='bbox 2275 5506 2457 5577; x_wconf 89' lang='lat' dir='ltr'><strong>ditatis</strong></span> <span class='ocrx_word' id='word_1_892' title='bbox 2481 5520 2737 5592; x_wconf 87' lang='lat' dir='ltr'><strong>magister</strong></span> <span class='ocrx_word' id='word_1_893' title='bbox 2767 5521 3042 5578; x_wconf 85' lang='lat' dir='ltr'><strong>existeret.</strong></span> <span class='ocrx_word' id='word_1_894' title='bbox 3068 5518 3200 5577; x_wconf 83' lang='lat' dir='ltr'><strong>Nam</strong></span> <span class='ocrx_word' id='word_1_895' title='bbox 3231 5521 3490 5580; x_wconf 82' lang='lat' dir='ltr'><strong>latitudo</strong></span> <span class='ocrx_word' id='word_1_896' title='bbox 3523 5535 3614 5581; x_wconf 90' lang='lat' dir='ltr'><strong>est</strong></span> <span class='ocrx_word' id='word_1_897' title='bbox 3650 5524 3703 5579; x_wconf 89' lang='lat' dir='ltr'><strong>in</strong></span> <span class='ocrx_word' id='word_1_898' title='bbox 3740 5534 3791 5575; x_wconf 83' lang='lat' dir='ltr'><strong>eo</strong></span> <span class='ocrx_word' id='word_1_899' title='bbox 3812 5512 3855 5569; x_wconf 65' lang='lat' dir='ltr'><strong>ii-</strong></span> 
     </span>
    </p>
   </div>
   <div class='ocr_carea' id='block_1_111' title="bbox 577 5610 3856 5693">
    <p class='ocr_par' dir='ltr' id='par_1_111' title="bbox 577 5610 3856 5693">
     <span class='ocr_line' id='line_1_113' title="bbox 577 5610 3856 5693; baseline 0.004 -26"><span class='ocrx_word' id='word_1_900' title='bbox 577 5610 824 5669; x_wconf 85' lang='lat' dir='ltr'><strong>habitare</strong></span> <span class='ocrx_word' id='word_1_901' title='bbox 850 5611 1150 5682; x_wconf 88' lang='lat' dir='ltr'><strong>Christum,</strong></span> <span class='ocrx_word' id='word_1_902' title='bbox 1173 5632 1269 5687; x_wconf 90' lang='lat' dir='ltr'><strong>per</strong></span> <span class='ocrx_word' id='word_1_903' title='bbox 1289 5612 1451 5674; x_wconf 80' lang='lat' dir='ltr'><strong>ﬁdem</strong></span> <span class='ocrx_word' id='word_1_904' title='bbox 1482 5618 1535 5674; x_wconf 92' lang='lat' dir='ltr'><strong>in</strong></span> <span class='ocrx_word' id='word_1_905' title='bbox 1564 5610 1815 5676; x_wconf 89' lang='lat' dir='ltr'><strong>cordibus</strong></span> <span class='ocrx_word' id='word_1_906' title='bbox 1847 5622 2072 5693; x_wconf 85' lang='lat' dir='ltr'><strong>vestris,</strong></span> <span class='ocrx_word' id='word_1_907' title='bbox 2106 5632 2167 5680; x_wconf 89' lang='lat' dir='ltr'><strong>ut</strong></span> <span class='ocrx_word' id='word_1_908' title='bbox 2270 5630 2377 5686; x_wconf 75' lang='lat' dir='ltr'><strong>Sno</strong></span> <span class='ocrx_word' id='word_1_909' title='bbox 2406 5615 2545 5686; x_wconf 88' lang='lat' dir='ltr'><strong>quod</strong></span> <span class='ocrx_word' id='word_1_910' title='bbox 2578 5624 2943 5673; x_wconf 72' lang='lat' dir='ltr'><strong>transversum</strong></span> <span class='ocrx_word' id='word_1_911' title='bbox 2976 5614 3205 5689; x_wconf 83' lang='lat' dir='ltr'><strong>desuper</strong></span> <span class='ocrx_word' id='word_1_912' title='bbox 3234 5618 3474 5689; x_wconf 72' lang='lat' dir='ltr'><strong>ﬁgitur;</strong></span> <span class='ocrx_word' id='word_1_913' title='bbox 3510 5621 3624 5677; x_wconf 90' lang='lat' dir='ltr'><strong>hoc</strong></span> <span class='ocrx_word' id='word_1_914' title='bbox 3658 5618 3721 5674; x_wconf 76' lang='lat' dir='ltr'><strong>ad</strong></span> <span class='ocrx_word' id='word_1_915' title='bbox 3754 5616 3856 5669; x_wconf 54' lang='lat' dir='ltr'><strong>bum</strong></span> 
     </span>
    </p>
   </div>
   <div class='ocr_carea' id='block_1_112' title="bbox 573 5706 3861 5787">
    <p class='ocr_par' dir='ltr' id='par_1_112' title="bbox 573 5706 3861 5787">
     <span class='ocr_line' id='line_1_114' title="bbox 573 5706 3861 5787; baseline 0.001 -28"><span class='ocrx_word' id='word_1_916' title='bbox 573 5706 636 5760; x_wconf 76' lang='lat' dir='ltr'><strong>in</strong></span> <span class='ocrx_word' id='word_1_917' title='bbox 659 5706 922 5765; x_wconf 79' lang='lat' dir='ltr'><strong>charitate</strong></span> <span class='ocrx_word' id='word_1_918' title='bbox 948 5710 1173 5767; x_wconf 84' lang='lat' dir='ltr'><strong>radicati</strong></span> <span class='ocrx_word' id='word_1_919' title='bbox 1202 5719 1258 5768; x_wconf 91' lang='lat' dir='ltr'><strong>et</strong></span> <span class='ocrx_word' id='word_1_920' title='bbox 1282 5710 1515 5783; x_wconf 90' lang='lat' dir='ltr'><strong>fundati,</strong></span> <span class='ocrx_word' id='word_1_921' title='bbox 1553 5713 1889 5785; x_wconf 82' lang='lat' dir='ltr'><strong>praevaleatis</strong></span> <span class='ocrx_word' id='word_1_922' title='bbox 1912 5729 2162 5787; x_wconf 72' lang='lat' dir='ltr'><strong>compre-</strong></span> <span class='ocrx_word' id='word_1_923' title='bbox 2269 5724 2433 5781; x_wconf 85' lang='lat' dir='ltr'><strong>Opera</strong></span> <span class='ocrx_word' id='word_1_924' title='bbox 2466 5710 2722 5780; x_wconf 83' lang='lat' dir='ltr'><strong>pertinet,</strong></span> <span class='ocrx_word' id='word_1_925' title='bbox 2770 5710 2895 5782; x_wconf 89' lang='lat' dir='ltr'><strong>quia</strong></span> <span class='ocrx_word' id='word_1_926' title='bbox 2926 5710 2998 5766; x_wconf 90' lang='lat' dir='ltr'><strong>ibi</strong></span> <span class='ocrx_word' id='word_1_927' title='bbox 3041 5710 3419 5768; x_wconf 85' lang='lat' dir='ltr'><strong>extenduntur</strong></span> <span class='ocrx_word' id='word_1_928' title='bbox 3454 5730 3696 5781; x_wconf 86' lang='lat' dir='ltr'><strong>manus;</strong></span> <span class='ocrx_word' id='word_1_929' title='bbox 3722 5708 3861 5779; x_wconf 58' lang='grc' dir='ltr'><strong>ὶοιιέὶι</strong></span> 
     </span>
    </p>
   </div>
   <div class='ocr_carea' id='block_1_113' title="bbox 579 5792 3865 5883">
    <p class='ocr_par' dir='ltr' id='par_1_113' title="bbox 579 5792 3865 5883">
     <span class='ocr_line' id='line_1_115' title="bbox 579 5792 3865 5883; baseline 0.005 -34"><span class='ocrx_word' id='word_1_930' title='bbox 579 5792 819 5856; x_wconf 80' lang='lat' dir='ltr'><strong>hendere</strong></span> <span class='ocrx_word' id='word_1_931' title='bbox 846 5814 969 5858; x_wconf 89' lang='lat' dir='ltr'><strong>cum</strong></span> <span class='ocrx_word' id='word_1_932' title='bbox 1006 5803 1257 5861; x_wconf 88' lang='lat' dir='ltr'><strong>omnibus</strong></span> <span class='ocrx_word' id='word_1_933' title='bbox 1294 5804 1497 5863; x_wconf 80' lang='lat' dir='ltr'><strong>sanctis</strong></span> <span class='ocrx_word' id='word_1_934' title='bbox 1541 5820 1662 5876; x_wconf 68' lang='lat' dir='ltr'><strong>quas</strong></span> <span class='ocrx_word' id='word_1_935' title='bbox 1709 5804 1781 5863; x_wconf 88' lang='lat' dir='ltr'><strong>sit</strong></span> <span class='ocrx_word' id='word_1_936' title='bbox 1827 5806 2073 5877; x_wconf 87' lang='lat' dir='ltr'><strong>latitudo,</strong></span> <span class='ocrx_word' id='word_1_937' title='bbox 2104 5809 2161 5865; x_wconf 88' lang='lat' dir='ltr'><strong>et</strong></span> <span class='ocrx_word' id='word_1_938' title='bbox 2266 5805 2397 5862; x_wconf 91' lang='lat' dir='ltr'><strong>tudo</strong></span> <span class='ocrx_word' id='word_1_939' title='bbox 2427 5801 2479 5861; x_wconf 87' lang='lat' dir='ltr'><strong>iu</strong></span> <span class='ocrx_word' id='word_1_940' title='bbox 2509 5820 2573 5863; x_wconf 91' lang='lat' dir='ltr'><strong>co</strong></span> <span class='ocrx_word' id='word_1_941' title='bbox 2599 5802 2745 5883; x_wconf 86' lang='lat' dir='ltr'><strong>quod</strong></span> <span class='ocrx_word' id='word_1_942' title='bbox 2786 5805 2855 5863; x_wconf 88' lang='lat' dir='ltr'><strong>ab</strong></span> <span class='ocrx_word' id='word_1_943' title='bbox 2881 5807 2999 5878; x_wconf 91' lang='lat' dir='ltr'><strong>ipso</strong></span> <span class='ocrx_word' id='word_1_944' title='bbox 3038 5807 3183 5879; x_wconf 91' lang='lat' dir='ltr'><strong>ligno</strong></span> <span class='ocrx_word' id='word_1_945' title='bbox 3208 5822 3392 5879; x_wconf 86' lang='lat' dir='ltr'><strong>usque</strong></span> <span class='ocrx_word' id='word_1_946' title='bbox 3428 5812 3510 5867; x_wconf 88' lang='lat' dir='ltr'><strong>ad</strong></span> <span class='ocrx_word' id='word_1_947' title='bbox 3546 5821 3745 5869; x_wconf 79' lang='lat' dir='ltr'><strong>terram</strong></span> <span class='ocrx_word' id='word_1_948' title='bbox 3767 5818 3865 5861; x_wconf 55' lang='lat' dir='ltr'><strong>con:</strong></span> 
     </span>
    </p>
   </div>
  </div>
