3986 6382
177 398 288 455 893

1363 380 1801 443 russaunus.
1840 379 1994 435 csa.
2034 377 2293 435 ccxxx.

3354 370 3461 434 894

174 516 426 589 spiceum
446 520 550 581 est,
573 512 644 570 ibi
669 512 813 569 enim
832 507 1233 582 quodammodo
1257 514 1449 572 statur,
1474 506 1527 561 id
1548 512 1633 562 est
1651 513 1774 575 per
1800 496 1854 560 Α
1875 496 2108 567 maiores
2130 503 2357 567 peccant
2372 526 2391 561 ο
2418 491 2707 589 Diorench
2730 506 2857 589 eam
2877 500 3044 589 atque
3084 492 3325 564 obligare
3354 498 3461 589 Aee-

175 608 390 666 sistitur
410 615 465 663 et
480 614 877 678 perseveratur,
902 607 1043 675 quod
1070 600 1458 674 longanimitati
1484 598 1759 655 tribuitur:

177 702 413 760 altitudo
439 710 522 758 est
549 703 602 757 in
633 716 697 757 ea
727 702 858 772 ligni
886 706 1037 771 parte
1063 713 1186 771 qua:
1210 698 1279 754 ab
1309 699 1401 753 illo
1430 696 1573 768 quod
1598 703 1776 752 want-

178 812 403 855 versum
433 797 615 869 ﬁgitur
637 804 853 853 sursum
878 809 1071 851 versus
1098 794 1441 865 relinquitur,
1472 793 1575 849 hoc
1602 798 1685 849 est
1708 790 1777 848 ad

177 899 343 961 caput
373 889 636 957 cruciﬁxi,
662 891 785 959 quia
808 888 948 945 bene
970 886 1307 959 sperantinm
1328 896 1560 956 superna
1584 892 1776 956 exspe-

176 984 351 1039 ctatio
373 991 477 1039 est.
508 982 629 1038 iam
648 996 779 1038 vero
806 980 936 1037 illud
963 994 1029 1037 ex
1063 980 1211 1053 ligno
1232 980 1375 1052 quod
1403 988 1509 1035 non
1531 984 1774 1051 apparet,

176 1078 327 1146 quod
367 1078 530 1133 ﬁxum
573 1077 898 1143 occultatur,
946 1075 1088 1131 unde
1137 1080 1304 1133 totum
1349 1073 1478 1129 illud
1507 1073 1774 1144 exsurgit,

179 1169 603 1240 profunditatem
632 1170 899 1240 significat
923 1170 1170 1240 gratuitae
1191 1167 1399 1239 gratiae,
1433 1167 1487 1221 in
1509 1180 1613 1237 quo
1635 1162 1775 1221 mul-

179 1271 362 1318 torum
417 1262 631 1333 ingenia
679 1270 1037 1318 conteruntur
1085 1262 1137 1315 id
1182 1259 1530 1330 pervestigari
1575 1268 1778 1314 conan-

178 1354 341 1420 tium,
373 1360 433 1409 ut
459 1353 525 1409 ad
549 1363 849 1411 extremum
876 1354 958 1410 eis
987 1354 1196 1409 dicatur
1222 1370 1234 1407 :
1272 1354 1318 1409 0
1354 1353 1538 1421 homo,
1572 1336 1627 1407 tu
1657 1351 1778 1425 quis

182 1454 268 1512 es,
300 1446 392 1517 qui
429 1446 762 1514 respondeas
792 1446 938 1501 Deci
970 1444 1162 1501 Vivent
1200 1456 1330 1517 ergo
1358 1445 1525 1502 corda
1568 1453 1780 1501 satura-

184 1549 365 1595 torum
394 1552 692 1611 pauperum
723 1539 776 1594 in
805 1538 1061 1594 saeculum
1090 1537 1296 1607 saeuit,
1329 1537 1431 1592 hoc
1469 1543 1553 1593 est
1593 1536 1776 1592 humi-

185 1634 317 1691 lium
342 1635 607 1691 charitate
634 1633 996 1703 ﬂagrantium,
1023 1646 1130 1689 non
1153 1646 1249 1691 sua
1279 1628 1655 1704 quaerentium,
1680 1630 1778 1689 sed

185 1734 494 1785 sanctorum
523 1727 782 1784 societate
808 1725 1178 1797 gaudentium.

711 1838 941 1898 CAPUT
986 1838 1250 1897 CCXXX.

189 1956 376 2014 Utrum
406 1967 640 2029 parentes
687 1958 956 2027 baptisatis
1000 1956 1229 2025 parvulis
1271 1963 1506 2019 noceant,
1528 1971 1650 2029 cum
1693 1971 1780 2011 eos

258 2028 633 2085 dwmtmiorun't
646 2028 913 2097 sacriﬁciis
933 2044 1116 2082 sanare
1129 2037 1398 2092 conantur,
1426 2040 1471 2083 et
1492 2028 1536 2080 si
1560 2041 1659 2080 non
1684 2042 1780 2079 no-

256 2109 391 2169 cent,
421 2100 675 2170 quomodo
709 2101 781 2154 eis
810 2099 974 2170 prosit
1012 2114 1127 2152 cum
1155 2099 1487 2170 baptisantur
1515 2105 1783 2168 parentum

255 2173 407 2242 ﬁdes,
428 2168 648 2243 quorum
675 2172 745 2227 cis
767 2168 869 2225 non
898 2180 1063 2242 potest
1086 2171 1260 2225 obesse
1280 2168 1565 2239 inﬁdelitas
1588 2171 1612 2223 γ

263 2289 475 2356 Qumris
505 2304 534 2345 a
581 2300 666 2345 me
709 2297 890 2344 utrum
936 2294 1190 2357 parentes
1222 2286 1509 2358 baptizatis
1543 2282 1783 2355 parvulis

188 2381 303 2436 suis
330 2387 561 2436 noceant
581 2392 703 2435 cum
733 2388 829 2433 eos
857 2378 1248 2434 demoniorum
1277 2376 1561 2433 sacriﬁciis
1591 2386 1785 2432 sanare

192 2473 495 2529 conantur?
524 2480 578 2528 et
600 2474 645 2529 sl
677 2484 784 2528 non
815 2472 1030 2537 nocent,
1062 2470 1333 2541 quomodo
1355 2471 1434 2525 eis
1466 2468 1637 2539 prosit
1658 2482 1783 2525 cum

191 2562 529 2634 baptizantur
556 2572 833 2635 parentum
865 2562 1000 2620 ﬁdes
1025 2606 1039 2631 ,
1068 2578 1295 2635 quorum
1349 2564 1429 2619 eis
1473 2577 1580 2618 non
1610 2568 1787 2632 potest

191 2655 386 2712 obesse
426 2654 684 2725 perﬁdia?
714 2654 815 2712 Ubi
854 2654 1158 2726 respondeo
1190 2661 1392 2710 tantam
1422 2653 1569 2710 illius
1599 2662 1780 2709 sacra-

190 2748 377 2813 menti,
411 2746 512 2803 hoc
529 2755 610 2803 est
635 2745 885 2817 baptismi
926 2745 1200 2813 salutaris,
1248 2758 1366 2802 esse
1395 2745 1648 2802 virtutem
1680 2786 1694 2811 ,
1729 2738 1782 2800 in

192 2849 373 2896 sancta
384 2848 644 2911 compage
654 2838 897 2909 corporis
908 2834 1191 2907 Christi,ut
1204 2837 1369 2895 semel
1382 2844 1675 2909 generatus
1688 2846 1786 2908 per

190 2933 414 2991 aliorum
432 2936 703 2990 carnalem
720 2934 1071 3005 voluptatem,
1095 2949 1215 2989 cum
1238 2933 1405 2990 semel
1426 2938 1777 3006 regeneratus

190 3026 354 3083 fuerit
382 3041 477 3098 per
503 3025 730 3083 aliorum
770 3026 1070 3097 spiritalem
1111 3027 1469 3096 voluntatem,
1516 3026 1777 3100 deinceps

190 3132 299 3175 non
337 3120 506 3189 possit
531 3120 750 3176 vinculo
792 3120 983 3176 aliena:
1030 3119 1330 3191 iniquitatis
1360 3121 1668 3195 obstringi,
1702 3120 1789 3180 cui

191 3211 335 3269 nulla
364 3224 459 3269 sua
480 3213 756 3269 voluntate
788 3213 1082 3269 consentit.
1117 3214 1184 3269 Et
1211 3211 1389 3271 anima
1421 3216 1567 3271 enim
1612 3218 1780 3285 patris

193 3321 310 3364 mea
340 3316 443 3379 est,
474 3306 665 3380 inquit,
698 3317 752 3365 et
776 3308 957 3364 anima
998 3307 1095 3364 ﬁlii
1136 3324 1257 3366 mea
1287 3316 1408 3366 est:
1438 3311 1617 3367 anima
1660 3329 1780 3384 quas

193 3397 498 3473 peccaverit
544 3398 660 3470 ipsa
706 3404 989 3457 morietur.
1038 3396 1157 3457 Non
1186 3413 1365 3459 autem
1407 3413 1594 3473 peccat
1640 3403 1780 3474 ipsa,

194 3500 313 3548 cum
343 3498 593 3562 parentes
618 3484 666 3546 el
695 3488 913 3547 omnino
956 3489 1222 3547 nescienti
1249 3492 1337 3548 vel
1386 3493 1617 3563 quilibet
1643 3495 1785 3551 alius

194 3582 414 3641 adhibet
442 3578 723 3653 sacrilegia
749 3580 1161 3638 daemoniorum.
1193 3578 1299 3637 Sed
1348 3578 1471 3639 ideo
1513 3598 1583 3639 ex
1610 3582 1784 3639 Adam

194 3674 358 3731 traxit
388 3671 531 3745 quod
556 3672 885 3730 sacramenti
917 3672 1064 3728 illius
1092 3676 1263 3743 gratia
1295 3673 1597 3730 solveretur
1615 3716 1633 3743 ,
1656 3675 1786 3747 quia

195 3764 433 3826 nondum
465 3774 584 3824 erat
613 3768 792 3824 anima
823 3766 1117 3840 separatim
1154 3760 1341 3823 vivens
1363 3809 1380 3837 ,
1411 3767 1464 3824 id
1504 3777 1588 3825 est
1613 3766 1785 3827 altera

198 3861 371 3917 anima
393 3861 462 3917 de
484 3872 589 3932 qua
620 3854 891 3917 diceretttr
916 3877 928 3916 :
957 3854 1026 3916 Et
1053 3860 1231 3916 anima
1261 3860 1427 3930 patris
1448 3876 1569 3917 mea
1597 3871 1702 3931 est,
1733 3871 1789 3919 et

200 3954 377 4009 anima
408 3952 505 4008 ﬁlii
540 3960 660 4009 mea
688 3958 792 4007 est.
824 3950 941 4008 .lam
973 3952 1152 4023 itaque
1179 3966 1303 4007 cum
1334 3950 1498 4007 homo
1528 3952 1582 4007 in
1604 3951 1788 4024 seipso

203 4052 285 4100 est
311 4043 379 4100 ab
406 4056 471 4100 eo
497 4046 589 4116 qui
615 4044 799 4116 genuit
824 4046 981 4101 aliter
1019 4044 1242 4102 eﬁ'ectus
1261 4086 1278 4114 ,
1310 4057 1537 4117 peccato
1566 4048 1787 4105 alterius

204 4137 317 4193 sine
343 4153 439 4194 sua
477 4137 835 4193 consensione
865 4152 976 4195 non
1026 4138 1241 4193 tenetur
1273 4134 1543 4195 obnoxius
1577 4157 1590 4192 :
1626 4140 1791 4196 traxit

204 4231 350 4301 origo
381 4241 609 4302 reatum,
652 4233 777 4304 quia
820 4247 958 4288 unus
982 4240 1101 4288 erat
1133 4246 1254 4288 cum
1292 4231 1381 4288 illo
1407 4247 1441 4287 a
1467 4246 1575 4301 quo
1603 4233 1788 4297 traxit,

204 4320 417 4394 quando
447 4320 589 4394 quod
619 4323 782 4381 traxit
807 4321 1102 4380 admissum
1133 4332 1238 4380 est.
1268 4320 1385 4380 Non
1415 4331 1596 4381 autem
1628 4325 1793 4382 trahit

204 4418 338 4472 alter
367 4417 436 4472 ab
464 4416 653 4485 altero,
686 4415 900 4487 quando
932 4431 1027 4473 sua
1066 4431 1393 4489 unoquoque
1435 4417 1651 4488 propria
1678 4415 1793 4472 vita

204 4509 442 4575 vivente;
488 4508 600 4580 jam
641 4516 725 4564 est
762 4508 904 4565 unde
932 4506 1140 4565 dicatur
1169 4524 1185 4564 :
1216 4507 1410 4564 Anima
1440 4523 1560 4579 quae
1602 4522 1794 4579 pecca-

206 4598 341 4656 verit
383 4600 498 4671 ipsa
526 4601 805 4660 morietur.
838 4594 907 4659 Ut
933 4610 1111 4658 autem
1159 4592 1334 4672 possit
1357 4603 1667 4674 regenerari
1694 4617 1793 4675 per

1878 600 2067 647 nantes
2086 591 2389 646 dasmonum
2419 587 2698 658 sacrilegis
2742 587 3005 653 vinculis,
3034 600 3141 642 non
3170 596 3252 641 est
3280 586 3461 643 anima

1877 691 2230 751 utrorumque
2254 680 2574 746 communis,
2601 687 2663 734 ut
2694 680 2858 735 etiam
2880 680 3088 749 culpam
3118 680 3327 748 possint
3358 678 3456 733 ha-

1878 776 2008 832 bere
2029 789 2404 831 communem:
2431 788 2541 828 non
2567 772 2709 829 enim
2742 773 2823 828 sic
2851 772 3279 828 communicatur
3302 772 3462 840 culpa

1877 882 1977 938 per
2003 867 2230 923 alterius
2257 866 2589 923 voluntatem
2614 902 2634 931 ,
2674 864 3125 935 quemadmodum
3167 862 3464 919 communi-

1874 969 2030 1017 catur
2082 960 2257 1031 gratia
2308 975 2404 1029 per
2437 960 2676 1030 Spiritus
2712 960 2889 1014 sancti
2936 958 3219 1013 unitatem.
3277 957 3465 1013 Potest

1875 1053 2019 1110 enim
2046 1061 2100 1109 et
2131 1053 2183 1108 in
2210 1052 2312 1107 hoc
2346 1062 2400 1109 et
2430 1054 2484 1108 in
2516 1051 2613 1107 illo
2657 1052 2877 1108 homine
2904 1066 3025 1107 esse
3068 1064 3209 1106 unus
3235 1051 3466 1121 Spiritus

1876 1154 2131 1216 sanctus,
2185 1146 2394 1202 etiamsi
2451 1145 2680 1201 invicem
2738 1145 2983 1201 nesciant
3041 1156 3136 1213 per
3182 1158 3341 1213 quem
3396 1142 3468 1200 sit

1877 1244 2154 1314 utriusque
2181 1242 2352 1312 gratia
2376 1242 2700 1297 communis.
2726 1240 2842 1295 Non
2872 1250 3052 1295 autem
3094 1244 3271 1309 potest
3301 1234 3468 1307 spiri-

1878 1345 1969 1394 tus
1988 1338 2223 1394 hominis
2263 1350 2384 1393 esse
2409 1345 2461 1392 et
2498 1336 2659 1406 hujus
2688 1342 2745 1389 et
2786 1334 2927 1390 illius
2951 1375 2968 1403 ,
3008 1349 3103 1405 per
3132 1344 3312 1404 quem,
3348 1344 3469 1402 pec~

1883 1441 2043 1489 caute
2072 1434 2243 1489 altero
2272 1440 2328 1488 et
2353 1432 2528 1488 altero
2553 1444 2659 1486 non
2690 1437 2977 1501 peccante,
3005 1431 3070 1484 sit
3103 1434 3281 1485 tamen
3312 1428 3469 1497 culpa

1880 1526 2227 1583 communis:
2272 1540 2336 1581 ac
2387 1540 2482 1595 per
2516 1525 2618 1579 hoc
2664 1533 2841 1592 potest
2892 1522 3145 1593 parvulus
3189 1518 3354 1577 semel
3401 1530 3471 1575 ex

1883 1630 2162 1691 parentum
2211 1634 2373 1673 carne
2411 1616 2722 1687 generantis
2753 1612 3082 1689 [generatus]
3116 1614 3207 1669 Dei
3263 1612 3471 1684 Spiritu

1880 1710 2190 1782 regenerari
2224 1753 2239 1777 ,
2288 1716 2345 1763 ut
2373 1720 2437 1765 ex
2470 1708 2579 1763 illis
2608 1704 2864 1779 obligatio
2895 1716 3168 1763 contracta
3209 1702 3468 1761 solvatur.

1878 1802 1995 1859 Non
2022 1810 2199 1871 potest
2226 1810 2401 1855 autem
2433 1800 2602 1856 semel
2647 1799 2736 1853 Dei
2767 1798 2967 1867 Spiritu
3000 1807 3347 1867 regeneratus
3396 1812 3469 1853 ex

1804 1892 1857 1955 Β
1886 1902 2161 1963 parentum
2181 1900 2343 1947 carne
2366 1890 2693 1960 regenerari,
2714 1894 2770 1943 ut
2792 1884 3043 1958 obligatio
3061 1903 3178 1958 quae
3197 1887 3373 1943 soluta
3396 1895 3478 1950 est

1890 1985 2085 2040 iterum
2128 1982 2480 2061 contrahatur
2513 1996 2530 2037 :
2569 1990 2624 2038 et
2653 1980 2773 2038 ideo
2818 1980 2985 2037 semel
3016 1988 3318 2051 perceptam
3352 1994 3479 2051 par~

1884 2077 2040 2131 vuius
2074 2074 2274 2129 Christi
2306 2075 2531 2145 gratiam
2576 2086 2683 2129 non
2715 2072 2939 2140 amittit,
2972 2070 3070 2128 nisi
3121 2071 3337 2142 propria
3373 2071 3477 2124 im-

1890 2173 2113 2244 pietate,
2141 2170 2185 2227 si
2215 2172 2388 2227 aetatis
2416 2180 2639 2226 accessu
2682 2178 2789 2223 tam
2829 2169 3001 2224 malus
3044 2166 3299 2223 evaserit.
3329 2164 3481 2225 Tunc

1886 2270 2031 2322 enim
2062 2267 2224 2321 etiam
2250 2265 2464 2334 propria
2490 2262 2708 2333 incipiet
2736 2263 2937 2318 habere
2953 2268 3201 2331 peccata,
3225 2276 3345 2333 quae
3371 2270 3483 2317 non

1888 2357 2302 2429 regeneratione
2331 2355 2675 2422 auferantur,
2710 2356 2805 2410 sed
2832 2354 2938 2409 alia
2970 2353 3251 2409 curatione
3277 2368 3478 2408 sanen-

1892 2460 1997 2507 tur.
2030 2448 2414 2506 Verumtamen
2444 2457 2591 2504 recte
2620 2446 2868 2503 dicuntur
2918 2453 3201 2517 parentes,
3237 2440 3322 2500 vel
3366 2444 3484 2515 qui-

1887 2554 2117 2614 cumque
2139 2542 2373 2613 majores
2416 2539 2581 2608 ﬁlios,
2613 2555 2706 2595 seu
2730 2539 2997 2609 quoslibet
3026 2537 3282 2609 parvulos
3312 2532 3484 2606 bapti-

1890 2643 2070 2702 satos,
2096 2632 2488 2689 daemoniorum
2513 2628 2796 2700 sacrilegio
2818 2628 3057 2699 obligare
3073 2633 3348 2692 conantes,
3373 2623 3485 2694 spis

1886 2724 2126 2799 ritaliter
2155 2718 2441 2779 homicidae
2473 2738 2486 2777 τ
2521 2736 2642 2777 nam
2674 2721 2725 2776 in
2754 2714 2857 2776 illis
2888 2716 3099 2790 quidem
3150 2714 3485 2773 interiectio-

1892 2830 2013 2875 nem
2047 2816 2156 2891 Μ.
2184 2830 2290 2873 non
2317 2814 2555 2885 faciunt,
2587 2815 2713 2879 sed,
2734 2819 2993 2883 quantum
3024 2810 3078 2866 in
3109 2809 3238 2881 ipsis
3267 2816 3371 2877 est,
3404 2807 3487 2863 in-

1893 2906 2209 2966 terfectores
2248 2910 2415 2975 ﬁunt;
2448 2915 2595 2963 recte
2645 2907 2752 2961 illis
2781 2900 3013 2969 dicitur,
3046 2901 3258 2973 quando
3288 2896 3355 2955 ab
3386 2900 3487 2957 hoc

1894 3007 2107 3063 scelere
2155 2998 2508 3077 prohibentur
2554 3021 2566 3055 :
2598 2996 2779 3057 Nolite
2802 2996 3052 3056 occidere
3082 2994 3334 3069 parvulos
3362 3007 3488 3048 ves-

1892 3107 2035 3165 tros;
2070 3099 2204 3154 dicit
2235 3097 2377 3154 enim
2420 3094 2715 3167 Apostolus
2748 3110 2758 3145 :
2795 3090 3054 3163 Spiritum
3088 3090 3254 3145 nolite
3279 3086 3488 3144 exstin-

1891 3207 2075 3265 guere.
2110 3190 2224 3247 Non
2249 3192 2369 3261 quia
2396 3189 2488 3244 ille
2511 3182 2779 3257 exStingui
2801 3191 3008 3256 potest,
3033 3181 3129 3240 sed
3151 3188 3407 3265 quantum
3431 3179 3487 3235 in

1806 3270 1855 3338 Ο
1888 3264 2020 3356 ipsis
2072 3293 2158 3340 est
2199 3283 2558 3339 exstinctores
2604 3279 2721 3349 cjus
2764 3277 2958 3333 merito
2988 3276 3235 3331 dicuntur
3282 3264 3373 3344 qui
3408 3269 3490 3327 sic

1885 3382 2052 3447 agunt
2116 3384 2175 3430 ut
2222 3374 2549 3429 exstinctum
2609 3371 2803 3436 velint;
2863 3369 2909 3425 si
2958 3368 3101 3424 enim
3150 3374 3489 3421 sacramenta

1888 3462 2173 3541 quamdam
2222 3464 2626 3520 similitudinem
2676 3477 2855 3517 rerum
2915 3474 3100 3515 carum
3144 3470 3372 3527 quarum
3395 3469 3490 3509 sa-

1888 3564 2162 3619 cramenta
2209 3564 2334 3613 sunt
2376 3571 2480 3611 non
2541 3553 2831 3618 haberent,
2881 3551 3103 3606 omnino
3146 3554 3491 3604 sacramenta

1889 3670 1998 3710 non
2057 3658 2260 3709 essent.
2317 3642 2398 3704 Ex
2465 3646 2566 3702 hac
2620 3654 2796 3701 autem
2848 3638 3200 3698 similitudine
3245 3632 3490 3711 plerum-

1889 3765 1995 3822 que
2051 3746 2161 3818 jaut
2209 3744 2444 3816 ipsarum
2496 3756 2676 3797 rerum
2734 3735 2949 3794 nomina
3000 3732 3354 3805 accipiuntur.
3403 3728 3491 3787 Si-

1891 3852 1984 3902 cut
2036 3856 2166 3911 ergo
2221 3837 2515 3895 secundum
2565 3831 2853 3904 quemdam
2911 3828 3129 3885 modum
3185 3838 3492 3883 sacramen-

1892 3948 2006 3994 tum
2073 3936 2318 4003 corporis
2373 3927 2570 3985 Christi
2616 3940 2811 3995 carpus
2868 3919 3096 3987 Christif,
3166 3926 3251 3975 est
3311 3929 3492 3972 sacra-

1893 4032 2131 4086 mentum
2178 4020 2455 4094 sanguinis
2502 4018 2698 4075 Christi
2748 4010 2967 4085 sanguis
3016 4006 3216 4068 Christi
3270 4016 3373 4075 est,
3419 4006 3494 4094 ita

1893 4090 2305 4178 sacramentum
2330 4106 2455 4169 ﬁdei
2496 4108 2629 4166 ﬁdes
2682 4122 2788 4166 eat.
2842 4102 2984 4163 Nihil
3008 4113 3185 4160 autem
3227 4108 3311 4155 est
3351 4090 3496 4154 aliud

1894 4210 2121 4271 credere
2168 4222 2328 4280 quam
2361 4203 2522 4260 ﬁdem
2576 4198 2777 4256 habere
2807 4217 2822 4254 :
2852 4214 2914 4254 ac
2966 4211 3059 4267 per
3101 4191 3206 4248 hoc
3246 4206 3369 4247 cum
3408 4204 3494 4246 re~

1895 4302 2195 4379 spondetur
2245 4298 2497 4372 parvulus
2547 4292 2770 4350 credere
2807 4290 2898 4362 qui
2942 4286 3065 4343 ﬁdei
3113 4281 3349 4377 nondum
3397 4283 3495 4337 ba-

1895 4374 2024 4459 bent
2091 4392 2386 4460 aii'ectum,
2438 4386 2832 4462 respondetur,
2880 4382 3041 4440 ﬁdem
3106 4374 3308 4437 habere
3364 4388 3495 4448 pro-

1899 4506 2017 4569 pter
2063 4490 2190 4548 ﬁdei
2234 4494 2661 4549 sacramentum,
2691 4489 2747 4538 et
2780 4488 3098 4536 convertere
3125 4490 3184 4532 se
3212 4472 3279 4529 ad
3320 4471 3493 4528 Deum

1897 4565 2119 4661 propter
2172 4579 2541 4640 conversionis
2595 4580 3031 4637 sacramentum,
3078 4565 3203 4640 quia
3253 4574 3309 4622 et
3377 4566 3497 4633 ipsa

206 4690 762 4751 oilicium'voluntatis
807 4694 996 4751 alienae
1024 4734 1041 4763 ,
1074 4710 1195 4749 cum
1225 4657 1449 4750 offertur
1474 4657 1797 4750 consecran-
1817 4658 1877 4723 Β
1903 4681 2190 4754 τεδροιιεὶο
2235 4676 2305 4733 Id
2365 4671 2805 4763 celebm‘iouem_
2837 4666 3073 4763 Ρεῐιξηει
3131 4657 3492 4763 uestimenti;

206 4786 327 4852 dus,
356 4785 484 4840 facit
533 4786 634 4841 hoc
683 4802 821 4842 unus
867 4786 1139 4856 Spiritus,
1183 4801 1251 4842 ex
1296 4800 1404 4856 quo
1451 4796 1802 4857 regeneratur

207 4879 440 4935 oblatus.
472 4879 586 4933 Non
618 4882 761 4933 enim
808 4876 1066 4948 scriptum
1095 4887 1201 4946 est,
1248 4872 1361 4933 Nisi
1409 4880 1531 4949 quis
1578 4889 1800 4935 renatus

208 4972 363 5027 fuerit
402 4987 464 5025 ex
498 4974 777 5040 parentum
806 4970 1102 5035 voluntate,
1133 4972 1231 5023 aut
1253 4984 1319 5023 ex
1350 4963 1688 5022 oﬂ‘erentium
1711 4963 1798 5024 vel

209 5065 628 5121 ministrantium
659 5058 795 5128 ﬁde;
828 5062 923 5117 sed
959 5079 973 5115 :
1004 5060 1118 5116 Nisi
1146 5059 1269 5130 quis
1304 5068 1518 5116 renatus
1552 5060 1709 5114 fuerit
1731 5074 1797 5114 ex

209 5176 346 5231 aqua
394 5169 447 5216 et
496 5158 719 5227 Spiritu.
768 5156 919 5227 Aqua
968 5155 1132 5225 igitur
1178 5152 1442 5209 exhibens
1494 5150 1797 5207 forinsecus

209 5266 603 5313 sacramentum
632 5253 842 5325 gratiae,
868 5261 922 5308 et
950 5251 1187 5321 Spiritus
1211 5261 1442 5318 operans
1469 5247 1800 5303 intrinsecus

212 5350 533 5406 beneﬁcium
563 5347 789 5418 gratim,
818 5346 1035 5401 solvens
1078 5343 1354 5399 vinculum
1381 5340 1577 5411 culpa,
1608 5353 1801 5396 recon-

212 5445 408 5499 cilians
436 5444 633 5498 bonum
661 5448 903 5506 naturae,
935 5444 1256 5508 regeneraut
1294 5434 1571 5490 hominem
1613 5434 1667 5488 in
1690 5446 1800 5488 uno

212 5542 433 5595 Christo
460 5555 528 5596 ex
557 5552 663 5593 uno
704 5536 875 5592 Adam
900 5542 1238 5605 generatum.
1282 5530 1625 5601 Regenerans
1668 5538 1800 5595 ergo

214 5640 449 5708 Spiritus
478 5637 531 5691 in
563 5631 855 5703 majoribus
877 5628 1242 5698 oﬁ‘erentibus,
1273 5634 1329 5683 et
1357 5626 1582 5697 parvulo
1620 5622 1800 5678 oblato

214 5744 445 5797 renato,
487 5747 605 5801 qua:
657 5726 958 5783 communis
1004 5734 1087 5782 est
1129 5723 1301 5779 :ideo
1346 5736 1440 5789 per
1488 5720 1803 5775 societatem

216 5830 378 5885 unius
400 5825 748 5898 ejusdemque
777 5820 997 5890 spiritus
1021 5850 1040 5886 ,
1080 5815 1302 5887 prodest
1325 5812 1662 5868 oﬁerentium
1704 5821 1803 5861 vo-

216 5927 396 5985 luntas
428 5920 648 5996 parvulo
688 5915 895 5977 ablato;
935 5910 1160 5982 Quando
1188 5918 1371 5967 autem
1416 5909 1470 5965 in
1517 5903 1799 5977 parvulum

1906 4750 2046 4833 sicut
2070 4773 2138 4830 de
2166 4766 2562 4841 ipsobaptismo
2583 4759 2875 4831 Apostolus
2898 4775 2912 4811 :
2935 4752 3268 4826 Consepulti,
3300 4750 3495 4841 inquit,

1906 4880 2091 4925 sumus
2104 4838 2318 4920 Christo
2341 4871 2441 4928 per
2459 4852 2780 4923 baptismum
2799 4849 2857 4904 in
2872 4856 3099 4903 mortem
3119 4865 3132 4899 :
3150 4858 3256 4900 non
3278 4840 3373 4907 ait,
3394 4838 3497 4894 Se-

1906 4961 2175 5031 pulturam
2198 4949 2648 5024 signiﬁcavimus,
2677 4943 2771 4999 sed
2804 4955 3022 5012 prorsus
3041 4940 3137 5003 ait.
3179 4929 3497 5031 Consepulti

1904 5023 2111 5107 sumus.
2157 5023 2562 5103 Sacr-amentum
2605 5051 2733 5106 ergo
2763 5042 2923 5089 tanta:
2948 5033 3027 5087 rei
3065 5044 3174 5084 non
3218 5025 3318 5080 nisi
3348 5023 3495 5091 ejus-

1904 5147 2025 5203 dem
2058 5141 2137 5198 rei
2173 5136 2436 5194 vocabulo
2476 5129 2821 5201 nuncupavit.
2859 5126 3042 5195 Itaque
3086 5119 3385 5191 parvulum,
3412 5123 3498 5171 et-

1907 5242 1952 5296 si
2002 5236 2239 5293 nondum
2273 5230 2410 5287 ﬁdes
2450 5229 2540 5283 illa
2570 5240 2689 5297 quas
2738 5226 2791 5279 in
2838 5216 3174 5276 credentium
3216 5211 3497 5267 voluntate

1906 5330 2173 5396 consistit,
2183 5327 2293 5399 jam
2314 5332 2492 5380 tamen
2518 5319 2685 5389 ipsius
2713 5316 2834 5372 ﬁdei
2852 5316 3247 5399 sacramentum
3277 5303 3492 5399 ﬁdelem
3552 5376 3553 5379 η

1906 5423 2062 5489 facit;
2106 5394 2231 5475 nam
2276 5415 2412 5473 sicut
2436 5411 2661 5469 credere
2704 5401 3081 5475 respondetur,
3126 5398 3197 5452 ita
3240 5396 3401 5489 etiam
3433 5394 3498 5489 ﬁ:-

1908 5484 2059 5575 deles
2087 5521 2325 5575 vocatur,
2374 5522 2483 5563 non
2516 5520 2627 5560 rem
2659 5502 2774 5571 ipsa
2812 5503 2998 5551 mente
3043 5488 3362 5553 annuendo,
3396 5484 3492 5541 sed

1911 5612 2081 5684 ipsius
2128 5608 2207 5665 rei
2260 5608 2654 5661 sacramentum
2706 5587 3073 5665 percipiendo.
3127 5584 3261 5639 Cum
3313 5589 3494 5636 autem

1913 5683 2104 5777 sapere
2132 5702 2295 5756 homo
2335 5691 2584 5763 cmperit,
2616 5703 2725 5745 non
2753 5683 2885 5741 illud
2912 5684 3312 5737 sacramentum
3339 5686 3496 5777 repe-

1910 5768 2010 5867 tet,
2058 5795 2153 5854 sed
2205 5790 2498 5860 intelliget,
2540 5784 2762 5855 ejusque
2802 5777 3008 5835 veritati
3045 5785 3281 5831 consona
3330 5768 3497 5824 etiam

1909 5894 2187 5952 voluntate
2251 5880 2609 5956 coaptabitur.
2652 5876 2767 5935 Hoc
2829 5869 3073 5944 quandiu
3118 5880 3227 5927 non
3269 5866 3499 5937 potest,
