3986 6382
169 378 256 445 397

1301 383 1730 448 TIIESAURUS.
1771 389 1925 448 CAP.
1966 393 2290 452 CCXXXIII.

3305 404 3411 462 898

166 523 259 583 est,
285 515 375 587 qui
396 509 522 572 dum
563 508 666 571 sibi
703 511 950 572 sufﬁcere
977 513 1145 585 eligit,
1176 514 1246 570 ab
1267 514 1360 570 illo
1390 517 1478 583 qui
1516 516 1567 571 ei
1596 528 1723 571 vere
1755 517 1805 577 Α
1828 514 1925 569 dit.
1954 515 2008 570 Si
2041 523 2220 570 autem
2254 528 2354 569 nec
2381 513 2550 584 cupit,
2586 519 2639 569 et
2664 529 2726 569 ea
2756 529 2874 585 quae
2901 514 3244 588 intelligenda
3281 532 3410 579 sunt

165 606 371 674 sufﬁcit,
403 607 604 664 deﬁcit.
652 606 790 664 Illud
817 609 996 679 itaque
1042 607 1266 672 malum,
1299 625 1428 679 quo,
1459 624 1579 666 cum
1625 608 1728 664 sibi

164 695 316 752 homo
343 698 518 768 placet
539 709 789 770 tanquam
822 701 892 754 sit
916 708 971 754 et
994 701 1109 770 ipse
1138 699 1341 764 lumen,
1371 701 1629 755 avertitur
1661 700 1727 756 ab

161 803 227 844 eo
263 789 474 857 lumine,
518 792 658 861 quod
688 791 737 846 ei
769 791 814 846 si
843 791 1070 861 placeat,
1095 799 1151 846 et
1175 792 1291 862 ipse
1322 790 1385 845 fit
1409 793 1588 847 lumen
1621 809 1633 844 :
1666 790 1731 845 il-

161 882 272 950 lud,
300 882 539 953 inquam,
572 884 768 938 malum
801 884 1077 953 praecessit
1108 885 1164 938 in
1193 882 1398 949 abdito,
1434 892 1492 938 ut
1538 897 1732 953 seque-

161 983 305 1029 retur
344 974 446 1030 hoc
502 977 700 1030 malum
756 977 897 1046 quod
953 990 1094 1030 nunc
1137 983 1497 1045 perpetratum
1548 983 1630 1029 est
1678 974 1732 1028 in

160 1075 364 1136 aperto.
412 1067 606 1124 Verum
655 1079 738 1126 est
779 1070 920 1125 enim
966 1069 1108 1139 quod
1161 1069 1420 1139 scriptum
1447 1068 1734 1124 estzAute

160 1158 365 1215 ruinam
407 1162 671 1218 exaltatur
715 1177 830 1230 cor,
861 1174 916 1218 et
961 1172 1090 1218 ante
1133 1163 1357 1232 gloriam
1401 1161 1730 1216 humiliatur.

157 1249 254 1306 Illa
284 1266 502 1322 prorsus
532 1254 708 1323 ruina,
740 1269 860 1324 quae
884 1254 946 1308 ﬁt
983 1253 1039 1309 in
1080 1256 1311 1321 occulto,
1348 1254 1602 1324 praecedit
1625 1253 1736 1307 rui-

154 1356 282 1398 nam
311 1359 430 1413 quae
467 1354 549 1400 est
575 1347 628 1401 in
658 1347 964 1414 manifesto,
996 1346 1123 1400 dum
1145 1346 1235 1401 illa
1276 1345 1429 1400 ruina
1472 1361 1595 1402 esse
1626 1359 1734 1400 non

157 1441 392 1502 putatur.
418 1435 550 1502 Quis
571 1437 716 1492 enim
755 1437 1141 1493 exaltationem
1166 1436 1376 1492 ruinam
1406 1445 1580 1507 putat,
1612 1450 1732 1490 cum

155 1524 264 1595 iam
295 1527 367 1584 ibi
394 1527 462 1583 sit
486 1528 753 1598 defectus,
771 1539 890 1600 ‘quo
927 1530 1150 1586 relictus
1183 1539 1265 1584 est
1309 1528 1584 1585 excelsus?
1615 1527 1736 1597 quis

155 1625 333 1673 autem
365 1618 576 1674 ruinam
621 1634 745 1677 esse
770 1635 876 1675 non
906 1620 1105 1688 videat,
1153 1619 1368 1690 quando
1410 1619 1466 1673 ﬁt
1499 1616 1734 1673 mandati

155 1707 376 1764 evidens
405 1718 568 1779 atque
606 1710 905 1766 indubitata
935 1711 1326 1782 transgressio?
1367 1710 1595 1780 Propter
1635 1709 1737 1764 hoc

157 1803 301 1858 Deus
342 1803 474 1859 illud
528 1805 825 1875 prohibuit,
869 1805 1013 1876 quod
1048 1820 1171 1860 cum
1221 1814 1368 1859 esset
1413 1803 1731 1868 admissum,

1834 607 2101 663 credenda
2131 606 2500 662 tantummodo
2537 607 2826 672 existimat,
2855 610 2941 664 cui
2974 625 3049 666 ret
3077 610 3210 668 ﬁdes
3239 615 3411 682 prosit

1834 697 2060 768 ignorat.
2110 698 2240 752 Nam
2291 701 2374 769 pia
2421 697 2553 754 ﬁdes
2591 699 2708 754 sine
2737 700 2839 769 'spe
2897 710 2950 755 et
2998 704 3114 758 sine
3152 705 3415 764 charitate

1835 806 1954 847 esse
1984 807 2087 846 non
2127 794 2257 847 vult.
2291 793 2380 847 Sic
2411 794 2567 861 igitur
2597 793 2757 847 homo
2787 793 2960 849 ﬁdelis
2991 795 3152 852 debet
3191 800 3416 857 credere

1835 883 1979 953 quod
2011 883 2244 937 nondum
2274 883 2439 950 videt,
2469 895 2526 938 ut
2551 885 2812 940 visionem
2843 895 2896 941 et
2926 898 3128 955 speret,
3161 900 3214 944 et
3246 900 3411 948 amet.

1838 975 1906 1030 Et
1936 975 2224 1029 visibilium
2255 976 2469 1044 quidem
2502 990 2682 1031 rerum
2706 979 3258 1049 prieteritarum,quaa
3281 992 3416 1038 tem-

1836 1067 2097 1136 poraliter
2147 1069 2494 1138 transierunt,
2544 1072 2658 1126 sola
2690 1071 2823 1127 ﬁdes
2870 1082 2991 1139 est;
3026 1078 3276 1144 quoniam
3307 1092 3414 1134 non

1837 1161 2011 1217 adhuc
2038 1160 2265 1216 videnda
2293 1172 2599 1231 sperantur,
2623 1167 2717 1221 sed
2746 1166 2885 1225 facta
2913 1176 2967 1222 et
2996 1175 3260 1223 transacta
3293 1157 3415 1228 (ιι-εξ

1838 1251 2054 1307 duntur.
2106 1253 2256 1311 Sicut
2306 1265 2384 1309 est
2435 1255 2573 1310 istud
2626 1257 2768 1326 quod
2817 1257 3063 1313 Christus
3101 1261 3266 1316 semel
3314 1277 3414 1332 pro

1839 1345 2071 1415 peccatis
2096 1347 2291 1400 nostris
2323 1355 2565 1401 mortuus
2594 1356 2698 1413 est,
2727 1357 2781 1402 et
2823 1351 3142 1417 resurrexit,
3171 1367 3272 1406 nec
3301 1352 3416 1422 jam

1840 1437 2085 1502 moritur,
2118 1446 2172 1491 et
2199 1452 2344 1496 mors
2365 1437 2413 1492 ei
2444 1439 2583 1493 ultra
2614 1455 2720 1494 non
2749 1441 3132 1498 dominabitur.
3179 1445 3255 1498 Ea
3289 1460 3418 1501 vero

1841 1543 1958 1597 qua:
1989 1527 2223 1583 nondum
2247 1541 2394 1596 sunt,
2424 1531 2516 1585 sed
2548 1531 2721 1585 futura
2751 1541 2896 1598 sunt,
2930 1536 3079 1590 sicult
3109 1545 3414 1592 nostrorum

1841 1618 2160 1688 Spiritalium
2209 1635 2496 1691 corporum
2538 1625 2884 1689 resurrectio,
2917 1626 2990 1678 ita
3021 1627 3329 1696 creduntur,
3359 1637 3420 1683 ut

1842 1708 2003 1764 etiam
2046 1710 2271 1764 videnda
2319 1721 2620 1781 sperentur,
2671 1713 2766 1767 sed
2816 1716 3025 1769 ostendi
3075 1717 3233 1772 modo
3270 1719 3420 1772 nullo

1843 1810 2068 1870 possunt
2097 1803 2279 1858 modo.
2303 1802 2432 1870 Quae
2474 1819 2602 1859 vero
2644 1805 2714 1858 ita
2751 1814 2875 1859 sunt
2907 1815 2963 1860 ut
2991 1822 3162 1877 neque
3197 1818 3420 1877 praster-

156 1893 304 1948 nulla
336 1893 550 1951 defendi
579 1906 763 1966 posset
786 1897 1165 1968 imaginatione
1193 1897 1414 1966 iustitiae
1444 1913 1456 1950 :
1483 1905 1538 1951 et
1568 1893 1734 1968 [ideo]
1765 1910 1814 1971 Β
1844 1903 1986 1959 eant,
2014 1904 2070 1948 ut
2107 1911 2280 1964 neque
2311 1896 2489 1951 futura
2533 1898 2662 1962 sint,
2695 1897 2788 1952 sed
2816 1907 3014 1953 acterna
3047 1913 3417 1968 permaneant,

156 1987 329 2044 audeo
365 1988 570 2056 dicere,
611 1989 861 2062 superbis
891 2004 1013 2048 esse
1039 1990 1170 2046 utile
1199 1990 1394 2045 cadere
1435 1990 1486 2044 in
1518 1987 1736 2058 aliquod

156 2089 398 2150 apertum
430 2083 882 2154 manifestumque
907 2092 1212 2155 peccatum,
1253 2082 1395 2137 unde
1422 2081 1524 2136 sibi
1555 2079 1738 2149 displi-

161 2183 342 2241 ceant,
374 2174 463 2244 qui
491 2171 602 2245 jam
643 2174 747 2231 sibi
772 2175 1032 2245 placenda
1079 2176 1408 2231 ceciderant.
1457 2172 1739 2229 Salubrius

161 2265 306 2320 enim
339 2263 533 2323 Petrus
561 2267 664 2323 sibi
695 2268 965 2339 displicuit
1002 2269 1215 2337 quando
1244 2268 1411 2334 ﬁevit,
1442 2282 1599 2337 quam
1637 2266 1738 2320 sibi

158 2356 360 2424 placuit
386 2359 598 2426 quando
628 2362 993 2430 praesumpsit.
1029 2361 1142 2415 Hoc
1171 2359 1302 2414 dicit
1322 2369 1378 2415 et
1407 2372 1560 2412 sacer
1593 2357 1734 2427 psal-

159 2458 281 2499 mus
306 2463 317 2497 :
343 2444 511 2516 Imple
537 2449 699 2503 facies
724 2463 911 2504 eorum
941 2449 1255 2519 ignominia,
1283 2459 1339 2504 et
1365 2458 1610 2519 quaerent
1638 2463 1740 2503 no-

158 2549 285 2591 men
318 2543 488 2602 tuum,
516 2537 771 2605 Domine;
803 2539 858 2594 id
885 2547 990 2606 est,
1023 2548 1081 2593 ut
1130 2549 1184 2592 tu
1228 2539 1306 2593 eis
1347 2540 1556 2608 placeas
1599 2554 1744 2608 qua:-

159 2626 408 2683 rentibus
440 2643 634 2684 nomen
665 2639 812 2684 tuum
844 2631 932 2700 qui
966 2630 1066 2685 sibi
1109 2631 1424 2700 placuerant
1453 2630 1744 2700 quaerendo

161 2731 346 2773 suum.
389 2717 495 2774 Sed
542 2730 627 2776 est
650 2721 801 2791 pejor
830 2721 1294 2793 damnabiliorque
1340 2724 1610 2794 superbia,
1641 2738 1744 2794 qua

159 2811 326 2866 etiam
366 2811 421 2867 in
456 2815 691 2883 peccatis
735 2815 1035 2870 manifestis
1067 2815 1350 2885 suffugium
1382 2816 1744 2871 excusationis

158 2904 491 2975 inquiritur:
520 2907 662 2962 sicut
704 2906 782 2962 illi
813 2908 971 2977 primi
1021 2907 1266 2964 homines
1294 2923 1524 2978 quorum
1567 2919 1620 2965 et
1655 2909 1744 2963 illa

157 2998 600 3069 dixit:Serpens
640 3001 855 3057 seduxit
898 3018 1008 3072 me,
1057 3012 1112 3060 et
1156 3002 1509 3072 manducavi;
1554 3013 1608 3059 et
1657 3005 1746 3058 ille

154 3090 319 3159 dixit,
369 3092 561 3148 Mulier
585 3109 744 3164 quam
789 3095 983 3151 dedisti
1014 3111 1249 3165 mecum,
1273 3097 1390 3152 haec
1434 3097 1567 3152 mihi
1597 3097 1746 3153 dedit

154 3182 228 3239 de
268 3183 415 3255 ligno
446 3193 501 3241 et
545 3184 653 3240 edi.
687 3185 958 3256 Nusquam
1002 3185 1088 3243 hic
1138 3193 1296 3244 sonat
1316 3187 1504 3258 petitio
1549 3188 1739 3256 veniae,

154 3289 426 3348 nusquam
448 3275 756 3347 imploratio
777 3279 1078 3335 medicinae.

653 3411 882 3471 CAPUT
919 3413 1249 3472 CCXXXIII.

361 3523 444 3580 De
472 3524 747 3594 Trinitate,
772 3542 838 3582 ea:
862 3527 1080 3597 epistola
1099 3529 1165 3582 ad
1196 3527 1542 3583 Consentium.

235 3639 594 3712 Cogitationis
651 3643 887 3699 carnalis
943 3643 1388 3712 compositionem
1449 3657 1751 3714 vanumque

157 3733 483 3804 ﬁgmentum
515 3733 607 3790 ubi
642 3749 766 3791 vera
797 3735 936 3791 ratio
976 3734 1302 3791 labefactare
1328 3735 1542 3806 incipit,
1574 3735 1750 3790 conti-

157 3841 278 3882 nuo
306 3827 450 3884 intus
481 3827 600 3898 (illo
628 3827 918 3899 adiuvante
948 3837 1110 3899 atque
1132 3828 1470 3884 illuminante
1499 3829 1588 3899 qui
1628 3843 1750 3883 cum

157 3920 372 3977 talibus
400 3920 557 3976 idolis
596 3921 652 3976 in
678 3923 841 3978 corde
879 3931 1065 3980 nostro
1112 3921 1354 3978 habitare
1380 3936 1486 3977 non
1509 3921 1642 3992 vult)
1680 3921 1751 3976 ita

159 4017 274 4070 ista
296 4016 637 4086 confringere
658 4026 817 4086 atque
838 4032 867 4071 a
897 4017 1003 4072 ﬁde
1034 4025 1216 4071 nostra
1247 4015 1639 4085 quodammado
1659 4030 1753 4070 ex-

160 4118 359 4162 cutere
379 4108 715 4176 festinamus,
749 4118 805 4164 ut
835 4124 902 4164 ne
931 4109 1209 4179 pulverem
1231 4107 1447 4178 quidem
1478 4106 1642 4162 ullum
1674 4113 1754 4160 ta-

158 4199 302 4254 lium
329 4198 756 4269 phantasmatum
786 4200 897 4256 illic
926 4214 1209 4256 remanere
1236 4198 1524 4269 patiamur.
1557 4196 1753 4263 Quam-

157 4291 357 4347 obrem
408 4292 510 4348 nisi
563 4293 772 4348 ratione
823 4292 1239 4363 disputationis,
1299 4305 1402 4362 qua
1455 4289 1755 4345 forinsecus

156 4386 432 4442 admoniti
496 4387 610 4458 ipsa
676 4387 1000 4442 intrinsecus
1059 4386 1291 4441 veritate
1369 4383 1582 4439 lucente
1642 4383 1757 4437 haec

155 4478 303 4533 falsa
357 4493 478 4534 esse
529 4479 902 4548 perspicimus,
936 4477 1071 4533 ﬁdes
1122 4477 1179 4532 in
1217 4483 1404 4532 nostro
1450 4475 1615 4531 corde
1659 4489 1754 4530 an-

156 4569 489 4626 tecessisset.
521 4585 640 4641 quai
668 4586 767 4628 nos
811 4571 1060 4627 indueret
1090 4572 1314 4642 pietate;
1365 4585 1546 4626 nonne
1576 4570 1753 4626 incas-

1841 1987 2031 2054 partim
2073 1995 2196 2040 sunt
2227 1986 2533 2054 invisibilia,
2587 1988 2726 2042 sicut
2749 1988 2980 2058 justitia,
3018 1991 3158 2046 sicut
3204 1995 3419 2063 sapien-

1842 2077 1951 2130 tia:
1988 2079 2181 2147 partim
2231 2079 2483 2147 visibilia,
2534 2080 2671 2134 sicut
2709 2079 2908 2136 Christi
2952 2084 3255 2140 immortale
3295 2085 3409 2155 jam

1849 2183 2064 2239 corpus.
2098 2169 2204 2226 Sed
2235 2171 2522 2226 invisibilia
2569 2171 2839 2226 intellecta
2895 2175 3317 2243 conspiciuntur,
3356 2191 3440 2232 ac

1842 2275 1939 2331 per
1966 2262 2067 2316 hoc
2090 2270 2143 2314 et
2175 2263 2287 2330 ipsa
2319 2263 2478 2317 modo
2499 2264 2730 2332 quodam
2753 2264 2856 2319 sibi
2885 2279 3122 2334 congruo
3145 2268 3416 2336 videntur,

1843 2361 1897 2406 et
1923 2365 2043 2405 cum
2074 2351 2344 2419 videntur,
2392 2353 2561 2406 multo
2587 2354 2818 2408 certiora
2850 2363 2974 2409 sunt
3013 2371 3171 2424 quam
3213 2371 3272 2409 ea
3303 2371 3423 2425 qua:

1843 2443 2085 2512 corporis
2110 2459 2301 2500 sensus
2326 2444 2568 2515 attingit;
2599 2445 2694 2500 sed
2742 2446 2862 2500 ideo
2890 2445 3140 2500 dicuntur
3185 2447 3424 2501 invisibi-

1847 2534 1938 2602 lia,
1970 2537 2093 2604 quia
2120 2536 2290 2590 oculis
2338 2538 2454 2592 istis
2496 2538 2811 2593 mortalibus
2841 2539 3010 2592 videri
3057 2539 3276 2593 omnino
3315 2554 3425 2596 non

1845 2636 2092 2697 possunt.
2121 2630 2190 2682 At
2213 2628 2304 2682 illa
2332 2644 2452 2697 quae
2472 2629 2704 2685 visibilia
2731 2640 2856 2685 sunt
2877 2627 3269 2701 permanentia,
3302 2646 3425 2701 pos‘

1845 2729 1969 2773 sunt
2017 2721 2062 2774 si
2115 2721 2467 2776 ostendantur
2516 2723 2678 2776 etiam
2737 2721 2818 2777 his
2867 2723 3186 2778 mortalibus
3252 2723 3424 2778 oculis

1847 2810 2102 2880 conspici,
2133 2811 2272 2866 sicut
2297 2826 2355 2866 se
2381 2813 2659 2883 discipulis
2690 2823 2810 2884 post
2837 2816 3286 2870 resurrecﬁonem
3317 2815 3425 2869 Do-

1847 2908 2026 2963 minus
2055 2909 2312 2974 ostendit,
2341 2911 2480 2964 sicut
2514 2910 2674 2964 etiam
2709 2919 2827 2980 post
2873 2910 3259 2966 Ascensionem
3291 2924 3426 2980 apo-

1848 3000 1989 3055 stolo
2019 3001 2184 3056 Paulo
2212 3011 2266 3056 et
2305 3002 2530 3056 diacono
2557 3001 2855 3072 Stephano.
2896 3002 3126 3058 Proinde
3163 3002 3262 3056 ista
3291 3003 3428 3056 visi-

1846 3091 1975 3147 bilia
2013 3096 2382 3163 permanentia
2414 3096 2488 3150 ita
2517 3096 2810 3163 credimus,
2855 3105 2936 3162 ut,
2960 3095 3170 3150 etiamsi
3194 3109 3298 3150 non
3328 3095 3426 3150 de-

1846 3195 2230 3252 monstrentur,
2268 3202 2546 3256 speremus
2590 3202 2650 3243 ea
2691 3203 2789 3242 nos
2812 3186 3132 3258 quandoque
3170 3187 3423 3254 visuros;

1775 3283 1820 3347 ί]
1850 3291 1950 3332 nec
1963 3292 2025 3334 ea
2041 3293 2299 3334 conemur
2317 3280 2523 3334 ratione
2545 3277 2926 3351 intellectuque
2944 3279 3431 3348 comprehendere,

1853 3370 1952 3424 nisi
1988 3379 2045 3423 ut
2071 3384 2157 3435 ea,
2183 3370 2309 3439 quia
2329 3371 2558 3425 visibilia
2591 3379 2737 3442 sunt,
2768 3372 2835 3426 ab
2863 3371 3217 3426 invisibilibus
3238 3370 3433 3424 distin‘

1851 3460 1989 3514 ctius
2010 3461 2307 3529 cogitemus
2335 3477 2348 3512 :
2373 3469 2428 3515 et
2454 3475 2577 3516 cum
2611 3462 2937 3529 cogitatione
2959 3461 3136 3528 qualia
3167 3461 3274 3514 sint
3301 3462 3434 3513 ima-

1852 3554 2117 3623 ginamur,
2165 3555 2295 3607 satis
2333 3552 2514 3623 utique
2555 3553 2802 3607 novimus
2850 3567 2914 3608 ea
2959 3552 3114 3607 nobis
3155 3561 3278 3607 nota
3326 3565 3433 3606 non

1853 3658 1995 3698 esse.
2024 3643 2155 3699 Nam
2181 3654 2236 3701 et
2267 3645 2604 3700 Antiochiam
2631 3643 2809 3714 cogito
2838 3645 3184 3714 incognitam,
3209 3643 3304 3698 sed
3325 3657 3435 3698 non

1855 3737 1992 3792 sicut
2013 3737 2393 3808 Carthaginem
2429 3737 2697 3808 cOgnitam
2731 3738 2912 3793 :illam
2950 3738 3143 3808 quippe
3175 3737 3435 3792 visionem

1854 3830 2105 3901 cogitatio
2129 3846 2245 3887 mea
2273 3831 2443 3901 ﬁngit,
2472 3831 2610 3887 hanc
2641 3831 2862 3897 recolit;
2891 3845 3226 3901 nequaquam
3251 3839 3435 3886 tamen

1854 3922 2060 3989 dubito,
2093 3924 2205 3979 sive
2243 3925 2382 3993 quod
2411 3923 2480 3978 de
2524 3924 2614 3978 illa
2658 3924 2885 3978 testibus
2920 3923 3121 3986 multis,
3152 3923 3264 3977 sive
3291 3923 3435 3991 quod

1854 4012 1922 4066 de
1945 4012 2045 4066 ista
2070 4012 2203 4067 meis
2225 4013 2529 4081 aspectibus
2554 4012 2780 4067 credidi.
2807 4011 3076 4066 Justitiam
3101 4026 3249 4079 vero,
3273 4017 3328 4064 et
3349 4025 3436 4064 sa-

1854 4103 2136 4174 pientiam,
2160 4112 2214 4159 et
2235 4104 2490 4173 quidquid
2513 4105 2778 4173 ejusmodi
2816 4113 2918 4168 est,
2942 4119 3050 4156 non
3072 4102 3228 4156 aliter
3251 4103 3438 4170 imagi-

1857 4211 2068 4262 namur,
2094 4196 2252 4250 aliter
2270 4202 2610 4260 contuemur,
2635 4194 2728 4249 sed
2753 4193 2867 4249 haec
2897 4192 3188 4248 invisibilia
3206 4189 3438 4261 simplici

1854 4290 2054 4346 mentis
2083 4298 2242 4360 atque
2270 4288 2494 4344 rationis
2535 4291 2837 4342 lntcntior.e
2869 4286 3138 4341 intellecta
3168 4284 3439 4355 conspici-

1855 4398 1997 4448 mus,
2024 4381 2142 4437 sine
2173 4382 2292 4436 ullis
2325 4381 2513 4436 formis
2537 4389 2591 4436 et
2619 4380 2853 4436 molibus
2886 4379 3281 4449 corporalibus,
3317 4378 3437 4434 sine

1856 4473 1982 4529 ullis
2011 4473 2354 4529 lineamentis
2401 4471 2691 4543 ﬁgurisque
2735 4471 3123 4538 membrorum,
3156 4471 3272 4525 sine
3315 4469 3438 4524 ullis

1858 4569 2121 4626 localibus
2150 4569 2264 4624 sive
2293 4566 2490 4623 finibus
2522 4567 2634 4622 sive
2663 4565 2852 4636 spatiis
2881 4564 3131 4628 inﬁnitis;
3159 4562 3439 4634 ipsumque

154 4680 289 4721 sum
323 4679 441 4734 quae
469 4679 596 4720 vera
621 4676 744 4720 sunt
770 4665 1114 4722 audiremus?
1135 4681 1198 4722 ac
1227 4681 1320 4736 per
1341 4665 1463 4733 hoc,
1495 4664 1748 4736 quoniam
1781 4657 1831 4718 D
1855 4665 2034 4720 lumen
2066 4678 2171 4734 quo
2197 4671 2388 4717 cuncta
2417 4663 2517 4716 ista
2539 4659 2918 4724 discernimus,
2947 4659 3000 4713 in
3028 4670 3134 4726 quo
3159 4655 3312 4711 nobis
3354 4669 3440 4711 sa-

155 4758 215 4814 id
250 4757 400 4828 quod
433 4757 501 4811 ad
550 4771 669 4814 eam
718 4757 1022 4828 pertinebat
1061 4758 1196 4814 ﬁdes
1231 4758 1358 4829 egit,
1391 4758 1515 4813 ideo
1564 4756 1753 4812 subse-

154 4865 344 4924 quens
372 4851 508 4906 ratio
536 4850 735 4921 aliquid
775 4866 966 4907 eorum
1015 4866 1137 4920 quae
1183 4849 1490 4920 inquirebat
1521 4850 1752 4905 invenit.

154 4943 354 5000 Falsa:
379 4943 560 5012 itaque
599 4941 795 4998 rationi
835 4957 942 4998 non
980 4942 1154 4997 solum
1194 4942 1333 4995 ratio
1379 4955 1527 5008 vera,
1567 4957 1669 5012 qua
1702 4942 1754 4997 id

153 5034 316 5107 quod
344 5034 612 5090 credimus
649 5034 1018 5104 intelligimus,
1048 5047 1231 5088 verum
1277 5033 1438 5088 etiam
1479 5032 1610 5089 ﬁdes
1640 5035 1754 5103 ipsa

151 5142 356 5184 rerum
377 5127 616 5183 nondum
646 5127 1043 5184 intellectarum
1070 5127 1187 5182 sine
1219 5126 1382 5182 dubio
1419 5126 1754 5197 prmferenda

151 5227 276 5275 est.
309 5216 502 5274 Melius
532 5228 616 5274 est
661 5220 827 5287 enim,
857 5217 1103 5290 quamvis
1138 5217 1376 5274 nondum
1403 5220 1599 5284 visum,
1637 5234 1755 5274 cre-

151 5315 304 5371 dere
336 5311 478 5382 quod
510 5327 696 5371 verum
721 5322 826 5380 est,
865 5327 1024 5384 quam
1055 5320 1242 5382 putare
1276 5320 1330 5366 te
1357 5325 1540 5368 verum
1573 5311 1755 5367 videre

150 5403 318 5478 quod
348 5403 540 5459 falsum
571 5413 675 5460 est.
709 5404 880 5460 Habet
918 5419 1150 5474 namque
1197 5403 1333 5460 ﬁdes
1372 5403 1560 5459 oculos
1601 5417 1750 5470 suos,

150 5497 370 5569 quibus
392 5497 789 5568 quodammodo
816 5497 961 5551 videt
989 5511 1176 5552 verum
1199 5512 1320 5553 esse
1340 5495 1483 5567 quod
1515 5494 1751 5550 nondum

149 5591 344 5656 videt,
378 5599 433 5646 et
467 5591 659 5661 quibus
687 5590 988 5647 certissime
1023 5590 1168 5645 videt
1212 5590 1451 5646 nondum
1483 5605 1542 5646 se
1574 5589 1754 5646 videre

154 5680 321 5754 quod
361 5681 553 5738 credit.
579 5682 750 5738 Porro
775 5690 952 5736 autem
988 5681 1076 5751 qui
1100 5696 1231 5736 vera
1252 5683 1462 5738 ratione
1481 5683 1590 5752 jam
1613 5681 1753 5751 quod

156 5776 554 5832 tantummodo
599 5776 876 5845 credebat,
926 5776 1212 5846 intelligit,
1266 5779 1506 5845 profecto
1551 5792 1759 5849 praepo-

157 5868 392 5926 nendos
419 5874 503 5923 est
529 5867 578 5925 ei
619 5869 710 5938 qui
754 5869 899 5940 cupit
922 5867 1096 5925 adhuc
1139 5867 1436 5938 intelligere
1466 5868 1610 5938 quod
1638 5881 1762 5926 cre-

1861 4758 1928 4812 tis
1956 4765 2176 4826 apparet
2208 4753 2336 4825 quid
2377 4754 2664 4808 credamus
2700 4750 3054 4821 incognitum,
3095 4749 3220 4820 quid
3252 4746 3438 4818 cogni-

1861 4859 1970 4903 tum
2012 4857 2290 4903 teneamus
2318 4863 2331 4899 :
2356 4860 2514 4914 quam
2542 4844 2767 4898 formam
2797 4841 3040 4912 corporis
3068 4841 3436 4906 recordemur,

1860 4955 2018 5010 quam
2045 4937 2372 5008 cogitatione
2405 4939 2686 5005 ﬁngamus,
2709 4933 2840 5006 quid
2869 4933 3113 5005 corporis
3139 4944 3330 4988 sensus
3354 4937 3438 4982 at-

1861 5033 2050 5103 tingat,
2078 5029 2206 5099 quid
2240 5028 2561 5096 imaginetur
2590 5027 2803 5082 animus
2835 5026 3011 5082 simile
3036 5022 3267 5092 corpori,
3309 5019 3438 5090 quid

1861 5134 2091 5189 certum,
2120 5120 2425 5178 etomnium
2450 5135 2735 5191 corporum
2764 5117 3208 5178 dissimillimum,
3238 5111 3438 5166 intelli-

1858 5219 2037 5291 gentia
2066 5216 2479 5287 contempletur.
2513 5215 2627 5270 Iloc
2656 5228 2785 5284 ergo
2812 5213 3014 5275 lumen,
3043 5207 3132 5262 ubi
3158 5206 3272 5260 haec
3300 5219 3438 5259 cun-

1859 5319 1945 5368 cta
1971 5309 2349 5380 dijudicantur,
2379 5323 2484 5363 non
2515 5307 2701 5376 utique
2729 5306 2871 5361 sicut
2900 5299 3060 5370 hujus
3081 5298 3232 5363 solis,
3265 5306 3318 5352 et
3341 5311 3438 5350 cu-

1853 5405 2050 5475 jusque
2087 5405 2329 5473 corporis
2381 5403 2600 5457 luminis
2633 5399 2862 5469 fulgore,
2910 5411 3004 5466 per
3033 5392 3222 5449 localia
3267 5389 3439 5459 spatia

1857 5498 2272 5564 circumquaque
2345 5491 2706 5555 diffunditur,
2773 5495 3117 5555 mentemque
3194 5491 3434 5537 nosuam

1860 5589 2015 5660 quasi
2045 5587 2245 5642 visibili
2273 5585 2506 5642 candore
2532 5584 2817 5639 collustrat
2841 5596 2855 5634 :
2879 5577 2971 5633 sed
3001 5573 3345 5632 invisibiliter
3385 5578 3441 5624 et

1862 5681 2222 5749 ineﬁabiliter,
2267 5689 2323 5736 et
2361 5690 2538 5733 tamen
2587 5673 3004 5745 intelligibiliter
3032 5672 3194 5734 lucet,
3226 5677 3442 5734 tamque

1863 5775 2018 5830 nobis
2047 5785 2251 5829 certum
2282 5781 2387 5838 est,
2428 5784 2586 5841 quam
2623 5768 2778 5824 nobis
2825 5765 2990 5822 efﬁcit
3016 5772 3160 5819 certa
3189 5775 3308 5832 qua:
3352 5773 3441 5814 so-

1862 5867 2094 5928 cundum
2123 5867 2299 5937 ipsum
2328 5872 2520 5924 cuncta
2544 5859 2926 5933 conspicimus.
2961 5856 3104 5930 ,Cum
3144 5855 3306 5924 igitur
3334 5852 3440 5908 tria
