3986 6382
533 286 637 346 899

1597 274 1661 332 Ι).
1704 271 1797 332 El]
1813 272 2035 332 .iYPPll
2072 272 2361 332 ABBATIS
2397 271 2719 333 AFRICANI

3730 277 3826 339 900

530 401 647 459 sint
668 412 847 455 rerum
868 411 1070 471 genera
1090 409 1210 469 quas
1240 393 1517 461 videntur,
1538 407 1703 449 unum
1718 389 2110 461 corporalium,
2139 393 2197 457 Α
2218 389 2477 448 Trinitas.
2510 389 2593 446 Ad
2635 405 2795 463 quam
2836 390 3126 447 videndam
3167 392 3572 463 quantumlibet
3628 392 3686 451 in
3734 395 3823 451 hac

536 495 677 550 sicut
714 493 816 549 hoc
858 494 1055 553 coelum
1097 502 1151 547 et
1196 489 1313 547 haec
1354 499 1521 554 terra,
1561 494 1618 542 et
1652 483 1913 557 quidquid
1960 484 2015 540 in
2042 483 2123 541 eis

540 602 835 659 corporeus
878 599 1069 644 sensus
1111 583 1287 639 cernit
1320 592 1375 638 et
1430 578 1628 651 tangit;
1680 578 1909 637 alterum
1947 576 2127 633 simile

540 681 935 752 corporalibus,
960 679 1099 734 sicut
1126 686 1255 733 sunt
1279 690 1343 734 ea
1368 689 1489 746 quae
1510 672 1707 743 spiritu
1733 672 1967 743 cogitata
1993 671 2129 727 ima-

539 775 805 847 ginamur,
850 771 962 829 sive
1007 768 1315 835 recordata.
1346 766 1430 825 vel
1473 765 1661 825 oblita.
1708 765 1861 835 quasi
1898 778 2126 834 corpora

540 861 1067 922 contuemurzunde
1113 871 1249 931 sunt,
1286 860 1446 919 etiam
1495 860 1730 915 visiones
1771 873 1892 929 quae
1940 858 2027 913 vel
2074 859 2126 913 in

543 958 772 1026 somnis,
811 957 894 1012 vel
938 958 991 1013 in
1023 957 1204 1027 aliquo
1248 954 1446 1012 mentis
1476 968 1724 1017 excessu,
1756 953 1841 1008 his
1868 952 2011 1022 quali
2048 953 2127 1007 lo-

537 1048 745 1103 calibus
789 1048 1184 1119 quantitatibus
1221 1045 1579 1118 ingeruntur;
1611 1046 1823 1105 tertium
1869 1045 1938 1100 ab
1981 1055 2128 1100 utro-

534 1158 639 1214 que
666 1142 983 1208 discretum,
1014 1142 1157 1215 quod
1181 1156 1357 1212 neque
1382 1140 1454 1197 sit
1480 1153 1700 1208 corpus,
1731 1152 1907 1208 neque
1935 1138 2128 1193 habeat

538 1235 704 1291 ullam
753 1235 1156 1292 similitudinem
1207 1234 1474 1305 corporis,
1507 1232 1667 1291 sicuti
1712 1241 1800 1288 est
1842 1231 2125 1300 sapientia,

538 1341 659 1401 qua:
693 1336 876 1382 mente
918 1326 1193 1387 intellecta
1241 1324 1594 1394 conspicitur,
1624 1331 1680 1379 et
1732 1322 1784 1378 in
1817 1323 1973 1392 cujus
2009 1321 2130 1378 luce

538 1418 608 1475 de
638 1418 722 1474 his
752 1418 1001 1475 omnibus
1029 1420 1291 1477 veraciter
1313 1416 1607 1489 judicatur.
1641 1415 1701 1471 In
1725 1417 1836 1487 26
1859 1431 1965 1485 quo
1992 1416 2127 1470 isto-

538 1525 659 1565 rum
690 1525 888 1581 genere
938 1509 1268 1566 credendum
1312 1519 1395 1567 est
1443 1523 1565 1565 esse
1595 1507 1750 1565 istam
1777 1524 1938 1578 quam
1970 1522 2128 1563 nosse

539 1604 810 1670 volumus,
837 1603 1193 1659 Trinitatem?
1234 1601 1483 1660 Proiecto
1511 1609 1605 1657 aut
1631 1602 1684 1656 in
1718 1601 1920 1670 aliquo,
1950 1610 2045 1655 aut
2073 1602 2127 1656 in

540 1695 709 1751 nullo.
742 1695 798 1752 Si
837 1697 889 1750 in
919 1697 1124 1767 aliquo,
1151 1711 1218 1752 eo
1263 1696 1448 1767 utique
1484 1696 1627 1765 quod
1659 1705 1742 1751 est
1773 1696 1891 1751 aliis
1920 1696 2127 1752 duobus

2225 482 2335 539 vita
2366 483 2729 555 proﬁciamus,
2779 499 2875 555 per
2898 484 3175 555 speculum
3220 484 3324 540 erit
3352 496 3409 542 et
3447 486 3505 541 in
3534 486 3822 557 aenigmate

2224 575 2371 646 quod
2407 574 2730 633 videbimus.
2780 576 2919 632 Cum
2946 591 3077 633 vero
3122 576 3266 648 quod
3308 578 3363 634 in
3412 582 3817 638 resurrectione

2227 669 2566 740 promittitur
2588 670 2830 741 spiritale
2865 685 3062 741 corpus
3102 670 3303 728 habere
3331 675 3699 743 cmperimus,
3722 678 3819 733 sive

2228 760 2375 817 illam
2406 771 2609 830 mente,
2642 761 2755 820 sive
2780 763 3012 819 mirabili
3038 761 3224 832 modo,
3247 765 3509 834 quoniam
3540 765 3813 823 ineﬂabilis

2228 863 2313 910 est
2352 856 2608 926 spiritalis
2639 856 2884 927 corporis
2922 856 3111 927 gratia,
3142 856 3309 913 etiam
3356 873 3608 929 corpore
3651 859 3812 915 videa-

2226 962 2368 1014 mus,
2392 964 2498 1004 non
2522 958 2704 1004 tamen
2731 963 2829 1020 per
2852 949 3092 1006 locorum
3123 949 3430 1016 intervalla,
3457 966 3569 1007 nec
3604 951 3659 1007 in
3679 944 3807 1023 parte

2226 1040 2519 1111 minorem,
2568 1042 2621 1096 in
2656 1050 2809 1111 parte
2846 1042 3128 1112 majorem,
3156 1045 3411 1114 quoniam
3445 1059 3567 1100 non
3608 1054 3692 1101 est
3714 1061 3805 1102 cor-

2229 1147 2328 1203 pus
2356 1142 2414 1189 et
2442 1133 2638 1204 ubique
2680 1142 2789 1189 tota
2834 1142 2941 1205 est,
2970 1149 3070 1205 pro
3108 1145 3291 1192 nostra
3334 1136 3651 1209 capacitate
3686 1141 3799 1197 vide-

2228 1226 2429 1283 bimus.
2454 1228 2609 1295 Quod
2633 1242 2763 1284 vero
2789 1228 3012 1300 posuisti
3038 1228 3092 1284 in
3117 1230 3347 1301 epistola
3374 1238 3493 1298 tua,
3514 1231 3687 1287 videri
3705 1233 3798 1304 tibi,

2229 1321 2318 1375 vel
2349 1322 2527 1391 potius
2552 1320 2696 1391 quod
2736 1320 3020 1377 videbatur
3048 1322 3165 1389 tibi,
3215 1322 3348 1377 nihil
3391 1325 3591 1381 vivum
3636 1339 3787 1382 secun-

2228 1412 2355 1469 dum
2406 1414 2759 1469 substantiam
2802 1415 2982 1471 inesse
3020 1415 3277 1484 jusritiaa;
3320 1414 3572 1487 ideoque
3622 1426 3670 1475 te
3710 1433 3792 1475 sos

2230 1520 2391 1576 posse
2434 1506 2609 1563 adhuc
2644 1508 2842 1577 Deum,
2870 1508 2920 1563 id
2948 1514 3033 1564 est
3070 1509 3339 1565 viventem
3384 1521 3645 1567 naturam
3667 1516 3790 1583 ju:li-

2232 1598 2321 1653 tia:
2349 1600 2579 1654 similem
2612 1601 2847 1671 cogitare
2880 1618 2894 1653 :
2926 1601 3051 1671 quia
3092 1600 3322 1673 justitia,
3352 1602 3506 1660 sicut
3534 1603 3680 1672 dicis,
3710 1621 3789 1663 non

2231 1690 2286 1745 in
2317 1705 2397 1757 se,
2436 1691 2529 1747 sed
2576 1692 2628 1746 in
2661 1691 2817 1748 nobis
2842 1689 3002 1760 vivit,
3033 1692 3142 1748 imo
3187 1694 3365 1765 potius
3391 1711 3502 1752 nos
3533 1696 3782 1751 secundum

541 1788 908 1858 praestantius,
938 1787 1077 1843 sicut
1097 1794 1181 1845 est
1200 1785 1491 1857 Sapientia.
1524 1786 1678 1852 Quod
1707 1786 1752 1841 si
1778 1786 1979 1841 donum
2008 1786 2127 1857 ejus
2158 1807 2206 1866 Β
2233 1782 2379 1838 illam
2406 1783 2663 1850 vivimus,
2692 1782 2804 1854 ipsa
2846 1799 2977 1840 vero
3022 1800 3120 1856 per
3154 1800 3215 1842 se
3235 1785 3454 1858 justitia
3490 1804 3778 1861 nequaquam

539 1876 595 1934 in
636 1879 789 1934 nobis
819 1888 924 1944 est,
954 1887 1007 1935 et
1053 1879 1229 1936 minus
1275 1888 1359 1933 est
1383 1893 1543 1948 quam
1572 1878 1662 1934 illa
1705 1892 1913 1932 summa
1954 1888 2010 1933 et
2046 1879 2128 1932 in-

543 1971 942 2027 commutabilis
982 1987 1101 2041 qum
1128 1971 1223 2029 Dei
1268 1971 1532 2040 sapientia
1562 1970 1785 2037 dicitur,
1816 1979 1944 2040 puto
1984 1971 2129 2042 quod

541 2080 649 2121 non
685 2066 945 2123 debemus
974 2064 1119 2123 dono
1146 2080 1245 2121 suo
1288 2066 1511 2121 interius
1540 2064 1776 2136 cogitare
1813 2064 2125 2120 donantem.

543 2156 602 2214 Si
630 2166 808 2215 autem
832 2158 1025 2229 aliquis
1053 2157 1310 2227 splendor
1344 2157 1462 2226 ejus
1490 2158 1544 2213 in
1572 2156 1729 2213 nobis
1747 2165 1855 2223 est,
1885 2171 2004 2226 quas
2028 2169 2125 2211 no-

542 2257 655 2303 stra
686 2249 949 2319 sapientia
989 2248 1204 2316 dicitur,
1236 2256 1713 2320 quantumcunque
1737 2249 1855 2316 ejus
1886 2261 1979 2316 per
2005 2260 2129 2317 spe-

543 2341 725 2403 culum
746 2352 801 2399 et
827 2342 879 2397 in
907 2342 1191 2412 aenigmate
1212 2356 1409 2412 capere
1434 2355 1741 2412 possumus,
1772 2348 1985 2409 oportet
2008 2351 2128 2394 eam

542 2444 600 2490 et
626 2434 694 2490 ab
720 2434 968 2492 omnibus
990 2433 1310 2504 corporibus
1348 2442 1404 2493 et
1432 2434 1499 2490 ab
1545 2432 1798 2490 omnibus
1841 2445 2126 2501 corporum

541 2525 982 2585 similitudinibus
1012 2540 1387 2585 secernamus.
1414 2526 1471 2583 Si
1499 2535 1679 2582 autem
1718 2526 1773 2580 in
1817 2524 1966 2579 nullo
1994 2525 2116 2579 isto.

539 2629 659 2673 rum
683 2632 883 2688 genere
910 2631 1031 2673 esse
1061 2616 1297 2687 putanda
1328 2625 1410 2672 est
1436 2616 1537 2672 ista
1563 2615 1821 2682 Trinitas,
1852 2623 1907 2669 et
1941 2613 2020 2669 sic
2046 2622 2130 2670 est

538 2707 823 2766 invisibilis
850 2718 1026 2769 utnec
1052 2692 1241 2767 mente
1261 2709 1521 2774 videatur,
1553 2710 1723 2764 multo
1745 2708 1921 2763 minus
1943 2708 2129 2778 hujus-

539 2800 686 2859 modi
709 2800 1019 2872 opinionem
1044 2802 1244 2860 habere
1269 2802 1554 2869 debemus,
1584 2810 1641 2857 ut
1663 2817 1782 2857 eam
1824 2802 1984 2857 rebus
2004 2816 2129 2858 cor-

540 2892 836 2965 poralibus,
868 2895 954 2952 vel
988 2895 1353 2966 corporalium
1384 2910 1566 2953 rerum
1599 2895 1940 2968 imaginibus,
1973 2896 2125 2952 simi-

540 2985 647 3044 lem
679 3002 799 3045 esse
822 2988 1128 3045 credamus.
1166 2987 1285 3046 Non
1310 2990 1454 3047 enim
1481 3004 1707 3059 corpora
1732 2991 2127 3060 pulchritudine

540 3080 698 3135 molis
724 3089 815 3136 aut
857 3078 1231 3152 magnitudine
1269 3089 1512 3149 superat,
1561 3080 1657 3135 sed
1688 3081 2124 3136 dissimilitudine

2236 1876 2367 1932 vivit
2394 1893 2408 1931 :
2432 1876 2500 1931 ad
2530 1876 2630 1932 hoc
2656 1886 2713 1931 ut
2743 1874 2839 1931 tibi
2866 1876 2985 1942 ipse
3024 1877 3374 1948 respondeas,
3418 1880 3554 1936 illud
3589 1880 3773 1947 intuere,

2233 1975 2412 2022 utrum
2455 1976 2598 2022 recte
2637 1967 2744 2022 dici
2793 1969 2984 2036 possit,
3028 1969 3193 2024 vitam
3234 1970 3406 2042 ipsam
3460 1987 3566 2027 non
3616 1973 3779 2041 virere,

2233 2072 2335 2128 qua
2368 2059 2428 2113 iit
2471 2069 2527 2113 ut
2555 2060 2698 2114 vivat
2742 2058 2998 2131 quidquid
3027 2075 3136 2117 non
3180 2060 3318 2118 falso
3359 2063 3578 2121 dicimus
3612 2066 3777 2121 virere

2232 2150 2369 2206 Puto
2399 2152 2542 2207 enim
2581 2151 2872 2207 absurdum
2905 2152 2999 2208 tibi
3027 2153 3222 2223 videri,
3263 2166 3317 2210 ut
3346 2172 3437 2228 per
3476 2158 3624 2212 vitam
3652 2158 3778 2211 viva-

2234 2251 2340 2308 tur,
2372 2251 2426 2298 et
2465 2242 2571 2297 vita
2601 2258 2708 2298 non
2750 2245 2914 2300 vivat.
2949 2245 3139 2315 Porro,
3183 2246 3230 2302 si
3261 2247 3353 2301 vita
3381 2249 3487 2320 ipsa
3524 2250 3772 2319 pracipes

2230 2335 2385 2402 vivit,
2425 2351 2530 2407 qua
2556 2337 2685 2391 vivit
2732 2352 2892 2394 omne
2934 2338 3078 2409 quod
3116 2337 3267 2407 vivit,
3312 2341 3502 2405 recole,
3541 2342 3773 2410 obsecro,

2231 2441 2364 2498 quas
2391 2427 2536 2482 dicat
2573 2428 2845 2499 Scriptura
2874 2430 3051 2485 divina
3092 2434 3296 2486 animas
3326 2444 3590 2502 mortuas,
3615 2433 3770 2504 prole-

2230 2527 2321 2575 cto
2366 2519 2608 2576 invenies
2654 2520 2902 2591 injustas,
2959 2520 3176 2593 impias,
3210 2521 3485 2591 infideles;
3525 2540 3632 2578 nam
3671 2525 3765 2579 licet

2230 2625 2326 2682 per
2372 2613 2493 2668 illas
2535 2614 2719 2668 vivant
2763 2628 2989 2684 corpora
3031 2615 3343 2685 impiorum,
3397 2616 3467 2673 de
3503 2618 3663 2690 quibus
3700 2618 3758 2673 d5-

2230 2712 2376 2761 ctum
2417 2714 2520 2772 est,
2571 2707 2715 2777 quod
2762 2708 2958 2763 mortui
3004 2710 3267 2779 sepeliant
3305 2721 3548 2767 mortuos
3576 2719 3750 2776 suos,et

2232 2802 2306 2858 ibi
2334 2803 2709 2874 intelligantur
2736 2804 2897 2859 etiam
2934 2804 3131 2876 iniquas
3166 2806 3369 2862 animm
3412 2822 3511 2862 non
3542 2805 3735 2863 essesiue

2228 2897 2402 2969 aliqua
2433 2898 2573 2965 vita;
2606 2912 2782 2970 neque
2827 2898 2971 2953 enim
3016 2898 3173 2954 aliter
3214 2914 3283 2954 ex
3317 2900 3409 2955 eis
3456 2908 3626 2972 possent
3649 2911 3739 2953 cor-

2227 3006 2357 3064 pora
2385 2992 2590 3062 vivere,
2626 2992 2730 3048 nisi
2760 2994 3115 3065 qualicunque
3143 2994 3277 3061 vita,
3309 3010 3422 3065 qua
3463 2996 3643 3051 omnino
3660 2992 3749 3048 aui-

2228 3099 2332 3139 mm
2381 3099 2569 3141 carere
2617 3100 2724 3140 non
2774 3095 3018 3155 possunt,
3062 3087 3203 3142 unde
3255 3086 3581 3144 immortales
3614 3088 3757 3141 merito

540 3184 608 3229 ac
634 3170 988 3243 disparilitate
1036 3180 1276 3237 naturae;
1303 3180 1359 3226 et
1387 3172 1434 3227 si
1473 3171 1708 3228 discreta
1748 3180 1831 3228 est
1851 3187 1883 3226 a
1907 3187 2124 3242 compa-
2151 3205 2199 3271 α
2229 3189 2521 3247 vocantur;
2560 3194 2664 3234 non
2690 3189 2870 3235 tamen
2895 3180 2964 3236 ob
3007 3180 3149 3236 aliud
3181 3180 3381 3237 amissa
3401 3180 3599 3253 juStitia
3616 3180 3761 3239 dieue.

538 3266 751 3323 ratione
774 3265 1035 3323 bonorum
1074 3264 1239 3323 animi
1270 3265 1462 3331 nostri,
1482 3266 1657 3336 qualia
1684 3276 1814 3320 sunt
1837 3267 2117 3336 sapientia,

538 3356 763 3428 justitia,
796 3355 1053 3426 Charitas,
1081 3356 1321 3422 castitas,
1343 3363 1401 3412 et
1438 3366 1635 3413 caetera
1663 3357 1814 3421 talia,
1845 3371 1965 3426 quae
1994 3373 2120 3427 pro-

2229 3277 2320 3324 tur
2349 3280 2596 3338 mortuae,
2619 3271 2723 3327 nisi
2758 3273 2881 3343 quia
2910 3279 2965 3329 et
2998 3275 3322 3339 animarum,
3353 3272 3485 3331 licet
3504 3271 3762 3329 immortali-

2226 3369 2307 3418 ter
2333 3364 2439 3417 vita
2461 3363 2823 3435 qualicunque
2859 3365 3177 3434 viventium,
3216 3366 3404 3423 verior
3434 3376 3489 3422 et
3505 3366 3658 3436 major
3681 3363 3761 3417 vita

539 3449 681 3507 fectu
710 3464 819 3506 non
846 3449 988 3507 mole
1017 3449 1261 3522 corporis
1292 3447 1597 3518 pendimus,
1633 3463 1731 3505 nec
1761 3463 1948 3503 eorum
1969 3449 2119 3519 quasi
2220 3453 2429 3524 justitia
2456 3464 2561 3524 est,
2593 3464 2846 3527 tanquam
2879 3458 2982 3514 vita
3009 3460 3261 3524 vitai-um,
3306 3474 3431 3530 qum
3460 3473 3574 3517 cum
3604 3459 3699 3513 sint
3723 3458 3762 3510 in

536 3554 827 3613 corporeas
885 3541 1086 3599 formas
1142 3540 1467 3612 cogitatione
1521 3542 1855 3610 ﬁguramus,
1910 3542 2005 3598 sed
2056 3555 2122 3598 ea

536 3636 755 3706 quando
784 3644 931 3695 recte
968 3635 1337 3707 intelligimus,
1387 3635 1505 3693 sine
1546 3636 1727 3705 aliqua
1770 3636 2120 3703 corpulentia,

540 3728 627 3783 vel
671 3726 1029 3783 similitudine
1054 3728 1406 3796 corpulentia;
1451 3729 1505 3781 in
1546 3727 1667 3782 luce
1704 3728 1900 3783 mentis
1931 3729 2121 3798 aspici-

540 3832 698 3889 mus;
726 3832 926 3890 quanto
954 3829 1038 3876 est
1062 3820 1130 3875 ab
1165 3822 1403 3877 omnium
1435 3821 1750 3889 qualitatum
1780 3835 1834 3877 et
1856 3823 2126 3891 quantita-

539 3920 656 3971 tum
687 3912 1051 3984 corporalium
1087 3913 1491 3983 comparatione
1520 3913 1841 3969 discretiorl
1870 3915 1985 3969 Non
2006 3930 2124 3970 eam

540 4012 724 4065 tamen
752 4020 782 4061 a
811 4014 1001 4062 nostro
1026 4004 1301 4062 intellectu
1332 4007 1553 4061 omnino
1578 4005 1873 4062 abhorrere
1904 4009 2126 4077 Apostoo

538 4101 625 4160 lus
654 4104 803 4161 testis
828 4111 933 4168 est,
974 4103 1066 4158 ubi
1099 4103 1175 4159 ait
1198 4119 1214 4157 :
1234 4103 1525 4158 Invisibilis
1553 4104 1697 4159 enim
1722 4104 1840 4174 ejus
1863 4118 1897 4157 a
1927 4105 2128 4159 consti-

538 4198 751 4257 tutione
775 4196 960 4255 mundi
992 4213 1087 4266 per
1117 4212 1181 4253 ea
1223 4212 1345 4267 quae
1376 4198 1513 4253 facta
1540 4205 1665 4251 sunt
1693 4197 1963 4252 intellecta
1999 4211 2127 4253 con-

539 4290 859 4359 spiciuntur,
891 4290 1220 4359 sempiterna
1255 4303 1469 4359 quoque
1496 4290 1617 4358 ejus
1648 4289 1819 4343 virtus
1850 4303 1913 4344 ac
1936 4287 2128 4344 divini-

540 4386 643 4433 tas.
674 4378 749 4437 Ac
783 4394 876 4447 per
900 4380 1023 4445 hoc,
1066 4394 1188 4435 eum
1219 4379 1408 4434 eadem
1441 4379 1679 4433 Trinitas
1710 4378 1897 4434 fecerit
1926 4387 1982 4434 et
2006 4395 2127 4434 cor-

539 4484 640 4543 pus
664 4482 719 4528 et
750 4475 1005 4543 animam,
1056 4473 1173 4530 sine
1200 4473 1540 4529 dubitatione
1581 4482 1669 4527 est
1712 4483 1942 4543 utroque
1984 4488 2126 4542 pras-

542 4567 786 4621 stantior.
852 4567 1045 4623 Anima
1096 4567 1275 4635 itaque
1327 4564 1668 4621 considerata
1733 4565 1966 4620 maxime
2029 4564 2127 4619 hu-

542 4668 721 4718 mana,
750 4666 804 4710 et
829 4656 1104 4712 rationalis
1147 4666 1308 4727 atque
1334 4654 1737 4721 intellectualis,
1768 4669 1886 4724 quae
1915 4655 1983 4711 ad
2009 4654 2126 4723 ejus

544 4744 835 4817 imaginem
864 4746 998 4805 iacta
1028 4758 1132 4815 est,
1160 4749 1204 4804 si
1232 4747 1586 4815 cogitationes
1613 4755 1825 4802 nostras
1853 4756 1907 4801 et
1929 4746 2128 4802 intelli-

541 4838 771 4910 gentias,
802 4853 909 4897 non
957 4839 1214 4906 evicerit,
1256 4838 1353 4895 sed
1390 4838 1510 4908 ejus
1555 4838 1697 4909 quod
1741 4838 1903 4894 habet
1940 4840 2126 4909 praci-

541 4942 727 4999 puum,
769 4928 824 4985 id
869 4937 952 4985 est
1002 4928 1172 4996 ipsam
1221 4940 1457 4986 ruentem
1486 4939 1651 5002 atque
1691 4929 2120 5002 intelligentiam,

543 5029 726 5076 mente
756 5029 919 5090 atque
946 5017 1297 5088 intelligentia
1325 5021 1655 5089 potuerimus
1694 5021 2121 5092 apprehendere,

544 5124 654 5169 non
680 5112 784 5169 erit
829 5112 1069 5170 fortassis
1098 5110 1413 5179 absurdum,
1448 5123 1505 5169 ut
1534 5128 1657 5170 eam
1701 5115 1769 5169 ad
1809 5130 1963 5170 suum
1991 5129 2128 5186 quo-

543 5218 649 5276 que
673 5215 968 5264 creatorem
996 5202 1426 5275 intelligendum,
1460 5206 1578 5275 ipso
1606 5206 1914 5277 adjuvante,
1956 5208 2127 5263 medi-

545 5304 723 5357 temur
750 5298 1017 5356 attollere.
1052 5298 1110 5358 εἰ
1148 5308 1331 5357 autem
1371 5298 1429 5356 iu
1471 5300 1654 5371 seipsa
1679 5300 1884 5370 deﬁcit,
1916 5301 2129 5371 sibique

546 5389 869 5456 succumbit,
906 5393 993 5461 pia
1023 5391 1129 5450 ﬁde
1151 5398 1405 5449 centcnta
1431 5394 1526 5461 sit,
1554 5394 1791 5463 quaadiu
1821 5395 2128 5465 peregrina-

546 5486 634 5535 tur
662 5496 693 5536 a
732 5481 982 5550 Domino,
1020 5484 1195 5541 donec
1224 5486 1318 5545 fiat
1352 5487 1405 5543 in
1448 5485 1669 5543 homine
1714 5487 1857 5558 quod
1892 5489 2128 5559 promis-

546 5584 667 5627 sum
693 5582 807 5639 est;
838 5573 1069 5633 faciente
1106 5578 1199 5633 illo
1228 5580 1319 5649 qui
1346 5588 1540 5650 potens
1581 5589 1687 5647 est,
1711 5585 1854 5637 sicut
1873 5582 1951 5637 ait
1978 5584 2135 5653 Apo—

549 5662 741 5730 stolus.
771 5664 944 5724 facere
978 5682 1143 5738 supra
1187 5685 1349 5740 quam
1399 5673 1635 5742 petimus
1679 5682 1733 5727 et
1759 5673 2130 5744 intelligimus.

548 5749 739 5810 Restat
766 5757 943 5829 itaque
973 5768 1033 5815 ut
1056 5760 1129 5817 ita
1169 5763 1456 5820 credamus
1483 5765 1641 5822 unius
1672 5779 1791 5821 esse
1819 5765 2133 5821 substantiae

552 5842 890 5920 Trinitatem,
912 5862 974 5912 ut
1003 5858 1118 5924 ipsa
1142 5857 1379 5915 essentia
1405 5872 1513 5916 nea
1544 5859 1693 5918 aliud
1721 5858 1795 5917 sit
1819 5874 1984 5930 quam
2013 5860 2131 5931 ipsa

2226 3547 2565 3617 corporibus,
2593 3548 2753 3603 etiam
2803 3551 2917 3622 ipsa
2962 3566 3193 3622 corpora
3240 3555 3361 3607 viva
3389 3562 3528 3621 sunt,
3554 3566 3662 3625 qua:
3691 3562 3765 3622 per

2226 3640 2402 3711 seipsa
2448 3642 2631 3696 vivere
2673 3655 2968 3713 nequeunt.
3018 3643 3357 3717 Quapropter
3382 3648 3428 3703 si
3458 3648 3635 3701 anima:
3673 3659 3766 3699 non

2226 3739 2452 3801 possunt
2480 3731 2581 3787 nisi
2622 3733 2780 3788 etiam
2826 3734 2880 3788 in
2926 3736 3121 3806 seipsis
3148 3746 3404 3809 utcunque
3442 3738 3619 3802 vivere,
3649 3737 3760 3806 quia

2226 3837 2293 3880 ex
2320 3824 2397 3879 eis
2426 3825 2608 3880 vivunt
2637 3834 2691 3881 et
2716 3838 2966 3896 corpora,
3020 3843 3048 3881 a
3080 3829 3272 3899 quibus
3310 3829 3507 3884 deserta
3541 3826 3756 3881 moriun-

2229 3923 2333 3980 tur,
2366 3926 2567 3986 quanto
2607 3916 2777 3987 magis
2805 3932 2931 3973 vera
2954 3917 3165 3988 justitia
3214 3930 3269 3975 et
3289 3920 3391 3991 jam
3409 3921 3462 3974 in
3499 3921 3665 3990 seipsa
3690 3920 3767 3974 vi-

2227 4022 2355 4063 vere
2387 4010 2729 4081 intelligenda
2762 4020 2867 4078 est,
2926 4026 2992 4067 ex
3020 4028 3123 4083 qua
3170 4014 3249 4069 sic
3279 4018 3464 4069 vivunt
3504 4015 3700 4078 animm,
3725 4022 3775 4066 ut

2228 4101 2329 4155 hac
2357 4103 2552 4158 amissa
2584 4114 2812 4159 mortuae
2836 4116 3212 4177 nuncupentur
3230 4148 3246 4176 ,
3274 4107 3519 4180 quamvis
3538 4106 3775 4179 quantula-

2227 4211 2436 4267 cunque
2465 4201 2571 4253 vita
2619 4213 2726 4254 non
2775 4200 3024 4256 desinant
3052 4202 3254 4260 vivere.
3295 4204 3368 4258 Ea
3421 4218 3578 4273 porro
3609 4203 3777 4275 justitia

2226 4304 2347 4361 quae
2374 4292 2503 4345 vivit
2533 4292 2585 4347 in
2612 4293 2810 4363 seipsa,
2840 4295 3194 4362 proculdubio
3224 4296 3367 4352 Deus
3397 4307 3510 4367 est,
3538 4308 3683 4368 atque
3713 4299 3774 4350 in-

2227 4383 2675 4439 commutabiliter
2688 4385 2835 4441 vivit.
2852 4386 3005 4443 Sicut
3020 4398 3197 4445 autem
3217 4389 3331 4446 lucc
3348 4405 3479 4448 cum
3497 4392 3565 4449 sit
3580 4393 3628 4446 in
3643 4392 3772 4459 seipsa

2227 4463 2359 4532 vita,
2402 4466 2562 4520 etiam
2591 4466 2746 4523 nobis
2774 4467 2833 4522 iit
2861 4469 2992 4539 vita,
3025 4484 3146 4525 cum
3180 4468 3297 4541 ejus
3333 4471 3609 4528 efficimur
3635 4484 3765 4527 utcun-

2229 4573 2333 4629 que
2362 4560 2679 4630 participes;
2706 4562 2779 4617 ita
2826 4576 2951 4619 cum
2994 4564 3047 4619 in
3075 4566 3248 4637 seipsa
3287 4566 3358 4621 sit
3378 4566 3621 4637 justitia,
3655 4568 3767 4621 etiam

2230 4651 2383 4707 nobis
2415 4654 2475 4707 ﬁt
2495 4651 2724 4725 justitia,
2764 4669 2884 4711 cum
2927 4658 2978 4712 ei
3015 4658 3335 4715 cohzcrendo
3360 4660 3522 4730 juste
3552 4662 3774 4716 vivimus:

2230 4754 2284 4799 et
2306 4754 2453 4800 tanto
2479 4748 2651 4817 magis
2697 4749 2940 4805 minusve
2959 4749 3089 4821 justi
3132 4768 3335 4820 sumus,
3363 4766 3580 4825 quanto
3607 4755 3672 4809 illi
3696 4767 3781 4807 ma-

2229 4836 2312 4908 gis
2334 4839 2579 4896 minusve
2607 4840 2959 4899 cohasremus.
2994 4840 3148 4899 Unde
3188 4846 3459 4914 scriptum
3505 4859 3588 4902 cst
3614 4846 3677 4901 de
3699 4844 3783 4899 uni—

2229 4931 2408 5001 genito
2429 4930 2565 4987 Filio
2607 4933 2724 5001 Dei,
2756 4949 2879 4990 cum
2909 4936 2979 4990 sit
3010 4936 3192 5007 utique
3220 4936 3395 4992 Patris
3432 4940 3697 5009 sapientia
3728 4945 3786 4989 at-

2230 5038 2335 5092 que
2355 5023 2584 5094 justitia,
2616 5036 2670 5081 et
2700 5040 2914 5096 semper
2945 5027 2997 5083 in
3042 5029 3220 5099 seipsa
3254 5029 3343 5097 sit,
3372 5033 3531 5101 quod
3561 5032 3719 5087 factus
3740 5029 3790 5083 sit

2232 5116 2388 5171 nobis
2414 5131 2444 5171 a
2474 5116 2586 5174 Deo
2612 5118 2895 5189 sapientia,
2925 5128 2980 5176 et
3000 5120 3227 5192 justitia,
3264 5132 3319 5179 et
3356 5125 3735 5191 sanctiﬁcatio,
3754 5132 3795 5176 et

2232 5209 2550 5281 redemptio,
2579 5221 2637 5267 ut
2665 5214 3115 5283 quemadmodum
3146 5216 3401 5289 scriptum
3439 5228 3533 5274 est
3559 5238 3571 5272 :
3600 5218 3692 5287 Qui
3708 5215 3795 5287 glo-

2232 5306 2419 5373 riatur,
2454 5308 2507 5363 in
2532 5308 2756 5363 Domino
2783 5309 3063 5383 glorietur.
3088 5312 3244 5380 Quod
3270 5312 3499 5385 quidem
3532 5325 3590 5372 et
3614 5315 3719 5386 ipse
3735 5310 3796 5367 vi-

2235 5400 2360 5456 disti
2395 5400 2643 5456 addendo
2678 5410 2839 5473 atque
2865 5403 3115 5473 dicendo,
3145 5405 3248 5461 nisi
3274 5406 3412 5463 forte
3446 5424 3564 5465 non
3592 5407 3703 5464 hac
3722 5404 3799 5459 bu-

2235 5506 2408 5546 manae
2444 5492 2733 5562 aequitatis,
2762 5493 2858 5549 sed
2885 5493 2975 5549 illa
3006 5510 3128 5567 quas
3157 5494 3297 5552 Deus
3318 5507 3427 5565 est,
3462 5499 3586 5555 sola
3617 5508 3799 5555 assera-

2237 5591 2323 5638 tur
2350 5597 2471 5639 esse
2497 5584 2723 5654 justitia.
2757 5585 2855 5641 Est
2894 5586 3054 5658 plane
3101 5587 3192 5644 ille
3234 5604 3487 5647 summus
3528 5591 3671 5648 Deus
3700 5599 3802 5644 vera

2230 5674 2460 5745 justitia,
2490 5676 2577 5731 vel
2625 5676 2715 5733 ille
2759 5693 2920 5735 verus
2970 5680 3113 5737 Deus
3159 5696 3365 5738 summa
3390 5682 3642 5755 justitia,
3670 5693 3804 5755 quam

2237 5768 2476 5839 proiecto
2501 5768 2709 5825 esurire
2737 5785 2801 5828 ac
2822 5772 2993 5838 sitire,
3026 5787 3090 5829 ea
3116 5781 3297 5829 nostra
3328 5783 3410 5830 est
3444 5775 3507 5831 in
3538 5774 3640 5832 hac
3670 5787 3804 5847 pere-

2234 5858 2536 5931 grinatione
2559 5858 2790 5933 justitia,
2828 5872 2883 5924 et
2907 5880 3011 5937 qua
3028 5877 3219 5938 postea
3245 5868 3512 5935 saturari,
3543 5883 3612 5927 ea
3647 5872 3808 5926 nostra
