3986 6382
172 332 279 388 901

1326 318 1760 380 THESAURUS.
1801 315 1954 377 CAP.
1993 317 2328 378 CCXXXIV.

3349 311 3454 374 902

168 456 263 508 eat
306 435 688 502 in‘mternltate
715 443 871 514 plena
903 442 1127 516 iustitia.
1157 441 1278 500 Non
1302 456 1432 513 ergo
1461 440 1630 495 Deum
1661 452 1757 492 no-
1784 437 1838 498 Α
1859 448 1955 489 sua
1979 434 2108 491 dicit
2141 454 2158 490 :
2185 435 2398 491 Scimus
2421 430 2562 504 quod
2602 428 2770 486 Filius
2797 427 2892 484 Dei
2929 426 3139 484 venerit
3163 434 3218 483 et
3247 427 3452 484 dederit

117 527 120 530 ’
171 549 305 600 atrae
329 538 553 612 justitiae
580 538 809 596 similem
848 537 1167 608 cogitemus,
1197 535 1296 594 sed
1325 535 1624 605 cogitemus
1657 543 1756 586 nos

170 635 358 708 potius
388 640 535 688 tanto
564 632 856 688 similiores
885 631 1018 702 Deo,
1048 638 1248 701 quanto
1275 643 1400 686 esse
1427 624 1756 698 potuerimus

173 725 298 797 ejus
329 726 737 796 participatione
761 724 1042 796 iustiores.
1083 724 1140 780 Si
1181 739 1313 796 ergo
1337 720 1637 780 cavendum
1677 725 1760 775 εει

171 835 246 875 ne
270 819 490 888 justitire
519 829 719 876 nostra:
749 820 980 876 similem
1014 828 1260 889 putemus
1289 817 1456 873 Deum
1485 813 1756 886 (quoniam

167 911 356 967 lumen
385 911 526 981 quod
576 912 844 968 illuminat
885 910 1378 981 incomparabiliter
1405 906 1758 964 excellentius

173 1015 266 1062 est
295 1007 385 1062 illo
407 1007 546 1076 quod
580 1007 956 1075 illuminatur),
976 1015 1177 1076 quanto
1199 1006 1367 1074 magis
1391 1002 1573 1059 caveri
1593 1015 1758 1070 opor-

171 1111 276 1172 tet,
311 1117 378 1156 ne
405 1101 603 1171 aliquid
642 1101 866 1156 interius
890 1110 945 1156 et
972 1099 1372 1171 quodammodo
1397 1096 1759 1153 decoloratius

169 1207 300 1249 eum
339 1207 458 1250 εεδε
487 1193 792 1257 credamus,
822 1208 984 1262 quam
1021 1200 1108 1250 est
1149 1201 1330 1246 nostra
1351 1189 1595 1261 justitia?
1621 1185 1760 1256 Quid

170 1294 265 1340 εει
286 1292 462 1340 autem
486 1284 626 1340 aliud
645 1283 850 1354 justitia
872 1299 994 1340 cum
1019 1285 1073 1338 in
1096 1282 1249 1338 nobis
1263 1291 1372 1347 est,
1397 1281 1479 1337 vel
1509 1280 1761 1349 quaelibet

177 1375 353 1432 virtus
376 1390 482 1447 qua
503 1385 648 1432 recte
670 1377 1051 1448 sapienterque
1065 1376 1279 1443 vivitur,
1297 1389 1455 1444 quam
1487 1371 1760 1428 interioris

174 1468 411 1524 hominis
429 1468 767 1540 pulchritudo
782 1469 805 1524 Ἰ
820 1479 875 1524 ει
890 1478 1035 1527 certe
1053 1467 1347 1524 secundum
1374 1470 1509 1521 hanc
1527 1465 1760 1536 pulchri-

168 1561 442 1630 tudinem,
461 1563 628 1633 magis
643 1576 804 1631 quam
819 1561 1111 1626 secundum
1124 1575 1340 1629 corpus,
1362 1560 1485 1615 iacti
1497 1573 1679 1614 sumus
1693 1558 1760 1612 ad

167 1650 462 1722 imaginem
495 1651 612 1708 Dei.
641 1650 794 1708 Unde
818 1650 971 1706 nobis
992 1648 1406 1705 dicituerolite
1433 1646 1762 1702 conformari

169 1743 302 1800 huic
313 1743 626 1809 szeculo,sed
641 1742 1010 1800 reformamini
1025 1743 1075 1797 in
1092 1743 1326 1798 novitate
1340 1740 1758 1804 meutisvestrae,

1861 528 2019 583 nobis
2068 528 2395 584 intellectum
2440 534 2502 581 ut
2546 535 2932 594 cognoscamus
2957 523 3125 577 Deum
3161 535 3350 576 verum
3397 529 3452 578 et

1860 620 2033 678 simus
2085 619 2140 675 iu
2189 633 2318 676 vero
2345 617 2484 676 Filio
2510 615 2628 686 ejus
2648 615 2777 672 Jesu
2803 613 3039 670 Christo.
3064 613 3162 670 llic
3187 621 3272 670 est
3293 626 3452 669 verus

1860 711 2005 768 Deus
2036 720 2090 767 et
2112 712 2221 769 vita
2242 722 2466 769 mter-na.
2498 708 2636 766 Hinc
2660 708 2824 765 etiam
2847 714 3236 776 consequenter
3259 704 3452 761 intelli~

1859 806 2000 876 gitur
2027 821 2134 861 non
2165 804 2534 862 tantummodo
2559 803 2626 859 de
2649 801 2810 858 Patre
2835 801 3036 858 dixisse
3062 800 3285 856 Paulum
3314 812 3450 868 apo~

1857 901 2083 966 atolum,
2114 899 2216 966 Qui
2246 899 2395 954 solus
2421 899 2582 953 habet
2611 896 3102 961 immortalitatem;
3131 893 3224 949 sed
3245 892 3314 948 de
3340 905 3449 946 uno

1857 1001 1916 1049 et
1934 992 2054 1048 solo
2077 992 2206 1058 Deo,
2231 990 2373 1059 quod
2402 1000 2483 1046 est
2526 989 2639 1058 ipsa
2668 989 2923 1045 Trinitas.
2953 986 3137 1057 Neque
3159 984 3304 1041 enim
3336 984 3450 1054 ipsa

1858 1085 1969 1142 vita
2005 1091 2203 1140 aeterna
2233 1082 2475 1138 mortalis
2517 1091 2622 1146 est,
2665 1080 2958 1137 secundum
3009 1079 3242 1148 aliquam
3285 1083 3453 1130 muta-

1858 1175 2141 1239 bilitatem,
2191 1188 2256 1230 ae
2306 1189 2397 1243 per
2449 1172 2555 1229 hoc
2604 1172 2770 1229 Filius
2801 1172 2918 1236 Dei,
2971 1171 3093 1238 quia
3122 1169 3226 1224 vita
3251 1176 3451 1223 aeterna

1858 1278 1966 1334 εει,
2004 1283 2127 1325 cum
2159 1267 2317 1322 Patre
2366 1266 2530 1322 etiam
2583 1265 2698 1333 ipse
2747 1264 3080 1334 intelligitur,
3113 1261 3204 1316 ubi
3251 1259 3453 1314 dictum

1861 1372 1946 1417 est
1976 1377 1990 1414 :
2023 1360 2180 1416 Solus
2209 1357 2371 1413 habet
2413 1357 2865 1412 immortalitatem
2896 1353 3017 1427 [Qui
3045 1354 3194 1410 solus
3229 1348 3451 1421 habet]:

1860 1453 1980 1523 ejus
2031 1451 2174 1508 enim
2223 1451 2349 1505 vitae
2377 1457 2616 1515 aeternas,
2646 1457 2703 1504 et
2744 1463 2842 1504 nos
2868 1446 3156 1516 participes
3184 1443 3330 1509 facti,
3360 1456 3458 1512 pro

1863 1543 2083 1600 modulo
2125 1553 2311 1599 nostro
2341 1539 2673 1597 immortales
2716 1538 3005 1596 efﬁcimur.
3055 1536 3162 1594 Sed
3199 1534 3343 1591 aliud
3373 1541 3458 1589 εει

1863 1635 1978 1704 ipsa
2001 1635 2156 1705 cujus
2179 1634 2470 1703 participes
2496 1629 2762 1686 efﬁcimur
2785 1630 2893 1685 vita
2923 1639 3148 1693 mterua,
3179 1626 3322 1682 aliud
3356 1639 3456 1680 nos

1863 1728 1956 1797 qui
1987 1727 2102 1797 ejus
2130 1725 2538 1797 participatione
2568 1724 2810 1780 vivemus
2839 1722 2892 1778 in
2916 1731 3196 1778 aeternum.
3230 1720 3288 1777 Si
3314 1719 3458 1774 enim

170 1836 240 1893 ad
262 1836 595 1907 probandum
608 1852 702 1894 vos
716 1852 832 1908 qua:
846 1838 918 1892 sit
930 1836 1180 1892 voluntas
1200 1835 1318 1901 Dei,
1333 1833 1474 1904 quod
1494 1836 1691 1889 bonum
1708 1840 1762 1888 ει

1872 1819 2110 1885 dixisset,
2139 1818 2310 1885 Quem
2350 1815 2682 1884 temporibus
2715 1813 2944 1884 propriis
2984 1811 3234 1868 ostendet
3277 1811 3455 1878 Pater,

171 1928 454 1999 placitum,
477 1938 530 1984 et
552 1929 872 1999 perlectum.
898 1929 954 1984 Si
978 1942 1107 1998 ergo
1127 1942 1234 1983 non
1257 1928 1308 1982 in
1333 1926 1498 1991 mole,
1516 1939 1689 1995 neque
1706 1925 1758 1980 in

143 2081 145 2084 ,
172 2020 498 2076 distantibus
524 2034 618 2091 per
645 2020 763 2076 loca
793 2036 890 2077 sua
920 2021 1180 2092 partibus,
1210 2020 1349 2076 sicut
1388 2033 1614 2088 corpora
1649 2019 1761 2074 sive

170 2121 490 2180 cernuntur,
520 2112 635 2168 sive
686 2113 1009 2184 cogitantur,
1057 2113 1154 2170 sed
1185 2113 1239 2168 in
1271 2113 1466 2168 virtute
1507 2110 1761 2179 intelligi-

172 2204 293 2271 bili,
326 2205 500 2276 qualis
527 2214 610 2262 cst
640 2204 870 2275 justitia,
906 2213 1140 2260 mentem
1179 2203 1434 2270 dicimus,
1481 2217 1578 2256 seu
1613 2199 1762 2254 novi-

172 2310 317 2364 mus,
346 2311 444 2352 seu
470 2297 716 2352 volumus
746 2297 1045 2368 pulchram,
1074 2307 1130 2352 ει
1158 2295 1453 2352 secundum
1483 2294 1621 2348 hanc
1648 2293 1764 2361 pul-

173 2386 534 2444 chritudinem
561 2389 917 2445 reformamur
937 2389 1006 2443 ad
1039 2389 1327 2458 imaginem
1355 2387 1489 2453 Dei;
1522 2384 1766 2454 profecto

175 2474 347 2546 ipsius
379 2477 476 2533 Dei
501 2479 592 2548 qui
623 2493 720 2534 nos
751 2479 1064 2535 reformavit
1103 2489 1157 2534 et
1184 2479 1446 2536 reformat
1481 2477 1550 2532 ad
1572 2478 1766 2546 imagi-

173 2583 303 2625 nem
331 2585 508 2638 suam,
544 2588 650 2627 non
680 2573 736 2628 in
763 2573 941 2643 aliqua
977 2573 1121 2629 mole
1150 2586 1414 2643 corporea
1443 2572 1764 2641 suspicanda

171 2671 262 2716 est
291 2663 668 2734 pulchritudo;
709 2681 886 2737 eoque
930 2666 1193 2735 iustorum
1239 2664 1508 2720 mentibus
1539 2663 1768 2718 creden'

169 2759 278 2816 dus
318 2770 403 2817 est
441 2761 934 2832 incomparabiliter
959 2761 1257 2832 pulchrior,
1289 2776 1400 2831 quo
1450 2770 1535 2816 est
1565 2761 1772 2814 incom-

170 2854 490 2926 parabiliter
512 2855 730 2926 justior.

637 2987 872 3043 CAPUT
899 2988 1231 3045 CCXXXIV.

171 3101 281 3173 27
321 3100 397 3155 De
442 3100 651 3156 Unitale
690 3102 868 3175 Patris
904 3113 952 3156 et
987 3102 1118 3158 Filii
1154 3114 1201 3159 et
1233 3105 1461 3174 Spiritus
1489 3107 1652 3161 sancti
1683 3108 1769 3175 qui

244 3183 559 3245 simtfunus,
611 3184 655 3228 et
702 3172 875 3240 solus,
918 3185 963 3229 ει
1016 3192 1162 3230 verus
1210 3172 1377 3245 om,
1419 3194 1480 3232 ea:
1534 3177 1663 3232 libro
1696 3172 1769 3232 Vde

250 3243 500 3300 Trinitate
525 3247 710 3315 primo.
1361 3243 1368 3245 ⁷
1763 3285 1771 3295 .

249 3361 354 3427 Qui
381 3360 631 3416 dixerunt
659 3362 938 3417 Dominum
967 3362 1255 3436 [nostrum]
1288 3365 1468 3421 Jesum
1491 3366 1762 3422 Christum

173 3469 287 3513 non
330 3469 450 3513 esse
481 3455 672 3524 Deum,
702 3466 794 3512 aut
824 3473 932 3513 non
959 3473 1081 3516 esse
1111 3474 1297 3514 verum
1325 3461 1514 3527 Deum,
1541 3471 1630 3516 aut
1661 3476 1765 3516 non

175 3567 304 3608 cum
348 3552 504 3622 Patre
553 3567 715 3606 unum
743 3561 799 3608 et
825 3555 1000 3610 solum
1033 3553 1226 3621 Deum,
1253 3563 1345 3608 aut
1373 3569 1480 3609 non
1507 3570 1631 3610 vere
1656 3554 1769 3609 im-

174 3645 465 3705 mortalem
484 3642 602 3718 [aut
615 3659 722 3700 non
739 3659 862 3702 esse
879 3645 1262 3719 immortalem]
1282 3689 1297 3713 ,
1315 3649 1442 3717 quia
1457 3649 1770 3704 mutabile

178 3739 622 3796 manifestissima
650 3737 950 3795 divinorum
997 3740 1426 3796 testimoniorum
1453 3750 1508 3796 et
1533 3756 1772 3798 consona

177 3846 318 3889 voce
360 3832 591 3888 convicti
619 3843 767 3902 sunt,
799 3832 939 3890 unde
965 3843 1090 3889 sunt
1115 3833 1205 3890 illa
1233 3851 1248 3890 :
1277 3833 1334 3889 ln
1373 3835 1636 3905 principio
1657 3846 1774 3891 erat

179 3923 446 3990 Verbum,
463 3935 519 3980 et
541 3925 774 3982 Verbum
792 3935 910 3982 erat
922 3926 1061 3997 apud
1080 3926 1271 3995 Deum,
1290 3936 1346 3984 et
1358 3929 1498 3985 Deus
1512 3938 1628 3985 erat
1640 3929 1772 3985 Ver-

182 4016 335 4072 bum.
357 4017 694 4075 Manifestum
717 4029 801 4076 est
821 4023 967 4078 enim
996 4022 1138 4090 quod
1162 4021 1396 4078 Verbum
1429 4024 1542 4089 Dei,
1579 4024 1774 4080 Filium

184 4109 288 4167 Dei
316 4111 530 4166 unicum
557 4111 962 4182 accipimuszde
980 4129 1088 4183 quo
1105 4123 1222 4184 post
1240 4114 1373 4170 dicit
1403 4133 1416 4170 :
1451 4117 1519 4170 Et
1543 4117 1773 4173 Verbum

182 4219 314 4264 caro
359 4208 564 4264 factum
616 4216 702 4266 est
733 4217 990 4279 :propter
1034 4210 1366 4266 nativitatem
1393 4210 1778 4266 incarnationis

181 4300 325 4370 ejus,
372 4315 491 4372 qua
529 4301 666 4357 facta
709 4308 796 4358 est
840 4301 896 4358 in
949 4310 1190 4373 tempore
1241 4319 1307 4359 ex
1352 4302 1584 4376 Virgine.
1616 4305 1672 4360 iu
1711 4320 1778 4362 eo

181 4405 366 4450 autem
421 4394 658 4452 declarat
691 4411 799 4453 non
833 4403 1039 4452 tantum
1066 4395 1237 4452 Deum
1285 4411 1424 4465 esse,
1481 4398 1574 4454 sed
1613 4399 1776 4454 etiam

181 4489 429 4560 ejusdem
460 4506 584 4549 eum
605 4492 764 4548 Patre
785 4492 1123 4559 substantiae,
1147 4493 1269 4563 quia
1288 4508 1410 4548 cum
1422 4493 1670 4562 dixisset,
1705 4495 1774 4549 Et

1863 1912 2055 1968 beatus
2081 1923 2135 1968 et
2179 1912 2324 1967 solus
2354 1919 2566 1979 potens,
2598 1922 2692 1964 rex
2715 1921 2900 1975 regum
2923 1913 2978 1960 et
3001 1904 3260 1959 Dominus
3286 1903 3460 1959 domi-

1863 2008 2126 2072 nantium,
2175 2008 2267 2077 qui
2314 2006 2462 2060 solus
2517 2004 2678 2066 habet
2715 2001 3208 2067 immortalitatem;
3249 2014 3346 2054 nec
3381 1999 3459 2054 sic

1862 2102 1987 2158 inde
2006 2108 2312 2170 separatum
2337 2099 2531 2154 Filium
2549 2103 2826 2166 oporteret
2845 2093 3088 2162 intelligi.
3113 2091 3298 2160 Neque
3313 2091 3458 2146 enim

1861 2197 1989 2266 quia
2009 2196 2124 2266 ipse
2154 2194 2320 2248 Filius
2343 2192 2474 2246 alibi
2496 2191 2721 2259 loquens
2751 2202 2883 2244 voce
2903 2185 3217 2254 Sapientiae,
3241 2184 3354 2254 ipse
3375 2189 3461 2238 est

1863 2289 2008 2344 enim
2057 2285 2321 2356 sapientia
2361 2284 2477 2345 Dei,
2523 2283 2618 2346 ait,
2650 2280 2850 2350 Gyrum
2891 2277 3012 2332 catli
3053 2276 3274 2330 circuivi
3323 2276 3460 2342 sola,

1865 2380 2132 2448 separavit
2162 2392 2193 2431 a
2222 2391 2283 2431 se
2331 2375 2543 2428 Patrem
2570 2389 2585 2428 :
2610 2381 2810 2441 quanto
2853 2369 3021 2439 magis
3060 2383 3188 2435 ergo
3217 2382 3323 2420 non
3379 2372 3463 2420 est

1867 2484 2112 2535 necesse,
2152 2478 2210 2522 ut
2236 2465 2606 2522 tantummodo
2637 2464 2703 2518 de
2734 2463 2888 2518 Patre
2931 2468 3124 2530 praeter
3156 2458 3350 2512 Filium
3383 2458 3465 2511 in-

1868 2563 2170 2631 telligatur,
2219 2559 2362 2631 quod
2407 2559 2610 2614 dictum
2659 2564 2785 2610 est:
2828 2554 2988 2609 Solus
3040 2551 3202 2606 habet
3242 2551 3464 2603 immor-

1871 2654 2176 2718 talitatem;
2235 2649 2368 2723 [qui]
2411 2665 2534 2706 cum
2592 2648 2663 2703 ita
2719 2647 2920 2701 dictum
2975 2645 3048 2700 sit
3087 2661 3100 2696 :
3136 2642 3204 2698 Ut
3251 2655 3465 2710 serves,

1870 2747 2064 2817 inquit,
2143 2743 2453 2800 mandatum
2521 2745 2640 2796 sine
2698 2739 2928 2804 macula,
2986 2733 3469 2806 irreprehensibile

1869 2853 2043 2909 usque
2101 2840 2154 2893 in
2216 2837 2504 2892 adventum
2565 2832 2776 2889 Domini
2847 2833 3018 2886 nostri
3073 2828 3200 2886 Jesu
3263 2824 3468 2882 Christi

1873 2950 2035 3006 quem
2115 2932 2450 3002 temporibus
2521 2929 2754 3000 propriis
2822 2924 3070 2982 ostendet
3157 2923 3347 2976 beatus
3412 2925 3472 2974 et

1871 3027 2018 3084 solus
2075 3035 2266 3096 potens
2316 3039 2411 3079 rex
2460 3037 2646 3092 regum
2671 3029 2728 3076 et
2773 3017 3022 3076 dominus
3051 3011 3466 3076 dominatium,

1872 3121 1962 3190 qui
2002 3119 2150 3174 solus
2208 3117 2369 3173 habet
2424 3113 2908 3179 immortalitatem,
2948 3119 3005 3165 et
3048 3109 3222 3164 lucem
3261 3103 3472 3160 habitat

1797 3197 1844 3263 C
1876 3210 2328 3275 inaccessibilem,
2358 3221 2517 3278 quem
2547 3219 2706 3261 nemo
2729 3203 3006 3258 hominum
3033 3198 3294 3264 vidit,ncc
3322 3195 3472 3250 vide-

1870 3319 1933 3360 re
1987 3311 2178 3373 potest,
2224 3301 2306 3357 cui
2334 3308 2417 3356 est
2442 3301 2612 3354 honor
2638 3307 2694 3353 et
2719 3296 2888 3367 gloria
2923 3295 2978 3349 in
2998 3293 3196 3348 sarcula
3238 3286 3468 3346 seculo-

1868 3411 2011 3452 rum.
2078 3396 2136 3451 in
2204 3394 2399 3463 quibus
2455 3391 2657 3455 verbis,
2717 3402 2820 3444 nec
2889 3387 3048 3442 Pater
3097 3381 3310 3453 proprie
3371 3393 3477 3432 uo-

1871 3489 2110 3542 minatus
2151 3495 2255 3553 est,
2300 3499 2400 3538 nec
2450 3483 2636 3548 Filius,
2688 3495 2786 3534 nec
2831 3477 3063 3547 Spiritus
3108 3483 3347 3537 sanctus,
3377 3469 3474 3526 sed

1871 3579 2063 3634 beatus
2124 3588 2180 3633 et
2228 3576 2379 3631 solus
2439 3583 2631 3644 potens
2695 3586 2792 3626 rex
2839 3583 3025 3639 regum
3085 3575 3140 3622 et
3209 3564 3478 3619 Dominus

1873 3669 2284 3734 dominantium,
2341 3667 2485 3738 quod
2545 3675 2630 3722 est
2689 3679 2828 3722 unus
2891 3673 2945 3719 et
3003 3660 3152 3717 solus
3202 3667 3259 3716 et
3317 3671 3480 3712 verus

1875 3762 2055 3828 Deus,
2109 3761 2224 3832 ipsa
2280 3760 2538 3816 Trinitas.
2601 3757 2712 3814 Nisi
2773 3756 2911 3812 forte
2966 3769 3084 3825 qua:
3142 3759 3472 3822 sequuntur,

1874 3852 2264 3925 perturbabunt
2317 3850 2460 3906 huic
2503 3849 2868 3912 intellectum,
2913 3847 3036 3916 qm
3073 3844 3211 3901 dixit
3252 3860 3267 3896 :
3307 3840 3480 3908 Quem

1879 3965 2042 4007 nemo
2095 3949 2374 4004 hominum
2427 3945 2583 4012 vidit,
2615 3959 2713 4000 nec
2749 3943 2932 3998 videne
2980 3947 3343 4010 potestzcum
3377 3934 3480 3991 hoc

1878 4045 2041 4102 etiam
2106 4041 2176 4097 ad
2223 4041 2504 4096 Christum
2560 4037 2836 4107 pertinere
2887 4033 3184 4090 secundum
3231 4028 3480 4098 ejusdem

1879 4135 2040 4209 {ejus}
2095 4134 2430 4188 divinitatem
2494 4130 2812 4198 accipiatur,
2867 4140 3031 4195 quam
3075 4139 3184 4178 nun
3226 4122 3482 4175 viderunt

1879 4228 2069 4293 Judaei,
2101 4227 2190 4298 qui
2221 4234 2402 4281 tamen
2429 4239 2646 4279 carnem
2669 4222 2939 4289 viderunt,
2969 4227 3026 4274 et
3052 4218 3434 4274 eraeitixerunt
3459 4231 3475 4272 :

1880 4319 2063 4376 Videri
2085 4329 2265 4375 autem
2283 4318 2537 4374 divinitas
2559 4316 2796 4370 humano
2807 4315 2922 4369 visu
2941 4313 3088 4367 nullo
3105 4309 3264 4366 modo
3281 4316 3479 4379 potest,

1879 4411 1975 4468 sed
1997 4427 2063 4467 eo
2083 4413 2200 4466 visu
2223 4411 2450 4476 videtur,
2479 4422 2585 4479 quo
2610 4406 2719 4476 jam
2745 4407 2835 4475 qui
2857 4405 3059 4469 vident,
3085 4417 3190 4458 non
3213 4401 3480 4467 homines,

1884 4504 1978 4561 sed
2019 4504 2154 4559 ultra
2193 4503 2438 4558 homines
2457 4509 2602 4556 sunt.
2628 4499 2791 4554 Recte
2815 4511 2944 4567 ergo
2972 4496 3086 4566 ipse
3121 4494 3266 4550 Dens
3299 4493 3480 4549 Trini-

181 4583 329 4640 Deus
353 4591 471 4642 erat
486 4584 752 4641 Verbum:
777 4585 1029 4653 hoeerat,
1057 4584 1249 4657 inquit,
1278 4588 1332 4642 in
1353 4587 1613 4659 principio
1631 4589 1771 4658 apud
1803 4583 1854 4642 D
1883 4607 1965 4652 ως
2021 4596 2354 4667 intelligitur,
2423 4598 2610 4650 testu;
2643 4602 2699 4648 et
2735 4590 2885 4646 solus
2925 4598 3137 4661 potens,
3189 4587 3482 4644 ostendens

179 4676 382 4733 Deum.
405 4677 598 4733 Omnia
624 4688 718 4748 per
741 4678 916 4747 ipsum
938 4677 1078 4733 facta
1100 4691 1247 4747 sunt,
1277 4689 1332 4735 et
1357 4682 1474 4738 sine
1503 4683 1619 4751 ipso
1658 4681 1772 4736 fae-

180 4777 301 4825 tum
339 4776 424 4826 est
443 4770 596 4825 nihil.
620 4770 803 4840 Neque
839 4771 982 4826 enim
1002 4770 1133 4828 dicit
1152 4774 1351 4840 omnia,
1379 4775 1478 4830 nisi
1499 4790 1618 4844 qua:
1641 4775 1775 4831 facta

180 4872 339 4933 Iunt,
365 4864 418 4920 id
439 4874 520 4920 est
542 4879 758 4921 omnem
785 4875 1107 4921 creaturam.
1151 4866 1304 4922 Unde
1334 4867 1536 4937 liquido
1556 4879 1778 4940 apparet

184 4957 370 5026 ipsum
399 4955 594 5014 factum
639 4972 746 5012 non
767 4971 888 5014 esse
915 4971 1013 5026 per
1038 4971 1196 5026 quem
1229 4956 1364 5014 facta
1394 4971 1516 5014 sunt
1545 4963 1723 5016 omnia
1758 4980 1774 5014 :

191 5058 250 5108 et
286 5050 331 5106 si
383 5050 552 5108 iactus
592 5066 699 5108 non
736 5060 839 5118 est,
881 5060 1122 5107 creatura
1167 5066 1274 5108 non
1329 5061 1439 5119 est,
1495 5055 1543 5110 si
1597 5067 1778 5112 autem

187 5152 440 5202 creatura
479 5160 584 5202 non
623 5153 731 5212 est,
783 5143 1023 5214 ejusdem
1083 5159 1206 5200 eum
1257 5144 1420 5201 Patre
1464 5147 1780 5206 substantia

189 5246 300 5295 est.
333 5237 518 5295 Omnis
541 5238 683 5294 enim
705 5237 1004 5296 substantia
1031 5253 1152 5309 qua:
1192 5238 1332 5296 Deus
1362 5255 1469 5296 non
1491 5250 1596 5308 est,
1625 5257 1781 5300 crea-

187 5340 318 5388 tura
355 5340 458 5397 est,
497 5339 554 5387 et
602 5345 723 5400 quae
749 5339 995 5388 creatura
1023 5315 1129 5387 non
1175 5343 1280 5402 εει,
1314 5334 1458 5390 Deus
1496 5347 1604 5394 est.
1649 5340 1717 5397 Et
1739 5344 1782 5399 si

191 5443 308 5484 non
338 5435 420 5484 εει
446 5426 614 5482 Filius
643 5427 883 5498 ejusdem
909 5429 1222 5488 substantia
1261 5432 1418 5502 cujus
1453 5435 1630 5508 Pater,
1657 5454 1784 5510 ergo

191 5520 340 5578 facta
393 5520 691 5576 substantia
736 5529 820 5577 est
869 5537 884 5578 :
923 5523 969 5577 si
1025 5522 1160 5580 facta
1197 5527 1488 5585 substantia
1535 5542 1635 5595 est,
1678 5550 1784 5590 non

193 5615 382 5671 omnia
425 5629 524 5684 per
552 5617 726 5685 ipsum
748 5615 886 5670 facta
929 5623 1089 5681 sunt;
1121 5626 1178 5672 at
1214 5619 1260 5674 si
1290 5622 1469 5677 omnia
1497 5638 1589 5692 per
1610 5625 1784 5694 ipsum

192 5708 341 5767 facta
387 5719 531 5776 sunt,
563 5709 721 5764 unius
760 5710 921 5780 igitur
947 5711 1297 5783 ejusdemque
1326 5729 1444 5770 cum
1473 5715 1631 5773 Patre
1661 5719 1790 5775 sub-

196 5806 416 5862 stantiae
442 5814 547 5861 est.
577 5805 643 5859 Et
671 5804 794 5859 ideo
815 5818 920 5858 non
961 5812 1163 5860 tantum
1197 5805 1358 5873 Deus,
1405 5809 1500 5864 sed
1539 5817 1594 5864 ει
1625 5826 1790 5868 verus

200 5900 385 5973 Deus;
421 5900 564 5973 quod
611 5899 750 5957 idem
785 5899 1020 5956 Joannes
1054 5899 1394 5970 apertissime
1441 5903 1496 5958 in
1543 5904 1784 5975 Epistula

1880 4694 2170 4749 adventum
2231 4690 2444 4745 Domini
2498 4688 2667 4742 nostri
2721 4685 2850 4741 Iesu
2894 4682 3092 4739 Christi
3146 4682 3480 4752 temporibus

1880 4784 2154 4857 propriis;
2199 4784 2279 4840 sic
2317 4783 2460 4838 enim
2489 4780 2691 4835 dictu
2721 4786 2822 4845 εει,
2855 4778 3016 4836 Solus
3055 4776 3221 4833 habet
3261 4777 3478 4831 immor-

1881 4880 2164 4942 talitatem,
2219 4873 2489 4945 quomodo
2519 4873 2718 4929 dictum
2765 4880 2880 4939 est,
2929 4871 3030 4940 Qui
3059 4871 3189 4926 facit
3215 4866 3480 4924 mirabilia

1883 4974 2052 5026 solus.
2084 4969 2239 5036 Quod
2285 4968 2442 5022 velim
2483 4967 2642 5034 scire,
2683 4965 2752 5020 de
2789 4979 2896 5036 quo
2929 4964 3132 5021 dictum
3160 4961 3431 5030 accipiant
3460 4974 3482 5014 :

1885 5066 1930 5119 si
1973 5065 2045 5118 de
2086 5063 2242 5116 Patre
2283 5067 2512 5124 tantum,
2544 5059 2815 5130 quomodo
2841 5073 2971 5129 ergo
3010 5069 3196 5113 verum
3226 5061 3312 5108 est
3335 5051 3482 5122 quod

1887 5155 2002 5226 ipse
2044 5153 2214 5208 Filius
2263 5151 2431 5207 dicit:
2473 5152 2818 5221 Quaecunque
2835 5153 2980 5207 enim
3005 5149 3164 5204 Pater
3195 5147 3339 5213 facit,
3365 5145 3482 5200 hac

1884 5248 2074 5304 eadem
2116 5256 2170 5303 et
2223 5245 2389 5301 Filius
2435 5245 2685 5300 similiter
2737 5242 2897 5297 facit?
2940 5241 3023 5296 Δ,-
3069 5240 3353 5310 quicquam
3399 5249 3482 5298 est
3533 5270 3538 5272 -

1886 5343 2024 5398 inter
2053 5341 2309 5395 mirabilia
2341 5337 2658 5403 mirabilius,
2685 5351 2850 5407 quam
2878 5333 3198 5390 resuscitarc
3217 5342 3274 5387 et
3313 5332 3482 5388 viviﬁ-

1888 5449 2012 5489 care
2045 5433 2322 5487 mortuos?
2353 5433 2488 5488 Dicit
2514 5441 2694 5485 autem
2723 5428 2866 5482 idem
2900 5425 3069 5481 Filius
3099 5443 3111 5477 :
3140 5423 3295 5480 Sicut
3321 5424 3482 5478 Potes

1896 5529 2117 5584 suscitat
2160 5536 2400 5582 mortuos
2429 5534 2484 5581 ει
2521 5522 2777 5587 viviﬂcat,
2808 5520 2888 5576 sic
2925 5531 2980 5575 et
3011 5519 3178 5576 Filius
3204 5533 3339 5588 quos
3366 5517 3478 5573 vult

1895 5621 2144 5677 viviﬁcat.
2195 5620 2475 5689 Quomodo
2501 5633 2634 5690 ergo
2671 5617 2819 5672 solus
2848 5616 3006 5671 Pater
3034 5614 3158 5669 facit
3188 5612 3478 5670 mirabilia.

1895 5733 2015 5772 eum
2050 5717 2164 5772 haec
2189 5717 2348 5772 verba
2396 5730 2495 5769 nec
2532 5715 2742 5768 Patrem
2768 5720 2992 5776 tantum,
3023 5725 3120 5765 nec
3152 5708 3344 5766 Filium
3363 5715 3480 5760 tan-

1897 5819 2006 5865 tum
2037 5810 2348 5878 perniitrattt
2398 5806 2645 5878 intelligi,
2700 5805 2795 5861 sed
2841 5806 3024 5874 utique
3077 5802 3240 5856 Deum
3291 5815 3476 5866 unus,

1895 5917 2098 5972 verum,
2130 5903 2326 5970 solum,
2376 5901 2432 5958 id
2475 5909 2560 5958 est
2599 5902 2810 5959 Patrem
2835 5909 2892 5956 et
2919 5898 3112 5955 Filium
3139 5904 3194 5954 et
3220 5895 3486 5968 Spiritum
