3986 6382
613 367 718 427 905

1680 381 1743 438 D.
1787 384 2113 445 EUGYPPII
2151 391 2445 454 ABBATIS
2484 399 2809 462 AFRICANI
3274 416 3279 421 ’
3357 431 3360 435 ’
3769 437 3843 492 9N

611 488 890 615 sanctum?
912 488 1086 615 [Cum]
1107 492 1232 548 Item
1251 489 1378 547 dicit
1397 491 1537 549 idem
1555 499 1850 568 apostolus,
1869 499 2036 557 Nobis
2058 517 2196 561 unus
2220 510 2275 570 Α
2301 510 2391 565 tali
2414 517 2671 575 servitute
2701 529 2962 579 creaturae
3004 525 3214 587 servire
3249 532 3618 610 prohibemur,
3641 553 3837 615 quando.

658 595 772 615 non-
838 588 975 615 “4....
1025 605 1084 615 Α..
1107 605 1208 615 ιιι-Α
1229 591 1402 615 Αικηξιι
1452 600 1498 615 ,ι
1521 606 1616 615 ..--
1637 594 1685 615 ε..
1709 594 1819 615 2---
1874 606 1916 615 _.
1939 614 1964 615 η
2103 601 2138 615 n
2388 603 2400 614 ο
2424 605 2436 615 ι
2594 609 2625 615 --

610 583 793 655 Pater,
813 585 1000 661 [Deus]
1022 605 1088 646 ex
1104 605 1210 660 quo
1227 591 1429 660 omnia,
1448 600 1504 647 et
1519 606 1619 648 nos
1636 594 1689 648 in
1706 594 1846 664 ipso,
1865 606 1920 653 et
1936 614 2075 656 unus
2101 601 2208 656 Do-

2311 603 2527 672 quidem
2575 609 2772 668 dictum
2803 625 2907 685 est,
2942 617 3222 677 Dominum
3262 624 3431 683 Deum
3462 603 3615 688 tuum
3639 603 3837 700 adoreis

608 683 787 739 minus
830 683 989 740 Jesus
1036 683 1279 740 Christus
1321 700 1414 755 per
1458 701 1617 756 quem
1643 690 1846 759 omnia,
1880 701 1934 747 et
1962 708 2062 749 nos
2107 709 2206 764 per
2308 704 2364 751 et
2391 699 2470 754 illi
2493 702 2592 757 soli
2636 707 2859 774 servies,
2894 683 3035 767 unde
3063 723 3118 768 et
3145 718 3433 786 Apostolus
3465 683 3834 793 deiestaiui-e;

608 772 811 842 ipsum;
862 773 986 842 quis
1029 773 1237 830 dubitet
1281 789 1404 831 eum
1457 779 1635 833 omnia
1689 797 1808 850 qua:
1861 792 2042 838 creata
2079 795 2204 840 sunt
2306 792 2397 860 qui
2446 795 2724 854 coluerunt
2774 811 2828 857 et

2873 805 3175 863 servierunt
3218 822 3486 870 creatum
3517 820 3689 886 pctius
3712 841 3828 895 quam

604 865 805 932 dicere,
823 865 962 921 sicut
979 865 1210 939 [beatus]
1229 867 1460 926 Joannes
1486 888 1500 924 :
1526 873 1714 928 Omnia
1740 888 1836 943 per
1859 875 2033 945 ipsum
2064 876 2203 933 facta
2305 887 2564 956 creatori;
2607 905 2716 946 non
2745 903 2828 949 est
2875 898 3055 968 utique
3101 910 3340 958 creatura
3370 865 3609 976 Spiriius
3647 865 3824 990 saniem:

604 959 762 990 εει-ην)
791 958 985 990 num-1‘
1014 960 1189 990 :I-nnn
1217 960 1283 990 ,1η
1313 976 1415 990 ﬂ..-
1446 962 1580 990 Ah...-
1617 964 1717 990 ..I:..
1748 966 1865 990 ιλ..-
1893 983 1906 990 -
1938 968 2194 990 n---_:-_.
2314 987 2327 990 -
2373 977 2384 987 .
2454 977 2464 990 .
2643 984 2673 990 ..

602 959 762 1013 sunt?
791 958 986 1024 Quaero
1012 960 1190 1030 itaque
1215 960 1284 1017 de
1311 976 1416 1032 quo
1444 962 1584 1019 dicat
1615 964 1718 1019 alio
1748 966 1906 1021 loco:
1937 968 2198 1035 Quoniam

599 1065 666 1104 ex
685 1051 806 1120 ipso
817 1061 871 1107 et
892 1065 987 1122 per
1009 1053 1204 1122 ipsum,
1228 1062 1283 1109 et
1302 1055 1357 1109 in
1378 1058 1515 1125 ipso,
1534 1066 1659 1113 sunt
1686 1060 1885 1128 omnia,
1902 1061 2005 1131 ipsi
2027 1063 2198 1132 gloria

595 1140 650 1196 in
697 1146 894 1202 szecula
939 1145 1256 1200 saeculorum
1281 1146 1504 1220 [amen].
1553 1148 1608 1204 Si
1657 1150 1800 1205 enim
1829 1151 1895 1205 de
1937 1152 2094 1209 Patre
2142 1158 2197 1210 et

595 1234 733 1292 Filio
786 1245 840 1293 et
887 1236 1088 1307 Spiritu
1136 1247 1342 1306 sancto,
1388 1241 1687 1311 utsingulis
1724 1244 2194 1315 personissingula

592 1327 923 1399 tribuantur,
949 1344 1014 1384 ex
1039 1330 1174 1400 ipso,
1200 1345 1267 1386 ex
1297 1331 1482 1400 Patre;
1508 1348 1602 1402 per
1625 1335 1821 1404 ipsum,
1848 1351 1944 1406 per
1966 1337 2188 1396 Filium;

590 1419 647 1476 in
696 1421 834 1491 ipso,
863 1423 918 1477 in
946 1423 1150 1493 Spiritu
1194 1433 1379 1480 sancto
1406 1424 1494 1496 [ex
1520 1427 1656 1495 ipso,
1691 1429 1740 1484 id
1768 1439 1853 1484 est
1891 1446 1958 1486 ex
1984 1430 2143 1488 Patre
2174 1450 2189 1488 :

588 1526 686 1583 per
713 1514 910 1582 ipsum,
937 1514 990 1569 id
1013 1525 1095 1571 est
1130 1531 1224 1586 per
1259 1517 1491 1584 Filium;
1518 1520 1571 1574 in
1595 1521 1731 1589 ipso,
1756 1521 1809 1578 id
1832 1533 1916 1578 est
1942 1539 2034 1593 per
2065 1526 2187 1595 Spi-

585 1608 747 1662 ritum
775 1607 1043 1680 sanetum]
1085 1608 1428 1666 manifestum
1480 1612 1622 1682 quod
1655 1613 1810 1669 Pater
1842 1626 1895 1670 et
1928 1616 2099 1673 Filius
2130 1628 2185 1673 et

583 1699 814 1770 Spiritus
878 1709 1095 1757 sanctus
1135 1717 1274 1757 unus
1307 1703 1447 1759 Deus
1469 1713 1570 1771 est,
1603 1707 1818 1776 quando
1844 1710 2186 1779 singulariter

581 1791 795 1859 intulit:
824 1791 927 1860 lpsi
970 1791 1137 1862 gloria
1177 1794 1229 1847 in
1258 1795 1452 1848 saecula
1483 1797 1825 1853 saeculorum.
1861 1799 2011 1857 Unde
2038 1803 2178 1857 enim

2303 977 2385 1029 cui
2416 977 2483 1033 ab
2512 984 2757 1039 omnibus
2800 990 3000 1044 sanctis
3051 991 3172 1047 talis
3200 995 3430 1052 servitus
3461 1003 3747 1075 exhibetur,
3769 977 3823 1062 di:

2301 1077 2455 1125 cente
2483 1072 2740 1142 Apostolo
2766 1096 2779 1131 :
2804 1078 2913 1136 Nos
2956 1084 3101 1139 enim
3144 1101 3328 1142 sumus
3367 1091 3713 1165 circumcisio,
3738 1072 3819 1171 Spi-

2298 1161 2421 1217 ritui
2453 1164 2546 1221 Dei
2573 1170 2890 1239 servientes,
2914 1177 3054 1244 quod
3083 1187 3166 1233 est
3197 1178 3249 1236 in
3283 1181 3478 1239 Grmco
3538 1161 3816 1262 lin-primi;

2297 1250 2483 1310 Plures
2529 1260 2672 1314 enim
2714 1264 2926 1320 codices
2967 1267 3126 1324 etiam
3178 1270 3353 1328 Latini
3395 1277 3480 1332 sic
3527 1250 3814 1352 habiant:Qui

2295 1340 2494 1411 Spiritu
2531 1347 2622 1404 Dei
2659 1353 2955 1426 servimus;
2984 1357 3152 1417 Graeci
3183 1374 3360 1420 autem
3403 1382 3600 1426 omnes
3628 1384 3696 1428 aut
3715 1340 3812 1444 ptine

2293 1447 2498 1493 omnes.
2549 1441 2602 1495 in
2631 1448 2901 1504 nonnullis
2928 1462 3106 1508 autem
3136 1459 3544 1529 exemplaribus
3566 1441 3734 1522 Latinis
3757 1471 3808 1525 in-

2292 1531 2554 1629 venimus,
2580 1553 2706 1606 non,
2729 1541 2945 1610 Spiritui
2968 1546 3060 1602 Dei
3083 1551 3364 1618 servimus,
3391 1553 3515 1623 sed,
3540 1556 3712 1629 Spiritu
3735 1564 3806 1620 Deo

2289 1627 2568 1726 servimus.
2602 1633 2708 1689 Sed
2752 1638 2842 1707 qui
2887 1639 2941 1695 in
2964 1642 3065 1698 hoc
3094 1656 3302 1715 errant,
3332 1659 3389 1706 et
3413 1627 3700 1711 auctoritati
3722 1675 3804 1729 gra-

2287 1715 2421 1772 viori
2477 1722 2668 1780 cedere
2695 1727 3016 1800 detrectant,
3049 1739 3288 1808 nunquid
3319 1750 3374 1796 et
3404 1743 3540 1800 illud
3571 1715 3743 1804 variuni
3763 1753 3798 1805 in

2285 1810 2557 1868 codicibus
2583 1819 2856 1886 reperiunt
2881 1840 2893 1875 :
2921 1822 3145 1883 Nescitis
3162 1830 3285 1899 quia
3302 1845 3531 1902 corpora
3545 1851 3693 1894 vestra
3707 1852 3798 1896 tem-

579 1882 745 1950 cmpit
792 1881 935 1937 hunc
963 1897 1203 1951 sensum,
1239 1901 1345 1939 non
1386 1884 1459 1941 ait
1486 1904 1499 1940 :
1529 1888 1572 1942 υ
1603 1888 1830 1945 altitudo
1869 1890 2172 1947 divitiarum
2201 1879 2252 1940 Β
2280 1901 2422 1969 plum
2445 1903 2496 1956 in
2529 1879 2678 1962 vobis
2705 1917 2788 1964 est
2813 1879 3052 1981 Spiritus
3068 1879 3256 1987 sancti,
3285 1879 3797 1992 quemviiabe‘iis'a'

577 1972 857 2042 sapientiae
905 1983 961 2028 et
1003 1974 1241 2030 scientiae
1284 1976 1480 2044 Patris,
1511 1987 1602 2033 aut
1648 1979 1794 2050 Filii,
1823 1995 1913 2037 aut
1945 1983 2173 2054 Spiritus

577 2065 767 2131 sancti,
794 2065 886 2120 sed
911 2084 929 2116 ι
954 2066 1231 2136 sapientiae
1253 2079 1305 2124 et
1332 2070 1572 2125 scientiae
1591 2072 1712 2127 Dei!
1747 2093 1765 2126 ι
1786 2089 1944 2145 quam
1967 2077 2174 2132 inscru-

576 2155 754 2211 tabilia
783 2166 908 2211 sunt
933 2157 1132 2226 iudicia
1158 2159 1356 2229 eius,et
1377 2160 1777 2233 investigabiles
1809 2168 1922 2234 vias
1959 2169 2127 2239 ipsius
2153 2173 2166 2226 ε

574 2247 702 2317 Quis
750 2250 891 2304 enim
940 2253 1192 2321 cognovit
1246 2267 1466 2308 sensum
1511 2255 1745 2323 Domini,
1776 2263 2008 2330 autquis
2035 2277 2166 2317 con-

572 2340 800 2397 siliarius
828 2341 944 2411 ejus
976 2342 1089 2412 fuit,
1119 2344 1343 2414 autquis
1366 2345 1414 2400 ei
1446 2346 1594 2415 prior
1623 2347 1789 2415 dedit,
1821 2360 1876 2406 et
1903 2353 2168 2410 retribue-

570 2438 654 2487 tur
681 2432 765 2488 ei?
792 2433 1044 2502 quoniam
1067 2450 1133 2490 ex
1157 2436 1293 2505 ipso,
1321 2447 1378 2493 et
1407 2440 1718 2509 peripsum,
1742 2451 1796 2498 et
1817 2444 1869 2498 in
1897 2445 2015 2515 ipso
2044 2458 2166 2505 sunt

567 2525 770 2590 omnia;
805 2527 903 2595 ipsi
933 2526 1101 2596 gloria
1150 2527 1206 2582 in
1249 2532 1443 2585 saecula
1493 2533 1836 2590 steculorum.
1871 2538 2062 2593 Amen.
2103 2540 2161 2596 Si

565 2627 740 2673 autem
786 2619 886 2675 hoc
928 2621 996 2676 de
1048 2620 1207 2677 Patre
1255 2626 1628 2682 tantummodo
1672 2627 1899 2700 intelligi
1949 2633 2158 2701 volunt,

565 2709 833 2777 quomodo
887 2725 1016 2781 ergo
1053 2714 1234 2768 omnia
1257 2729 1352 2784 per
1378 2716 1594 2773 Patrem
1621 2729 1766 2787 sunt,
1800 2724 1939 2778 sicut
1966 2724 2054 2781 hic
2076 2727 2159 2782 di-

564 2801 722 2869 citur,
769 2811 824 2858 et
849 2805 1028 2866 omnia
1061 2821 1156 2876 per
1196 2807 1414 2874 Filium,
1447 2810 1585 2865 sicut
1612 2812 1678 2866 ad
1699 2812 2034 2882 Corinthios,
2061 2817 2154 2873 ubi

561 2894 629 2950 lii
653 2913 666 2948 :
709 2894 776 2950 Et
802 2911 939 2952 unus
980 2897 1236 2954 Dominus
1266 2899 1423 2956 Jesus
1444 2901 1692 2958 Christus
1720 2919 1816 2974 per
1844 2921 2003 2976 quem
2026 2921 2149 2963 om-

559 2993 677 3059 nia;
707 3000 761 3048 et
786 2993 926 3048 sicut
948 2994 1001 3048 in
1035 2994 1324 3064 Evangelio
1350 2997 1574 3054 Joannis
1599 3017 1612 3055 :
1638 3002 1828 3057 Omnia
1858 3018 1952 3073 per
1973 3005 2147 3074 ipsum

557 3081 692 3138 facta
717 3084 876 3138 sunt?
906 3084 960 3139 Si
990 3085 1132 3139 enim
1159 3086 1262 3140 alia
1295 3103 1389 3155 per
1413 3089 1646 3158 Patrem,
1671 3092 1775 3147 alia
1812 3109 1908 3163 per
1924 3095 2144 3164 Filium,

556 3170 660 3242 iam
693 3186 801 3227 non
847 3173 1027 3227 omnia
1059 3188 1152 3242 per
1175 3174 1418 3245 Patrem,
1452 3192 1552 3234 nec
1579 3181 1762 3236 omnia
1791 3197 1888 3252 per
1917 3183 2139 3254 Filium;

555 3263 598 3319 si
619 3271 795 3319 autem
825 3263 1007 3319 omnia
1032 3279 1129 3334 per
1155 3265 1369 3322 Patrem
1399 3277 1454 3324 et
1481 3271 1660 3326 omnia
1691 3287 1788 3341 per
1809 3274 2024 3344 Filium,
2055 3293 2146 3334 ea-

553 3355 673 3412 dem
726 3371 825 3428 per
870 3355 1085 3412 Patrem
1118 3373 1237 3428 quae
1267 3374 1364 3430 per
1392 3360 1626 3430 Filium;
1661 3367 1883 3437 aequalis
1911 3377 1996 3425 est
2023 3385 2152 3442 ergo

552 3445 697 3504 Patri
747 3447 917 3505 Filius
956 3457 1013 3506 et
1059 3451 1434 3521 inseparabilis
1490 3458 1734 3525 operatio
1761 3467 1847 3515 est
1892 3460 2069 3519 Patris
2096 3471 2152 3519 ct

550 3544 694 3611 Filii,
726 3545 852 3614 quia
897 3543 944 3600 si
979 3545 1063 3601 vel
1100 3545 1294 3602 Filium
1327 3547 1458 3603 fecit
1479 3548 1660 3618 Pater,
1690 3567 1848 3621 quem
1877 3569 1985 3611 non
2021 3556 2150 3614 iecit

549 3635 662 3707 ipse
700 3637 891 3706 Filius,
941 3652 1049 3693 non
1101 3639 1282 3695 omnia
1325 3655 1422 3710 per
1463 3641 1659 3698 Filium
1714 3643 1854 3701 facta
1902 3656 2044 3713 sunt,
2090 3656 2147 3704 at

549 3732 721 3787 omnia
770 3746 865 3801 per
896 3731 1087 3786 Filium
1117 3732 1254 3787 facta
1281 3742 1427 3788 sunt.
1471 3735 1591 3803 ipse
1613 3736 1773 3806 igitur
1814 3740 1986 3795 lactus
2033 3756 2145 3798 non

548 3831 644 3888 est,
672 3830 730 3876 ut
753 3836 873 3876 cum
897 3823 1054 3877 Patre
1073 3821 1276 3878 faceret
1297 3824 1479 3879 omnia
1500 3841 1617 3894 quae
1636 3829 1773 3883 facta
1791 3841 1935 3886 sunt.
1962 3831 2146 3899 Quan-

547 3927 700 3985 quam
728 3927 828 3970 nec
863 3913 933 3970 ab
959 3913 1077 3984 ipso
1117 3914 1297 3972 Verbo
1325 3919 1552 3973 tacuerit
1577 3921 1885 3990 Apostolus,
1915 3935 1965 3979 et
1990 3940 2148 3995 aper-

545 4008 745 4064 tissime
765 4008 984 4064 omnino
1015 4008 1212 4066 dixerit
1243 4028 1256 4065 :
1290 4009 1393 4078 Qui
1413 4026 1534 4067 cum
1565 4013 1617 4068 in
1650 4013 1826 4083 forma
1854 4017 1950 4072 Dei
1972 4031 2142 4101 esset,

542 4115 646 4158 uon
674 4101 915 4172 rapinam
956 4100 1245 4158 arbitratus
1292 4115 1376 4158 es:
1430 4118 1554 4160 esse
1596 4107 1819 4175 aequalis
1857 4107 2014 4165 Deo:
2053 4100 2142 4165 hic

541 4195 706 4252 Deum
753 4194 974 4265 proprie
1000 4194 1212 4250 Patrem
1259 4195 1560 4266 appellans,
1593 4199 1734 4254 sicut
1761 4200 1892 4255 alibi
1920 4218 1935 4256 :
1970 4202 2141 4272 Caput

539 4297 718 4344 autem
745 4285 947 4342 Christi
997 4286 1137 4343 Deus
1171 4304 1187 4342 :
1216 4288 1466 4345 similiter
1491 4299 1548 4346 et
1586 4291 1655 4347 de
1703 4291 1908 4363 Spiritu
1952 4305 2138 4352 sancto

539 4379 760 4434 collecta
805 4386 931 4433 sunt
975 4378 1309 4446 testimonia,
1361 4381 1554 4449 quibus
1584 4394 1710 4438 ante
1759 4399 1857 4439 nos
1889 4386 1981 4454 qui
2020 4387 2138 4443 haec

538 4471 942 4540 disputaverunt
994 4471 1353 4528 abundantius
1402 4474 1484 4528 usi
1539 4484 1687 4540 sunt,
1740 4476 1861 4545 quia
1912 4489 1967 4532 ct
2018 4479 2134 4548 ipse

538 4563 700 4631 Deus,
755 4573 811 4620 et
856 4579 961 4620 non
1012 4565 1468 4635 creatura:quod
1516 4567 1562 4621 si
1595 4582 1700 4622 non
1724 4579 1992 4637 creatura,
2023 4587 2130 4628 non

2275 1992 2412 2060 Quid
2451 2007 2628 2053 autem
2660 2001 2900 2061 insanius
2928 2009 3202 2080 magisque
3223 2016 3534 2087 sacrilegum
3562 2032 3649 2088 εει,
3676 2040 3793 2092 quam

2273 2093 2331 2139 ut
2370 2088 2645 2158 quisquam
2668 2093 2848 2151 dicere
2875 2098 3068 2155 audeat
3099 2105 3335 2161 membra
3367 2109 3554 2166 Christi
3579 2088 3791 2184 templum

2271 2189 2390 2233 esse
2417 2191 2678 2239 creaturae
2706 2188 2951 2260 minoris,
2980 2195 3275 2251 secundum
3305 2200 3436 2270 ipsos
3457 2197 3610 2273 quam
3634 2207 3792 2262 Chris-

2270 2277 2354 2323 tus
2385 2274 2508 2327 est?
2533 2274 2656 2332 Alio
2683 2279 2827 2334 enim
2856 2280 2976 2337 loco
3001 2283 3132 2340 dicit
3167 2305 3180 2340 :
3215 2286 3426 2359 Corpora
3448 2305 3604 2349 vestra
3632 2313 3787 2352 mem-

2267 2361 2362 2418 bra
2397 2375 2520 2420 sunt
2540 2365 2738 2425 Christi
2770 2389 2784 2426 :
2813 2373 2857 2427 si
2885 2384 3060 2432 autem
3085 2393 3206 2448 quae
3233 2383 3454 2438 membra
3479 2396 3590 2439 sunt
3613 2385 3789 2443 Christi

2268 2456 2523 2525 templum
2545 2469 2630 2515 est
2651 2461 2882 2532 Spiritus
2911 2469 3105 2536 sancti,
3135 2487 3244 2527 non
3271 2483 3352 2529 est
3378 2474 3590 2545 Spiritus
3611 2493 3786 2538 sanctus

2263 2555 2529 2617 creatura,
2558 2551 2682 2621 quia
2728 2555 2815 2610 cui
2840 2570 3035 2627 corpus
3064 2571 3306 2618 nostrum
3337 2567 3579 2637 templum
3603 2571 3776 2626 exhibe-

2261 2651 2400 2704 mus,
2453 2655 2673 2698 necesse
2701 2654 2785 2700 est
2818 2656 2874 2702 ut
2892 2648 3015 2704 huic
3045 2666 3163 2707 eam
3191 2657 3510 2713 servitutem
3532 2658 3766 2728 debeamus,

2259 2744 2364 2799 qua
2401 2747 2508 2787 non
2546 2735 2652 2791 nisi
2683 2736 2791 2793 Deo
2813 2742 3152 2799 serviendum
3179 2755 3288 2814 est,
3317 2763 3446 2818 quae
3467 2748 3758 2820 Greceappcl-

2255 2822 2404 2877 latur.
2439 2821 2667 2902 λατρεία.
2711 2829 2862 2887 Unde
2906 2848 3300 2906 consequenter
3339 2841 3746 2899 dicit:Gloriticate

2253 2930 2380 2984 ergo
2400 2927 2453 2975 et
2478 2928 2683 2988 portate
2738 2924 2906 2980 Deum
2934 2927 2988 2982 in
3016 2943 3242 2999 corpore
3267 2941 3484 2992 vestro.

2755 3057 2981 3118 CAPUT
3021 3062 3330 3122 CCXXXV.

2253 3158 2714 3248 Quod-uulgauit”
2731 3166 2828 3248 Dei
2850 3168 3021 3248 ilius
3042 3186 3247 3248 propter
3269 3178 3500 3248 formam
3523 3182 3630 3236 serti
3647 3181 3765 3234 mittar

2320 3193 2398 3211 ,υιι
2423 3193 2713 3234 αιυμηιιιιδ
2731 3193 2828 3222 νει
2850 3193 2886 3221 x'
2902 3193 3021 3227 tuus
3042 3193 3133 3245 pro
3171 3193 3247 3230 ter
3269 3193 3500 3248 [armant
3523 3198 3630 3236 sem
3647 3195 3765 3234 num

2320 3229 2480 3322 Patre
2501 3237 2826 3322 dicaturg,.qu_i
2848 3242 2902 3296 in
2927 3244 3094 3313 forma
3122 3193 3220 3304 Bai
3245 3253 3468 3321 wqualis
3487 3262 3554 3310 est
3575 3251 3768 3322 Patrue:

2323 3303 2498 3359 eodem
2521 3307 2670 3378 libro,
2693 3303 2771 3365 tit.
2791 3312 2843 3365 7.

2323 3440 2418 3496 His
2445 3451 2501 3498 et
2529 3444 2720 3503 talibus
2744 3447 3040 3507 divinarum
3065 3452 3466 3525 Scripturarum
3490 3459 3770 3527 testimoniis,

2251 3532 2460 3602 quibus,
2496 3543 2554 3588 ut
2578 3535 2710 3606 dixi,
2737 3540 2942 3609 priores
2969 3545 3238 3614 copiosius
3263 3549 3370 3616 usi,
3400 3557 3774 3623 expugnaverunt

2251 3623 2632 3683 haereticorum
2666 3631 2797 3686 tales
2827 3634 3121 3692 calumnias
3154 3638 3240 3694 vel
3270 3654 3496 3710 errores,
3524 3644 3777 3698 insinuatur

2251 3719 2376 3776 ﬁdei
2408 3733 2607 3778 nostrae
2638 3726 2833 3793 unitas,
2861 3738 2914 3783 et
2943 3731 3224 3800 aequalitas
3248 3733 3525 3791 Trinitatis.
3549 3734 3648 3790 Sed
3670 3734 3776 3803 quia

2249 3816 2415 3871 multa
2456 3818 2510 3874 in
2540 3822 2739 3877 sanctis
2785 3822 2939 3881 libris
2971 3835 3191 3895 pr0pter
3219 3829 3598 3884 incarnationem
3629 3827 3772 3883 Verbi

2247 3909 2364 3975 Dei,
2398 3925 2516 3981 quae
2553 3928 2652 3984 pro
2694 3915 2868 3972 salute
2909 3928 3092 3974 nostra
3132 3921 3410 3990 reparanda
3439 3922 3567 3977 iacta
3602 3929 3697 3986 est,
3723 3927 3780 3974 ut

2246 4003 2510 4059 mediator
2553 4005 2652 4061 Dei
2698 4015 2754 4064 et
2797 4009 3072 4066 hominum
3102 4022 3248 4069 esset
3277 4015 3432 4069 homo
3457 4013 3684 4070 Christus
3709 4013 3783 4070 Je-

2245 4111 2358 4161 sus,
2377 4098 2447 4153 ita
2467 4098 2738 4169 dicuntur,
2754 4111 2812 4157 ut
2832 4105 3088 4173 majorem
3110 4106 3247 4162 Filio
3267 4107 3482 4164 Patrem
3503 4108 3778 4178 signiﬁcent,

2243 4190 2330 4246 vel
2354 4191 2516 4247 etiam
2545 4195 2878 4261 apertissime
2902 4198 3186 4252 ostendant
3205 4215 3223 4266 ;
3243 4210 3560 4256 erraverunt
3578 4199 3782 4256 homines

2242 4286 2422 4340 minus
2452 4286 2734 4356 diligenter
2761 4297 3065 4345 scrutantes
3091 4292 3172 4347 vel
3204 4292 3486 4349 intuentes
3523 4294 3776 4348 universam

2239 4378 2434 4432 seriem
2463 4377 2889 4448 Scripturarum,
2915 4388 2971 4435 et
2998 4395 3064 4436 ea
3090 4396 3209 4451 quae
3235 4382 3304 4438 de
3333 4383 3558 4440 Christo
3583 4385 3691 4440 Jesu
3719 4397 3779 4437 se-

2239 4469 2469 4525 cundum
2489 4469 2761 4525 hominem
2783 4469 2927 4526 dicta
2944 4479 3090 4542 sunt,
3104 4472 3170 4527 ad
3187 4472 3304 4543 eius
3328 4473 3674 4532 substantiam
3690 4486 3770 4542 qua

2237 4573 2363 4620 ante
2379 4565 2794 4621 incarnationem
2813 4566 3138 4634 sempiterna
3157 4575 3290 4634 erat,
3307 4571 3768 4641 etsempitemest,

537 4663 742 4711 tantum
787 4656 953 4722 Deus,
1002 4673 1128 4713 nam
1180 4667 1235 4714 et
1283 4659 1529 4716 homines
1575 4661 1704 4716 dicti
1745 4673 1870 4718 sum
1911 4664 2006 4733 dii,
2036 4666 2129 4720 sed
2158 4649 2526 4713 Dtransferre
2555 4657 2732 4712 conati
2776 4667 2918 4714 sunt.
2947 4658 3015 4714 Ει
3044 4659 3118 4713 illi
3149 4659 3374 4728 quidem
3417 4662 3778 4729 dicunt,mino-

536 4748 699 4804 etiam
715 4761 874 4804 verus
892 4748 1056 4805 Deus.
1082 4752 1220 4822 Ergo
1241 4752 1386 4808 Patri
1411 4764 1466 4809 et
1484 4753 1621 4810 Filio
1646 4769 1866 4825 prorsus
1889 4758 2129 4827 aequalis,

531 4840 667 4896 etin
697 4839 976 4895 Trinitatis
1001 4841 1202 4897 unitate
1225 4846 1697 4903 consubstantialis
1718 4857 1774 4904 et
1793 4859 2124 4919 coaeternus;

533 4933 768 4989 maxime
828 4945 957 4988 vero
1012 4931 1104 4988 illo
1160 4933 1277 4989 loco
1324 4938 1456 4993 satis
1504 4940 1694 5006 claret,
1727 4940 1868 5010 quod
1898 4941 2128 5012 Spiritus

532 5035 754 5082 sanctus
800 5039 911 5081 non
956 5024 1031 5081 sit
1077 5033 1344 5093 creatura,
1378 5029 1466 5084 ubi
1506 5029 1759 5100 iubemur
1789 5048 1895 5088 non
1924 5034 2128 5090 servire

531 5126 816 5187 creaturae,
866 5116 963 5174 sed
1017 5117 1272 5188 creatori,
1305 5133 1416 5174 non
1455 5135 1522 5176 eo
1551 5122 1712 5179 modo
1737 5139 1844 5194 quo
1872 5125 2126 5195 iubemur

530 5224 632 5283 per
658 5211 975 5268 charitatem
1004 5214 1210 5269 servire
1239 5213 1490 5283 invicem,
1513 5215 1678 5287 [quod
1705 5229 1787 5275 est
1806 5235 1980 5291 graece
2008 5221 2128 5279 δου-

529 5300 714 5372 λεύειν,
743 5301 838 5358 sed
893 5315 960 5358 eo
993 5299 1153 5358 modo
1174 5300 1226 5374 [e
1265 5317 1528 5360 converso
1573 5307 1755 5379 modo]
1783 5324 1890 5379 quo
1921 5318 2122 5368 tantum

529 5393 643 5451 Deo
670 5394 922 5459 servitur,
958 5392 1103 5464 quod
1146 5403 1229 5450 est
1273 5409 1446 5464 graece
1473 5396 1757 5472 λατρεύειν,
1786 5400 1929 5456 unde
1955 5401 2124 5458 idolo-

527 5486 684 5543 latrae
729 5485 999 5552 dicuntur,
1032 5487 1121 5557 qui
1150 5487 1453 5544 simulacris
1479 5503 1597 5546 eam
1633 5491 1947 5550 servitutem
1971 5497 2123 5553 exhi-

525 5576 679 5645 bent,
723 5595 842 5649 quae
873 5577 1097 5635 debetur
1147 5580 1289 5647 Deo‘;
1323 5581 1618 5638 secundum
1646 5585 1756 5654 28
1784 5585 1926 5641 hanc
1974 5589 2120 5644 enim

526 5671 838 5727 servitutem
862 5672 1061 5728 dictum
1080 5681 1162 5729 est
1179 5689 1193 5730 :
1212 5673 1500 5730 Dominum
1517 5674 1686 5730 Deum
1704 5685 1851 5732 tuum
1865 5679 2118 5738 adorabis

527 5767 586 5816 et
612 5761 692 5816 illi
721 5762 822 5816 soli
854 5763 1078 5819 servies.
1113 5763 1244 5819 Nam
1274 5764 1369 5837 [et]
1399 5765 1501 5822 hoc
1524 5766 1828 5826 distinetius
1854 5770 1908 5826 in
1932 5769 2118 5829 Graeca

523 5849 795 5922 scriptura
817 5853 1127 5925 invenitur;
1147 5856 1448 5935 λατρεύσιις
1468 5859 1611 5923 enim
1641 5860 1826 5925 habet.
1855 5861 2028 5926 Porro
2067 5867 2118 5928 si

2234 4767 2350 4807 rem
2381 4767 2501 4808 esse
2531 4753 2725 4811 Filium
2756 4771 2915 4820 quam
2946 4755 3104 4812 Pater
3133 4767 3235 4823 est,
3262 4761 3390 4829 quia
3423 4761 3678 4830 scriptum
3709 4765 3782 4818 est.

2233 4847 2352 4917 ipso
2396 4848 2622 4904 Domino
2667 4849 2878 4905 dicente
2921 4867 2934 4905 :
2975 4850 3137 4906 Pater
3162 4851 3335 4920 maior
3367 4869 3464 4910 me
3493 4863 3594 4910 est.
3624 4848 3787 4905 Veritas

2232 4951 2411 4999 autem
2443 4944 2707 5010 ostendit,
2737 4946 3027 5002 secundum
3056 4947 3216 5002 istum
3248 4949 3482 5006 modum
3503 4994 3518 5018 ,
3549 4951 3697 5008 etiam
3730 4958 3791 5000 se

2232 5037 2352 5108 ipso
2380 5038 2639 5094 minorem
2674 5038 2902 5106 Filium;
2931 5041 3199 5110 quomodo
3227 5042 3375 5098 enim
3411 5060 3530 5100 non
3561 5044 3709 5101 etiam
3733 5053 3794 5092 se-

2227 5130 2348 5202 ipso
2379 5133 2554 5188 minor
2582 5132 2754 5188 lactus
2777 5141 2880 5202 est,
2903 5134 2992 5203 qui
3018 5137 3366 5204 semetipsum
3392 5137 3698 5194 exinanivit
3715 5133 3798 5189 ior-

2229 5239 2370 5280 mam
2394 5225 2533 5282 servi
2559 5226 2863 5296 accipiens?
2883 5225 3063 5298 Neque
3083 5229 3224 5283 enim
3251 5227 3331 5283 sic
3354 5234 3586 5301 accepit
3611 5229 3796 5284 formam

2227 5316 2403 5382 servi,
2432 5327 2488 5373 ut
2516 5318 2786 5375 amitteret
2819 5319 3042 5374 formam
3075 5320 3201 5388 Dei,
3229 5321 3281 5375 in
3312 5335 3430 5391 qua
3464 5333 3590 5379 erat
3618 5318 3802 5390 aqualis

2227 5406 2393 5464 Patri.
2422 5408 2478 5464 Si
2525 5424 2654 5480 ergo
2700 5411 2775 5465 ita
2815 5420 3034 5482 accepta
3081 5421 3166 5467 est
3210 5412 3386 5467 forma
3439 5417 3617 5480 servi,
3645 5424 3802 5468 utnon

2225 5499 2564 5556 amitteretur
2590 5500 2758 5556 forma
2790 5501 2908 5572 Dei,
2939 5518 3058 5558 cum
3105 5513 3160 5560 et
3202 5504 3255 5558 in
3297 5503 3491 5564 forma
3525 5507 3670 5564 servi
3697 5515 3742 5561 et
3763 5504 3803 5556 in

2223 5591 2391 5646 lorma
2423 5593 2516 5648 Dei
2553 5592 2690 5648 idem
2736 5595 2852 5664 ipse
2873 5593 2942 5649 sit
2967 5595 3131 5651 Filius
3158 5595 3478 5666 unigenitus
3511 5600 3611 5656 Dei
3643 5596 3805 5655 Patris,

2221 5683 2277 5739 in
2305 5684 2470 5739 forma
2503 5685 2593 5741 Dei
2624 5688 2841 5758 aequalis
2871 5686 3040 5754 Patri,
3069 5690 3120 5743 in
3150 5687 3317 5743 forma
3349 5692 3520 5747 servi
3572 5688 3806 5747 mediator

2221 5775 2318 5832 Dei
2343 5787 2398 5832 et
2424 5779 2729 5847 hominum,
2756 5779 2917 5836 homo
2939 5781 3179 5837 Christus
3213 5779 3412 5850 Jesus;
3443 5784 3581 5854 quis
3611 5798 3713 5839 non
3741 5781 3804 5834 in-

2219 5867 2424 5942 telligat
2451 5871 2594 5942 quod
2637 5872 2694 5932 in
2739 5871 2911 5931 forma
2952 5871 3052 5932 Dei
3094 5873 3253 5932 etiam
3278 5873 3406 5945 ipso
3437 5877 3639 5949 seipso
3662 5871 3812 5944 major
