3986 6382
105 473 215 528 905
1219 454 1656 514 THESAURUS.
1699 454 1852 512 CAP.
1893 454 2225 512 (:CXXXVI.
3273 459 3376 516 θοις

98 600 216 658 εει,
244 589 295 642 in
325 585 493 640 forma
524 588 700 637 autem
734 576 908 647 servi,
938 575 1098 632 etiam
1145 573 1324 644 seipso
1366 573 1540 628 minor
1569 569 1683 625 est?
1715 567 1842 630 Ain
1880 571 1996 638 ejus
2026 578 2269 624 naturam
2309 565 2400 638 qui
2447 565 2528 624 illi
2551 565 2778 636 subjecit
2813 565 3046 624 omnia:
3078 578 3205 628 tunc
3234 571 3348 626 futu
3377 601 3381 608 ν

99 687 224 742 Non
249 684 427 752 itaque
449 677 716 734 immerito
735 674 1014 743 Scriptura
1036 680 1322 739 utrumque
1350 668 1500 734 dicit,
1521 679 1692 736 :cqua-
1793 675 1911 715 rum
1947 667 2170 752 putant.
2197 751 2202 752 γ
2228 675 2349 752 Cum
2394 667 2517 752 P0“
2559 658 2699 752 diem
2739 658 2927 729 indic“
2971 661 3250 718 ῑτδάίάετίῑ
3292 678 3381 718 τε·

100 777 212 833 lem
256 751 401 829 Patri
440 769 654 834 Filium,
683 775 738 824 et
763 766 977 822 Patrem
1018 761 1276 833 majorem
1320 759 1456 815 Filio
1503 775 1517 812 :
1563 755 1693 812 illud
1794 765 1954 821 gnum
1979 751 2091 807 Deo
2113 761 2167 807 et
2191 751 2355 807 Patri.
2381 751 2459 806 Ac
2479 766 2576 822 per
2598 751 2699 806 hoc
2722 751 2884 823 etiam
2908 755 3201 810 secundum
3225 754 3384 810 istam

101 872 252 926 enim
285 876 502 939 propter
532 865 758 920 formam
806 862 923 929 Dei,
959 861 1062 915 hoc
1099 869 1275 915 autem
1319 861 1535 926 propter
1583 851 1695 906 for-
1795 840 2126 911 opinionem,
2149 843 2322 898 adhuc
2350 843 2508 900 Pater
2533 844 2704 912 major
2724 853 3002 915 est,quam
3028 845 3197 902 forma
3220 848 3386 912 servi,

101 976 250 1016 mam
281 937 455 1024 servi,
485 959 599 1014 sine
635 955 740 1011 ulla
767 953 1085 1010 confusione
1115 949 1426 1024 intelligitur
1459 965 1470 1000 :
1499 956 1551 1001 et
1582 945 1699 1000 haec
1798 952 1919 1008 quas
1961 937 2128 1009 [quia]
2169 939 2236 992 de
2263 937 2481 1007 Virgine
2512 949 2728 1008 accepta
2758 948 2857 995 est.
2890 940 3043 1008 Quod
3073 943 3118 996 si
3147 950 3202 996 et
3227 942 3388 1012 aliqui

103 1056 264 1110 nobis
294 1017 500 1125 regula,
531 1067 630 1122 per
669 1064 860 1106 omnes
908 1056 1120 1104 sanctas
1168 1017 1472 1114 Scripturas
1502 1037 1700 1094 dissol-
1803 1030 1907 1086 hoc
1940 1029 2230 1125 affirmant,
2260 1031 2402 1125 quod
2438 1031 2556 1125 jam
2591 1031 2850 1125 fueritwin
2896 1034 2994 1089 Dei
3037 1034 3390 1091 substantiam

102 1146 300 1203 venda,
344 1117 501 1215 ﬁnias
533 1117 876 1214 humationis,
919 1157 986 1197 ει
1030 1153 1140 1196 uno
1186 1153 1303 1208 cap,
1349 1135 1519 1207 Epist,
1552 1131 1703 1189 pauli
1803 1130 2038 1177 mutatus
2069 1119 2228 1176 homo
2256 1121 2506 1215 Christus
2530 1122 2708 1189 Jesus,
2735 1124 2862 1178 illud
2890 1135 3036 1181 certe
3060 1142 3255 1197 negare
3285 1145 3393 1186 non
3431 1117 3456 1182 ἴ

103 1236 337 1308 apostoli
360 1201 641 1306 promitur,
665 1233 756 1289 ubi
774 1231 1111 1288 manifestius
1139 1231 1238 1284 ista
1259 1225 1531 1283 distinctio
1557 1237 1705 1280 com-

1852 1223 2047 1282 assunt,
2071 1214 2210 1286 quod
2238 1214 2412 1270 adhuc
2435 1223 2625 1270 natura
2654 1217 2886 1272 hominis
2917 1219 3188 1288 manebat,
3215 1236 3389 1288 quan-
3445 1201 3473 1228 ’⁸

103 1306 418 1392 "ﬁndatur.
443 1331 532 1385 Αίι
559 1331 701 1385 enim
750 1346 764 1384 ε
806 1328 906 1395 Qui
951 1341 1072 1381 cum
1117 1325 1170 1380 ίη
1219 1323 1390 1378 [οι-ωτι
1422 1319 1514 1375 Dei
1541 1325 1703 1384 esset,
1808 1306 1876 1360 do
1902 1316 2028 1361 ante
2049 1307 2351 1376 passionem
2380 1307 2592 1364 dicebat
2615 1325 2628 1363 :
2651 1309 2912 1376 Quoniam
2939 1310 3099 1366 Pater
3119 1313 3290 1382 major
3310 1329 3398 1369 me

107 1441 224 1482 non
254 1427 498 1496 rapinam
527 1423 821 1478 arbitratus
845 1429 930 1477 est
952 1434 1072 1475 esse
1096 1417 1317 1489 aequalis
1348 1415 1479 1477 Deo,
1503 1412 1597 1467 sed
1624 1424 1708 1466 se.
1809 1407 1911 1452 εει·
1938 1396 2091 1453 Unde
2124 1397 2267 1496 ξιξιηίι
2290 1397 2560 1496 ευηεῑθξῖο
2587 1407 2689 1496 θέεν
2715 1399 3010 1496 seculldum
3042 1400 3144 1456 hoc
3172 1417 3293 1458 esse
3316 1404 3397 1459 di-

107 1491 404 1588 metipsum
435 1515 760 1581 exinanivit,
789 1514 1014 1568 formam
1056 1510 1195 1566 servi
1231 1507 1524 1578 accipiens,
1552 1505 1604 1559 in
1635 1503 1708 1558 si-
1811 1500 1977 1588 illum.
2000 1491 2140 1561 (ιυοά
2161 1491 2499 1588 Ῐοηηδξίξιξνῖ
2531 1492 2703 1588 mili"
2730 1499 2810 1546 εει
2836 1491 3016 1560 Pater.
3040 1494 3125 1550 συί
3149 1494 3202 1549 in
3228 1496 3400 1551 forma

111 1581 473 1666 militudinem
501 1608 776 1662 hominum
809 1604 1000 1668 factus,
1032 1611 1085 1657 et
1129 1601 1312 1656 habitu
1359 1601 1606 1653 inventus
1655 1602 1712 1647 ut

1852 1584 1909 1639 lei
1951 1584 2176 1655 aequalis
2210 1593 2294 1640 est
2335 1583 2526 1638 Filius.
2560 1581 2668 1637 Nec
2706 1584 2990 1654 quisquam
3018 1601 3140 1640 cum
3169 1586 3404 1642 audierit

113 1704 302 1759 homo.
345 1701 441 1758 Est
467 1716 598 1774 ergo
625 1700 720 1755 Dei
747 1699 912 1754 Filius
940 1697 1050 1752 Deo
1079 1695 1223 1750 Patri
1249 1702 1438 1749 natura
1466 1687 1708 1760 aqualis,
1814 1677 1958 1774 llllOd
1985 1678 2060 1733 ³Ῐὶ
2089 1677 2399 1774 APOSl‘Olllsi
2443 1680 2586 1774 91"“
2618 1684 2797 1774 amelli
2826 1677 3048 1746 (“milia
3073 1679 3196 1748 (ιυία
3224 1680 3404 1774 οῐῐιη-ία

115 1795 310 1852 halm“
341 1796 514 1849 minor
533 1769 572 1847 ἐ
624 1794 678 1848 in
721 1791 890 1847 {arma
933 1789 1074 1846 enim
1119 1787 1260 1842 sel-vi
1300 1799 1459 1855 quam
1505 1779 1713 1849 accepit
1815 1771 2057 1840 subjecta
2075 1770 2289 1838 suntei,
2315 1769 2653 1824 manifestum
2674 1769 2795 1839 quia
2817 1779 3013 1838 praeter
3029 1771 3260 1840 eumqui
3283 1770 3406 1824 sub.

117 1889 296 1944 minor
335 1896 420 1944 est
462 1886 642 1954 Patre,
676 1885 728 1940 in
777 1884 948 1938 forma
991 1889 1170 1936 autem
1217 1878 1336 1944 Dei,
1361 1877 1414 1930 in
1455 1888 1558 1944 qua
1597 1879 1714 1928 erat
1743 1952 1773 1954 ξ
1813 1867 1942 1936 jecit
1971 1865 2018 1921 ei
2049 1865 2250 1930 omnia,
2281 1865 2353 1918 ita
2385 1862 2659 1919 existimet
2702 1862 2770 1917 de
2819 1862 2976 1916 Patre
3007 1861 3408 1931 intelligendum

119 1983 284 2038 etiam
329 1952 789 2051 antequam'hanc
827 1977 1144 2046 accepisset.
1174 1971 1394 2043 aqualis
1423 1979 1506 2026 es:
1547 1968 1708 2023 patri.
1741 1952 1791 2014 B
1819 1959 1965 2032 [cum
2001 1965 2184 2012 autem
2229 1954 2410 2010 omnia
2445 1955 2495 2010 ei
2536 1954 2777 2024 subjecta
2819 1953 3038 2017 fuerint,
3065 1952 3408 2009 manifestum

123 2075 180 2129 In
212 2075 380 2129 forma
413 2045 508 2129 Dei
541 2072 773 2128 Verbum
810 2085 906 2142 per
932 2045 1074 2140 quod
1105 2067 1242 2122 facta
1272 2073 1396 2120 sunt
1421 2062 1630 2129 omnia,
1659 2059 1712 2117 in
1815 2053 1938 2121 ηυίε
1969 2060 2164 2142 Prw!“
2190 2063 2311 2142 eum
2338 2048 2428 2142 qlll
2459 2048 2535 2142 “ll
2564 2047 3022 2142 SUPJPCilrlllnniéi
3048 2046 3118 2100 lla
3144 2045 3416 2142 ﬁliiﬁlilllel

123 2165 295 2221 forma
328 2174 507 2220 autem
531 2165 670 2220 servi
698 2163 868 2218 factus
889 2177 957 2217 ex
984 2160 1233 2226 muliere,
1252 2159 1422 2214 factus
1446 2156 1547 2212 sub
1575 2155 1712 2222 lege,

1857 2158 1885 2197 e
1907 2142 2065 2198 Patre
2095 2140 2546 2211 intelligendum],
2571 2139 2714 2210 quod
2737 2138 3030 2208 subjecerit
3053 2139 3231 2193 omnia
3255 2137 3414 2202 Filio,

126 2265 186 2312 ut
208 2273 302 2313 eos
329 2258 418 2328 qui
446 2257 546 2313 sub
575 2257 692 2326 lege
721 2263 876 2311 erant
905 2255 1219 2310 redimeret.
1247 2249 1478 2308 Proinde
1519 2249 1570 2302 in
1606 2245 1716 2300 [οι-ο
1820 2244 1879 2290 ut
1904 2236 2076 2304 ipsum
2107 2234 2301 2288 Filium
2331 2233 2435 2288 sibi
2459 2232 2635 2328 omnia
2665 2231 2958 2328 subjecisse
2983 2245 3104 2328 non.
3118 2240 3266 2328 putet
3291 2246 3305 2282 :
3335 2229 3418 2328 in-

129 2366 217 2405 ma
246 2320 496 2406 Dei-fecit
528 2320 820 2414 hominem,
849 2350 903 2402 in
934 2348 1104 2403 forma
1137 2345 1278 2400 servi
1308 2343 1478 2397 factus
1509 2349 1592 2395 est
1623 2340 1721 2393 ho-
1823 2327 2139 2396 separabllis
2160 2327 2302 2382 enim
2323 2335 2406 2414 98!
2424 2323 2669 2414 ρρθιξίιῑίο
2692 2323 2868 2414 Ρξιῑτίε
2892 2320 3418 2414 ςξᾼξίιίὶχΑιξιξαυμίη

130 2454 242 2494 mo.
267 2441 398 2495 Nam
421 2443 465 2498 si
486 2443 640 2496 Pater
659 2452 865 2496 tantum
886 2441 1004 2494 sine
1025 2438 1160 2494 Filio
1182 2436 1400 2492 fecisset
1426 2434 1720 2498 hominem,

132 2545 240 2584 non
278 2533 535 2600 scriptum
575 2541 764 2587 esset:
797 2531 1084 2586 Faciamus
1119 2529 1391 2582 hominem
1432 2527 1499 2580 ad
1541 2525 1726 2594 imagi-

131 2641 260 2682 nem
291 2635 348 2682 et
374 2626 779 2682 similitudinem
809 2633 1047 2681 nostram
1081 2641 1095 2676 :
1129 2637 1258 2692 ergo
1285 2621 1406 2691 quia
1435 2621 1604 2675 forma
1634 2619 1728 2676 Dei

129 2720 344 2789 accepit
384 2719 610 2774 formam
653 2719 816 2786 servi,
849 2727 1134 2786 utrumque
1168 2716 1308 2770 Deus
1351 2723 1406 2770 et
1446 2722 1732 2782 utrumque

131 2810 300 2864 homo
350 2826 365 2865 :
417 2811 510 2866 sed
560 2820 849 2880 utrumque
901 2810 1071 2876 Deus,
1117 2815 1337 2878 promer
1377 2806 1732 2876 accipientem

135 2901 337 2966 Deum,
363 2910 651 2971 utrumque
672 2910 849 2955 autem
881 2899 1064 2966 homo,
1087 2906 1308 2968 propter
1334 2908 1612 2967 acceptum
1638 2895 1735 2950 ho-

135 2995 374 3062 minem;
417 3011 591 3066 neque
621 2994 767 3050 enim
808 2994 896 3048 illa
929 2993 1270 3062 susceptione
1296 2992 1522 3047 alterum
1549 3003 1736 3046 eorum

137 3089 196 3143 in
226 3088 456 3143 alterum
486 3101 808 3144 conversum
839 3095 1001 3156 atque
1029 3093 1289 3140 mutatum
1317 3093 1402 3139 est
1428 3101 1440 3136 :
1475 3097 1576 3137 nec
1603 3081 1739 3136 divi-

138 3181 284 3236 nitas
312 3181 507 3250 quippe
552 3181 604 3235 in
644 3190 948 3236 creaturam
993 3188 1192 3234 mutata
1224 3187 1326 3246 cst,
1370 3188 1424 3230 ut
1454 3177 1740 3231 desisteret

139 3286 268 3329 esse
299 3273 567 3339 divinitas,
600 3287 698 3328 nec
739 3279 986 3328 creatura
1028 3270 1085 3325 in
1122 3269 1480 3337 divinitatem,
1504 3277 1562 3325 ut
1590 3266 1739 3324 desi-

141 3373 314 3421 steret
342 3380 463 3421 esse
491 3375 737 3421 creatura
748 3404 762 3419 .

654 3499 882 3558 CAPUT
920 3499 1248 3557 CCXXXVI.

149 3617 231 3674 De
259 3617 566 3689 subjectione
595 3632 695 3686 qua
719 3613 890 3696 Filius
913 3613 1258 3696 subjiciendus
1283 3611 1474 3666 dicitur
1497 3609 1669 3678 Patri,
1691 3624 1756 3666 ea:

775 3684 950 3740 eodem
977 3684 1128 3739 libro.

230 3801 372 3857 illud
404 3810 582 3858 autem
611 3798 756 3871 quod
783 3799 916 3855 dicit
945 3797 1233 3870 Apostolus
1275 3815 1290 3853 :
1329 3795 1464 3853 Cum
1493 3804 1671 3854 autem
1709 3793 1762 3852 ei

154 3894 346 3949 omnia
373 3893 616 3964 subjecta
650 3893 878 3958 fuerint,
903 3899 1032 3947 tunc
1058 3900 1113 3948 et
1141 3892 1259 3961 ipse
1288 3890 1459 3948 Filius
1487 3889 1764 3962 subjectus

155 3982 274 4038 erit
295 3982 347 4036 ei
371 3985 462 4052 qui
488 3984 569 4037 illi
603 3984 832 4052 subjecit
852 3983 1067 4038 omnia:
1091 3993 1182 4037 aut
1205 3983 1324 4038 ideo
1351 3983 1551 4038 dictum
1577 3994 1765 4051 est,ne

159 4075 454 4144 quisquam
496 4083 708 4143 putaret
753 4075 994 4130 habitum
1031 4073 1257 4142 Christi,
1285 4075 1374 4144 qui
1416 4089 1485 4128 ex
1533 4075 1767 4128 humana

167 4172 426 4219 creatura
452 4172 731 4233 susceptus
750 4174 854 4228 est,
877 4178 1194 4219 conversum
1217 4165 1280 4218 iri
1313 4173 1498 4233 postea
1522 4165 1575 4218 in
1599 4165 1766 4234 ipsam

1826 2431 1925 2471 nec
1940 2416 2054 2484 ipse
2070 2415 2227 2470 Pater
2242 2413 2344 2468 sibi
2358 2411 2582 2482 subjecit
2596 2411 2800 2478 omnia,
2814 2410 2909 2466 sed
2925 2409 3092 2464 Filius
3103 2408 3154 2465 ei
3166 2409 3418 2477 subjecit,

1827 2509 1919 2578 qui
1961 2507 2012 2562 ei
2054 2520 2278 2576 regnum
2311 2503 2551 2572 tradidit,
2581 2511 2635 2558 et
2661 2511 2885 2558 evacuat
2911 2516 3126 2557 omnem
3154 2500 3424 2570 principa-
3463 2518 3482 2534 ε

1833 2611 1980 2668 ιυηι,
2021 2609 2074 2656 et
2113 2614 2326 2655 omnem
2369 2606 2723 2670 potestatem,
2763 2604 2821 2653 et
2866 2597 3140 2652 virtutem.
3173 2594 3249 2650 De
3287 2592 3426 2648 Filio

1833 2695 2030 2764 quippe
2068 2695 2168 2748 ista
2203 2692 2345 2748 dicta
2387 2699 2511 2746 sunt
2542 2709 2554 2746 :
2587 2691 2720 2746 Cum
2765 2688 3066 2755 tradiderit,
3098 2689 3207 2761 29
3238 2686 3426 2756 inquit,

1835 2801 2057 2857 regnum
2089 2786 2200 2841 Deo
2229 2794 2283 2841 et
2312 2784 2480 2852 Patri,
2511 2799 2632 2840 cum
2664 2781 3009 2839 evacuaverit
3037 2796 3253 2836 omnem
3285 2779 3432 2848 prin-

1837 2882 2095 2952 cipatum,
2115 2889 2170 2936 et
2191 2895 2405 2936 omnem
2425 2886 2766 2949 potestatem,
2785 2875 3105 2932 etvirtutem
3123 2892 3135 2930 :
3154 2873 3270 2944 ipse
3289 2873 3433 2926 enim

1839 2971 2056 3042 subjicit
2099 2973 2190 3042 qui
2237 2979 2484 3027 evacuat.
2514 2969 2624 3025 Nec
2673 2969 2753 3024 sic
2792 2968 3119 3023 arbitremur
3164 2963 3437 3021 Christum

1841 3065 2162 3122 traditurum
2192 3078 2415 3134 regnum
2445 3063 2552 3118 Deo
2578 3071 2632 3116 et
2653 3059 2820 3128 Patri,
2846 3070 2905 3115 ut
2933 3059 3136 3114 adimat
3159 3057 3280 3112 sibi.
3305 3055 3439 3112 Nam

1841 3164 1896 3212 et
1959 3156 2060 3211 hoc
2116 3156 2332 3227 quidam
2377 3154 2649 3224 vaniloqui
2699 3151 3060 3208 crediderunt.
3112 3149 3246 3205 Cum
3294 3148 3439 3204 enim

1844 3249 2057 3317 dicitur,
2085 3247 2389 3304 Tradiderit
2419 3261 2642 3317 regnum
2675 3245 2786 3301 Deo
2822 3254 2879 3302 et
2914 3243 3092 3309 Patri,
3139 3258 3249 3298 non
3280 3255 3441 3309 sepa—

1772 3335 1822 3401 C
1853 3350 2001 3397 ratur
2031 3342 2166 3412 ipse,
2193 3343 2315 3411 quia
2345 3341 2510 3396 simul
2535 3355 2658 3396 cum
2689 3340 2849 3394 Patre
2875 3354 3015 3394 unus
3043 3338 3182 3392 Deus
3207 3343 3308 3390 est.
3340 3333 3448 3391 Sed

1853 3433 2158 3488 divinarum
2199 3432 2598 3501 Scripturarum
2633 3431 2936 3487 incuriosos
2967 3438 3022 3484 et
3048 3428 3450 3483 contentionum

1854 3523 2128 3580 studiosos
2154 3523 2292 3578 fallit
2319 3524 2538 3579 verbum
2570 3523 2712 3593 quod
2742 3523 2976 3592 positum
3007 3529 3117 3589 est,
3143 3519 3346 3574 Donec.
3374 3517 3452 3572 Ita

1858 3629 2093 3686 namque
2115 3615 2357 3685 sequitur
2383 3631 2396 3667 :
2421 3614 2648 3684 Oportet
2671 3613 2814 3670 enim
2843 3611 2991 3668 illum
3015 3626 3261 3682 regnare,
3285 3610 3455 3666 donec

1861 3719 2026 3780 ponat
2051 3709 2300 3764 inimicos
2327 3722 2454 3763 suos
2482 3707 2583 3763 sub
2607 3707 2834 3779 pedibus
2861 3708 3006 3774 suis;
3051 3717 3300 3777 tanquam
3335 3718 3457 3760 cum

1864 3803 2106 3873 posuerit
2134 3817 2242 3858 non
2286 3801 2358 3857 sit
2398 3811 2736 3874 regnaturus.
2766 3802 2877 3859 Nec
2907 3801 3215 3874 intelligunt
3256 3801 3328 3855 ita
3373 3799 3460 3855 di-

1865 3905 2010 3952 ctum
2045 3897 2186 3951 sicut
2211 3905 2294 3952 est
2324 3895 2455 3951 illud
2488 3912 2501 3949 :
2534 3895 2920 3952 Confirmatum
2950 3905 3030 3951 est
3061 3910 3154 3950 cor
3178 3895 3325 3964 ejus,
3353 3908 3460 3950 non

1865 3991 2297 4046 commovebitur
2345 3990 2519 4046 donec
2574 3991 2754 4047 videat
2799 4006 2961 4060 super
3010 3991 3261 4045 inimicos
3309 4005 3461 4043 suos.

1869 4083 1987 4137 Non
2045 4085 2187 4138 enim
2243 4099 2363 4137 cum
2418 4082 2616 4137 viderit
2657 4082 2770 4152 jam
2830 4081 3275 4137 commovebitur.
3329 4081 3465 4147 Quid

1872 4188 2002 4245 ergo
2051 4183 2166 4242 est,
2209 4188 2332 4229 cum
2395 4173 2677 4228 tradiderit
2736 4189 2960 4242 regnum
3024 4171 3136 4228 Deo
3186 4182 3242 4228 et
3287 4172 3466 4227 Patri?

1873 4263 2026 4333 quasi
2073 4263 2233 4318 modo
2269 4279 2374 4319 non
2409 4263 2603 4318 habeat
2642 4277 2865 4333 regnum
2899 4263 3040 4318 Deus
3071 4273 3124 4318 et
3153 4262 3344 4329 Pater,
3374 4263 3470 4318 sed

1873 4357 2001 4426 quia
2042 4370 2232 4412 omnes
2272 4355 2446 4426 justos
2497 4357 2550 4410 in
2595 4357 2786 4426 quibus
2831 4370 2973 4409 nunc
3014 4363 3228 4426 regnat,
3261 4371 3325 4410 ex
3367 4355 3472 4409 fido

1875 4448 2211 4516 viventibus,
2244 4449 2506 4504 mediator
2555 4448 2650 4504 Dei
2695 4457 2750 4503 et
2793 4447 3069 4502 hominum
3122 4447 3281 4502 homo
3321 4445 3473 4502 Chri-

162 4255 530 4323 divinitatem,
550 4255 633 4311 vel
661 4265 720 4311 ut
739 4256 938 4312 certius
958 4257 1316 4326 expresserim
1345 4257 1628 4325 Deitatem,
1652 4273 1770 4326 quas

161 4362 285 4402 non
300 4355 384 4403 est
401 4355 646 4404 creatura
657 4389 672 4414 ,
687 4346 783 4404 sed
795 4357 879 4404 est
899 4347 1079 4404 unitas
1091 4347 1371 4404 Trinitatis
1389 4350 1701 4419 incorporea
1718 4357 1773 4405 et

164 4438 634 4495 incommutabilis
648 4448 703 4494 et
721 4439 1414 4496 sibimetconsubstantialis
1433 4448 1490 4496 et
1503 4448 1772 4496 coaeterna

165 4539 395 4586 natura.
425 4532 533 4586 Aut
577 4531 623 4585 si
663 4531 944 4601 quisquam
987 4531 1282 4600 contendit,
1313 4539 1372 4588 ut
1398 4532 1561 4602 aliqui
1589 4547 1775 4590 sense-
1875 4548 1992 4596 stus
2037 4540 2196 4597 Jesus
2238 4542 2592 4612 perducturus
2633 4549 2717 4597 est
2760 4539 2825 4595 ad
2873 4541 3108 4610 speciem
3133 4580 3148 4606 ,
3193 4554 3352 4609 quam
3397 4541 3475 4594 vi-

167 4628 327 4686 runt,
362 4621 432 4676 ita
472 4620 694 4687 dictum,
718 4632 772 4676 et
803 4622 917 4691 ipse
959 4623 1131 4678 Filius
1167 4624 1442 4694 subjectus
1468 4626 1573 4681 erit
1600 4626 1649 4682 ei
1683 4626 1772 4696 qui
1877 4635 2083 4692 sionem
2142 4637 2271 4692 dicit
2321 4636 2460 4692 idem
2513 4635 2842 4705 Apostolus.
2896 4634 3053 4690 Facie
3107 4634 3174 4689 ad
3233 4635 3424 4690 faciem
3462 4654 3479 4692 :

167 4713 259 4770 illi
287 4712 518 4783 subjecit
543 4715 744 4783 omnia,
767 4723 826 4770 ut
847 4715 1016 4784 ipsam
1045 4717 1454 4787 subjectionem,
1478 4726 1747 4774 commuta

1852 4726 1950 4783 lita
1979 4729 2179 4784 dictum
2207 4739 2290 4785 est
2318 4745 2332 4782 :
2367 4731 2501 4784 Cum
2536 4728 2815 4782 tradiderit
2842 4741 3065 4798 regnum
3095 4727 3204 4781 Deo
3229 4737 3282 4782 et
3304 4725 3480 4791 Patri.

171 4807 417 4874 tionem,
445 4816 503 4862 et
532 4807 939 4864 conversionem
968 4809 1152 4866 credat
1182 4810 1412 4866 futuram
1442 4821 1704 4868 creaturae
1731 4814 1786 4870 in
1892 4836 1956 4878 ac
1978 4823 2025 4876 si
2047 4822 2340 4889 diceretur,
2364 4836 2484 4876 cum
2512 4821 2819 4890 perduxerit
2842 4807 3123 4874 credentes
3144 4819 3209 4873 ad
3240 4829 3482 4876 comem-

174 4902 362 4970 ipsam
393 4898 749 4952 substantiam
775 4899 861 4953 Vel
883 4900 1171 4955 essenllam
1198 4900 1492 4969 Cl‘ealorisi
1516 4902 1568 4956 id
1599 4911 1785 4969 θεινυι
1891 4916 2184 4985 plationem
2211 4914 2305 4968 Dei
2330 4923 2384 4968 et
2412 4913 2606 4967 Patris.
2656 4912 2747 4968 Sic
2772 4913 2914 4966 enim
2942 4912 3092 4977 dicit,
3136 4911 3325 4965 Omnia
3349 4910 3486 4964 mihi

175 5005 312 5063 qua:
341 4988 519 5045 fuerat
547 4991 843 5045 substantia
874 5001 1137 5047 creatura:
1177 4992 1269 5046 fiat
1297 4993 1594 5048 substantia
1623 4993 1748 5051 Cres

1892 5009 2087 5064 tradita
2110 5016 2233 5063 sunt
2258 5023 2289 5062 a
2317 5005 2474 5061 Patre
2505 5003 2696 5079 [meo],
2718 5015 2773 5061 et
2802 5021 2960 5062 nemo
2991 5005 3135 5060 novit
3163 5005 3358 5060 Filium
3383 5005 3487 5060 nisi

175 5085 326 5141 toris
349 5101 364 5150 ;
390 5093 536 5141 certe
559 5086 645 5141 vel
684 5084 787 5141 hoc
812 5085 1081 5152 concedit.
1109 5087 1250 5157 quod
1280 5103 1385 5144 non
1417 5088 1578 5144 habet
1618 5090 1784 5146 ullam
1892 5100 2075 5167 Pater,
2105 5113 2277 5168 neque
2305 5099 2519 5154 Patrem
2549 5101 2673 5168 quis
2704 5099 2852 5154 novit
2881 5099 2982 5153 nisi
3017 5097 3180 5151 Filius
3218 5094 3296 5166 [et
3325 5111 3488 5153 nemo

174 5177 601 5242 ῧυδίωίοηθιην
627 5177 862 5233 nondum
893 5177 995 5234 hoc
1023 5177 1188 5234 fuisse
1215 5177 1435 5246 ἷθείιιωο
1458 5193 1580 5236 Cum
1603 5179 1787 5236 θοιιιί-
1890 5193 2041 5249 novit
2065 5193 2274 5247 Patrem
2303 5191 2403 5246 nisi
2435 5187 2660 5260 Filius],
2689 5200 2744 5246 et
2769 5190 2855 5246 cui
2886 5187 3115 5243 voluerit
3141 5186 3307 5243 Filius
3337 5203 3491 5245 reve-

177 5291 292 5332 mlS
325 5274 554 5341 diceret.
578 5274 734 5330 Ρθιθι·
762 5274 935 5345 ιηθὶοτ
962 5289 1051 5331 ωε
1075 5284 1178 5331 θει-
1204 5274 1353 5330 Dim
1379 5277 1524 5330 enim
1555 5274 1657 5330 hoc
1679 5289 1787 5330 non
1892 5282 2024 5340 lare.
2048 5283 2197 5338 Tunc
2226 5283 2551 5338 revelabitur
2579 5298 2610 5337 a
2644 5281 2784 5337 Filio
2812 5282 2973 5337 Pater
2995 5296 3116 5336 cum
3147 5283 3490 5338 evacuaverit

181 5372 374 5428 solum
419 5378 706 5439 antequam
751 5369 1082 5425 ascendisset
1109 5369 1165 5424 in
1195 5369 1415 5435 coelum,
1439 5368 1790 5424 verumetiam
1895 5391 2111 5432 omnem
2143 5375 2524 5445 principatum,
2550 5386 2605 5431 et
2633 5390 2848 5430 omnem
2883 5383 3222 5443 potestatem,
3246 5384 3301 5430 et
3325 5379 3495 5432 virm-

183 5473 489 5532 antequam
521 5477 710 5532 passus
739 5464 1124 5519 resurrexisset
1163 5478 1194 5516 a
1231 5463 1479 5518 mortuis.
1505 5463 1583 5518 Illi
1612 5471 1791 5518 autem
1897 5475 2035 5533 tem;
2063 5465 2115 5522 id
2142 5476 2255 5534 est,
2285 5476 2346 5521 ut
2371 5466 2675 5522 necessaria
2705 5480 2812 5520 non
2843 5465 2912 5519 sit
2940 5465 3272 5534 dispensatio
3299 5467 3496 5523 simili-

189 5558 292 5628 qui
325 5564 514 5626 putant
541 5555 826 5610 humanam
871 5557 923 5609 in
963 5570 1028 5611 eo
1067 5563 1311 5612 naturam
1343 5556 1396 5611 in
1423 5555 1637 5616 deitatis
1665 5555 1795 5612 sub-
1903 5558 2179 5622 tudinum,
2204 5572 2300 5628 per
2325 5557 2596 5628 angelicos
2623 5557 2988 5626 principatus,
3015 5563 3070 5609 et
3094 5565 3414 5626 potestates,
3447 5569 3500 5614 et

188 5648 460 5706 stantiam
490 5649 682 5703 mutari
703 5657 882 5722 |atque
917 5649 1179 5716 converti,
1206 5659 1261 5705 et
1300 5650 1372 5705 ita
1411 5649 1612 5706 dictum
1637 5663 1800 5705 esse:
1905 5649 2153 5706 virtutes.
2186 5650 2264 5704 Ex
2293 5663 2518 5714 quarum
2548 5663 2778 5718 persona
2808 5663 2918 5703 non
2949 5648 3387 5704 inconvenienter
3418 5651 3501 5705 in-

193 5744 364 5798 Tunc
393 5749 448 5795 et
473 5742 587 5810 ipse
616 5739 782 5794 Filius
810 5739 1087 5807 subjectus
1115 5741 1219 5796 erit
1243 5742 1293 5796 ei
1335 5743 1426 5811 qui
1469 5743 1545 5797 illi
1573 5741 1804 5812 subjecit
1908 5743 2164 5812 telligitur
2201 5741 2332 5797 dicit
2381 5741 2434 5796 in
2467 5738 2691 5797 Cantico
2736 5743 3066 5796 canticorum
3097 5741 3165 5797 sd
3196 5757 3446 5810 sponsam
3484 5762 3498 5796 :

204 5832 507 5896 omnia,ac
536 5831 578 5884 si
609 5831 896 5898 diceretur,
924 5841 1051 5886 tunc
1075 5842 1129 5887 et
1150 5834 1262 5902 ipse
1283 5832 1448 5890 Filius
1473 5835 1728 5902 hominis,
1752 5844 1808 5890 et
1910 5832 2300 5888 Similitudines
2332 5833 2446 5887 auri
2478 5831 2736 5888 faciemus
2766 5833 2885 5900 tibi,
2911 5846 3032 5890 cum
3063 5832 3501 5891 distinctionibus

197 5943 232 5983 a
266 5923 458 5981 Verbo
485 5923 579 5977 Dei
609 5932 853 5992 suscepta
884 5924 1113 6000 humana
1139 5933 1332 5983 natura
1353 5929 1808 5992 ,-commutabitur
1913 5928 2150 6000 argenti,
2181 5928 2528 5999 quoadusque
2573 5943 2667 5984 rex
2711 5927 2765 5983 in
2803 5925 3046 5982 recnbitu
3074 5941 3174 5983 suo
3199 5934 3282 5983 est
3341 5928 3390 5984 id
3419 5937 3504 5989 est

545 6042 814 6101 PaTBOL.
850 6040 1046 6103 LX“.
2901 6043 2978 6102 99
