3986 6382
138 339 228 397 909

1321 335 1758 406 THESAURUS.
1794 335 1943 392 CAP.
1990 336 2188 392 CCXL.

3266 335 3374 391 910

129 473 234 512 sum
261 456 416 522 Patre,
449 464 608 527 atque
636 457 705 511 ita
753 457 896 512 circa
924 464 1225 514 creaturam
1254 465 1670 526 susceptumque
1699 451 1752 512 A
1776 450 1879 508 Per
1907 453 2044 510 hanc
2089 453 2233 510 enim
2276 453 2654 523 perveneimus
2697 453 2764 508 ad
2813 453 3049 524 Speciem
3085 470 3096 505 :
3132 460 3187 507 ut
3239 453 3372 510 tales

130 551 340 606 habitum
365 550 632 621 occupati,
658 550 1015 623 aequalitatem
1043 567 1204 623 quam
1235 565 1356 608 cum
1398 549 1556 608 Patre
1578 543 1703 607 δεῖ

1781 543 1926 619 [ηοε]
1955 556 2121 615 amet,
2151 548 2338 620 quales
2365 556 2510 605 amat
2538 557 2596 605 ut
2638 548 2831 615 simus,
2861 563 2969 604 non
3020 546 3209 618 quales
3259 544 3376 600 odit

126 642 371 710 beo,nonj
408 643 726 715 intelligitis.
786 645 914 701 inde
961 655 1045 700 est
1087 653 1143 700 et
1185 645 1364 701 illud:
1416 643 1536 700 Noli
1592 661 1678 702 me
1778 641 1903 713 quia
1931 659 2136 711 sumus,
2166 653 2218 700 et
2267 644 2512 700 hortatur
2561 656 2626 700 ac
2676 651 2896 714 praestat
2943 656 3011 697 ne
3062 639 3198 698 tales
3247 651 3372 703 esse

126 746 340 806 tangere,
366 738 599 792 nondum
644 739 788 793 enim
820 738 1042 795 ascendi
1069 739 1138 794 ad
1188 740 1423 796 Patrem.
1480 739 1679 796 Tactus
1781 747 1998 808 semper
2017 738 2269 794 velimus.

121 830 273 897 enim,
296 839 535 902 tanquam
569 831 727 888 ﬁnem
759 830 886 886 facit
912 830 1170 887 notionis.
1212 831 1442 904 Ideoque
1464 831 1683 889 nolebat

118 921 176 976 in
200 937 380 979 eoesse
405 923 567 979 ﬁnem
613 925 807 980 intenti
860 924 1041 980 cordis
1089 925 1144 980 in
1190 939 1272 994 se,
1319 933 1376 980 ut
1405 927 1509 982 hoc
1537 925 1682 997 quod

117 1016 376 1073 videbatur
403 1017 772 1073 tantummodo
800 1026 1101 1088 putaretur.
1126 1019 1387 1074 Ascensio
1409 1029 1588 1075 autem
1615 1018 1685 1074 ad

116 1111 314 1166 Putrem
333 1119 462 1177 erat,
485 1113 558 1168 ita
587 1113 757 1169 videri
780 1114 919 1170 sicut
960 1114 1185 1186 aequalis
1213 1122 1299 1172 est
1326 1112 1496 1183 Patri,
1527 1123 1584 1172 ut
1608 1115 1680 1173 ibi

115 1208 254 1256 esset
275 1199 385 1257 ﬁnis
412 1202 639 1260 visionis
670 1219 789 1275 qum
819 1204 1022 1261 sufﬁcit
1055 1207 1228 1262 nobis.

558 1317 788 1375 CAPUT
834 1319 1216 1376 CCXXXVIII.

118 1408 369 1476 Quomodo
395 1408 682 1487 traditurus
722 1412 1076 1487 sitURegnAum
1095 1411 1266 1487 Filius
1295 1411 1478 1479 Patri;
1502 1427 1564 1466 ea:
1595 1427 1684 1466 eo-

641 1483 754 1539 dem
793 1483 925 1541 libro
946 1485 1026 1541 tit.
1057 1483 1144 1540 10.

182 1593 279 1650 Sed
329 1603 548 1666 pr0pter
603 1597 1020 1656 insinuationem
1076 1599 1380 1665 Trinitatis,
1439 1597 1688 1669 personis

111 1691 265 1747 etiam
311 1691 530 1762 singulis
578 1693 892 1762 nominatis,
950 1693 1201 1750 dicuntur
1248 1693 1516 1763 quzedam,
1577 1708 1684 1748 non

112 1784 222 1839 aliis
250 1785 501 1855 separatis
551 1785 924 1860 intelliguntur
960 1787 1276 1860 [separatim
1309 1805 1322 1840 :
1359 1803 1464 1842 non
1504 1797 1683 1842 tamen

2275 849 2505 910 CAPUT
2544 848 2884 905 CCXXXIX.

1790 951 1902 1018 Qua
1958 949 2266 1019 discretione
2333 947 2699 1019 intelligendus
2781 947 2882 1013 sit,
2946 943 3100 1019 Nunc
3167 941 3381 1019 (equth

1859 1020 2010 1074 Patri
2055 1017 2253 1092 Filius,
2283 1037 2419 1076 nunc
2455 1014 2624 1076 autem
2675 1019 2880 1074 minor:
2906 1032 2971 1074 ea:
3008 1017 3185 1072 eodem
3225 1014 3381 1082 libro,

1858 1092 1939 1148 tit.
1970 1092 2060 1147 Η.

1857 1211 2192 1281 Quapropter
2240 1211 2451 1282 cognita
2503 1209 2605 1264 ista
2662 1209 2847 1278 regula
2905 1205 3384 1276 intelligendarum

1789 1308 2194 1378 Scripturarum
2223 1305 2291 1362 de
2324 1305 2458 1360 Filio
2490 1304 2608 1371 Dei,
2658 1313 2715 1359 ut
2744 1303 3136 1373 distinguamus
3165 1299 3293 1372 quid
3325 1299 3384 1356 in

1787 1404 1868 1462 eis
1895 1411 2052 1458 sonet
2072 1400 2368 1459 secundum
2408 1399 2634 1456 formam
2682 1397 2778 1454 Dei
2819 1399 2874 1454 in
2913 1412 3018 1469 qua
3049 1395 3269 1466 aequalis
3297 1401 3386 1450 est

1788 1495 1955 1566 Patri,
1988 1504 2043 1550 et
2067 1495 2192 1566 quid
2222 1494 2514 1550 secundum
2545 1491 2773 1547 formam
2795 1491 2940 1547 servi
2960 1504 3118 1560 quam
3150 1485 3383 1558 accepit,

1788 1588 1841 1646 in
1865 1602 1969 1660 qua
1992 1587 2170 1644 minor
2197 1595 2278 1643 est
2305 1585 2484 1653 Patre,
2515 1599 2619 1640 non
2659 1582 3098 1638 conturbabimur
3132 1590 3388 1652 tanquam

1789 1681 2075 1740 contrariis
2095 1695 2159 1738 ac
2181 1696 2238 1736 re
2259 1678 2618 1750 pugnantibus
2643 1677 2782 1733 inter
2794 1690 2854 1732 se
2883 1685 3195 1734 sanctorum
3219 1675 3390 1732 libro-

1790 1791 1908 1831 rum
1941 1774 2224 1830 sententiis
2256 1789 2269 1826 :
2303 1787 2426 1827 nam
2471 1768 2768 1828 secundum
2792 1768 3021 1824 formam
3045 1767 3161 1836 Dei,
3202 1781 3391 1837 aequa-

112 1880 225 1935 aliis
251 1882 503 1951 separatis
533 1858 948 1953 intelligventur],
969 1858 1204 1952 propter
1230 1879 1478 1952 ejusdem
1507 1879 1686 1936 Trini-
1725 1858 1771 1920 Β
1798 1867 1864 1922 lis
1894 1874 1979 1924 εει
2001 1865 2168 1932 Patri,
2202 1873 2257 1920 εί
2286 1863 2479 1929 Filius:
2504 1872 2559 1918 εί
2579 1861 2816 1934 SPil'i‘us
2847 1871 3087 1927 δθηειυεν
3113 1860 3234 1929 tillia
3262 1873 3394 1914 “eu‘

111 1973 228 2026 tatis
260 1973 538 2040 unitatem,
572 1989 841 2046 unamque
893 1974 1251 2030 substantiam
1305 1983 1466 2046 atque
1521 1972 1691 2031 deita-

111 2073 212 2120 tem
239 2064 620 2139 [divinitatem]
671 2067 845 2124 Patris
876 2076 932 2125 et
974 2068 1096 2124 Filii
1147 2077 1200 2123 et
1243 2067 1473 2138 Spiritus
1498 2068 1693 2123 sancti.

109 2157 298 2213 'l‘radet
324 2158 502 2229 itaque
533 2174 757 2230 regnum
790 2161 901 2216 Deo
929 2168 987 2215 et
1030 2159 1176 2216 Patri
1206 2160 1466 2216 Dominus
1511 2169 1698 2216 noster

111 2251 262 2307 Jesus
287 2251 548 2319 Christus,
582 2267 689 2307 non
739 2267 799 2309 se
857 2253 1005 2324 inde}
1028 2262 1298 2324 separato,
1351 2268 1448 2309 nec
1492 2253 1700 2324 Spiritu

110 2353 311 2410 sancto,
342 2344 596 2414 quoniam
629 2329 887 2415 perducet
916 2345 1202 2402 credentes
1251 2345 1316 2400 ad
1365 2345 1702 2418 contempla-

115 2435 312 2490 tionem
334 2435 450 2503 Dei,
484 2437 571 2492 ubi
595 2446 680 2492 est
709 2438 830 2494 ﬁnis
852 2438 1094 2493 omnium
1121 2438 1387 2493 bonarum
1410 2436 1703 2502 actionum,

109 2534 165 2582 ει
188 2526 399 2598 requies
427 2527 780 2596 sempiterna,
810 2536 866 2583 ct
895 2527 1150 2596 gaudium
1175 2528 1318 2598 quod
1349 2544 1459 2583 non
1487 2525 1704 2583 aufere-

108 2623 200 2671 tur
227 2631 256 2671 a
289 2617 464 2672 nobis.
499 2617 609 2672 Hoc
638 2617 782 2675 enim
810 2618 1152 2689 signiﬁcatin
1184 2634 1249 2675 eo
1281 2620 1420 2690 quod
1445 2621 1520 2675 ait
1554 2637 1566 2673 :
1603 2620 1708 2674 lte-

105 2724 226 2764 rum
256 2709 448 2766 videbo
475 2727 588 2779 vos,
621 2722 674 2768 et
702 2711 1070 2783 gaudebitcor
1092 2724 1351 2776 vestrum,
1380 2721 1435 2766 et
1457 2711 1708 2780 gaudium

105 2810 346 2857 vestrum
376 2819 531 2859 nemo
552 2802 758 2859 auferet
788 2819 816 2858 a
849 2806 1024 2860 vobis.
1052 2805 1190 2873 Quid
1215 2815 1298 2861 est
1322 2808 1358 2860 Α
1384 2805 1546 2862 Patre
1572 2805 1707 2875 exii,

104 2895 236 2963 nisi,
262 2894 377 2951 Non
400 2896 454 2951 in
485 2911 550 2951 ea
577 2895 746 2951 forma
774 2912 876 2966 qua
905 2897 1129 2968 aequalis
1149 2912 1266 2952 sum
1293 2897 1457 2966 Patri,
1490 2895 1584 2952 sed
1618 2896 1714 2952 ali-

104 2997 209 3054 ter,
241 2986 296 3043 id
324 2995 414 3044 est
444 2988 498 3044 in
529 3000 807 3059 assumpta
849 2999 1094 3046 creatura
1132 2991 1310 3046 minor
1362 2990 1583 3060 apparui
1603 2989 1626 3043 ?
1647 2988 1715 3045 Et

101 3083 237 3155 quid
261 3093 364 3150 est,
407 3083 542 3141 Veni
572 3083 628 3139 in
656 3084 800 3140 hunc
828 3085 1088 3140 mundum
1125 3085 1254 3152 nisi,
1291 3083 1542 3139 Formam
1570 3083 1715 3139 servi

101 3193 268 3248 quam
304 3192 390 3234 me
436 3179 751 3234 exinaniens
800 3179 1010 3250 accepi,
1041 3180 1205 3235 etiam
1241 3188 1586 3249 peccatorum
1620 3178 1714 3248 qui

102 3243 370 3327 mundum
401 3271 566 3328 istum
597 3261 828 3346 diligunt
849 3243 1016 3329 oculis
1044 3243 1454 3330 demonstravi?
1486 3274 1555 3330 Et
1585 3243 1714 3344 quid
1743 3243 1789 3309 Ο

101 3375 213 3434 εει,
246 3367 445 3424 lterum
474 3369 716 3439 relinquo
740 3369 1019 3435 mundum,
1053 3369 1178 3436 nisi,
1207 3369 1289 3423 AI)
1316 3377 1537 3438 aspectu
1579 3367 1716 3423 dile-

123 3472 346 3517 ctorum
378 3462 563 3517 mundi
606 3461 788 3516 aufero
825 3462 965 3531 quod
996 3461 1288 3517 viderunt?
1314 3462 1380 3516 Et
1424 3462 1548 3532 quid
1593 3471 1712 3530 εει,

103 3555 264 3612 Vado
295 3555 362 3610 ad
387 3555 626 3624 Patrem,
649 3555 782 3620 nisi,
811 3553 991 3609 Deceo
1025 3569 1112 3609 me
1144 3554 1224 3608 sic
1254 3551 1658 3623 intelligendum
1685 3566 1716 3608 a

101 3647 370 3705 ﬁdelibus
401 3648 557 3714 meis,
587 3647 858 3720 quomodo
879 3646 1103 3716 aequalis
1131 3661 1251 3703 sum
1275 3645 1418 3700 Patri
1442 3645 1465 3699 ?
1488 3645 1601 3700 Hoc
1622 3643 1716 3716 qui

99 3743 365 3812 credunt,
389 3741 536 3814 digni
568 3740 910 3797 habebuntur
930 3739 1146 3810 perduci
1171 3756 1201 3794 a
1229 3739 1333 3794 ﬁde
1355 3738 1419 3793 ad
1445 3738 1714 3810 Speciem,

100 3833 161 3887 id
195 3842 283 3889 est
311 3833 379 3888 ad
408 3834 576 3904 ipsam
604 3833 863 3890 visionem
885 3876 899 3902 ,
946 3847 1053 3904 quo
1081 3832 1382 3904 perducens
1411 3832 1588 3888 dictus
1635 3840 1720 3888 est

98 3927 336 3982 tradere
369 3941 585 3996 regnum
620 3927 728 3981 Deo
757 3936 811 3981 et
867 3925 1012 3981 Patri
1043 3941 1060 3991 ;
1100 3925 1291 3982 ﬁdeles
1337 3925 1536 3996 quippe
1577 3923 1714 3996 ejus,

97 4031 254 4085 quos
287 4017 515 4072 redemit
539 4019 798 4087 sanguine
827 4033 947 4082 suo,
970 4017 1102 4072 dicti
1130 4027 1256 4072 sunt
1291 4033 1519 4089 regnum
1548 4017 1668 4086 ejus
1702 4056 1719 4084 ,

96 4122 218 4177 pro
244 4109 446 4179 quibus
469 4124 609 4166 nunc
640 4110 968 4179 interpellat.
1002 4111 1152 4166 Tunc
1183 4121 1361 4167 autem
1392 4111 1498 4166 illic
1529 4125 1626 4167 eos
1646 4111 1722 4166 si-

94 4203 155 4260 ιή
193 4202 414 4262 faciens
451 4205 742 4272 inhaerere,
765 4206 858 4261 ubi
888 4204 1109 4275 aequalis
1139 4214 1222 4260 est
1249 4205 1404 4261 Patri
1429 4244 1445 4272 ,
1474 4219 1582 4261 non
1606 4204 1722 4275 jam

92 4299 331 4367 rogabit
390 4299 604 4355 Patrem
648 4315 746 4369 pro
786 4300 864 4354 eis
903 4317 914 4352 :
947 4299 1065 4369 Ipse
1097 4299 1264 4367 enim,
1308 4299 1506 4372 inquit,
1553 4300 1718 4356 Pater

96 4399 268 4446 amat
293 4406 426 4456 vos;
448 4406 514 4448 ex
541 4393 642 4447 hoc
667 4390 808 4446 enim
831 4397 1005 4463 rogat,
1033 4407 1139 4461 quo
1163 4391 1338 4448 minor
1360 4389 1491 4466 [est]
1518 4390 1720 4449 Pater:

95 4500 222 4558 quo
244 4498 380 4540 vero
411 4485 632 4555 aequalis
663 4480 811 4558 [est],
842 4483 1068 4540 exaudit
1099 4498 1220 4540 cum
1250 4485 1426 4541 Patre.
1458 4483 1612 4541 Unde
1662 4497 1723 4540 se

97 4580 177 4634 ab
206 4592 278 4634 eo
320 4577 465 4646 quod
495 4577 662 4644 dixit,
693 4575 812 4647 Ipse
839 4577 984 4633 enim
1013 4577 1170 4634 Pater
1195 4586 1340 4634 amat
1360 4593 1454 4632 vos
1483 4620 1497 4645 ,
1541 4577 1724 4648 utique

1794 1975 1875 2022 ter
1907 1978 2097 2021 eorum
2123 1973 2372 2018 creatura
2415 1969 2519 2029 est,
2573 1961 2712 2016 sicut
2748 1959 2858 2032 jam
2898 1958 3230 2018 ostendimus
3261 1975 3273 2011 ε
3306 1972 3395 2015 εε-

1794 2057 2028 2113 cundum
2051 2055 2282 2112 fortnam
2311 2064 2494 2110 autem
2514 2054 2681 2120 servi,
2715 2058 2890 2108 minor
2919 2060 3005 2108 est
3041 2052 3220 2117 Patre,
3263 2051 3389 2119 quia

1801 2155 1917 2221 ipse
1946 2149 2084 2206 dixit
2120 2167 2136 2206 :
2169 2148 2329 2204 Pater
2373 2145 2549 2218 major
2579 2161 2667 2202 me
2696 2154 2782 2201 est
2810 2162 2823 2197 :
2875 2143 3052 2200 minor
3079 2151 3164 2198 est
3191 2143 3390 2212 seipse,

1799 2243 1923 2314 quia
1953 2242 2020 2297 de
2070 2241 2165 2296 illo
2235 2241 2440 2297 dictum
2495 2247 2601 2307 est,
2642 2238 3007 2307 Semetipsum
3053 2237 3397 2292 exinanivit:

1802 2336 1980 2392 minor
2005 2343 2087 2390 est
2123 2332 2330 2404 Spiritu
2357 2340 2568 2398 sancto,
2598 2331 2720 2401 quia
2753 2331 2870 2400 ipse
2895 2330 2972 2384 ait
3003 2343 3018 2382 :
3064 2327 3166 2394 Qui
3187 2327 3395 2382 dixerit

1806 2424 2194 2496 blasphemiam
2232 2424 2287 2479 in
2336 2424 2530 2478 Filium
2579 2421 2834 2486 hominis,
2866 2420 3168 2476 remittetur
3197 2420 3275 2482 ei;
3311 2419 3404 2487 qui

1807 2528 1985 2576 autem
2012 2517 2207 2574 dixerit
2236 2517 2292 2572 in
2321 2515 2582 2586 Spiritum
2637 2523 2907 2581 sanctum,
2950 2527 3057 2568 non
3103 2511 3405 2566 dimittetur

1809 2617 1880 2672 ei.
1915 2616 1982 2671 Et
2032 2615 2088 2669 in
2132 2615 2252 2684 ipso
2298 2613 2524 2668 virtutes
2553 2618 2807 2679 operatus
2845 2617 2930 2666 est
2957 2609 3144 2665 dicens
3177 2626 3189 2661 :
3223 2607 3280 2665 Si
3307 2621 3407 2679 ego

1811 2709 1866 2764 in
1891 2706 2096 2777 Spiritu
2128 2706 2222 2760 Dei
2253 2703 2414 2775 ejicio
2460 2701 2748 2768 daemonia,
2773 2709 2922 2757 certe
2965 2701 3275 2770 supervenit
3313 2715 3403 2756 su-

1811 2816 1908 2871 per
1935 2814 2032 2856 vos
2061 2812 2284 2870 regnum
2336 2795 2452 2852 Dei.
2489 2796 2559 2850 Et
2605 2793 2749 2864 apud
2791 2793 3010 2850 Esaiam
3061 2793 3214 2860 dicit,
3246 2805 3407 2865 quam

1813 2891 2103 2949 lectionem
2136 2893 2251 2961 ipse
2281 2889 2335 2944 in
2371 2901 2643 2960 synagoga
2672 2886 2944 2954 recitavit,
2983 2893 3039 2941 et
3068 2885 3136 2940 de
3165 2899 3225 2944 se
3253 2899 3405 2943 com-

1815 2985 2013 3056 pictam
2040 2983 2158 3042 sine
2195 2981 2446 3055 scrupulo
2477 2979 2834 3037 dubitationis
2861 2978 3120 3035 ostendit.

2383 3093 2611 3151 CAPUT
2649 3091 2851 3149 CCXL.

1822 3190 1942 3258 Qua
1993 3189 2193 3244 ratione
2245 3188 2440 3242 nescire
2482 3184 2690 3241 dicatur
2721 3183 2914 3258 ilt'iiitts
2966 3185 3104 3258 diem
3151 3191 3200 3258 et
3227 3185 3412 3242 berall

1997 3278 2153 3333 quam
2190 3260 2284 3316 scit
2312 3258 2499 3324 Pater;
2531 3275 2594 3314 eo:
2633 3257 2814 3313 eodem
2848 3256 3003 3323 libro,
3031 3256 3114 3312 tit.
3145 3257 3236 3313 Η.

1862 3376 2170 3434 Secundum
2190 3375 2418 3432 formam
2431 3373 2593 3439 Dei,'o
2601 3372 2742 3428 mnia
2763 3388 2880 3442 qua:
2899 3372 3061 3426 habet
3074 3372 3229 3426 Pater
3244 3372 3410 3440 ipsius

1818 3481 1978 3529 sunt:
1999 3473 2063 3526 Et
2079 3471 2259 3526 omnia
2277 3478 2368 3524 tua
2390 3483 2506 3524 mea
2523 3479 2667 3528 sunt,
2685 3467 2878 3536 inquit,
2894 3476 2948 3520 et
2960 3479 3077 3521 mea
3093 3476 3180 3520 tua
3196 3481 3210 3520 :
3225 3478 3415 3520 secun-

1821 3566 1948 3623 dum
1977 3565 2204 3622 formam
2235 3565 2400 3631 servi,
2445 3579 2555 3618 non
2585 3573 2668 3619 est
2707 3562 2956 3618 doctrina
2987 3562 3176 3631 ipsius,
3213 3560 3306 3616 sed
3338 3561 3412 3614 ii-

1821 3658 1928 3716 iius
1953 3659 2044 3730 qui
2069 3673 2193 3717 eum
2221 3657 2386 3714 misit.
2411 3657 2480 3714 Et
2505 3656 2574 3712 de
2602 3655 2690 3712 die
2719 3664 2775 3712 et
2813 3655 2946 3712 hora
2975 3669 3136 3711 nemo
3166 3656 3289 3720 scit,
3325 3670 3414 3710 ne-

1821 3765 1926 3822 que
1956 3751 2130 3821 angeli
2157 3749 2212 3806 in
2238 3749 2399 3816 cmio,
2439 3764 2614 3820 neque
2671 3749 2862 3815 Filius,
2917 3747 3016 3806 nisi
3077 3747 3254 3803 Pater.
3307 3747 3415 3806 Hoc

1820 3845 1966 3902 enim
2005 3845 2180 3900 nescit
2208 3843 2352 3913 quod
2399 3843 2707 3900 nescientes
2736 3842 2885 3908 facit,
2925 3841 2977 3896 id
3025 3849 3108 3898 est
3137 3842 3278 3912 quod
3310 3857 3415 3898 non

1822 3936 1896 3992 ita
1919 3936 2127 3993 sciebat
2152 3944 2211 3992 ut
2237 3945 2364 3992 tunc
2401 3934 2677 4005 discipulis
2718 3934 3004 3999 indicaret,
3051 3935 3190 3989 sicut
3213 3936 3415 3989 dictum

1823 4035 1908 4084 est
1938 4028 2008 4082 ad
2038 4028 2307 4083 Abraham
2334 4045 2347 4080 :
2378 4028 2528 4082 Nunc
2558 4027 2784 4098 cognovi
2812 4027 2935 4097 quia
2963 4027 3119 4082 times
3145 4026 3332 4090 Deum,
3361 4026 3416 4080 id

1817 4127 1927 4189 est,
1957 4133 2100 4176 nunc
2121 4119 2224 4174 feci
2244 4127 2302 4175 ut
2325 4133 2700 4190 cognosceres,
2726 4118 2850 4188 quia
2889 4126 2944 4171 et
2974 4117 3092 4184 ipse
3122 4115 3222 4169 sibi
3253 4115 3306 4169 in
3330 4116 3418 4172 illa

1826 4211 2121 4268 tentatione
2142 4210 2399 4281 probatus
2422 4210 2676 4266 innotuit.
2702 4208 2838 4265 Nam
2866 4207 2997 4263 illud
3029 4208 3215 4277 utique
3247 4208 3418 4263 dictu-

1826 4315 1916 4358 rus
1944 4309 2060 4358 erat
2079 4301 2359 4372 discipulis
2379 4310 2622 4374 tempore
2651 4308 2982 4372 opportuno,
3015 4299 3083 4355 de
3104 4314 3211 4370 quo
3235 4301 3417 4356 futuro

1828 4402 2083 4466 tanquam
2103 4393 2378 4464 prteterito
2407 4393 2637 4466 loquens
2681 4391 2796 4448 ait:
2829 4392 2945 4448 iam
2976 4406 3080 4448 non
3120 4408 3217 4447 vos
3247 4393 3420 4449 dicam

1826 4500 2034 4555 servos,
2073 4486 2172 4544 sed
2199 4485 2437 4553 amicos;
2473 4500 2666 4544 servus
2691 4485 2836 4542 enim
2869 4485 3042 4541 nescit
3082 4485 3420 4542 voluntatem

1833 4578 2034 4634 domini
2056 4578 2161 4646 sui,
2192 4592 2287 4634 vos
2313 4587 2495 4634 autem
2516 4577 2628 4634 dixi
2667 4577 2891 4644 amicos,
2938 4576 3063 4647 quia
3090 4576 3270 4632 omnia
3300 4593 3420 4647 qua:

97 4673 234 4743 ipse
266 4641 378 4728 non
405 4683 616 4742 separat
682 4641 777 4727 sed
801 4672 1097 4730 secundum
1122 4687 1184 4728 ea
1207 4672 1334 4728 facit
1357 4641 1582 4744 inteiiigi
1605 4641 1725 4744 qua:
1753 4641 1811 4706 Β
1834 4670 2015 4728 audivi
2042 4685 2074 4727 ει
2104 4641 2266 4726 Patre
2287 4685 2430 4737 meo,
2476 4678 2604 4726 nota
2637 4669 2789 4726 vobis
2832 4641 2972 4726 feci':
3004 4669 3148 4739 quod
3178 4641 3420 4726 nondum

96 4779 285 4835 supra
329 4764 774 4830 commemoravi,
802 4763 1039 4836 satisque
1085 4766 1376 4835 insinuavi,
1411 4767 1728 4839 plerumque

95 4859 181 4912 ita
209 4854 493 4911 nominari
515 4870 952 4925 unamquamque
978 4857 1031 4912 in
1055 4856 1318 4914 Trinitate
1342 4874 1650 4929 personam,
1668 4869 1729 4916 ut

93 4959 158 5004 et
208 4947 346 5002 aliae
397 4946 509 5002 illic
553 4945 941 5017 intelligantur.
984 4946 1074 5004 Sic
1119 4949 1299 5019 itaque
1349 4951 1552 5006 dictum
1599 4959 1682 5008 εει
1711 4992 1725 5018 ,

93 5041 237 5112 Ipse
274 5037 424 5092 enim
449 5036 608 5093 Pater
637 5044 784 5092 amat
806 5051 927 5106 vos,
957 5046 1015 5094 ut
1042 5048 1438 5109 consequenter
1467 5041 1730 5112 intelliga-

96 5145 200 5190 tur
236 5137 303 5186 et
328 5129 496 5185 Filius
528 5139 583 5186 et
619 5129 850 5201 Spiritus
870 5139 1108 5200 sanctus,
1135 5146 1242 5188 non
1271 5132 1394 5202 quia
1435 5132 1593 5188 modo
1623 5146 1723 5190 nos

93 5240 223 5281 non
266 5230 419 5277 amat
447 5222 535 5293 qui
555 5224 771 5293 proprio
796 5222 933 5280 Filio
954 5238 1065 5280 non
1094 5224 1354 5295 pepercit,
1384 5224 1481 5282 sed
1503 5239 1600 5294 pro
1629 5239 1726 5282 no-

91 5318 192 5373 bis
242 5313 509 5370 omnibus
539 5313 758 5372 tradidit
785 5329 940 5384 eum;
969 5318 1063 5373 sed
1097 5315 1231 5372 tales
1257 5331 1358 5373 nos
1387 5324 1532 5373 amat
1559 5315 1726 5387 Deus,

90 5408 322 5481 quales
378 5404 546 5462 futuri
593 5421 803 5478 sumus,
860 5422 967 5464 non
1026 5409 1215 5481 quales
1265 5425 1472 5467 sumus.
1528 5411 1728 5478 Quales

94 5501 278 5557 enim
308 5507 480 5566 amat,
509 5498 642 5553 tales
674 5496 727 5552 in
774 5508 1034 5555 aeternum
1067 5511 1373 5558 conservat.
1417 5501 1571 5570 Quod
1602 5511 1728 5560 tunc

1830 4763 2054 4832 fecerat,
2082 4761 2180 4818 sed
2207 4761 2332 4834 quia
2358 4770 2507 4820 certe
2535 4761 2777 4820 facturus
2807 4771 2945 4826 erat.
2994 4763 3151 4832 quasi
3189 4762 3301 4832 jam
3342 4766 3420 4819 fe-

1830 4855 1993 4912 cisset
2018 4855 2228 4912 locutus
2253 4865 2375 4911 est:
2400 4853 2533 4925 ipsis
2560 4853 2708 4910 enim
2735 4853 2847 4909 ait:
2881 4854 3043 4910 Multa
3069 4853 3240 4910 habeo
3265 4855 3421 4912 vobis

1829 4949 2039 5018 dicere,
2066 4949 2162 5006 sed
2191 4963 2302 5003 non
2330 4948 2555 5017 potestis
2605 4947 2692 5004 illa
2747 4955 2964 5018 portare
3019 4949 3217 5004 modo:
3273 4948 3418 5005 inter

1832 5053 1954 5112 quae
1982 5038 2298 5110 intelligitur
2325 5047 2384 5096 et
2403 5038 2472 5096 de
2495 5039 2584 5096 die
2596 5047 2656 5097 et
2673 5038 2828 5096 hora.
2853 5039 2986 5096 Nam
3012 5047 3067 5096 et
3086 5041 3414 5107 Apostolus:

1830 5131 2014 5204 Neque
2035 5130 2177 5189 enim
2199 5131 2438 5204 iudicavi
2469 5148 2558 5190 me
2584 5133 2755 5203 scire,
2784 5133 2980 5203 inquit,
3021 5132 3224 5201 aliquid
3246 5132 3300 5191 in
3324 5149 3421 5190 vo-

1831 5226 1935 5296 bis,
1968 5227 2074 5284 nisi
2094 5226 2278 5283 Jesum
2313 5226 2610 5294 Christum,
2657 5236 2712 5284 et
2757 5226 2901 5282 hunc
2930 5224 3270 5282 cruciﬁxum.
3324 5227 3415 5285 Eis

1831 5303 1972 5378 enim
2005 5320 2326 5394 loquebatur
2355 5323 2448 5394 qui
2494 5336 2690 5391 capere
2727 5319 2916 5376 altiora
2953 5317 3024 5375 de
3066 5318 3270 5376 Christi
3298 5320 3408 5379 dei-

1837 5419 1944 5468 tate
1988 5425 2100 5470 non
2140 5420 2423 5484 poterant;
2475 5412 2668 5484 quibus
2716 5411 2878 5467 etiam
2912 5410 3071 5480 paulo
3115 5419 3236 5481 post
3266 5413 3399 5469 dicit

1839 5503 1952 5559 Non
1979 5504 2128 5574 potui
2148 5502 2297 5574 loqui
2338 5504 2492 5560 vobis
2518 5503 2666 5574 quasi
2716 5500 3068 5572 spiritalibus,
3119 5502 3214 5559 sed
3269 5505 3422 5574 quasi

92 5595 250 5661 erit,
293 5607 422 5647 cum
452 5592 734 5649 tradiderit
762 5607 982 5663 regnum
1028 5593 1138 5651 Deo
1160 5603 1212 5650 et
1258 5594 1424 5664 Patri,
1467 5595 1558 5667 qui
1588 5608 1731 5652 nunc

95 5682 451 5754 interpellat
476 5697 573 5753 pro
609 5683 784 5749 nobis,
809 5691 866 5739 ut
883 5683 993 5753 jam
1021 5699 1130 5740 non
1160 5697 1314 5756 roget
1343 5687 1582 5758 Patrem,
1606 5687 1732 5758 quia

98 5779 114 5835 i
126 5793 245 5849 pse
274 5775 445 5830 Pater
463 5784 606 5830 amat
633 5790 751 5830 nos.
773 5775 890 5844 Quo
921 5784 1098 5831 autem
1120 5777 1314 5833 merito
1344 5779 1448 5835 nisi
1483 5781 1604 5837 fidei
1627 5793 1731 5850 qua

97 5869 418 5930 credimus
440 5879 724 5942 antequam
743 5869 873 5926 illud
895 5869 1036 5943 quod
1066 5871 1394 5942 promittitur
1419 5874 1734 5931 videamus?

1840 5596 2163 5656 carnalibus.
2191 5597 2305 5654 Hoc
2332 5611 2462 5670 ergo
2496 5597 2638 5652 inter
2679 5594 2799 5651 illos
2830 5593 3126 5663 nesciebat,
3154 5595 3298 5664 quod
3325 5611 3426 5666 per

1842 5689 1992 5746 illum
2018 5689 2155 5747 scire
2184 5704 2292 5747 non
2320 5698 2592 5760 poterant,
2616 5697 2670 5744 et
2697 5688 2798 5744 hoc
2819 5686 2993 5742 solum
3031 5701 3092 5742 se
3118 5687 3260 5743 scire
3280 5689 3422 5744 dice-

1846 5781 1954 5851 bat,
1985 5782 2130 5856 quod
2149 5798 2244 5840 eos
2285 5797 2382 5854 per
2429 5781 2579 5838 illum
2621 5781 2761 5838 scire
2808 5777 3130 5851 oportebat:
3193 5781 3421 5853 denique

1847 5877 2050 5936 sciebat
2080 5878 2218 5934 inter
2257 5874 2540 5950 perfectos,
2584 5876 2722 5948 quod
2757 5876 2897 5929 inter
2926 5874 3181 5945 parvulos
3213 5875 3421 5933 nescie-
