3986 6382
489 420 503 429 "
557 401 654 455 9H

1665 404 1727 460 D.
1764 394 2080 458 EUGVPPII
2120 388 2410 451 ABBATIS
2440 392 2757 451 AFRICANI
3736 396 3823 451 9ιὲ

560 517 673 572 bat.
701 515 778 573 lbi
807 519 1005 588 quippe
1027 518 1098 574 ait
1137 536 1147 571 :
1191 514 1524 588 Sapientiam
1564 516 1836 585 loquimur
1867 516 2004 569 inter
2031 526 2153 581 per-
2180 515 2235 572 Α
2263 510 2408 565 utita
2433 510 2875 579 intelligeremus,
2899 504 3017 562 Non
3038 510 3124 562 est
3143 520 3323 563 meum
3345 506 3480 563 dare
3500 507 3686 573 vobis.
3710 522 3766 565 ac
3782 512 3819 566 si

560 610 751 665 lectos.
799 610 877 664 Eo
927 626 1155 681 namque
1186 625 1384 680 genere
1427 608 1735 676 locutionis,
1766 607 1975 662 nescire
2003 604 2150 675 quis-

560 703 683 773 quis
730 703 925 758 dicitur
958 702 1099 772 quod
1130 704 1364 759 occultat
1423 701 1563 772 quod
1598 698 1748 774 {quo}
1781 700 1974 754 dicitur
2003 696 2149 752 fossa

561 812 703 851 cmca
730 811 849 867 quae
880 796 1086 852 occulta
1111 805 1218 853 est.
1253 796 1440 866 Neque
1477 794 1620 850 enim
1648 793 1826 864 aliquo
1851 804 2050 863 genere
2072 791 2150 845 lo-

560 898 795 959 quuntur
843 888 1160 960 Scriptum,
1206 890 1347 961 quod
1395 889 1448 944 in
1497 886 1887 944 consuetudine
1917 886 2148 940 humana

560 996 667 1035 non
698 981 1022 1051 inveniatur,
1077 983 1199 1053 quia
1239 983 1423 1053 utique
1482 980 1786 1036 hominibus
1838 978 2146 1049 loquuntur.

557 1076 863 1133 Secundum
924 1078 1153 1133 formam
1204 1078 1299 1134 Dei
1345 1077 1543 1133 dictum
1596 1083 1728 1131 est:
1771 1075 1913 1129 Ante
1961 1087 2149 1127 omnes

558 1169 725 1224 colles
751 1169 935 1240 genuit
955 1185 1063 1234 me,
1088 1169 1141 1225 id
1163 1177 1266 1235 est,
1296 1178 1419 1224 ante
1444 1183 1633 1225 omnes
1662 1165 1971 1222 altitudines
1998 1178 2151 1219 crea-

558 1270 829 1328 turarum;
876 1273 927 1318 et
957 1280 968 1315 :
996 1264 1136 1318 Ante
1162 1261 1445 1317 luciferum
1491 1262 1650 1331 genui
1690 1269 1762 1325 te,
1810 1258 1861 1313 id
1891 1266 1994 1324 est,
2027 1265 2151 1312 ante

558 1357 737 1411 omnia
766 1356 1105 1426 temporalia.
1139 1355 1445 1413 Secundum
1493 1363 1673 1408 autem
1707 1352 1936 1407 formam
1983 1349 2147 1418 servi,

560 1449 758 1504 dictum
786 1458 886 1517 est,
916 1449 1177 1504 Dominus
1204 1449 1406 1504 creavit
1438 1462 1522 1502 me
1561 1446 1614 1501 in
1660 1444 1924 1516 principio
1946 1445 2149 1499 viarum

557 1557 795 1610 suarum,
827 1544 932 1614 31
957 1542 1081 1613 quia
1106 1542 1399 1598 secundum
1433 1540 1659 1595 formam
1691 1539 1787 1593 Dei
1827 1537 2000 1592 dixit:
2038 1536 2154 1605 Ego

558 1648 678 1687 sum
707 1633 929 1699 veritas,
963 1641 1018 1687 et
1043 1630 1341 1687 secundum
1368 1630 1595 1685 formam
1632 1629 1773 1683 servi
1803 1644 1815 1680 :
1874 1627 1987 1697 Ego
2034 1639 2151 1681 sum

559 1724 665 1778 via.
699 1723 834 1790 Quia
856 1722 997 1778 enim
1039 1724 1154 1792 ipse
1184 1732 1268 1778 est
1308 1722 1692 1792 primogenitus
1722 1736 1751 1775 a
1775 1720 2023 1784 mortuis,
2053 1718 2154 1773 iter

559 1813 685 1871 fecit
713 1815 969 1870 Ecclesiae
1000 1829 1110 1870 suae
1144 1816 1211 1869 ad
1260 1829 1481 1885 regnum
1537 1812 1652 1879 Dei,
1701 1811 1768 1866 ad
1800 1813 1965 1866 vitam
1998 1818 2154 1865 atter-

2265 602 2533 658 diceretur
2558 620 2572 657 :
2596 601 2714 657 Non
2743 608 2827 657 est
2849 599 3099 654 humanae
3133 600 3417 669 potestatis
3460 599 3569 655 hoc
3597 599 3817 658 darezut

2258 708 2354 761 per
2381 694 2516 749 illud
2550 693 2877 764 intelligatur
2898 690 3002 747 hoc
3024 690 3175 759 dare,
3208 707 3302 763 per
3326 692 3473 765 quod
3502 692 3648 749 Deus
3672 710 3819 766 aequa-

2255 782 2322 839 lis
2371 794 2456 840 est
2503 784 2672 840 Patri.
2718 783 2835 840 Non
2864 792 2955 840 est
2991 798 3193 852 meum,
3224 783 3417 856 inquit,
3465 785 3625 853 dare,
3664 786 3814 854 idest,

2256 875 2374 933 Non
2401 876 2629 932 humana
2676 884 2945 946 potestate
2974 875 3077 932 ista
3126 876 3220 946 do,
3251 877 3346 932 sed
3375 876 3581 947 quibus
3609 888 3814 947 paratum

2252 981 2336 1029 est
2362 987 2392 1027 a
2418 972 2578 1028 Patre
2606 987 2728 1028 meo
2753 989 2766 1025 :
2792 971 2888 1029 sed
2913 971 3024 1042 jam
3055 979 3115 1027 tu
3139 971 3399 1044 intellige,
3428 974 3565 1044 quia
3595 975 3641 1031 si
3670 978 3811 1033 omnia

2252 1083 2372 1139 quae
2399 1068 2562 1125 habet
2582 1069 2744 1124 Pater
2774 1083 2896 1123 mea
2928 1076 3075 1132 sunt,
3115 1075 3172 1123 et
3197 1066 3301 1123 boc
3326 1069 3522 1140 utique
3544 1084 3713 1125 meum
3736 1083 3809 1139 est,

2253 1170 2456 1217 etcum
2490 1161 2647 1216 Patre
2678 1162 2778 1215 ista
2812 1158 3019 1229 paravi.
3062 1157 3197 1213 Nam
3228 1168 3284 1213 et
3311 1157 3447 1214 illud
3486 1174 3690 1230 quaero,
3714 1177 3811 1231 quo-

2254 1254 2414 1310 modo
2436 1253 2635 1309 dictum
2667 1252 2738 1308 sit
2768 1269 2783 1308 :
2819 1251 2879 1308 Si
2899 1252 3018 1322 quis
3058 1267 3165 1307 non
3190 1250 3341 1306 audit
3367 1253 3545 1307 verba
3574 1268 3705 1321 mea,
3740 1269 3808 1324 ego

2254 1362 2362 1404 non
2402 1347 2655 1419 judicabo
2708 1346 2899 1402 illum:
2934 1344 3181 1400 fortassis
3225 1345 3369 1400 enim
3416 1346 3499 1400 ita
3548 1345 3634 1402 hic
3674 1346 3805 1401 dixit:

2256 1441 2369 1512 Ego
2400 1457 2505 1496 non
2531 1439 2783 1511 judicabo
2813 1439 2987 1503 illum,
3012 1438 3477 1509 quemadmodum
3510 1439 3605 1503 ibi,
3630 1439 3732 1494 Non
3748 1448 3803 1495 est

2253 1550 2433 1591 meum
2455 1534 2605 1590 dare.
2636 1532 2743 1589 Sed
2771 1531 2899 1603 quid
2938 1530 3024 1586 liic
3062 1531 3345 1601 sequitur?
3375 1531 3502 1586 Non
3529 1532 3666 1588 enim
3695 1535 3798 1599 veni,

2255 1629 2450 1699 inquit,
2476 1627 2793 1698 utjudicem
2819 1623 3102 1691 mundum,
3152 1623 3248 1678 sed
3292 1631 3354 1677 ut
3401 1624 3616 1679 salvum
3658 1624 3801 1680 facian

2257 1721 2537 1778 mundum.
2572 1718 2775 1775 Deinde
2824 1718 3069 1788 adjungit
3115 1726 3170 1772 et
3196 1716 3366 1771 dicit:
3400 1716 3515 1785 Qui
3540 1733 3621 1773 me
3646 1720 3801 1790 spernit

2258 1827 2315 1872 et
2341 1830 2447 1869 non
2468 1811 2661 1883 accipit
2694 1810 2854 1866 verba
2882 1825 3026 1874 mea,
3061 1808 3223 1864 habet
3246 1809 3337 1880 qui
3385 1825 3448 1865 se
3486 1810 3686 1880 judicet.
3722 1811 3796 1865 Hic

559 1924 707 1974 nam,
739 1909 822 1963 cui
864 1917 1021 1979 caput
1050 1918 1151 1975 est,
1186 1909 1252 1963 ad
1281 1907 1737 1963 immortalitatem
1764 1906 1925 1961 etiam
1954 1918 2146 1973 corpo-
2181 1905 2230 1967 B
2252 1906 2366 1980 jam
2395 1905 2820 1974 intelligeremus
2850 1904 3061 1958 Patrem
3110 1903 3212 1955 nisi
3257 1902 3588 1972 adjungeret
3613 1903 3784 1958 etdice-

557 2004 659 2069 ris,
687 2001 808 2056 ideo
834 2010 1045 2056 creatus
1068 2012 1150 2056 est
1178 2002 1228 2056 in
1247 2002 1514 2072 principio
1536 2002 1741 2055 viarum
1763 2000 1852 2052 Dei
1869 1994 2156 2071 [suarum],

561 2094 617 2148 in
638 2108 801 2163 opera
860 2094 1010 2163 eius;
1062 2095 1356 2150 secundum
1388 2095 1614 2151 formam
1660 2094 1804 2148 enim
1834 2091 1929 2147 Dei
1962 2090 2160 2161 princi-

564 2186 709 2256 pium
737 2194 837 2251 est,
882 2186 1025 2256 quod
1054 2196 1107 2241 et
1159 2187 1392 2256 loquitur
1424 2186 1581 2241 nobis
1608 2203 1621 2251 ;
1678 2186 1730 2238 in
1763 2199 1869 2255 quo
1896 2182 2159 2254 principio

561 2277 690 2334 lecit
717 2277 856 2334 Deus
886 2278 1081 2334 coelum
1124 2288 1179 2334 et
1208 2289 1439 2345 terram;
1469 2278 1768 2335 secundum
1814 2278 2037 2333 formant
2066 2290 2160 2330 au-

562 2380 673 2429 tein
698 2374 838 2429 servi
864 2416 879 2441 ,
913 2372 1157 2445 Sponsus
1187 2374 1484 2443 procedens
1516 2373 1583 2428 de
1625 2373 1863 2428 thalamo
1889 2386 2007 2426 suo.
2062 2370 2162 2425 Se-

562 2466 798 2521 cundum
840 2465 1063 2520 formam
1104 2465 1201 2521 Dei
1231 2465 1622 2536 primogenitus
1668 2465 1842 2520 omnis
1873 2473 2157 2529 creaturae,

562 2568 619 2613 et
640 2561 755 2627 ipse
784 2568 866 2614 est
888 2570 1013 2613 ante
1043 2574 1255 2625 omnes,
1280 2569 1333 2615 et
1356 2561 1536 2614 omnia
1564 2560 1617 2614 in
1644 2558 1735 2613 illo
1760 2567 2042 2625 constant;
2076 2572 2161 2611 se-

566 2650 803 2706 cundum
845 2651 1071 2706 formam
1119 2652 1285 2719 servi,
1340 2652 1455 2721 ipse
1483 2660 1566 2707 est
1590 2662 1750 2721 caput
1779 2651 2023 2721 corporis
2051 2650 2159 2705 Ec-

563 2740 747 2797 clesiae
771 2756 784 2795 :
809 2741 1101 2797 secundum
1117 2742 1345 2797 formam
1361 2741 1478 2809 Dei,
1506 2744 1766 2798 Dominus
1795 2740 1921 2815 [est]
1947 2742 2156 2813 gloriae,

560 2835 707 2892 unde
777 2836 1121 2892 manifestum
1184 2847 1266 2894 est
1318 2838 1462 2908 quod
1528 2837 1643 2908 ipse
1706 2836 1973 2909 gloriﬁcet
2038 2853 2162 2892 san-

560 2939 676 2983 ctos
706 2943 852 2984 suos.
892 2930 1036 2997 Quos
1077 2929 1219 2985 enim
1263 2928 1684 3000 praedestinavit,
1720 2930 1864 2999 ipsos
1917 2927 2065 3002 [bos]
2109 2938 2163 2984 et

560 3021 808 3087 vocavit;
844 3030 901 3075 et
927 3036 1064 3090 quos
1092 3023 1323 3090 vocavit,
1351 3022 1500 3091 ipsos
1541 3032 1595 3077 et
1620 3022 1937 3092 justiﬁeavit
1971 3038 1987 3088 ;
2026 3037 2162 3091 quos

560 3120 739 3165 autem
758 3109 1089 3179 justiﬁeavit,
1117 3111 1263 3179 ipsos
1285 3120 1341 3168 et
1365 3113 1708 3182 gloriﬁcavit.
1738 3113 1815 3169 De
1841 3114 1934 3168 illo
1964 3114 2163 3183 quippe

562 3201 770 3259 dictum
792 3212 894 3273 est,
928 3203 1069 3273 qi‘tod
1091 3202 1357 3274 justiticet
1400 3205 1623 3275 impium
1653 3222 1668 3271 ;
1697 3206 1765 3261 de
1816 3206 1913 3261 illo
1960 3207 2160 3262 dictum

2262 2009 2345 2055 ret
2379 2015 2393 2056 :
2422 1997 2654 2053 Verbu‘m
2682 1995 2823 2067 quod
2856 1995 3070 2051 locutus
3102 2010 3246 2059 sum,
3296 1995 3473 2064 ipsum
3495 1995 3721 2065 judicalél
3742 1996 3792 2047 il-

2262 2089 2371 2145 lum
2401 2090 2454 2144 in
2486 2088 2783 2144 novissimo
2837 2087 2949 2144 die.
2978 2086 3117 2154 Quid
3148 2086 3329 2156 igitur,
3380 2086 3490 2157 jam
3533 2104 3627 2144 nec
3668 2088 3799 2143 Filius

2256 2180 2536 2252 judicabit,
2572 2180 2697 2249 quia
2727 2178 2885 2245 dixit,
2944 2179 3055 2249 Ego
3102 2193 3214 2233 non
3242 2178 3483 2247 judicabo
3518 2180 3803 2235 illum2nec

2262 2280 2438 2343 Pater,
2480 2277 2577 2333 sed
2607 2276 2830 2331 verbum
2854 2274 2997 2345 quod
3027 2275 3238 2330 locutus
3256 2285 3325 2331 est
3355 2274 3662 2330 Filiusilnto
3692 2276 3802 2348 [po-

2261 2367 2391 2440 tius]
2422 2369 2544 2423 audi
2572 2368 2748 2423 adhuc
2793 2366 2938 2438 quod
2982 2367 3271 2436 sequitur:
3314 2365 3441 2434 Quia
3484 2383 3599 2436 ego,
3626 2368 3800 2437 inquit,

2260 2477 2368 2517 non
2400 2477 2465 2517 ex
2498 2475 2584 2516 me
2612 2461 2821 2527 locutus
2849 2476 2992 2529 sum,
3025 2460 3123 2517 sed
3152 2461 3243 2516 ille
3266 2463 3353 2531 qui
3379 2478 3462 2516 me
3485 2462 3621 2517 misit
3647 2461 3797 2531 Pater,

2262 2553 2355 2609 ille
2387 2552 2694 2607 mandatum
2724 2551 2854 2606 mihi
2903 2550 3075 2618 dedit,
3125 2552 3253 2620 quid
3296 2552 3470 2608 dicam
3514 2556 3696 2623 etquid
3730 2556 3791 2609 lo-

2264 2663 2420 2719 quar,
2445 2657 2500 2703 et
2525 2648 2638 2703 scio
2668 2647 2790 2718 quia
2820 2647 3129 2703 mandatum
3178 2648 3298 2719 ejus
3329 2651 3443 2704 vita
3480 2659 3656 2706 aeterna
3691 2662 3785 2707 est:

2254 2725 2385 2816 'quze
2406 2759 2534 2815 ergo
2550 2760 2647 2814 ego
2666 2744 2876 2814 loquor,
2893 2744 3033 2799 sicut
3051 2744 3187 2799 dixit
3201 2744 3331 2799 mihi
3351 2744 3534 2811 Pater,
3549 2746 3611 2801 sic
3624 2746 3773 2813 liquor.

2262 2838 2318 2893 Si
2351 2851 2482 2907 ergo
2518 2851 2623 2892 non
2649 2835 2854 2906 judicat
2887 2836 3077 2903 Filius,
3106 2836 3198 2892 sed
3226 2837 3468 2893 verbum
3492 2838 3598 2907 quod
3615 2838 3765 2890 locum

2264 2942 2346 2987 est
2374 2930 2561 2998 Filius,
2594 2931 2715 2987 ideo
2738 2941 2917 2985 autem
2948 2930 3154 3001 judicat
3184 2930 3460 2996 Verbum,
3486 2932 3589 3001 quod
3611 2931 3765 2984 locutus

2265 3032 2350 3081 est
2382 3022 2566 3089 Filius,
2598 3024 2725 3094 quia
2752 3037 2859 3079 non
2890 3039 2955 3078 ex
2980 3040 3042 3080 se
3072 3025 3284 3080 locutus
3306 3035 3403 3081 est
3435 3026 3602 3091 Filius,
3623 3022 3779 3091 aeditui

2265 3117 2414 3173 misit
2435 3132 2558 3172 eum
2587 3117 2767 3185 Pater,
2798 3116 3111 3172 mandatum
3157 3102 3207 3171 Et
3255 3118 3413 3173 dedit
3443 3118 3561 3189 quid
3607 3116 3720 3169 dicat
3746 3122 3781 3167 et

2266 3209 2395 3281 quid
2420 3209 2691 3279 loquatur,
2743 3208 2906 3265 Pater
2952 3211 3136 3281 utique
3166 3210 3399 3279 judicat,
3445 3213 3586 3280 cujus
3613 3209 3784 3262 Verbum

562 3305 666 3365 est,
705 3295 851 3367 quod
884 3297 955 3351 sit
986 3297 1165 3367 justus
1193 3306 1247 3352 et
1281 3297 1612 3368 justiﬁcans.
1667 3298 1724 3354 Si
1754 3311 1883 3369 ergo
1914 3312 2048 3368 quos
2072 3298 2160 3368 ju-
2190 3310 2235 3374 ε
2268 3316 2351 3361 est
2376 3303 2518 3375 quod
2540 3303 2750 3359 locutus
2775 3314 2858 3359 est
2889 3303 3077 3371 Filius,
3107 3314 3270 3374 atque
3299 3304 3478 3374 ipsum
3505 3304 3705 3359 Verbum
3725 3299 3790 3354 Pa-

561 3390 832 3457 stiﬁcavit,
866 3389 1013 3460 ipsos
1051 3400 1107 3446 et
1134 3390 1481 3462 gloriﬁcavit,
1525 3391 1619 3461 qui
1645 3390 1924 3462 juStilicat,
1958 3390 2076 3460 ipse
2106 3399 2161 3447 et

559 3483 847 3555 glorilicat,
894 3483 988 3556 qui
1027 3495 1131 3552 est,
1166 3493 1222 3540 ut
1247 3485 1378 3554 dixi,
1426 3486 1682 3543 Dominus
1714 3485 1918 3557 gloriae.
1950 3485 2159 3542 Secun-

561 3576 690 3630 dum
718 3575 949 3632 formam
978 3586 1157 3633 tamen
1179 3578 1343 3645 servi,
1370 3578 1744 3650 satagentibus
1783 3578 2060 3649 discipulis
2091 3579 2160 3637 de

562 3672 953 3743 gloriﬁcatione
982 3687 1080 3727 sua
1136 3673 1465 3744 respondit:
1512 3673 1720 3730 Sedere
1766 3676 1831 3728 ad
1878 3674 2156 3730 dexteram

563 3778 741 3818 meam
764 3772 857 3818 aut
893 3765 1189 3830 sinistram,
1215 3782 1322 3821 non
1344 3775 1427 3823 est
1464 3782 1643 3823 meum
1672 3767 1803 3824 dare
1838 3768 2017 3836 vobis,
2060 3768 2157 3825 sed

566 3855 761 3924 quibus
785 3865 1029 3925 paratum
1054 3868 1137 3913 est
1180 3874 1210 3913 a
1245 3859 1404 3915 Patre
1450 3874 1592 3916 meo.
1622 3859 1777 3929 Quod
1799 3870 1975 3916 autem
2002 3877 2159 3932 para-

570 3957 682 4003 tum
712 3956 795 4003 est
832 3964 861 4003 a
893 3948 1055 4005 Patre
1100 3950 1239 4020 ejus,
1272 3959 1329 4007 et
1363 3953 1432 4007 ab
1460 3953 1578 4022 ipso
1610 3953 1749 4008 Filio
1776 3962 2021 4022 paratum
2050 3963 2153 4025 est,

564 4043 689 4110 quia
715 4041 831 4112 ipse
862 4050 918 4099 et
945 4043 1104 4100 Pater
1133 4059 1299 4099 unum
1328 4056 1473 4101 sunt.
1507 4046 1625 4102 Jam
1653 4047 1794 4102 enim
1823 4048 2159 4105 ostendimus

564 4135 619 4192 in
648 4137 747 4192 bac
768 4135 1032 4193 Trinitate
1073 4153 1169 4208 per
1224 4139 1420 4196 multos
1470 4141 1800 4198 locutionum
1852 4143 2156 4199 divinarum

564 4228 779 4296 modos,
827 4229 990 4285 etiam
1048 4229 1118 4285 de
1139 4228 1361 4301 singulis
1400 4232 1507 4288 dici
1564 4234 1708 4304 quod
1772 4237 2010 4291 omnium
2050 4246 2156 4303 est,

566 4328 787 4390 propter
838 4320 1253 4391 inseparabilem
1301 4325 1669 4394 operationem
1701 4328 1859 4383 unius
1885 4328 2157 4399 ejusdem-

567 4426 674 4480 que
701 4410 1037 4468 substantiae.
1079 4414 1228 4469 Sicut
1257 4413 1326 4470 de
1363 4416 1566 4486 Spiritu
1591 4430 1782 4476 sancto
1810 4421 1939 4477 dicit
1968 4439 1983 4475 :
2022 4420 2156 4478 Cum

571 4516 673 4572 ego
700 4502 902 4570 abiero,
934 4506 1145 4561 mittam
1174 4506 1324 4562 illum
1350 4508 1419 4563 ad
1448 4524 1564 4567 vos.
1623 4511 1737 4567 Non
1787 4513 1928 4569 dixit
1978 4516 2159 4572 mitte-

570 4608 715 4663 mus,
743 4597 836 4651 sed
861 4598 932 4652 ita
953 4600 1109 4669 quasi
1141 4610 1345 4657 tantum
1371 4602 1538 4658 Filius
1566 4619 1688 4660 eum
1706 4604 1967 4664 missurus
1988 4620 2154 4678 esset,

2266 3401 2381 3466 tris,
2415 3398 2556 3454 idem
2584 3399 2698 3467 ipse
2728 3406 2813 3453 est
2842 3399 3033 3455 Filius.
3089 3398 3204 3455 Non
3234 3398 3382 3455 enim
3414 3400 3551 3455 aliud
3577 3408 3652 3453 est
3683 3410 3789 3451 man-

2263 3494 2449 3549 datum
2478 3489 2671 3555 Patris,
2703 3490 2849 3546 aliud
2865 3492 3091 3547 verbum
3116 3490 3291 3546 Patris
3320 3509 3333 3545 :
3360 3506 3484 3546 nam
3513 3490 3709 3545 verbum
3729 3487 3798 3541 Pa-

2264 3589 2365 3645 tris
2394 3586 2497 3641 ltoc
2523 3584 2816 3655 appellavit
2842 3592 2899 3640 et
2933 3585 3265 3640 mandatum.
3312 3584 3590 3641 Videamus
3616 3597 3729 3653 ergo
3752 3592 3801 3633 ue

2264 3683 2403 3739 forte
2432 3680 2573 3752 quod
2605 3680 2702 3743 ait,
2733 3678 2848 3749 Ego
2880 3692 2983 3731 non
3013 3692 3080 3732 ex
3111 3692 3197 3731 me
3227 3677 3435 3733 locutus
3458 3691 3590 3739 sum,
3621 3675 3715 3728 bac
3738 3674 3804 3726 in-

2264 3776 2431 3847 telligi
2453 3775 2684 3831 voluerit
2716 3790 2731 3827 :
2763 3772 2878 3840 Ego
2907 3785 3009 3824 nou
3048 3786 3111 3824 ex
3142 3784 3230 3824 me
3261 3777 3403 3824 natus
3424 3782 3534 3821 sum
3560 3783 3578 3819 :
3601 3765 3647 3818 si
3672 3767 3807 3818 enim

2262 3867 2498 3925 Verbum
2526 3868 2702 3923 Patris
2724 3864 2983 3935 loquitur,
3021 3862 3256 3931 seipsum
3295 3860 3528 3928 loquitur,
3557 3858 3673 3927 quia
3700 3856 3807 3923 ipse

2262 3970 2345 4016 est
2375 3960 2611 4016 Verbum
2662 3957 2859 4014 Patris.
2910 3955 3235 4024 Plerumque
3278 3953 3407 4009 enim
3458 3951 3619 4017 dicit,
3668 3949 3815 4003 Dedit

2263 4050 2392 4106 mihi
2426 4050 2606 4117 Pater,
2639 4051 2692 4104 in
2733 4062 2840 4119 quo
2870 4045 2982 4102 vult
3026 4045 3249 4116 intelligi
3280 4044 3421 4115 quod
3447 4059 3565 4099 eum
3595 4042 3815 4113 genuerit

2262 4140 2444 4209 Pater,
2475 4158 2581 4198 non
2612 4152 2670 4197 ut
2699 4152 2956 4209 tanquam
2986 4139 3098 4210 jam
3142 4136 3399 4193 existenti
3425 4146 3605 4193 etnon
3633 4134 3814 4189 babenti

2263 4234 2473 4291 dederit
2488 4234 2706 4305 aliquid,
2732 4233 2827 4289 sed
2848 4232 3019 4302 ipsum
3041 4230 3255 4286 dedisse
3275 4241 3331 4284 ut
3350 4231 3599 4295 haberet,
3614 4229 3817 4300 genuisse

2263 4338 2347 4384 est
2378 4336 2436 4383 ut
2463 4336 2627 4383 esset.
2653 4326 2770 4381 Non
2790 4326 2935 4381 enim
2960 4325 3103 4380 sicut
3135 4332 3411 4394 creatura,
3456 4324 3529 4379 ita
3579 4323 3662 4377 Dei
3688 4320 3814 4375 Filius

2263 4428 2386 4475 ante
2408 4418 2830 4475 incarnationem
2873 4426 2927 4472 et
2962 4417 3383 4485 assumptionem
3430 4425 3700 4479 creatura,
3728 4412 3812 4465 nni-

2264 4518 2476 4592 genitus
2493 4533 2589 4588 per
2601 4531 2762 4588 quem
2777 4514 2915 4570 facta
2931 4522 3057 4569 sunt
3073 4511 3272 4576 omnia,
3288 4511 3441 4567 aliud
3456 4522 3551 4567 est
3562 4507 3800 4569 etaliadlu-

2263 4610 2355 4666 bet
2370 4626 2384 4665 :
2399 4610 2489 4665 sed
2508 4609 2610 4664 hoc
2624 4610 2794 4678 ipsum
2817 4616 2902 4663 est
2916 4606 3055 4674 quod
3070 4613 3155 4660 est
3171 4604 3224 4659 id
3241 4604 3387 4675 quod
3407 4603 3605 4671 habet,
3624 4602 3725 4674 quod
3738 4598 3803 4652 illo

570 4695 757 4743 nonet
786 4689 962 4759 Pater,
990 4707 1111 4748 cum
1140 4694 1247 4751 alio
1276 4696 1396 4752 loco
1421 4696 1570 4752 dicat
1602 4714 1614 4753 :
1646 4698 1773 4755 Haec
1814 4700 2025 4758 locutus
2048 4718 2167 4760 sum
2197 4704 2251 4766 D
2274 4702 2394 4758 loco
2415 4700 2745 4757 manifeSIius
2766 4700 2985 4764 dicitur,
3006 4700 3049 4753 si
3080 4697 3201 4768 quis
3221 4697 3287 4751 ad
3308 4698 3643 4766 capiendum
3662 4693 3817 4750 sitido-

571 4782 724 4837 vobis
762 4784 901 4852 apud
931 4798 1027 4841 vos
1050 4800 1293 4853 manens,
1325 4787 1618 4846 advocatus
1650 4803 1832 4849 autem
1861 4793 1953 4849 ille
1983 4795 2159 4866 Spiri-

571 4887 656 4931 tus
683 4886 923 4943 sanctus,
949 4892 1108 4946 quem
1140 4879 1317 4935 mittet
1342 4879 1502 4937 Pater
1534 4884 1586 4938 in
1618 4887 1836 4941 nomine
1884 4902 2026 4958 meo,
2069 4888 2161 4944 ille

567 4968 722 5023 vobis
742 4968 1039 5025 declarabit
1063 4969 1267 5027 omnia.
1321 4971 1417 5027 Hie
1464 4989 1656 5031 rursus
1683 4977 1756 5032 ita
1809 4978 2015 5035 dictum
2043 4991 2158 5049 est,

565 5061 720 5131 quasi
748 5075 855 5115 non
886 5076 1011 5115 eum
1044 5061 1307 5118 missurus
1335 5074 1481 5122 esset
1507 5075 1564 5123 et
1605 5068 1795 5137 Filius,
1822 5072 1918 5128 sed
1951 5068 2158 5132 tantum

569 5155 749 5211 Pater.
782 5156 935 5212 Sicut
977 5171 1110 5228 ergo
1146 5156 1271 5225 ista,
1304 5158 1375 5214 ita
1415 5168 1469 5217 et
1516 5161 1646 5219 illud
1693 5166 1835 5235 quod
1881 5168 1995 5223 ait:
2048 5170 2157 5227 Sed

566 5249 763 5319 quibus
790 5260 1036 5317 paratum
1069 5261 1154 5308 est
1194 5266 1224 5305 a
1255 5252 1414 5311 Patre
1450 5270 1591 5313 meo:
1624 5273 1747 5315 cum
1778 5261 1936 5317 Patre
1974 5278 2034 5319 se
2073 5265 2157 5320 in-

570 5341 737 5412 telligi
772 5343 939 5399 voluit
969 5360 1157 5415 parare
1196 5347 1352 5403 sedes
1390 5349 1577 5417 gloriae
1604 5353 1798 5422 quibus
1830 5356 2008 5413 vellet.
2045 5360 2154 5415 Sed

566 5432 698 5489 dicit
718 5435 912 5506 aliquis
945 5439 1118 5493 :Cum
1149 5438 1217 5495 de
1244 5439 1447 5510 Spiritu
1494 5454 1684 5500 sancto
1715 5446 2048 5517 loqueretur,
2080 5451 2152 5508 ita

564 5540 625 5582 se
647 5527 937 5583 missurum
965 5530 1060 5598 ait,
1086 5540 1143 5585 ut
1164 5544 1269 5586 non
1301 5542 1521 5605 negaret
1554 5534 1768 5593 Patrem
1812 5539 2101 5597 missurum
2135 5563 2152 5599 :

563 5627 621 5674 et
647 5619 755 5675 alio
786 5620 905 5676 loco
930 5618 1002 5675 ita
1023 5622 1257 5687 Patrem,
1284 5634 1342 5679 ut
1365 5640 1472 5681 non
1500 5638 1724 5698 negaret
1748 5644 1806 5686 se
1824 5632 2151 5701 missurum';

563 5709 653 5765 hic
684 5727 812 5767 vero
844 5723 1029 5782 aperte
1066 5715 1140 5769 ait
1172 5732 1188 5770 :
1228 5714 1344 5772 Non
1376 5731 1459 5775 est
1487 5736 1666 5777 meum
1693 5721 1822 5779 dare
1853 5743 1867 5791 ;
1900 5735 2059 5797 atque
2081 5730 2152 5783 ita

563 5810 783 5858 secutus
811 5820 840 5857 a
874 5804 1031 5861 Patre
1072 5806 1206 5863 dixit
1247 5808 1347 5865 ista
1395 5822 1714 5884 praeparata.
1762 5815 1871 5872 Sed
1912 5818 2015 5873 hoc
2070 5832 2154 5877 est

564 5895 707 5964 quod
734 5899 1140 5964 praestruximus
1170 5904 1461 5960 secundum
1490 5905 1714 5963 formam
1742 5909 1885 5967 servi
1915 5910 2147 5967 dicmm:

2266 4811 2420 4861 neus,
2436 4796 2525 4851 ubi
2552 4796 2655 4850 ait:
2677 4795 2826 4852 Sicut
2846 4793 3008 4849 habet
3023 4792 3183 4848 Pater
3205 4792 3372 4847 vitam
3392 4792 3450 4847 in
3472 4790 3822 4858 semetipso,ita

2265 4890 2413 4947 dedit
2427 4890 2565 4946 Filio
2577 4889 2777 4945 habere
2792 4889 2958 4945 vitam
2978 4889 3029 4943 in
3051 4887 3342 4957 semetipso
3365 4904 3379 4939 :
3405 4905 3597 4960 neque
3610 4890 3737 4943 enim
3749 4889 3825 4953 μω

2265 4982 2518 5039 existenti
2544 4993 2596 5038 et
2618 4982 2779 5036 vitam
2811 4994 2916 5034 non
2954 4978 3169 5034 habenti
3205 4978 3353 5033 dedit
3376 4990 3442 5033 ut
3468 4980 3697 5036 haberet
3712 4979 3829 5031 vitam

2267 5075 2321 5131 in
2349 5078 2660 5146 semetipso,
2692 5090 2813 5130 cum
2842 5089 2908 5130 eo
2937 5074 3053 5144 ipso
3079 5072 3222 5142 quod
3251 5080 3335 5127 est
3370 5074 3490 5128 vita
3526 5074 3622 5129 sit.
3653 5073 3746 5127 Hoc
3776 5074 3833 5122 est

2266 5182 2419 5241 ergo,
2448 5168 2605 5224 Dedit
2632 5167 2771 5223 Filio
2797 5165 3000 5221 habere
3031 5164 3195 5219 vitam
3235 5163 3286 5218 in
3315 5167 3657 5237 semetipso,
3686 5159 3839 5220 Genuil

2266 5262 2459 5320 Filium
2510 5278 2630 5318 esse
2678 5258 3176 5317 incommutabilem
3216 5257 3407 5325 vitam,
3459 5260 3618 5330 quod
3664 5268 3739 5315 est
3761 5257 3838 5309 vita

2264 5366 2486 5412 mtcrna.
2518 5355 2651 5409 Cum
2679 5368 2808 5424 ergo
2837 5351 3074 5408 Verbum
3101 5350 3197 5407 Dei
3227 5350 3295 5405 sit
3324 5349 3512 5407 Filius
3547 5352 3673 5419 Dei,
3701 5362 3750 5406 et
3774 5348 3841 5403 Fi-

2260 5451 2363 5506 lius
2397 5449 2489 5504 Dei
2519 5450 2589 5503 sit
2618 5462 2780 5503 verus
2812 5447 2952 5501 Deus
2981 5454 3036 5501 et
3065 5446 3173 5499 vita
3213 5452 3448 5511 aeterna,
3486 5446 3645 5501 sicut
3672 5445 3721 5499 in
3750 5439 3841 5507 Epi-

2261 5540 2397 5595 stola
2429 5555 2525 5595 sua
2561 5538 2692 5595 dicit
2732 5537 2991 5603 Joannes,
3024 5537 3189 5592 etiam
3222 5536 3310 5590 hic
3340 5538 3485 5606 quid
3517 5538 3693 5604 Qaliud
3716 5548 3852 5605 agno-

2262 5636 2484 5700 scimus,
2522 5647 2641 5687 cum
2673 5632 2804 5686 dicit
2849 5630 3112 5685 Dominus
3144 5647 3157 5684 :
3186 5629 3422 5685 Verbum
3455 5632 3621 5700 quod
3673 5633 3853 5686 locutus

2260 5743 2399 5790 sum,
2424 5726 2598 5796 ipsum
2622 5723 2881 5794 iudicabit
2909 5738 3031 5778 eum
3056 5723 3110 5776 in
3134 5723 3433 5777 novissimo
3463 5722 3606 5788 die;
3629 5733 3687 5779 et
3706 5721 3857 5784 ipsum

2258 5820 2506 5884 verbum,
2536 5818 2709 5872 Patris
2732 5816 2957 5872 verbum
2987 5830 3107 5871 esse
3135 5814 3286 5883 dicit,
3315 5824 3373 5869 et
3406 5816 3750 5872 mandatum
3780 5814 3859 5867 Pa-

2258 5917 2357 5974 tris
2378 5959 2393 5987 ,
2427 5916 2708 5986 ipsumque
2741 5909 3049 5968 mandatum
3080 5908 3240 5966 vitam
3268 5910 3613 5966 aeternam»?
3642 5909 3715 5967 Et
3741 5906 3862 5980 scio,
