3986 6382
213 452 319 510 915

1400 463 1834 524 THESAURUS.
1877 465 1960 524 CA
1972 469 2029 528 P.
2070 473 2295 531 CCXLI.

3383 485 3486 538 9H

210 570 403 641 inquit,
441 574 562 643 quia
591 578 898 632 mandatum
931 578 1048 647 ejus
1090 578 1193 633 vita
1233 587 1434 634 acterna
1464 587 1570 634 εει.
1598 580 1792 647 Quaero
1819 579 1872 637 Α
1901 596 2042 648 mus,
2074 595 2128 641 et
2156 587 2324 643 Filius
2371 603 2492 645 cum
2536 591 2666 647 dicit
2695 611 2706 646 :
2740 595 2795 649 Si
2827 603 3006 650 autem
3049 595 3234 651 abiero
3274 599 3480 654 mittam

207 663 386 734 itaque
427 669 694 737 quomodo
723 670 1076 740 intelligamus
1119 687 1134 729 :
1190 671 1304 742 Ego
1356 685 1458 724 non
1507 669 1788 740 judicabo,

205 754 343 830 [sed]
371 760 588 814 verbum
645 762 788 830 quod
839 764 1046 818 locutus
1075 779 1192 818 sum
1224 763 1523 833 judicabit?
1553 763 1693 834 quod
1723 779 1788 819 ex

199 855 653 922 consequentibus
693 865 915 925 apparet
966 858 1038 911 ita
1090 857 1318 923 dictum,
1349 871 1412 912 ac
1460 857 1506 911 si
1555 857 1783 924 diceret,

199 942 317 1012 Ego
357 961 459 1000 non
507 948 796 1016 judicaho;
852 948 945 1004 sed
995 951 1224 1004 verbum
1284 949 1457 1005 Patris
1506 949 1787 1018 judicabit.

198 1033 436 1090 Verbum
465 1048 643 1094 autem
679 1039 854 1095 Patris
875 1049 959 1095 est
986 1041 1099 1112 ipse
1127 1041 1290 1096 Filius
1315 1041 1431 1096 Dei.
1477 1041 1688 1097 Siccine
1711 1041 1794 1095 in-

197 1127 542 1197 telligendum
589 1141 692 1198 est,
742 1132 854 1203 Ego
886 1148 990 1187 non
1042 1133 1320 1202 judicabo,
1372 1133 1466 1189 sed
1497 1149 1597 1204 ego
1642 1133 1789 1203 judi-

193 1233 255 1272 ca
266 1219 331 1274 bo
351 1220 373 1273 ?
393 1221 672 1289 Quomodo
693 1225 833 1279 istud
853 1235 1031 1296 potest
1049 1242 1169 1282 esse
1192 1243 1398 1294 verum,
1422 1227 1524 1282 nisi
1547 1228 1618 1282 ita
1639 1244 1652 1282 :
1678 1226 1791 1298 Ego

191 1310 399 1367 scilicet
424 1328 528 1368 non
551 1316 887 1384 judicabocx
909 1327 1175 1387 potestate
1193 1322 1447 1386 humana,
1468 1322 1591 1392 quia
1615 1317 1791 1380 Filius

195 1403 425 1460 hominis
446 1421 584 1473 sum,
605 1409 696 1464 sed
711 1410 960 1478 judicabo
973 1427 1036 1466 ex
1054 1422 1317 1482 potestate
1337 1416 1518 1483 Verbi,
1535 1421 1786 1488 quoniam

198 1494 360 1568 [quia]
384 1497 548 1553 Filius
575 1499 666 1554 Dei
691 1515 830 1559 sum.
855 1503 961 1557 Aut
990 1505 1034 1558 si
1063 1507 1332 1561 contraria
1359 1519 1410 1563 et
1436 1515 1785 1581 repugnantia

196 1587 460 1656 videntur,
487 1589 600 1660 Ego
623 1606 727 1646 non
752 1592 1026 1663 iudicabo,
1050 1597 1145 1652 sed
1172 1612 1271 1668 ego
1288 1599 1566 1669 judicabo,
1586 1605 1712 1673 quid
1737 1605 1792 1663 il.

192 1678 261 1732 lic
279 1680 539 1750 dicemus,
568 1685 654 1740 ubi
679 1685 752 1740 ait
779 1705 791 1740 :
816 1687 931 1743 Mea
953 1688 1194 1745 doctrina
1219 1708 1324 1748 non
1342 1704 1424 1749 est
1449 1711 1564 1751 mea
1588 1699 1611 1751 ἲ
1634 1700 1783 1768 Quo-

192 1772 371 1840 modo,
403 1791 553 1841 mea;
581 1780 846 1847 quomodo
870 1795 976 1836 non
999 1784 1162 1838 mea?
1189 1785 1302 1840 Non
1331 1789 1472 1842 enim
1497 1790 1653 1858 dixit,
1681 1793 1784 1849 Ista

189 1862 430 1920 doctrina
453 1883 558 1923 non
585 1879 666 1924 est
687 1885 825 1937 mea;
851 1874 969 1938 sed,
993 1873 1104 1929 Mea
1127 1876 1372 1933 doctrina
1396 1895 1499 1935 non
1522 1891 1602 1937 est
1631 1899 1779 1940 mea:

1895 687 2018 726 eum
2047 677 2111 730 ad
2135 693 2250 732 vos.
2279 680 2392 746 Qua
2424 683 2476 736 in
2507 687 2827 752 quaestione,
2862 691 3091 757 prinmm
3124 705 3306 758 quer
3339 693 3480 748 unde

1895 774 1946 818 et
1974 781 2078 835 quo
2117 768 2424 841 [quomodo
2442 775 2459 847 _]
2492 779 2686 834 missus
2715 780 2785 834 sit
2814 781 3018 836 Filius?
3058 783 3194 855 Ego,
3229 785 3421 856 inquit,
3451 800 3480 840 a

1896 856 2053 914 Patre
2091 862 2196 916 exii
2240 874 2293 918 et
2321 869 2441 922 veni
2481 869 2533 923 in
2570 869 2710 925 hunc
2749 875 3028 931 mundum.
3078 878 3220 948 Ergo
3249 896 3278 934 a
3323 880 3483 937 Patre

1893 951 2067 1019 exire,
2119 963 2174 1009 et
2199 959 2382 1014 venire
2427 962 2481 1016 in
2513 962 2655 1019 hunc
2689 964 3016 1040 [mundum],
3067 970 3171 1026 hoc
3201 981 3284 1027 est
3313 973 3478 1030 mitti.

1894 1043 2030 1136 Quid
2062 1046 2221 1116 igitur
2262 1060 2346 1106 est
2374 1056 2514 1122 quod
2555 1058 2624 1113 de
2666 1059 2758 1114 illo
2807 1062 2948 1118 idem
2993 1063 3109 1135 ipse
3147 1068 3480 1136 evangelista

1893 1134 2022 1190 dicit
2058 1155 2071 1191 :
2098 1139 2152 1192 In
2178 1140 2280 1196 hoc
2304 1146 2503 1200 mundo
2533 1159 2670 1215 erat,
2701 1159 2756 1206 et
2785 1134 3020 1208 mundus
3044 1171 3139 1225 per
3165 1157 3339 1226 ipsum
3369 1159 3477 1212 fac-

1894 1235 1978 1280 tus
2008 1238 2112 1298 est,
2146 1240 2200 1286 et
2229 1235 2462 1290 mundus
2495 1254 2616 1294 eum
2647 1257 2753 1297 non
2793 1245 3043 1315 cognovit
3075 1262 3092 1302 :
3120 1247 3314 1304 deinde
3348 1264 3478 1305 con-

1888 1318 2101 1389 jungit:
2132 1322 2187 1376 ln
2217 1339 2310 1379 sua
2343 1329 2559 1398 pr0pria
2586 1334 2752 1387 venit.
2800 1334 2929 1390 illuc
2957 1337 3140 1409 utique
3170 1339 3365 1395 missus
3395 1348 3479 1398 est

1895 1427 2003 1480 quo
2032 1417 2176 1470 venit
2207 1435 2220 1471 :
2253 1419 2373 1475 atsi
2406 1421 2459 1475 in
2489 1422 2673 1495 [hunc]
2706 1428 2962 1483 mundum
2994 1431 3189 1486 missus
3217 1441 3318 1497 est,
3351 1432 3477 1502 quia

1893 1506 2021 1563 exiit
2051 1523 2079 1562 a
2121 1509 2279 1567 Patre
2309 1522 2364 1569 et
2393 1516 2542 1571 venit
2586 1518 2637 1572 in
2684 1515 2824 1576 hunc
2856 1524 3147 1589 mundum,
3181 1535 3234 1581 et
3277 1527 3327 1580 in
3370 1526 3473 1582 hoc

1893 1601 2093 1657 mundo
2115 1615 2228 1660 erat
2258 1623 2271 1660 :
2296 1607 2418 1664 illuc
2443 1625 2572 1681 ergo
2602 1612 2797 1670 missus
2819 1625 2902 1671 est
2929 1617 3018 1672 ubi
3041 1629 3177 1674 erat.
3209 1619 3342 1675 Nam
3373 1618 3472 1692 [et]

1892 1694 2022 1750 illud
2053 1699 2194 1767 quod
2226 1703 2480 1771 scriptum
2512 1716 2595 1761 est
2642 1707 2692 1761 in
2721 1707 3018 1780 Propheta,
3054 1712 3222 1768 Deum
3261 1714 3464 1780 dicere,

1890 1784 2098 1843 C(elum
2128 1799 2182 1846 et
2202 1800 2399 1848 terram
2432 1812 2531 1867 ego
2561 1797 2778 1868 impleo,
2814 1801 2858 1856 si
2896 1801 2962 1856 de
2995 1803 3132 1859 Filio
3153 1805 3360 1860 dictum
3389 1815 3472 1862 est

1892 1880 2099 1950 (ipsum
2121 1886 2264 1940 enim
2295 1891 2535 1945 nonnulli
2569 1894 2752 1947 volunt
2773 1894 3018 1966 intelligi,
3053 1897 3135 1951 vel
3168 1899 3466 1968 prophetis,

186 1973 343 2029 quam
367 1961 501 2017 dixit
525 1978 700 2036 suam,
732 1969 978 2024 eamdem
999 1971 1135 2027 dixit
1162 1988 1268 2029 non
1287 1988 1460 2030 suam.
1487 1979 1768 2045 Quomodo
1797 1958 1845 2020 Β
1875 1976 1958 2030 vel
1989 1976 2042 2031 in
2085 1979 2360 2049 prophetis
2390 1984 2670 2054 locutum),
2705 2002 2810 2057 quo
2853 1991 3048 2044 missus
3076 2001 3179 2056 est,
3212 1992 3313 2046 nisi
3342 1992 3469 2046 illuc

185 2051 328 2106 istud
364 2067 548 2109 verum
580 2065 692 2124 est,
727 2059 830 2113 nisi
858 2061 1154 2117 secundum
1187 2064 1331 2118 aliud
1363 2081 1514 2121 suam
1548 2069 1765 2139 dixerit,

184 2145 475 2200 secundum
505 2147 648 2203 aliud
684 2165 790 2205 non
821 2166 970 2208 suam
1005 2170 1019 2207 :
1062 2156 1357 2211 secundum
1411 2159 1635 2218 formam
1680 2164 1772 2219 Dei

185 2249 358 2305 suam,
413 2241 706 2297 secundum
759 2243 984 2300 formam
1030 2249 1171 2303 servi
1227 2265 1334 2303 non
1391 2265 1589 2308 suam:
1648 2271 1771 2312 cum

185 2330 322 2384 enim
366 2331 530 2400 dicit,
576 2334 692 2390 Non
741 2348 822 2392 est
869 2354 1019 2403 mea,
1063 2340 1154 2394 sed
1199 2340 1315 2410 ejus
1358 2344 1445 2412 qui
1488 2361 1573 2400 me
1605 2349 1771 2416 misit,

186 2422 249 2475 ad
305 2423 480 2491 ipsum
535 2427 768 2482 Verbum
829 2445 927 2486 nos
983 2433 1110 2487 facit
1161 2449 1478 2502 recurrere,
1529 2439 1772 2498 doctrina

181 2516 323 2569 enim
380 2515 554 2572 Patris
610 2531 692 2574 est
746 2521 982 2579 Verbum
1038 2525 1233 2596 Patris,
1291 2528 1379 2596 qui
1439 2539 1521 2584 est
1578 2535 1770 2590 unicus

181 2604 373 2660 Filius.
399 2607 538 2674 Quid
569 2610 672 2666 sibi
701 2621 756 2667 et
781 2613 910 2668 illud
941 2616 1086 2684 vult,
1120 2618 1218 2685 Qui
1261 2621 1310 2675 in
1342 2635 1426 2674 me
1455 2624 1644 2691 credit,
1663 2641 1769 2683 non

177 2694 232 2750 in
281 2711 368 2752 me
417 2699 634 2755 credit?
688 2701 966 2770 Quomodo
1015 2707 1066 2760 in
1113 2710 1324 2778 ipsum?
1362 2718 1632 2785 quomodo
1662 2732 1770 2773 non

178 2787 233 2841 in
262 2788 476 2857 ipsum?
499 2794 772 2857 quomodo
806 2804 912 2850 tam
942 2803 1274 2858 contrarium
1327 2807 1535 2877 sibique
1580 2807 1770 2863 adver-

177 2892 296 2933 sum
327 2890 504 2949 potest
530 2882 790 2954 intelligi?
819 2887 990 2953 Quiin
1024 2905 1110 2946 me
1134 2895 1329 2964 credit,
1355 2898 1550 2968 inquit,
1582 2914 1688 2955 non
1716 2902 1767 2957 in

172 2988 266 3028 me
294 2974 491 3043 credit,
517 2977 613 3032 sed
636 2977 688 3034 in
719 2994 841 3034 eum
870 2981 961 3052 qui
985 2999 1068 3040 me
1107 2988 1277 3055 misit,
1321 2991 1422 3046 nisi
1466 2993 1538 3047 ita
1572 2995 1770 3050 intelli-

169 3078 312 3134 gas:
345 3066 445 3134 Qui
473 3067 528 3123 in
561 3084 649 3125 me
673 3071 867 3143 credit,
899 3089 1003 3130 non
1031 3077 1086 3131 in
1111 3077 1212 3133 hoc
1241 3083 1381 3150 quod
1414 3085 1555 3140 videt
1577 3087 1767 3154 credit,

168 3173 249 3214 ne
269 3160 343 3215 sit
372 3176 497 3231 spes
527 3173 710 3218 nostra
735 3166 788 3220 in
819 3178 1084 3238 creatura,
1115 3173 1210 3229 sed
1241 3174 1291 3228 in
1327 3175 1418 3229 illo
1456 3179 1545 3247 qui
1588 3194 1772 3234 susce-

165 3255 258 3328 pit
281 3266 601 3327 creaturam,
623 3260 674 3314 in
697 3275 798 3328 qua
817 3261 1065 3320 humanis
1083 3268 1252 3322 oculis
1274 3281 1576 3340 appareret,
1602 3288 1665 3329 ac
1689 3274 1767 3329 sic

1877 2068 1966 2122 ubi
1994 2072 2141 2126 erat?
2173 2072 2382 2144 Ubique
2409 2079 2550 2132 enim
2581 2089 2714 2146 erat,
2747 2083 2834 2150 qui
2865 2083 2958 2148 ait,
3016 2083 3222 2139 (Italum
3254 2094 3310 2140 et
3355 2095 3465 2140 ter-

1876 2174 1990 2215 ram
2020 2177 2120 2232 ego
2150 2163 2370 2234 impleo.
2400 2166 2454 2221 Si
2494 2178 2668 2224 autem
2698 2171 2766 2226 de
2797 2172 2950 2228 Patre
2974 2174 3191 2245 [dictum
3220 2174 3349 2245 est],
3377 2176 3468 2231 ubi

1876 2265 2000 2306 esse
2031 2255 2201 2320 potuit
2227 2255 2346 2311 sine
2369 2256 2548 2312 Verbo
2575 2274 2671 2313 suo
2693 2270 2746 2314 et
2776 2261 2891 2316 sine
2914 2264 3172 2333 sapientia
3199 2281 3316 2333 sua,
3349 2281 3469 2337 qua!

1878 2341 2147 2410 pertendit
2177 2360 2205 2398 a
2239 2344 2343 2400 fine
2375 2361 2544 2416 usque
2575 2349 2641 2404 ad
2673 2351 2834 2406 finem
2869 2352 3097 2420 fortiter,
3136 2365 3190 2411 et
3227 2356 3466 2425 disponit

1876 2432 2055 2485 omnia
2084 2433 2360 2490 suaviter?
2389 2437 2495 2492 Sed
2527 2454 2702 2510 neque
2745 2441 2863 2497 sine
2909 2443 3113 2513 Spiritu
3156 2457 3346 2502 sancto
3374 2464 3466 2504 us-

1877 2536 2035 2592 quam
2059 2539 2181 2580 esse
2211 2529 2400 2595 potuit.
2435 2529 2617 2600 Itaque
2646 2533 2691 2587 si
2724 2534 2920 2605 ubique
2947 2547 3029 2591 est
3067 2538 3230 2604 Deus,
3266 2539 3466 2608 ubique

1878 2624 1961 2672 est
1990 2618 2151 2672 etiam
2183 2619 2419 2690 Spiritus
2455 2634 2673 2682 sanctus
2707 2628 2866 2701 [ejus]
2895 2647 2906 2683 :
2941 2629 3071 2685 illuc
3101 2647 3229 2702 ergo
3259 2643 3313 2687 et
3343 2634 3465 2703 Spi-

1877 2709 2012 2764 ritus
2037 2719 2256 2767 sanctus
2286 2715 2483 2771 missus
2506 2728 2589 2772 est
2611 2719 2701 2774 ubi
2729 2732 2864 2776 erat.
2890 2722 3023 2777 Nam
3053 2732 3103 2778 et
3130 2723 3220 2778 ille
3246 2724 3335 2794 qui
3358 2740 3464 2781 non

1876 2803 2082 2857 invenit
2110 2804 2284 2860 locum
2319 2824 2426 2878 quo
2454 2818 2542 2864 eat
2571 2825 2600 2864 a
2630 2813 2765 2868 facie
2793 2813 2888 2869 Dei
2919 2827 2969 2869 et
2994 2815 3158 2872 dicit:
3194 2817 3247 2873 Si
3277 2831 3464 2872 ascen-

1876 2893 2007 2948 dero
2035 2895 2086 2948 in
2118 2896 2341 2963 coelum,
2367 2909 2422 2953 tu
2456 2900 2528 2954 ibi
2561 2915 2642 2968 es,
2686 2911 2738 2956 et
2766 2903 2810 2957 si
2841 2903 3174 2961 descendere
3205 2907 3258 2960 in
3300 2907 3463 2962 infer-

1876 3002 2026 3054 num,
2052 2987 2199 3054 ades,
2229 2990 2423 3061 ubique
2452 2993 2638 3050 volens
2664 2995 2888 3066 intelligi
2910 3007 3232 3066 praesetnem
3260 2999 3457 3064 Deum,

1875 3081 2023 3148 prius
2061 3083 2354 3138 nominavit
2405 3084 2664 3155 Spiritum
2717 3088 2854 3157 ejus.
2909 3089 3038 3143 Nam
3080 3091 3158 3146 sic
3199 3093 3313 3146 ait:
3346 3094 3463 3160 Quo

1875 3174 2080 3230 abiboa
2103 3176 2302 3244 Spiritu
2337 3185 2451 3243 tuo,
2478 3189 2532 3234 et
2560 3196 2667 3249 quo
2697 3195 2725 3235 a
2757 3182 2893 3238 facie
2931 3192 3019 3238 tua
3057 3185 3292 3254 fugiam?
3325 3203 3461 3254 quo-

1873 3267 2014 3322 circa
2041 3269 2084 3322 si
2112 3279 2164 3324 et
2195 3270 2360 3326 Filius
2387 3281 2441 3327 et
2463 3271 2694 3344 Spiritus
2718 3287 2933 3332 sanctus
2960 3279 3085 3334 illuc
3112 3281 3344 3336 mittitur
3371 3282 3462 3338 ubi

165 3347 244 3400 ad
275 3362 334 3401 se
359 3351 615 3418 aequalem
633 3352 1284 3427 Patricontemplandum,
1313 3377 1407 3431 per
1427 3365 1762 3424 ﬁdemcorda
1790 3345 1837 3410 C
1871 3370 2007 3426 erat,
2059 3366 2406 3432 quaerendum
2436 3375 2521 3420 est
2546 3371 2815 3436 quomodo
2840 3370 3166 3440 intelligatur
3201 3375 3300 3428 ista
3325 3376 3457 3428 mis-

167 3440 483 3498 mundaret.
513 3444 744 3513 Ideoque
772 3447 839 3501 ad
865 3448 1078 3506 Patrem
1120 3454 1361 3510 referens
1408 3457 1764 3516 intentionem

169 3536 538 3603 credentium,
566 3547 619 3592 et
653 3539 858 3608 dicens,
892 3558 996 3597 non
1023 3546 1078 3599 in
1123 3547 1230 3616 32
1259 3564 1346 3603 me
1368 3551 1560 3619 credit,
1590 3553 1687 3609 sed
1712 3556 1764 3609 in

173 3646 306 3686 eum
336 3631 426 3700 qui
476 3646 561 3687 me
590 3633 754 3700 misit,
781 3649 887 3691 non
926 3638 1111 3709 utique
1155 3655 1213 3695 se
1241 3657 1271 3695 a
1299 3643 1475 3712 Patre,
1512 3646 1563 3701 id
1593 3657 1676 3703 est
1699 3651 1767 3705 ab

171 3727 276 3783 illo
303 3727 393 3794 qui
422 3741 545 3782 eum
576 3730 745 3796 misit,
769 3732 937 3787 voluit
959 3736 1232 3804 separari;
1256 3737 1352 3792 sed
1377 3747 1434 3792 ut
1462 3739 1539 3794 sic
1568 3741 1620 3795 in
1644 3757 1765 3798 eum

171 3820 510 3891 crederetur,
541 3825 814 3890 quomodo
836 3824 889 3880 in
920 3824 1160 3897 Patrem,
1217 3828 1304 3884 cui
1361 3833 1582 3901 aequalis
1632 3844 1715 3890 est
1747 3852 1762 3904 ;

173 3913 321 3983 quod
348 3925 529 3983 aperte
559 3916 664 3971 alio
687 3917 806 3973 loco
833 3919 965 3975 dicit
991 3938 1005 3975 :
1061 3921 1277 3979 Credite
1304 3924 1357 3979 in
1408 3927 1599 3998 Deum,
1624 3939 1679 3986 et
1710 3932 1763 3988 in

175 4019 269 4059 me
292 4005 516 4073 credite,
542 4007 594 4060 id
622 4018 725 4073 εει,
757 4011 906 4064 Sicut
933 4013 1153 4067 creditis
1174 4015 1225 4068 in
1250 4016 1438 4084 Deum,
1463 4019 1602 4074 sicut
1625 4031 1680 4076 et
1712 4024 1765 4078 in

178 4108 292 4160 me,
316 4095 435 4163 quia
465 4111 565 4166 ego
593 4107 646 4152 ct
685 4099 840 4155 Pater
881 4117 1018 4158 unus
1067 4104 1228 4159 Deus.
1279 4105 1428 4162 Sicut
1479 4126 1608 4180 ergo
1654 4113 1765 4183 hic,

177 4195 435 4256 tanquam
461 4190 676 4246 abstulit
711 4206 742 4246 a
783 4207 845 4249 se
872 4193 1032 4250 ﬁdem
1067 4197 1341 4253 hominum
1368 4211 1422 4256 et
1470 4204 1524 4258 in
1550 4205 1764 4262 Patrem

173 4281 484 4346 transtulit,
517 4282 779 4349 dicendo,
821 4284 934 4340 Non
980 4287 1030 4342 in
1071 4304 1156 4344 me
1200 4291 1391 4363 credit,
1422 4295 1516 4350 sed
1560 4298 1615 4351 in
1646 4312 1764 4354 eum

169 4374 270 4444 qui
303 4389 389 4429 me
419 4375 587 4444 misit,
619 4393 649 4432 a
675 4393 783 4449 quo
807 4390 988 4436 tamen
1019 4396 1079 4437 se
1107 4399 1213 4438 non
1238 4386 1418 4455 utique
1454 4392 1764 4458 separavit;

166 4469 260 4524 sic
289 4469 452 4524 etiam
473 4471 613 4540 quod
631 4472 725 4540 ait,
758 4473 874 4529 Non
901 4489 1077 4530 meum
1107 4475 1256 4544 dare,
1279 4479 1372 4533 sed
1400 4481 1591 4551 quibus
1613 4498 1769 4555 para-

169 4571 291 4615 tum
314 4571 397 4616 est
445 4577 474 4616 a
529 4562 692 4619 Patre
723 4579 863 4630 meo,
919 4575 1046 4634 puto
1073 4569 1278 4624 clarere
1314 4574 1610 4630 secundum
1639 4578 1764 4647 quid

165 4651 454 4724 [qualiter]
471 4662 754 4723 utrumque
785 4657 1156 4728 accipiendum
1188 4662 1259 4716 sit
1285 4680 1298 4716 :
1330 4665 1433 4720 tale
1455 4669 1690 4724 estenim
1708 4679 1762 4730 et

160 4741 333 4809 illud,
380 4743 492 4812 Ego
521 4760 626 4800 non
672 4746 945 4816 judicabo,
998 4765 1120 4806 cum
1166 4753 1282 4822 ipse
1307 4754 1646 4824 judicaturus
1694 4763 1764 4819 sit

159 4831 329 4885 vivos
379 4840 434 4888 et
463 4842 726 4891 mortuos.
773 4838 879 4893 Sed
909 4841 1038 4910 quia
1078 4857 1184 4897 non
1212 4859 1279 4898 ex
1331 4857 1598 4915 potestate
1654 4852 1760 4907 hu-

160 4939 356 4992 mana,
387 4937 664 4997 propterea
681 4945 963 4988 recurrens
985 4933 1049 4986 ad
1071 4934 1351 5000 Deitatem,
1369 4953 1581 4994 sursum
1597 4942 1761 5014 erigit

159 5023 344 5078 corda
370 5024 671 5096 hominum,
698 5039 917 5100 propter
941 5047 1061 5102 qua:
1090 5034 1420 5092 sublevanda
1452 5040 1750 5102 descendit.

710 5119 942 5179 CAPUT
1000 5124 1225 5181 CCXLI.

160 5207 449 5296 Quomodo
485 5211 912 5296 intelligendquﬁt
940 5216 1149 5296 missio,
1190 5219 1292 5296 sive
1319 5218 1605 5296 Filii,_sia_e
1632 5224 1759 5296 Spi-

320 5281 453 5334 ritus
480 5281 682 5350 sancta";
712 5301 776 5339 ea;
803 5285 934 5341 libro
963 5288 1026 5343 de
1054 5287 1312 5345 Trinitate
1341 5307 1408 5360 II,
1450 5281 1529 5350 tit.
1557 5294 1611 5351 5.

245 5395 356 5452 Sed
385 5397 437 5452 in
480 5397 565 5451 his
593 5399 845 5465 convicti,
877 5400 945 5456 ad
983 5402 1111 5458 illud
1141 5419 1200 5459 se
1231 5418 1554 5463 convertunt
1585 5419 1644 5465 ut
1672 5412 1757 5468 di-

153 5500 299 5548 cant
353 5508 368 5544 :
416 5491 586 5561 Major
637 5501 720 5547 est
767 5493 858 5561 qui
914 5495 1078 5550 mittit
1126 5513 1283 5568 quam
1339 5502 1428 5568 qui
1486 5503 1756 5572 mittitur;

155 5581 404 5653 proinde
440 5581 614 5650 major
640 5591 725 5637 est
753 5581 917 5638 Pater
951 5583 1123 5652 Filio,
1168 5589 1292 5657 quia
1326 5588 1494 5644 Filius
1528 5606 1558 5645 a
1597 5591 1754 5650 Patre

154 5690 230 5729 se
251 5675 477 5728 missum
506 5674 720 5729 assidue
744 5687 1155 5746 commemorat;
1180 5681 1351 5750 major
1379 5692 1462 5738 est
1478 5693 1532 5739 et
1556 5684 1757 5756 Spiritu

153 5776 388 5835 sancto,
419 5768 540 5838 quia
568 5768 636 5823 de
678 5767 770 5823 illo
808 5767 941 5824 dixit
969 5769 1149 5838 Jesus,
1197 5774 1364 5840 Quem
1395 5777 1569 5834 mittet
1597 5779 1757 5834 Pater

157 5867 230 5920 in
262 5862 484 5918 nomine
512 5877 633 5917 meo
664 5880 676 5915 :
711 5871 766 5918 et
807 5862 1041 5933 Spiritus
1069 5876 1287 5922 sanctus
1316 5879 1545 5941 utroque
1577 5872 1754 5928 minor

155 5967 282 6027 est,
315 5954 439 6026 quia
466 5963 523 6012 et
561 5954 722 6014 Pater
749 5971 871 6013 eum
917 5958 1101 6025 mittit,
1130 5960 1270 6018 sicut
1307 5966 1757 6022 commemoravi-

1872 3452 1973 3516 sio,
2006 3452 2120 3508 sive
2150 3454 2292 3520 Filii,
2322 3457 2436 3509 sive
2458 3457 2690 3523 Spiritus
2713 3461 2922 3527 sancti,
2951 3461 3108 3515 Pater
3136 3464 3278 3516 enim
3305 3464 3456 3518 solus

1872 3559 2132 3614 nusquam
2166 3545 2358 3615 legitur
2386 3547 2602 3602 missus.
2638 3549 2706 3602 Et
2733 3551 2799 3605 de
2824 3551 2960 3604 Filio
2985 3553 3203 3622 quidem
3229 3555 3300 3608 ita
3329 3556 3462 3609 scri-

1870 3637 1950 3692 bit
1977 3639 2304 3707 Apostolus:
2336 3639 2470 3694 Cum
2494 3650 2671 3697 autem
2700 3645 2841 3698 venit
2871 3646 3148 3714 plenitudo
3170 3650 3453 3716 temporis,

1871 3732 2020 3787 misit
2059 3732 2198 3788 Deus
2236 3733 2428 3788 Filium
2460 3748 2638 3802 suum,
2667 3735 2861 3790 factum
2893 3752 2956 3792 ex
2987 3738 3232 3805 muliere,
3264 3739 3457 3795 factum

1872 3823 1974 3880 sub
1996 3824 2133 3895 lege,
2166 3833 2226 3880 ut
2247 3840 2340 3881 eos
2361 3826 2450 3896 qui
2476 3828 2576 3882 sub
2611 3828 2725 3899 lege
2755 3840 2907 3884 erant
2937 3829 3246 3888 redimeret.
3291 3832 3456 3900 Misit,

1867 3917 2062 3988 inquit,
2097 3921 2288 3975 Filium
2312 3934 2467 3976 suum
2499 3922 2693 3976 factum
2725 3939 2790 3978 ex
2815 3926 3064 3991 muliere,
3097 3941 3205 3995 quo
3235 3929 3456 3982 nomine

1869 4010 1988 4080 quis
2016 4012 2313 4067 catholicus
2343 4015 2570 4080 nesciat,
2606 4031 2714 4068 non
2748 4033 2869 4070 cum
2900 4018 3254 4086 privationem
3287 4021 3452 4089 virgi-

1870 4103 2073 4168 nitatis,
2122 4103 2218 4157 sed
2271 4103 2628 4159 differentiam
2672 4122 2834 4160 sexus
2863 4148 2876 4171 ,
2932 4108 3158 4162 Hebraeo
3199 4110 3455 4178 loquendi

1869 4209 2020 4251 more
2063 4195 2372 4266 signiﬁcare
2419 4197 2702 4252 voluisse?
2749 4199 2884 4253 Cum
2940 4199 3122 4269 itaque
3175 4202 3282 4266 ait,
3315 4202 3456 4258 Misit

1871 4288 2013 4342 Deus
2044 4287 2234 4343 Filium
2265 4303 2443 4354 suum,
2478 4289 2675 4343 factum
2710 4306 2774 4345 ex
2808 4291 3054 4360 muliere,
3113 4293 3246 4347 satis
3274 4304 3456 4349 osten-

1869 4381 1950 4436 dit
1969 4395 2034 4435 eo
2055 4382 2171 4450 ipso
2192 4383 2413 4436 missum
2439 4383 2653 4449 Filium,
2683 4400 2788 4454 quo
2815 4383 2984 4440 factus
3006 4395 3172 4441 estex
3200 4385 3448 4443 muliere.

1868 4473 2022 4542 Quod
2070 4489 2198 4545 ergo
2236 4474 2303 4530 de
2335 4475 2447 4530 Deo
2477 4484 2632 4531 natus
2661 4488 2774 4544 est,
2806 4479 2860 4534 in
2901 4478 3004 4533 hoc
3045 4478 3245 4533 mundo
3289 4491 3402 4535 erat
3435 4499 3447 4534 :

1867 4567 2010 4638 quod
2039 4576 2217 4623 autem
2261 4569 2328 4623 de
2365 4568 2531 4624 Maria
2582 4579 2738 4624 natus
2765 4581 2883 4637 est,
2929 4573 2982 4626 in
3024 4571 3164 4628 hunc
3195 4574 3451 4630 mundum

1868 4662 2065 4716 missus
2097 4661 2337 4717 advenit.
2385 4663 2617 4717 Proinde
2662 4663 2800 4718 mitti
2831 4681 2860 4719 a
2892 4665 3049 4720 Patre
3087 4666 3203 4721 sine
3249 4666 3454 4736 Spiritu

1869 4763 2055 4810 sancto
2083 4771 2190 4811 non
2218 4757 2411 4826 potuit,
2437 4771 2543 4811 non
2573 4758 2749 4812 solum
2775 4759 2895 4827 quia
2925 4759 3238 4829 intelligitur
3269 4760 3452 4828 Pater,

1867 4863 1988 4903 cum
2023 4864 2145 4904 eum
2189 4851 2368 4916 misit,
2403 4849 2458 4904 id
2486 4858 2568 4904 est
2601 4849 2727 4905 fecit
2757 4864 2820 4905 ex
2863 4849 3090 4916 femina,
3126 4868 3232 4907 non
3265 4853 3453 4922 utique

1867 4943 1986 4997 sine
2029 4942 2230 5012 Spiritu
2262 4957 2359 4998 suo
2387 4942 2600 5009 fecisse,
2639 4946 2991 4999 vermnetiam
3033 4945 3174 5014 quod
3227 4945 3453 5000 manife-

1866 5032 2104 5086 stissime
2135 5041 2296 5102 atque
2326 5035 2661 5103 apertissime
2689 5036 2740 5089 in
2773 5037 3066 5107 Evangelio
3109 5036 3306 5090 dicitur
3333 5037 3452 5091 Vir-

1864 5124 1974 5194 gini
2029 5123 2204 5178 Mariae
2256 5125 2516 5194 quaerenti
2575 5127 2642 5181 ab
2687 5128 2898 5198 angelo,
2963 5127 3242 5195 Quomodo
3301 5127 3438 5201 [fiet]

1863 5216 2046 5273 iStud?
2085 5216 2316 5286 Spiritus
2347 5227 2564 5273 sanctus
2594 5219 2939 5288 superveniet
2972 5220 3024 5272 in
3070 5227 3157 5284 te,
3190 5226 3246 5273 et
3275 5221 3448 5275 virtus

1867 5309 2129 5367 Altissimi
2172 5311 2516 5366 obumbrabit
2564 5313 2678 5366 tibi.
2743 5314 2805 5368 Et
2836 5311 3117 5367 Mattlizeus
3156 5311 3286 5367 dicit
3322 5313 3451 5367 :ln-

1866 5417 2025 5460 venta
2056 5413 2134 5461 est
2167 5405 2372 5461 habens
2401 5408 2454 5461 in
2483 5418 2638 5461 utero
2675 5406 2742 5461 de
2787 5406 2986 5474 Spiritu
3018 5415 3208 5461 sancto
3241 5421 3449 5477 :quan-

1866 5514 2022 5571 quam
2057 5509 2112 5553 et
2141 5501 2281 5570 apud
2315 5501 2527 5556 Esaiam
2568 5500 2887 5570 prophetam
2935 5499 3050 5568 ipse
3091 5500 3340 5555 Christus
3369 5501 3449 5556 in-

1865 5590 2123 5661 telligitur
2144 5591 2212 5644 de
2239 5589 2469 5644 adventu
2491 5606 2588 5645 suo
2613 5593 2790 5645 futuro
2817 5589 2998 5644 dicere
3025 5607 3036 5641 :
3071 5590 3137 5643 Et
3164 5605 3305 5644 nunc
3337 5590 3445 5644 Do-

1866 5682 2044 5737 minus
2085 5682 2230 5736 misit
2263 5696 2367 5745 me,
2407 5691 2462 5736 et
2503 5681 2734 5750 Spiritus
2768 5680 2906 5751 ejus.
2959 5681 3213 5736 Fortasse
3252 5681 3448 5751 aliquis

1864 5784 2018 5844 cogat
2044 5782 2101 5828 ut
2120 5773 2360 5828 dicamus
2387 5774 2545 5828 etiam
2570 5789 2598 5826 a
2628 5772 2804 5841 seipse
2832 5773 3054 5826 missum
3080 5786 3199 5826 esse
3225 5772 3444 5843 Filium,

1864 5868 1984 5938 quia
2019 5867 2110 5923 ille
2139 5867 2319 5922 Mari-ae
2355 5876 2645 5935 conceptus
2682 5874 2734 5920 et
2759 5874 2942 5936 partus
2985 5865 3228 5936 operatio
3257 5865 3443 5921 Trini-

1867 5961 1991 6016 tatis
2032 5969 2158 6016 est:
2192 5975 2295 6031 qua
2344 5969 2592 6028 creante,
2643 5957 2823 6015 omnia
2870 5967 3140 6014 creantur.
3199 5960 3264 6014 Et
3304 5973 3443 6027 quo-
