3986 6382
565 523 669 579 915

1629 504 1694 560 D.
1737 489 2032 556 EUGYPPI
2073 487 2364 546 ABBATIS
2401 483 2722 580 AFRICANI
3729 489 3810 543 9,6.

567 638 750 706 modo,
776 635 964 706 inqutlt,
989 633 1149 690 Pater
1180 643 1302 684 eum
1327 625 1470 681 misit
1499 623 1545 679 si
1575 623 1691 693 ipse
1731 635 1791 675 se
1825 613 2004 671 misit?
2053 606 2150 664 Cui
2180 608 2233 668 Α
2255 620 2284 660 a
2312 607 2469 661 Patre
2499 605 2888 674 intelligeretur
2917 600 3106 667 Filius,
3137 608 3196 654 ut
3227 601 3700 706 tantumnmissus,
3726 623 3807 662 non

569 738 802 809 primum
829 727 1134 802 respondeo
1161 737 1409 796 quaerens
1441 729 1501 776 ut
1526 719 1693 782 dicat,
1725 713 1773 770 si
1794 717 1992 784 potest,
2016 720 2153 809 quo:

570 801 734 889 modo
756 830 912 884 Pater
932 838 1055 880 eum
1079 817 1456 885 sanctiiieavit,
1484 816 1528 871 si
1550 829 1609 869 se
1629 813 1744 882 ipse
1764 801 2154 865 sanctiﬁcavit?

571 923 866 990 Utrumque
886 916 1032 972 enim
1056 914 1198 969 idem
1230 910 1488 966 Dominus
1512 907 1589 962 ait
1621 922 1636 960 :
1663 905 1833 972 Quem
1861 901 2041 966 Pater,
2075 897 2154 950 in-

569 1018 706 1087 quit,
758 1009 1114 1069 sanctiﬁcavit
1142 1017 1196 1063 et
1235 1005 1383 1060 misit
1425 1003 1480 1058 in
1511 998 1697 1074 [hunc]
1738 994 2021 1056 mundum,
2057 1002 2153 1087 vos

571 1081 772 1176 dicitis,
805 1105 938 1173 Quia
972 1101 1328 1173 blaSpbemat,
1370 1095 1623 1167 quoniam
1662 1091 1796 1156 dixi,
1844 1084 2012 1143 Filius
2062 1081 2156 1136 Dei

569 1216 714 1259 sum.
733 1200 854 1255 Alio
875 1206 1056 1253 autem
1091 1195 1209 1250 loco
1239 1193 1313 1246 ait
1335 1209 1349 1245 :
1370 1191 1548 1259 Etpro
1568 1188 1650 1244 eis
1681 1182 1959 1240 sanctiﬁco
1989 1178 2156 1246 meip—

577 1307 724 1349 sum.
768 1291 898 1346 Item
941 1301 1127 1358 quaero
1165 1283 1438 1354 quomodo
1470 1295 1591 1336 eum
1641 1278 1796 1332 Pater
1834 1271 2075 1335 tradidit,
2110 1268 2156 1322 si

571 1385 750 1454 seipse
764 1380 1019 1439 tradidit?
1037 1380 1334 1446 Utrumque
1347 1375 1488 1431 enim
1505 1371 1633 1428 dicit
1646 1367 1920 1439 apostolus
1932 1363 2154 1420 Paulus:

572 1479 674 1546 Qui
708 1475 867 1546 Filio,
897 1474 1088 1545 inquit,
1122 1471 1338 1544 proprio
1365 1484 1471 1522 non
1501 1462 1774 1538 pepercit,
1805 1458 1901 1514 sed
1928 1471 2029 1530 pro
2057 1469 2157 1509 no-

571 1573 657 1628 bis
694 1569 942 1628 omnibus
995 1565 1212 1622 tradidit
1251 1578 1372 1620 eum
1415 1557 1633 1635 [illum].
1683 1555 1825 1613 Alibi
1871 1560 2052 1607 autem
2093 1547 2161 1605 de

572 1665 693 1736 ipso
719 1664 1000 1720 Salvatore
1032 1662 1108 1714 ait
1134 1679 1144 1712 :
1173 1659 1274 1726 Qui
1301 1672 1388 1712 me
1411 1655 1636 1719 dilexit,
1667 1655 1722 1707 α
1757 1647 1981 1706 tradidit
2011 1645 2157 1715 seip-

572 1772 692 1813 sum
720 1771 813 1825 pro
839 1771 943 1810 me.
971 1753 1168 1817 Credo,
1197 1749 1566 1820 respondebit,
1591 1746 1636 1803 si
1659 1745 1778 1800 haec
1801 1742 1968 1814 probe
1998 1740 2157 1809 sapit,

574 1854 696 1924 quia
729 1869 832 1907 una
873 1849 1122 1905 voluntas
1153 1853 1235 1901 est
1273 1845 1446 1899 Patris
1483 1853 1538 1900 et
1569 1842 1707 1910 Filii,
1737 1849 1793 1896 et
1822 1835 2159 1909 inseparabi-

574 1945 642 2002 lis
675 1945 936 2015 operatio:
968 1941 1059 1996 Sic
1093 1955 1219 2010 ergo
1259 1938 1522 2010 intelligat
1561 1937 1706 1993 illam
1734 1932 2159 1991 incarnationem

577 2048 709 2096 etex
726 2037 946 2107 Virgine
959 2035 1308 2101 nativitatem,
1330 2034 1380 2086 in
1395 2046 1498 2101 qua
1514 2031 1684 2085 Filius
1700 2028 2010 2099 intelligitur
2029 2028 2160 2080 mis-

578 2145 692 2198 sus,
731 2145 836 2184 una
875 2128 1172 2197 eademque
1218 2127 1529 2196 operatione
1561 2124 1732 2180 Patris
1762 2130 1818 2179 et
1853 2121 1976 2177 Filii
2018 2120 2161 2175 inse-

579 2223 889 2296 parabiliter
937 2237 1059 2277 esse
1103 2220 1318 2285 laetam,
1367 2233 1472 2274 non
1522 2217 1705 2288 utique
1749 2215 1876 2271 inde
1914 2223 2162 2283 separato

580 2317 780 2386 Spiritu
812 2324 1024 2379 sancto,
1045 2313 1115 2368 de
1137 2328 1242 2382 quo
1267 2321 1390 2382 apte
1421 2307 1648 2383 [aperte]
1680 2308 1875 2364 dicitur
1902 2323 1914 2359 :
1941 2305 2161 2361 Inventa
2213 2362 2222 2373 ,

581 2417 663 2465 est
690 2407 742 2463 in
776 2417 930 2462 utero
972 2407 1175 2462 habens
1214 2404 1282 2460 de
1327 2403 1530 2474 Spiritu
1573 2411 1777 2457 sancto.
1829 2399 1959 2455 Nam
2000 2399 2160 2455 etiam

581 2499 630 2555 si
680 2500 750 2554 ita
782 2513 1107 2570 quaeramus,
1160 2498 1445 2554 enodatius
1487 2496 1730 2551 fortassis
1762 2493 1905 2566 quod
1935 2493 2163 2549 dicimus

582 2594 880 2663 apparebit.
908 2591 1188 2660 Quomodo
1220 2593 1366 2646 misit
1396 2591 1532 2646 Deus
1558 2589 1750 2643 Filium
1778 2603 1930 2643 suum
1951 2587 1974 2640 ‘i
1995 2585 2166 2642 Jussit

586 2692 650 2740 ut
671 2685 901 2751 veniret,
922 2693 1095 2754 atque
1125 2683 1216 2740 ille
1247 2683 1453 2752 jubenti
1476 2681 1852 2750 obtemperans
1882 2678 2062 2743 venit;
2094 2692 2161 2731 an

583 2779 810 2852 rogavit,
847 2794 915 2834 an
966 2777 1338 2833 tantummodo
1390 2775 1704 2831 admonuit?
1753 2772 1857 2830 Sed
1887 2771 2166 2843 quodlibet

583 2869 777 2926 horum
828 2872 920 2937 sit,
973 2869 1152 2926 Verbo
1203 2868 1385 2939 utique
1432 2866 1627 2922 factum
1677 2876 1804 2921 est:
1838 2865 1931 2920 Dei
1983 2872 2162 2918 autem

585 2962 845 3024 Verbum,
901 2961 1015 3030 ipse
1037 2970 1122 3018 est
1144 2960 1242 3018 Del
1269 2960 1460 3028 Filius.
1497 2960 1835 3029 Quapropter
1878 2972 2000 3013 cum
2041 2972 2163 3012 eum

581 3055 746 3110 Pater
774 3053 951 3109 Verbo
981 3050 1149 3121 misit,
1179 3071 1209 3110 a
1239 3056 1397 3109 Patre
1424 3053 1478 3110 Εἰ
1501 3053 1680 3109 Verbo
1708 3052 1826 3123 ejus
1857 3051 2052 3106 factum
2085 3058 2168 3105 est

588 3153 648 3200 ut
670 3145 993 3200 mitteretur.
1022 3145 1165 3214 Ergo
1195 3161 1225 3200 a
1251 3145 1408 3202 Patre
1447 3156 1500 3204 et
1530 3145 1668 3202 Filio
1695 3147 1893 3200 missus
1916 3154 1999 3199 est
2024 3144 2164 3199 idem

589 3235 791 3304 Filius,
831 3235 954 3306 quia
1000 3237 1232 3292 Verbum
1287 3237 1461 3293 Patris
1500 3245 1585 3293 est
1641 3239 1756 3306 ipse
1797 3237 1983 3292 Filius.
2037 3237 2167 3302 Quis

589 3329 732 3387 enim
760 3343 821 3385 se
847 3337 952 3384 tam
976 3330 1230 3400 sacrilega
1253 3330 1437 3386 induat
1459 3331 1731 3401 Opinione.
1763 3337 1823 3385 ut
1852 3338 1997 3399 putet
2029 3338 2169 3386 tem-

589 3421 775 3492 porale
804 3421 1037 3478 Verbum
1070 3423 1287 3489 aPatre
1321 3423 1516 3479 factum
1549 3438 1692 3489 esse,
1727 3431 1785 3478 ut
1811 3428 2045 3478 aeternus
2074 3423 2168 3478 Fi—

589 3516 693 3571 lius
725 3517 1048 3584 mitteretdr,
1095 3525 1150 3573 et
1179 3518 1230 3572 in
1267 3532 1432 3573 carne
1465 3525 1750 3586 appareret
1784 3531 1851 3572 ex
1893 3517 2170 3586 tempore?

591 3607 696 3663 Sed
730 3609 910 3676 utique
933 3608 986 3662 in
1011 3609 1127 3677 ipso
1160 3609 1249 3663 Dei
1281 3608 1478 3674 Verbo,
1506 3607 1646 3678 quod
1677 3615 1791 3662 erat
1827 3607 1881 3662 in
1910 3606 2175 3676 principio

591 3703 732 3772 apud
765 3705 930 3758 Deum
961 3713 1016 3758 et
1049 3703 1187 3758 Deus
1212 3709 1363 3769 erat,
1408 3703 1460 3756 in
1509 3702 1623 3771 ipsa
1652 3700 1861 3756 scilicet
1909 3700 2171 3770 sapientia

595 3798 714 3862 Dei,
744 3798 864 3851 sine
893 3806 1135 3865 tempore
1166 3805 1280 3851 erat
1314 3812 1328 3850 :
1358 3810 1464 3866 quo
1489 3804 1730 3865 tempore
1760 3795 1905 3850 illam
1929 3794 1982 3849 in
2011 3808 2174 3850 carne

597 3902 858 3958 apparere
887 3895 1179 3956 oporteret.
1219 3889 1398 3956 Itaque
1425 3900 1546 3941 cum
1577 3888 1692 3941 sine
1718 3887 1831 3940 ullo
1863 3886 2014 3941 initio
2043 3893 2176 3941 tem-

596 3979 766 4048 poris,
798 3979 952 4033 initio
984 3977 1061 4050 [in
1095 3976 1378 4049 principio]
1409 3987 1554 4034 esset
1575 3977 1833 4046 Verbum,
1861 3987 1916 4033 et
1940 3979 2174 4035 Verbum

595 4080 740 4126 esset
772 4072 910 4141 apud
945 4071 1142 4138 Deum,
1193 4082 1246 4126 et
1279 4073 1416 4126 Deus
1447 4081 1593 4127 esset
1622 4071 1878 4138 Verbum,
1921 4073 2038 4128 sine
2065 4073 2177 4128 ullo

595 4172 837 4230 tempore
886 4163 938 4216 in
992 4163 1107 4230 ipso
1153 4162 1323 4215 Verbo
1354 4170 1490 4230 erat,
1524 4177 1630 4232 quo
1668 4172 1910 4231 tempore
1939 4163 2174 4218 Verbum

596 4269 725 4308 caro
781 4253 951 4317 ﬁere‘,
1005 4265 1058 4308 et
1099 4254 1365 4309 habitaret
1415 4255 1468 4309 in
1500 4255 1676 4311 nobis.
1729 4256 1860 4324 Quae
1898 4257 2175 4327 plenitudo

597 4345 856 4413 temporis
881 4359 1000 4398 cum
1028 4345 1284 4410 venisset,
1322 4345 1469 4403 misit
1499 4345 1640 4403 Deus
1670 4347 1865 4404 Filium
1887 4364 2042 4404 suum
2072 4350 2178 4405 rac-

596 4444 710 4488 tum
739 4451 804 4490 ex
835 4436 1080 4501 muliere,
1115 4437 1163 4489 id
1193 4445 1273 4491 est
1302 4438 1497 4492 factum
1527 4439 1578 4493 in
1613 4447 1874 4509 tempore,
1917 4450 1976 4496 ut
2005 4442 2177 4497 incar-

596 4533 781 4581 natum
811 4524 1042 4580 Verbum
1078 4525 1384 4582 hominibus
1425 4538 1746 4598 appareret:
1780 4531 1922 4601 quod
1964 4532 2016 4588 in
2061 4532 2180 4600 ipso

598 4612 781 4670 Verbo
828 4617 944 4672 sine
998 4627 1238 4687 tempore
1283 4628 1435 4689 erat,
1478 4621 1534 4676 in
1579 4637 1684 4691 quo
1729 4631 1971 4693 tempore
2000 4625 2170 4681 ﬁeret.

599 4705 745 4761 Ordo
775 4709 971 4778 quippe
998 4719 1296 4780 temporum
1328 4712 1382 4767 in
1411 4721 1612 4770 {eterna
1640 4714 1735 4771 Dei
1773 4716 2033 4784 sapientia
2062 4718 2178 4775 sine

598 4807 842 4872 tempore
869 4812 973 4858 est.
1002 4802 1134 4857 Cum
1168 4805 1345 4874 itaque
1375 4806 1475 4862 hoc
1498 4822 1527 4861 a
1553 4807 1706 4864 Patre
1735 4819 1786 4864 et
1818 4809 1955 4865 Filio
1980 4811 2176 4865 factum
2206 4787 2261 4850 Ῑ)

598 4903 762 4961 esset,
780 4895 909 4949 utin
929 4909 1087 4952 carne
1110 4897 1278 4954 Filius
1302 4911 1609 4970 appareret,
1624 4913 1987 4974 congruenter
2009 4905 2182 4962 dictus

599 4996 685 5044 est
714 4987 909 5043 missus
939 4987 1030 5044 ille
1056 4991 1144 5060 qui
1170 4991 1220 5045 in
1245 5007 1306 5047 ea
1329 5008 1491 5050 carne
1513 4997 1796 5065 apparuit;
1834 4997 1942 5068 33
1964 4997 2068 5053 mis
2088 5011 2179 5056 sse

601 5093 782 5139 autem
815 5083 904 5139 ille
943 5083 1034 5153 qui
1062 5085 1112 5138 in
1145 5100 1203 5138 ea
1232 5101 1332 5140 non
1366 5091 1634 5158 apparuit.
1659 5090 1922 5158 Quoniam
1947 5092 2036 5147 illa
2067 5109 2184 5163 qua

598 5193 782 5234 coram
824 5179 1099 5250 corporeis
1142 5181 1310 5236 oculis
1344 5179 1474 5237 foris
1504 5194 1785 5255 geruntur,
1830 5189 1897 5243 ab
1930 5188 2185 5246 interiore

601 5279 857 5340 apparatu
877 5283 1080 5328 naturae
1099 5273 1352 5344 Spiritalis
1363 5277 1976 5352 existunt,etpropterea
1991 5292 2184 5339 etcen-

604 5364 886 5434 venienter
917 5367 1076 5420 missa
1105 5368 1375 5423 dicuntur.
1409 5369 1599 5426 Forma
1629 5373 1828 5442 quippe
1859 5373 2065 5444 [porro]
2096 5377 2183 5432 illa

601 5458 846 5528 suscepti
890 5457 1146 5527 hominis,
1191 5461 1310 5517 Filii
1357 5478 1585 5532 persona
1616 5475 1721 5532 est,
1755 5482 1861 5523 non
1893 5470 2053 5524 etiam
2088 5471 2187 5526 Pa-

607 5549 731 5606 tris.
756 5548 1092 5620 Quapropter
1131 5552 1290 5610 Pater
1334 5557 1618 5616 invisibilis
1648 5576 1751 5614 una
1781 5577 1901 5618 cum
1933 5563 2073 5620 Filio
2103 5581 2187 5622 se-

605 5656 728 5697 cum
768 5643 1046 5708 invisibili,
1101 5647 1344 5704 eumdem
1378 5649 1572 5706 Filium
1613 5653 1878 5713 visibilem
1920 5657 2188 5730 iaciendo,

604 5734 821 5789 misisse
845 5752 967 5791 eum
1001 5737 1174 5793 dictus
1201 5752 1281 5797 est
1314 5760 1326 5798 :
1355 5746 1506 5814 quasi
1538 5747 1649 5821 [qui
1680 5746 1750 5820 si]
1781 5765 1845 5806 eo
1875 5752 2035 5808 modo
2065 5755 2189 5810 visi-

611 5823 737 5880 bilis
767 5826 934 5894 ﬁeret,
981 5840 1038 5883 ut
1067 5848 1187 5887 cum
1227 5835 1378 5892 Patre
1403 5837 1692 5896 invisibilis
1720 5857 1842 5900 esse
1869 5843 2180 5915 desisteret,

608 5917 660 6012 id
694 5931 797 6012 est,
836 5922 880 5976 si
911 5924 1208 5981 substantia
1249 5931 1528 5990 invisibilis
1563 5935 1740 6002 Verbi,
1795 5938 1848 5994 in
1880 5947 2184 6001 creaturam

608 6005 872 6063 visibilem
903 6022 1102 6067 mutata
1131 6027 1186 6071 et
1214 6021 1480 6078 transiens
1507 6035 1842 6096 verteretur,
1889 6034 1960 6088 ita
1989 6033 2183 6092 missus

2193 3369 2243 3447 ε

2256 699 2416 753 etiam
2451 714 2569 751 cum
2606 698 2762 752 Patre
2787 697 3007 750 mittens
3028 695 3382 749 inveniretur.
3429 692 3568 747 Cum
3599 711 3717 750 vero
3749 703 3808 756 sic

2255 799 2467 860 accepta
2502 788 2626 862 [est]
2672 790 2839 844 forma
2874 787 3038 854 servi,
3073 795 3128 840 ut
3159 797 3400 842 maneret
3431 786 3806 849 incommutabi-

2256 879 2323 936 lis
2351 880 2522 938 forma
2551 882 2666 948 Dci,
2717 879 3058 935 manifestum
3099 886 3182 932 est
3207 875 3348 947 quod
3379 892 3410 932 a
3435 876 3602 934 Patre
3629 891 3678 934 et
3703 881 3805 939 Filio

2256 989 2361 1030 non
2388 976 2760 1045 apparentibus
2787 975 2979 1028 factum
3009 973 3080 1027 sit
3102 969 3242 1042 quod
3270 982 3566 1040 appareret
3593 974 3643 1026 in
3668 975 3795 1043 Filio,

2259 1065 2310 1119 id
2341 1075 2442 1134 est,
2490 1065 2591 1140 [ut]
2619 1067 2684 1121 ab
2715 1065 2963 1120 invisibili
3012 1065 3166 1119 Patre
3188 1105 3203 1131 ,
3234 1080 3357 1119 cum
3389 1065 3649 1120 invisibili
3679 1068 3796 1134 Filio,

2258 1158 2398 1214 idem
2442 1161 2552 1226 ipse
2585 1159 2747 1213 Filius
2799 1157 3025 1213 visibilis
3077 1156 3402 1211 mitteretur.
3435 1154 3550 1211 Cur
3575 1173 3693 1229 ergo
3715 1163 3796 1216 ait:

2261 1251 2330 1308 Et
2366 1269 2396 1307 a
2418 1255 2623 1322 meipso
2666 1269 2768 1305 non
2800 1252 2958 1306 veni?
2997 1250 3113 1306 .lam
3150 1249 3252 1304 hoc
3276 1251 3576 1306 secundum
3623 1251 3797 1308 fortnam

2263 1347 2409 1402 servi
2437 1347 2637 1401 dictum
2667 1356 2771 1411 est,
2826 1334 3119 1400 secundum
3162 1343 3307 1414 quod
3347 1343 3556 1398 dictum
3595 1355 3687 1411 est,
3723 1347 3797 1417 Ego

2267 1459 2374 1499 non
2404 1443 2584 1513 judico
2633 1456 2977 1512 quemquam.
3023 1438 3081 1494 Si
3111 1453 3238 1509 ergo
3289 1438 3494 1492 missus
3540 1439 3730 1504 dicitur,
3763 1441 3794 1494 in

2263 1544 2516 1607 quantum
2545 1535 2791 1604 apparuit
2826 1533 2954 1588 foris
2985 1532 3035 1586 in
3067 1539 3313 1586 creatura
3335 1531 3629 1599 corporali,
3651 1533 3726 1602 qui
3745 1533 3793 1586 in-

2264 1639 2349 1686 tus
2379 1631 2430 1684 in
2475 1638 2664 1684 natura
2711 1626 2937 1697 Spiritall
2970 1626 3138 1680 oculis
3169 1624 3487 1678 mortalium
3528 1640 3793 1696 semperes-

2264 1722 2442 1779 cultus
2483 1731 2585 1788 est,
2620 1722 2729 1790 jam
2769 1722 2818 1774 in
2852 1718 3118 1788 ‘hromptu
3147 1728 3230 1773 est
3267 1718 3573 1789 intelligere
3597 1721 3726 1774 etiam
3745 1723 3792 1775 de

2263 1813 2465 1883 Spiritu
2507 1823 2715 1879 sancto,
2746 1827 2840 1865 cur
2869 1821 2925 1865 et
2947 1811 3063 1881 ipse
3096 1809 3291 1864 missus
3319 1808 3552 1864 dicatur.
3587 1809 3708 1864 Facta
3723 1819 3784 1864 est

2266 1906 2407 1960 enim
2438 1904 2688 1975 qumdam
2722 1911 2984 1958 creatura:
3013 1903 3220 1972 species
3251 1915 3320 1956 ex
3355 1910 3612 1970 tempore,
3646 1902 3684 1956 in
3704 1917 3778 1971 qua

2190 1991 2240 2055 Β
2265 1999 2548 2056 visibiliter
2595 1998 2972 2054 ostenderetur
3014 1997 3244 2066 Spiritus
3274 2005 3512 2061 sanctus,
3564 1997 3660 2052 sive
3693 2011 3784 2052 cu

2265 2093 2318 2149 in
2343 2094 2512 2163 ipsum
2538 2093 2822 2148 Dominum
2845 2090 3114 2160 corporali
3130 2090 3310 2160 specie
3333 2091 3477 2146 velut
3497 2090 3714 2146 columba
3728 2105 3790 2144 as-

2263 2187 2445 2244 cendit
2474 2186 2549 2258 [in
2579 2187 2750 2255 ipsum
2777 2183 3066 2239 Dominum
3095 2183 3356 2253 corporali
3381 2182 3549 2253 specie
3570 2183 3697 2236 velut
3720 2197 3792 2237 co-

2266 2279 2448 2335 lumba
2487 2274 2815 2347 descendit],
2861 2277 2976 2332 sive
3007 2291 3127 2331 cum
3179 2275 3346 2330 decem
3383 2274 3562 2329 diebus
3587 2277 3790 2344 peractis

2269 2380 2391 2442 post
2435 2370 2809 2424 ascensionem
2842 2367 3031 2442 [ejus],
3064 2366 3153 2422 die
3187 2366 3506 2422 Pentecostes
3533 2366 3688 2422 iactus
3725 2378 3792 2422 est

2266 2463 2445 2520 subito
2487 2464 2554 2519 de
2603 2464 2743 2519 coelo
2797 2477 2984 2528 sonus,
3030 2461 3182 2530 quasi
3225 2458 3450 2514 ferretur
3480 2462 3622 2514 ﬂatus
3655 2459 3787 2516 vehe-

2267 2571 2439 2622 mens,
2474 2565 2527 2611 et
2569 2557 2698 2610 visae
2725 2561 2848 2611 'sunt
2891 2554 3001 2610 illis
3046 2555 3239 2624 lingua:
3285 2553 3470 2608 divisae
3514 2555 3634 2608 sicut
3659 2554 3775 2622 ignis,

2266 2651 2358 2719 qui
2385 2660 2440 2705 et
2468 2649 2665 2706 insedit
2689 2665 2850 2720 super
2871 2663 3309 2718 unumquemque
3333 2661 3540 2703 eorum.
3566 2648 3666 2703 liae
3687 2663 3776 2717 ope

2266 2741 2406 2798 ratio
2436 2741 2720 2798 visibiliter
2749 2754 3027 2811 expressa,
3064 2739 3158 2812 [et]
3191 2739 3369 2795 oculis
3401 2740 3563 2795 oblata
3589 2739 3756 2793 momn-

2267 2833 2391 2901 bus,
2425 2836 2609 2890 missio
2653 2835 2883 2906 Spiritus
2921 2834 3092 2889 sancti
3134 2833 3281 2888 dicta
3320 2842 3455 2889 est:
3487 2850 3564 2887 noti
3587 2844 3754 2898 mappa-

2269 2938 2415 2984 reret
2444 2929 2561 2999 ejus
2604 2923 2716 2998 ipsa
2748 2929 3066 2993 substantia,
3113 2943 3214 2997 qua
3245 2935 3304 2981 et
3337 2928 3466 2994 ipse
3490 2924 3690 2980 invisibilis
3712 2931 3750 2974 et

2271 3019 2725 3074 incommutabilis
2757 3027 2841 3075 est
2892 3021 3030 3073 sicut
3061 3018 3217 3072 Pater
3247 3028 3302 3071 et
3339 3017 3530 3080 Filius,
3553 3013 3761 3067 sedate:-

2270 3113 2559 3166 terioribus
2587 3110 2716 3165 visis
2743 3110 3019 3164 hominum
3050 3107 3212 3164 corda
3241 3117 3547 3168 commota,
3578 3120 3601 3158 a
3625 3112 3769 3168 tet-pa-

2270 3204 2368 3259 rali
2400 3203 2838 3260 manifestatione
2866 3202 3152 3266 venientis,
3195 3201 3261 3254 ad
3293 3201 3554 3255 occultam
3580 3201 3774 3252 aeternita-

2273 3303 2378 3354 tem
2401 3311 2615 3366 semper
2644 3295 2944 3365 praesentis,
2978 3303 3444 3350 converterentur.

2809 3410 3036 3467 CAPUT
3078 3407 3326 3465 CCXL".

2277 3524 2354 3580 De
2382 3525 2492 3581 solo
2515 3539 2631 3579 vero
2664 3523 2773 3578 Deo
2807 3521 2966 3578 Patre
2999 3530 3045 3576 et
3078 3521 3217 3575 Filio
3244 3530 3295 3575 et
3317 3519 3514 3589 Spiritu
3542 3523 3710 3578 sancto,
3741 3523 3783 3566 es

2673 3593 2805 3652 libro
2830 3611 2880 3651 vr
2907 3596 2970 3650 de
2999 3594 3270 3660 Trinitate,
3293 3595 3374 3647 tit.
3400 3592 3454 3647 9.

2354 3712 2427 3766 Ex
2476 3709 2686 3766 Domini
2740 3709 3045 3766 testimonio
3095 3716 3150 3764 et
3201 3707 3407 3763 Patrem
3454 3717 3600 3758 unum
3641 3712 3796 3754 rerum

2278 3800 2445 3858 Deum
2468 3801 2717 3869 dicimus,
2746 3811 2799 3858 et
2820 3801 3013 3856 Filium
3037 3813 3203 3856 unum
3234 3813 3406 3855 verum
3431 3797 3601 3856 Dentiu-
3625 3798 3674 3846 et
3691 3789 3800 3859 Spi-

2277 3894 2437 3950 ritum
2469 3903 2710 3951 sanctum
2757 3893 2970 3968 [unum]
3002 3911 3186 3951 verum
3217 3895 3364 3950 Deum
3397 3897 3488 3945 ιιι
3515 3886 3663 3944 simul
3699 3884 3789 3938 Pa-

2281 3997 2419 4045 trem
2450 3997 2506 4044 et
2552 3989 2744 4044 Filiutn
2787 3999 2841 4044 et
2883 3988 3143 4058 Spiritum
3183 3982 3527 4050 sanetum-,id
3565 3985 3646 4037 est
3667 3975 3806 4034 simul

2280 4082 2451 4151 ipsam
2477 4080 2792 4134 Trinitatem
2818 4122 2832 4147 ,
2883 4094 2989 4134 non
3026 4089 3133 4134 tres
3178 4092 3338 4134 veros
3366 4078 3515 4141 deos,
3557 4071 3643 4126 sed
3671 4080 3804 4124 unum

2280 4189 2468 4230 verum
2498 4173 2689 4229 Deum.
2724 4174 2803 4228 An
2837 4173 3090 4244 quoniam
3132 4172 3360 4240 addidit,
3398 4170 3462 4225 Et
3488 4181 3634 4239 quem
3657 4163 3805 4220 misisti

2281 4266 2462 4322 Jesum
2523 4264 2822 4331 Christum,
2849 4264 3277 4321 subaudiendum
3333 4271 3444 4332 est,—
3479 4275 3630 4316 unum
3668 4267 3806 4313 rerum

2283 4362 2471 4428 Deum,
2515 4368 2569 4417 et
2596 4361 2729 4416 ordo
2767 4361 3048 4419 verborum
3094 4367 3178 4415 est
3209 4375 3224 4412 :
3255 4358 3324 4416 Ut
3392 4369 3449 4415 te
3490 4367 3543 4413 et
3577 4368 3709 4426 quem
3731 4350 3803 4404 mi-

2283 4457 2402 4511 sisti
2469 4455 2652 4511 Jesum
2717 4453 2992 4512 Christum
3056 4451 3390 4525 cognoscant
3459 4464 3622 4506 unum
3675 4455 3800 4498 verum

2287 4546 2489 4602 Deum?
2541 4546 2648 4603 Cur
2690 4563 2819 4618 ergo
2859 4547 3024 4603 tacuit
3094 4547 3162 4602 de
3208 4545 3418 4614 Spiritu
3494 4541 3694 4600 saneto?
3740 4536 3792 4587 An

2291 4640 2543 4708 quoniam
2587 4655 2923 4708 consequens
2970 4648 3072 4704 est,
3125 4649 3181 4694 ut
3227 4639 3547 4707 ubicunque
3583 4631 3802 4691 nutriunturr

2292 4744 2476 4796 unum,
2510 4739 2651 4787 tanta
2675 4746 2807 4802 pace
2849 4733 2937 4788 uni
2958 4731 3262 4798 adhaerens,
3295 4739 3353 4785 ut
3383 4745 3492 4800 per
3517 4730 3650 4784 hanc
3673 4731 3814 4778 utrum-

2290 4839 2391 4892 qno
2423 4839 2584 4878 unum
2612 4825 2719 4878 sint
2750 4823 2897 4896 [sit],
2942 4823 3052 4892 jam
3093 4837 3157 4877 ex
3201 4822 3302 4877 ltoc
3345 4822 3680 4892 intelligatur
3709 4813 3817 4869 etiam

2290 4922 2403 4990 ipsa
2429 4933 2553 4990 pax,
2595 4918 2836 4988 quamvis
2877 4931 2982 4971 non
3014 4915 3522 4971 commemoretur?
3554 4913 3677 4968 Nam
3697 4915 3740 4963 et
3766 4900 3822 4956 ill!3

2291 5015 2410 5069 loco
2434 5013 2721 5083 Apostolus
2749 5009 2960 5064 videtur
2987 5010 3138 5081 quasi
3173 5009 3609 5077 praetermittere
3632 4999 3827 5073 Spiritum

2292 5116 2535 5162 sanctum
2569 5120 2584 5159 :
2617 5113 2672 5159 et
2714 5111 2889 5158 tamen
2932 5103 3005 5157 ibi
3044 5101 3358 5170 intelligitur
3407 5101 3509 5154 ubi
3559 5098 3663 5164 ait,
3698 5088 3831 5150 Omni!

2293 5205 2488 5262 vestra,
2522 5211 2618 5252 vos
2659 5205 2836 5251 autem
2869 5193 3095 5261 Christi,
3145 5193 3394 5249 Christus
3429 5200 3624 5248 autem
3657 5188 3768 5244 Dei:
3802 5189 3834 5233 ει

2297 5293 2490 5346 iterum
2527 5309 2538 5343 :
2573 5291 2743 5359 Caput
2770 5288 3012 5342 mulieris
3041 5287 3142 5351 vir,
3169 5281 3326 5355 caput
3352 5285 3467 5339 viri
3502 5279 3756 5342 Christus,
3780 5287 3839 5328 ca-

2296 5395 2389 5455 put
2415 5391 2594 5438 autem
2623 5381 2817 5438 Christi
2849 5379 3012 5436 Deus.
3041 5379 3145 5435 Sed
3185 5391 3372 5433 rursus
3398 5378 3452 5432 si
3487 5377 3638 5433 Deus
3663 5388 3754 5428 nos
3776 5364 3845 5421 nisi

2297 5478 2475 5533 omnia
2514 5476 2670 5532 simul
2702 5475 2823 5542 tria,
2866 5475 3138 5545 quomodo
3168 5483 3328 5542 caput
3369 5471 3595 5527 Christi
3643 5471 3780 5528 Deus,
3815 5459 3848 5512 id

2296 5581 2397 5636 est,
2429 5578 2586 5639 caput
2607 5569 2804 5625 Christi
2833 5567 3088 5633 Trinitas,
3109 5581 3229 5621 cum
3258 5566 3311 5619 tn
3338 5566 3624 5619 Trinitate
3652 5564 3717 5617 sit
3737 5554 3854 5613 Chri-

2296 5674 2430 5735 stus,
2457 5672 2514 5720 ut
2551 5663 2624 5718 sit
2647 5661 2918 5718 Trinitas?
2947 5662 3029 5717 An
3058 5659 3201 5731 quod
3231 5668 3314 5714 est
3357 5657 3537 5714 Pater
3566 5670 3688 5712 cum
3727 5647 3854 5709 Filio.

2294 5762 2454 5828 caput
2476 5766 2559 5815 est
2587 5757 2638 5815 ei
2669 5755 2809 5826 quod
2830 5765 2914 5810 est
2953 5754 3101 5809 solus
3137 5750 3344 5808 Filius?
3383 5748 3542 5806 Cum
3590 5749 3726 5806 Filio
3753 5744 3860 5799 enim

2295 5851 2451 5908 Pater
2476 5852 2636 5916 Deus,
2669 5850 2814 5906 solus
2834 5856 3012 5904 autem
3038 5845 3207 5901 Filius
3236 5843 3496 5901 Christus
3529 5853 3653 5900 est:
3680 5838 3865 5896 maxime

2293 5946 2412 6016 quia
2438 5945 2546 6014 jam
2580 5943 2812 6000 Verbum
2841 5957 2967 5997 euro
3013 5942 3208 5996 factum
3256 5937 3510 6008 loquitur
3534 5979 3550 6002 ,
3615 5931 3869 5993 secundum

2294 6055 2451 6106 fluam
2481 6040 2836 6096 humilitatem
2865 6031 3298 6109 [humanitatem]
3335 6030 3467 6100 ejus
3526 6034 3702 6090 etiam
3733 6025 3868 6095 major
