3986 6382
226 419 332 478 917

1408 417 1842 478 THESAURUS.
1885 416 2043 476 CAP.
2083 411 2353 474 CCXL“.

3395 412 3501 470 918

221 553 312 601 est
339 543 518 609 Pater,
546 542 685 596 sicut
713 538 859 608 dicit,
911 539 1174 608 Quoniam
1206 527 1365 593 Pater
1387 538 1558 607 major
1588 549 1674 591 me
1699 539 1805 599 est,
1835 531 1893 600 Α
1915 528 2024 601 34.
2048 529 2409 599 disputatione
2433 526 2695 598 perduxi,
2727 534 2932 582 remota
2962 525 3353 595 disputatione,
3375 527 3499 583 bre-

220 645 287 692 ut
307 635 410 693 hoc
438 636 613 706 ipsum
645 632 814 690 Deum
846 625 994 701 esse,
1021 631 1163 703 quod
1192 629 1273 686 illi
1305 645 1428 686 cum
1458 627 1617 685 Patre
1645 639 1808 682 unum

219 737 330 798 est,
376 738 535 802 caput
562 730 632 786 sit
659 727 894 802 hominis
934 726 1277 791 Mediatoris,
1328 721 1470 794 quod
1505 722 1620 794 ipse
1663 720 1809 776 solus

219 833 328 880 est.
357 821 415 881 Si
447 823 591 879 enim
623 829 857 879 mentem
881 830 1029 878 recte
1057 819 1284 875 dicimus
1308 815 1603 887 principale
1627 811 1808 869 itemi-

216 918 329 986 nis,
370 917 423 974 id
454 925 537 974 est
577 925 828 989 tanquam
854 923 1013 986 caput
1038 914 1286 970 humanae
1315 911 1658 978 substantiae,
1683 911 1805 964 cum

216 1010 338 1081 ipse
367 1010 529 1066 homo
548 1025 669 1066 cum
702 1019 880 1066 mente
907 1009 978 1065 sit
1003 1009 1191 1073 homo,
1220 1023 1316 1064 cur
1344 1023 1451 1062 non
1482 1006 1649 1060 multo
1676 1019 1809 1060 con-

213 1101 500 1171 gruentius
527 1102 800 1173 multoque
828 1101 998 1173 magis
1032 1100 1260 1156 Verbum
1292 1112 1414 1154 cum
1453 1096 1617 1154 Patre
1664 1087 1806 1166 quod

216 1195 380 1249 simul
409 1195 550 1252 Deus
577 1206 678 1265 est,
710 1204 871 1266 caput
893 1204 978 1252 est
1005 1193 1228 1263 Christi,
1265 1191 1510 1264 quamvis
1557 1189 1805 1247 Christus

217 1289 407 1357 homo,
449 1289 553 1346 nisi
585 1305 707 1346 cum
736 1289 916 1347 Verbo
951 1290 1094 1360 quod
1121 1301 1250 1348 care
1277 1288 1478 1344 factum
1504 1296 1615 1353 est,
1645 1285 1806 1342 intel-

222 1382 316 1454 ligi
338 1398 444 1440 non
475 1385 676 1454 possit?

747 1495 975 1558 CAPUT
1005 1491 1276 1558 CCXLI“.

219 1595 298 1650 De
330 1613 387 1651 eo
414 1595 552 1668 quod
598 1596 670 1649 ait
715 1594 992 1667 Apostolus
1020 1596 1183 1649 virum
1222 1611 1328 1650 esse
1367 1593 1645 1668 imaginem
1683 1589 1802 1659 Dei,

288 1669 551 1792 mutigrem
597 1668 817 1738 gloriam
865 1667 981 1734 viri,
1031 1683 1095 1722 ex
1137 1667 1266 1722 libro
1314 1669 1375 1722 de
1405 1667 1655 1720 Trinitate
1707 1677 1802 1735 χιι,

288 1750 370 1794 ιιι.
452 1778 466 1793 .

1916 623 2053 679 viter
2079 635 2399 692 congeram:
2418 628 2476 678 et
2495 623 2749 691 tanquam
2778 620 2878 675 sub
2900 635 3010 675 uno
3038 618 3235 675 mentis
3259 627 3502 690 aspectu,

1913 715 2022 772 bon
2094 716 2540 788 quemadmodum
2601 727 2690 771 res
2752 727 2978 785 quaeque
3037 715 3347 785 persuasit,
3406 712 3502 770 add

1909 807 2026 880 ipsa
2047 807 2167 880 quae
2191 821 2449 879 persuasa
2481 815 2643 874 sunt,
2686 821 2916 878 ponam;
2948 814 3016 864 ne
3059 818 3165 863 tam
3213 809 3370 878 longe
3390 808 3503 865 sint

1909 899 1942 959 'a
1969 903 2396 974 praecedentibus
2421 902 2824 974 consequentia,
2853 911 2912 958 ut
2940 902 3266 958 oblivionem
3294 912 3499 973 praece-

1912 993 2152 1051 dentium
2180 994 2341 1051 iaciat
2392 994 2653 1065 inspectio
2703 997 3180 1074 consequentium,
3213 1005 3306 1050 aut
3352 1005 3499 1052 certe

1911 1089 1957 1145 si
1987 1091 2197 1158 iecerit,
2224 1089 2331 1144 cito
2355 1089 2520 1160 possit
2552 1090 2696 1161 quod
2725 1090 2989 1147 exciderit
3008 1071 3302 1161 1'8!me
3323 1089 3497 1146 recol-

1912 1181 2026 1256 ligi.
2060 1183 2118 1240 In
2154 1185 2328 1255 primo
2357 1181 2526 1249 libro,
2556 1185 2856 1241 secundum
2914 1185 3224 1257 Scripturas
3279 1194 3496 1241 sanctas

1909 1279 2090 1334 Imitas
2123 1286 2177 1334 et
2199 1277 2479 1350 aequalitas
2523 1292 2745 1334 summa:
2792 1278 2939 1335 illius
2980 1277 3260 1336 Trinitatis
3317 1289 3497 1335 osten-

1906 1368 2075 1426 ditur.
2107 1370 2164 1427 ln
2195 1370 2434 1426 secundo
2485 1373 2540 1425 et
2566 1369 2754 1439 tertio,
2785 1378 2843 1427 et
2897 1379 3117 1443 quarto,
3149 1371 3359 1428 eadem.
3387 1369 3496 1429 Sed

1906 1460 1976 1518 de
2005 1459 2125 1518 Filii
2155 1461 2414 1518 missione
2439 1470 2495 1518 et
2522 1460 2753 1530 Spiritus
2790 1464 2963 1518 sancti
3014 1463 3304 1534 diligenter
3347 1477 3496 1534 quar-

1907 1553 2014 1609 stio
2047 1561 2374 1625 pertractata
2419 1557 2531 1608 tres
2563 1553 2729 1609 libros
2762 1552 2911 1621 fecit,
2960 1553 3496 1626 demonstratumqua

1907 1653 2011 1712 est,
2070 1659 2177 1700 non
2229 1643 2354 1700 ideo
2403 1643 2668 1701 minorem
2725 1645 2975 1702 mittente
3028 1647 3118 1717 qui
3171 1646 3366 1703 missus
3414 1653 3499 1704 est

1904 1735 2232 1814 [mittentem
2272 1753 2340 1796 eo
2368 1741 2460 1811 qui
2488 1742 2688 1796 missus
2740 1737 2869 1813 est],
2919 1739 3050 1809 quia
3088 1739 3180 1796 ille
3219 1741 3382 1806 misit,
3410 1740 3495 1797 hic

286 1854 345 1912 Si
376 1869 505 1924 ergo
533 1853 725 1927 spiritu
757 1851 953 1910 mentis
983 1860 1186 1910 nostra:
1219 1857 1565 1919 renovamur,
1605 1855 1660 1906 et
1683 1849 1799 1918 ipse

1905 1832 2101 1887 missus
2123 1841 2248 1888 est:
2284 1847 2404 1888 cum
2450 1831 2685 1890 Trinitas
2726 1846 2849 1903 qua
2902 1847 2998 1903 per
3045 1833 3223 1888 omnia
3272 1833 3493 1905 aequalis

215 1957 296 2004 est
319 1917 487 2003 novus
514 1917 677 2002 homo
696 1948 786 2017 qui
816 1955 1104 2004 renoVatur
1128 1947 1180 2000 in
1200 1946 1529 2017 ‘agnitibnem
1552 1917 1676 2013 Dei,
1707 1917 1797 1998 se-
1826 1917 1878 1994 θ
1903 1934 2006 2017 βεῑτ
2041 1925 2241 2017 ρδῖίίθτ
2268 1939 2481 2017 quoque
2525 1925 2581 1980 ίη
2627 1937 2724 1980 sua
2781 1931 2974 2017 “aii-ira
3038 1922 3408 2017 immliiabiiisi
3439 1931 3496 1980 ει

216 2039 448 2094 cundum
495 2038 784 2109 imaginem
816 2038 934 2108 ejus
976 2041 1066 2109 qui
1097 2037 1298 2093 creavit
1339 2051 1493 2102 eum,
1535 2035 1669 2090 nulli
1696 2033 1796 2089 du-

215 2133 360 2188 bium
401 2142 504 2200 est,
549 2148 655 2189 non
689 2131 980 2190 secundum
1015 2139 1230 2204 corpus,
1286 2145 1460 2199 neque
1500 2127 1796 2185 secundum

217 2227 510 2297 quamlibet
542 2229 705 2282 animi
737 2233 963 2298 partem,
1016 2227 1110 2283 sed
1139 2227 1434 2283 secundum
1477 2223 1796 2280 rationalem

217 2330 476 2386 mentem,
495 2322 583 2376 ubi
609 2329 783 2390 potest
803 2335 922 2378 esse
940 2321 1137 2391 agnitio
1159 2320 1279 2387 Dei,
1304 2318 1575 2373 hominem
1598 2314 1796 2371 factum

219 2411 283 2465 ad
313 2412 598 2482 imaginem
624 2413 762 2482 ejus,
795 2415 884 2483 qui
913 2414 1117 2468 creavit
1141 2419 1287 2469 eum.
1317 2409 1627 2467 Secundum
1658 2408 1798 2465 hanc

217 2511 396 2559 autem
445 2508 886 2574 renovationem,
947 2505 1211 2560 efﬁcimur
1267 2505 1429 2560 etiam
1495 2503 1588 2558 illii
1664 2502 1796 2570 Dei,

216 2605 314 2664 per
337 2597 657 2664 baptismum
673 2597 898 2664 Christi,
919 2605 972 2653 et
992 2587 1278 2654 induentes
1302 2611 1498 2652 novum
1523 2597 1796 2652 hominem

213 2687 510 2757 Christum,
544 2692 726 2761 utique
773 2692 1041 2746 induimur
1070 2695 1167 2762 'per
1197 2690 1374 2746 ﬁdem.
1403 2690 1534 2758 Quis
1561 2698 1645 2745 est
1671 2703 1799 2759 ergo

215 2779 309 2848 Qui
345 2780 414 2835 ab
446 2780 548 2838 hoc
572 2787 842 2838 consortio
867 2784 1094 2839 feminas
1135 2783 1333 2839 alienet
1357 2825 1370 2849 ,
1419 2797 1539 2838 cum
1570 2783 1676 2839 sint
1703 2799 1800 2838 no-

214 2872 419 2928 biscum
443 2876 629 2945 gratim
659 2877 1001 2942 cohmrcdes,
1034 2877 1217 2934 etalio
1250 2879 1368 2933 loco
1395 2877 1537 2933 idem
1569 2882 1798 2948 Aposto-

213 2963 297 3019 lus
325 2963 468 3019 dicat
499 2985 511 3018 :
538 2969 734 3022 Omnes
764 2970 906 3023 enim
940 2969 1032 3025 [liii
1077 2971 1167 3025 Dei
1204 2971 1351 3037 estis,
1410 2986 1503 3039 per
1544 2969 1700 3026 iidem
1744 2972 1796 3026 in

211 3057 439 3116 Christo
471 3059 594 3114 Jcsu
622 3078 636 3120 :
661 3061 976 3133 Quicunque
1017 3064 1159 3119 enim
1195 3064 1246 3119 in
1284 3065 1500 3120 Christo
1545 3064 1796 3134 baptizati

212 3155 363 3222 cstis,
412 3150 684 3210 Christum
739 3156 985 3211 iuziuiStis
1018 3172 1032 3209 :
1068 3172 1173 3211 non
1225 3167 1307 3212 est
1355 3157 1574 3212 .ludzcus
1625 3171 1796 3227 neque

214 3245 458 3309 Graecus,
487 3261 588 3301 non
623 3255 701 3302 est
731 3259 917 3301 servus
947 3260 1122 3320 neque
1155 3247 1307 3315 liber,
1340 3263 1444 3303 non
1468 3258 1550 3304 est
1582 3263 1795 3305 mascu-

213 3325 299 3391 lus
337 3341 386 3391 et
419 3336 636 3410 [neque]
665 3337 861 3393 i'emina
896 3345 1123 3394 :omnes
1155 3341 1296 3395 enim
1330 3345 1423 3396 vos
1454 3357 1615 3397 unum
1667 3343 1797 3399 estis

215 3427 272 3483 in
299 3427 512 3483 Christo
541 3428 710 3484 Jesu?
740 3429 1112 3500 Nunquidnam
1140 3432 1300 3500 igitur
1349 3432 1532 3486 lideles
1582 3431 1799 3490 femina:

212 3535 401 3578 sexum
429 3524 674 3592 corporis
702 3525 1036 3579 amiserunt?
1063 3525 1167 3580 Sed
1197 3525 1319 3593 quia
1349 3525 1419 3579 ibi
1467 3536 1798 3581 renovantur

211 3613 284 3671 ad
314 3614 596 3685 imaginem
626 3613 742 3681 Dei,
774 3613 864 3671 ubi
895 3629 1058 3671 sexus
1087 3615 1264 3674 nullus
1286 3625 1389 3684 est,
1421 3615 1493 3672 ibi
1528 3618 1700 3673 factus
1718 3626 1802 3675 est

215 3704 380 3763 homo
410 3703 474 3762 ad
505 3705 792 3776 imaginem
810 3699 926 3774 Dei,
951 3708 1039 3764 ubi
1069 3723 1226 3764 sexus
1253 3709 1431 3765 nullus
1461 3718 1562 3776 est,
1598 3705 1700 3765 hoc
1720 3719 1802 3767 est

211 3795 269 3854 in
286 3795 475 3867 spiritu
493 3799 688 3856 mentis
703 3809 835 3855 sum.
853 3801 962 3855 Cur
975 3815 1102 3870 ergo
1119 3789 1201 3855 vir
1219 3807 1501 3872 propterea
1517 3811 1622 3856 non
1643 3801 1802 3859 debet

211 3889 376 3958 Caput
416 3891 619 3963 velare,
669 3891 793 3962 quia
831 3893 1006 3964 imago
1045 3903 1126 3950 cst
1154 3891 1208 3950 et
1235 3887 1401 3966 gloria
1442 3895 1564 3963 Dei;
1610 3897 1802 3955 mulier

213 3987 396 4037 autem
439 3972 618 4051 debet,
651 3977 773 4052 'quia
805 3975 976 4054 gloria
1011 3986 1113 4042 viri
1141 3996 1224 4041 est
1249 4007 1258 4040 :
1287 3985 1441 4057 quasi
1472 3989 1664 4044 mulier
1694 4006 1801 4046 non

214 4079 507 4128 renovetur
550 4077 599 4129 in
633 4075 821 4144 spiritu
868 4079 1067 4132 mentis
1101 4093 1231 4144 sure,
1283 4081 1372 4150 qui
1415 4091 1704 4138 renovatur
1746 4083 1802 4141 in

214 4165 543 4250 agnitionem
589 4167 683 4224 Dei
714 4161 1006 4226 secundum
1042 4171 1328 4242 imaginem
1361 4173 1476 4244 ejus
1504 4173 1593 4245 qui
1625 4175 1802 4232 creavi

213 4250 408 4318 illum?
433 4259 537 4317 Sed
569 4253 690 4333 quia
722 4277 852 4319 sexu
886 4263 1127 4335 corporis
1156 4265 1367 4323 distata
1394 4267 1529 4336 viro,
1579 4269 1680 4326 rite
1711 4287 1804 4341 po-

212 4353 319 4410 tuit
342 4354 393 4410 in
423 4357 541 4425 eius
567 4349 832 4429 corporali
863 4357 1170 4416 velamento
1201 4355 1417 4432 figurari
1445 4379 1568 4434 pars
1597 4361 1686 4420 illa
1718 4380 1804 4421 ra-

214 4445 402 4512 tionis,
453 4461 572 4519 qute
601 4449 668 4506 ad
700 4445 1014 4532 temporalia
1056 4452 1400 4524 gubernanda
1444 4447 1704 4525 flectitur,
1747 4467 1805 4514 ut

210 4551 326 4595 non
359 4537 572 4596 maneat
596 4539 772 4614 imago
793 4537 909 4611 Dei,
945 4543 1046 4601 nisi
1069 4551 1135 4601 ex
1159 4562 1259 4617 qua
1285 4554 1435 4617 parte
1457 4565 1609 4607 mens
1641 4542 1805 4608 homi-

210 4631 301 4686 nis
328 4632 541 4687 aaternis
573 4634 870 4690 rationibus
909 4637 1304 4706 conspiciendis
1343 4641 1424 4695 vel
1449 4641 1798 4699 consulendis

1902 2015 2214 2083 invisibilis,
2238 2025 2296 2071 et
2346 2016 2542 2087 ubique
2588 2025 2852 2086 pmsens,
2894 2015 3331 2086 inseparabiliter
3359 2030 3486 2085 ope-

1901 2117 2073 2164 retur.
2106 2109 2163 2164 in
2201 2110 2409 2179 quinto,
2460 2119 2682 2179 propter
2708 2123 2805 2164 eos
2852 2109 3049 2181 quibus
3101 2109 3225 2165 ideo
3279 2109 3494 2165 videtur

1900 2215 2009 2258 non
2036 2202 2280 2258 eamdem
2314 2202 2491 2258 Patris
2518 2212 2573 2258 et
2626 2201 2746 2258 Filii
2777 2215 2901 2259 esse
2957 2197 3336 2272 substantiam,
3371 2203 3494 2272 quia

1902 2309 2063 2350 omne
2092 2295 2234 2365 quod
2263 2295 2331 2351 de
2356 2295 2470 2353 Deo
2526 2295 2723 2350 dicitur
2749 2334 2765 2361 ,
2799 2294 3095 2351 secundum
3135 2294 3496 2353 substantiam

1903 2388 2009 2445 dici
2047 2397 2252 2458 putant,
2282 2397 2337 2444 et
2375 2399 2658 2458 propterea
2682 2389 2904 2460 gignere
2935 2398 2988 2444 et
3013 2388 3180 2459 gigni,
3213 2387 3297 2442 vel
3347 2387 3493 2456 geni-

1902 2489 2020 2538 tum
2051 2496 2172 2538 esse
2198 2491 2251 2538 et
2297 2483 2616 2553 ingenitum,
2647 2482 2900 2554 quoniam
2940 2481 3152 2538 diversa
3181 2491 3328 2552 sunt,
3359 2494 3492 2536 con-

1901 2573 2127 2631 tendunt
2155 2575 2484 2630 substantias
2507 2590 2628 2632 esse
2647 2576 2916 2642 diversas,
2945 2573 3349 2632 demonstratur
3377 2586 3484 2628 non

1903 2679 2065 2722 omne
2093 2665 2236 2736 quod
2265 2666 2334 2720 de
2388 2665 2501 2722 Deo
2553 2665 2752 2722 dicitur
2791 2665 3090 2722 secundum
3134 2663 3490 2723 substantiam

1901 2758 2034 2826 dici,
2068 2759 2208 2815 sicut
2253 2761 2546 2816 secundum
2602 2761 2957 2817 substantiam
2991 2760 3207 2830 dicitur,
3234 2760 3407 2815 bonus
3437 2767 3492 2815 et

1903 2865 2149 2921 magnus,
2205 2860 2260 2907 et
2298 2854 2343 2909 si
2393 2853 2517 2921 quid
2549 2851 2692 2908 aliud
2725 2853 2790 2909 ad
2840 2867 2898 2909 se
2950 2852 3185 2921 dicitur;
3245 2851 3340 2908 sed
3385 2851 3490 2907 dici

1901 2948 2066 3004 etiam
2092 2949 2337 3016 relative,
2366 2949 2420 3006 id
2449 2962 2654 3006 estnon
2684 2952 2748 3008 ad
2777 2964 2856 3020 se,
2899 2953 2995 3008 sed
3028 2951 3094 3007 ad
3124 2950 3325 3023 aliquid
3347 2949 3491 3021 quod

1901 3043 2021 3111 ipse
2051 3057 2160 3097 non
2195 3051 2302 3109 est,
2331 3044 2472 3098 sicut
2498 3043 2659 3100 Pater
2687 3045 2754 3100 ad
2787 3044 2981 3100 Filium
3011 3044 3238 3110 dicitur,
3272 3041 3355 3098 Vel
3382 3043 3488 3098 Do-

1900 3135 2080 3190 minus
2113 3134 2179 3188 ad
2231 3143 2536 3192 creaturam
2584 3136 2686 3192 sibi
2741 3137 3101 3194 servientem:
3134 3137 3222 3194 ubi
3267 3135 3314 3191 si
3357 3134 3486 3206 quid

1901 3227 2149 3296 relative,
2183 3227 2235 3283 id
2264 3235 2350 3285 est
2378 3229 2445 3284 ad
2473 3229 2678 3302 aliquid
2717 3230 2857 3301 quod
2887 3231 3005 3302 ipse
3033 3246 3142 3287 non
3193 3238 3299 3297 est,
3326 3230 3488 3286 etiam

1826 3324 1972 3388 cex
2004 3325 2250 3387 tempore
2307 3318 2523 3386 dicitur,
2575 3320 2734 3376 sicuti
2787 3329 2888 3387 est,
2945 3321 3189 3383 Domine,
3222 3317 3489 3389 refugium

1899 3410 2076 3467 factus
2105 3424 2164 3466 es
2187 3409 2362 3476 nobis,
2391 3411 2525 3465 nihil
2555 3411 2607 3467 ei
2662 3410 2910 3467 accidere
2940 3426 3050 3482 quo
3101 3419 3361 3476 mutetur,
3389 3409 3483 3466 sed

1900 3502 2126 3557 omnino
2151 3504 2325 3571 ipsum
2359 3501 2412 3557 in
2443 3509 2635 3560 natura
2675 3503 2758 3560 vel
2798 3504 3036 3560 essentia
3086 3518 3184 3559 sua
3237 3503 3487 3558 immuta-

1901 3593 2065 3650 bilem
2118 3599 2461 3664 perma‘nere.
2495 3593 2552 3650 in
2607 3603 2800 3662 sexto,
2861 3596 3134 3665 quomodo
3186 3595 3360 3652 dictus
3419 3597 3490 3650 sit

1899 3685 2148 3743 Christus
2178 3701 2274 3742 ore
2300 3686 2602 3759 apostolico
2631 3687 2726 3744 Del
2757 3688 2932 3744 virtus
2959 3697 3010 3744 et
3068 3686 3164 3745 Dei
3198 3687 3486 3758 sapientia,

1903 3780 1984 3835 sic
2015 3779 2337 3850 disputatur,
2371 3787 2427 3835 ut
2471 3778 2751 3838 diﬂcratur
2779 3780 2966 3838 eadem
3004 3780 3237 3853 quaestio
3264 3779 3488 3850 diligen-

1902 3873 2009 3929 tius
2030 3873 2399 3941 retractanda,
2427 3882 2609 3931 utrum
2661 3891 2689 3930 a
2715 3889 2826 3946 quo
2847 3875 3059 3946 genitus
3116 3882 3204 3931 est
3240 3873 3489 3932 Christus

1901 3981 2010 4021 non
2039 3968 2112 4020 sit
2160 3967 2276 4035 ipse
2323 3955 2620 4035 sapientiai,
2645 3967 2740 4021 sed
2794 3973 3002 4022 tantum
3053 3965 3333 4036 sapientiae
3377 3972 3490 4019 sum

1903 4056 2088 4122 Pater,
2123 4069 2191 4111 an
2232 4057 2494 4126 sapientia
2523 4057 2843 4128 sapiemiam
2879 4057 3148 4128 genuerit.
3180 4055 3286 4112 Sed
3323 4054 3490 4126 quod-

1903 4150 2036 4208 libet
2066 4150 2257 4206 borum
2289 4155 2454 4220 eSset,
2489 4147 2653 4210 etiam
2701 4153 2754 4208 in
2783 4158 2884 4208 hoc
2906 4152 3047 4210 libro"
3093 4151 3340 4224 apparuit
3369 4149 3489 4208 Trl-

1907 4243 2094 4300 nitatis
2124 4244 2427 4315 aequalitas,
2456 4245 2638 4301 einen
2669 4243 2810 4303 Deus
2839 4245 3059 4317 triplex,
3094 4245 3189 4300 sed
3223 4243 3488 4301 Trinitas:

1905 4345 2005 4390 nec
2050 4334 2201 4404 quasi
2259 4334 2464 4403 aliquid
2527 4333 2750 4404 duplum
2825 4341 2944 4391 esse
3006 4333 3217 4392 Patrem
3286 4341 3340 4390 et
3400 4332 3489 4390 Fi-

1902 4425 2037 4482 iium
2060 4467 2073 4492 ,
2098 4423 2164 4480 ad
2197 4425 2452 4496 simplum
2483 4424 2745 4496 Spiritum
2796 4425 3062 4497 sanctum,
3093 4424 3186 4481 ubi
3229 4435 3328 4480 nec
3384 4422 3486 4482 tria

1909 4520 2029 4590 plus
2059 4517 2256 4591 aliquid
2295 4530 2419 4577 sunt
2457 4523 2616 4591 quam
2647 4533 2811 4579 unum
2863 4521 3074 4580 horum.
3137 4515 3475 4592 Disputaium

1906 4622 1989 4670 est
2017 4614 2177 4669 etiam
2193 4614 2465 4685 quomodo
2493 4615 2662 4687 possit
2697 4615 2920 4690 intelligi
2952 4611 3092 4688 quod
3132 4617 3206 4674 ait
3252 4615 3485 4676 Hilarius

208 4721 564 4780 adhaerescit:
587 4740 743 4795 quam
768 4743 874 4782 non
895 4729 1065 4783 solum
1090 4733 1373 4794 masculos,
1411 4732 1504 4789 sed
1530 4735 1691 4790 etiam
1721 4735 1799 4791 fe-

1909 4706 2216 4775 episcOpus,
2251 4704 2550 4764 Eternitas
2598 4707 2651 4763 in
2684 4706 2866 4776 Patre,
2891 4708 3100 4782 Species
3139 4708 3192 4766 in
3241 4708 3490 4781 imagine,

206 4815 389 4874 minas
425 4817 623 4873 habere
652 4818 995 4876 manifestum
1031 4829 1131 4878 est.
1173 4823 1314 4895 Ergo
1348 4819 1399 4882 in
1431 4842 1616 4884 eorum
1651 4846 1800 4886 men-

207 4911 358 4966 tibus
386 4915 685 4969 communis
726 4921 914 4969 natura
942 4918 1315 4987 cognoscitur,
1368 4920 1422 4974 in
1456 4937 1642 4978 eorum
1673 4939 1801 4979 vero

205 4999 530 5075 corporibus
595 5005 763 5078 ipsius
825 5009 980 5064 unius
1037 5011 1234 5068 mentis
1295 5013 1605 5073 distributio
1659 5011 1799 5089 ﬁgu-

206 5099 384 5153 ratur.
944 5163 964 5168 _7
1079 5165 1082 5168 Ι

736 5167 966 5228 CAPUT
1003 5173 1277 5233 CCXLIV.

211 5263 356 5346 Quid
393 5265 740 5346 disputatum,
793 5269 975 5346 quidve
1009 5271 1087 5346 sit
1142 5271 1564 5346 comprehensum
1603 5291 1795 5346 praece-

285 5338 518 5412 dentium
576 5351 664 5393 xlv
721 5342 1118 5412 ratiocinatione
1153 5338 1444 5412 librorum;
1489 5361 1552 5401 ea:
1597 5338 1685 5402 lib.
1735 5351 1799 5402 de

287 5407 538 5463 Trinitate
575 5425 663 5476 xv,
695 5411 773 5468 tit.
814 5413 864 5468 '5.

284 5520 394 5578 Sed
423 5522 672 5591 quoniam
701 5524 998 5582 disserendi
1019 5537 1075 5585 et
1103 5530 1452 5587 ratiocinandi
1485 5533 1798 5603 necessitas,

209 5627 314 5690 per
341 5619 743 5689 quatuordecim
777 5623 964 5692 libros,
991 5627 1155 5682 multa
1186 5641 1285 5684 nos
1309 5630 1566 5700 compulit
1589 5631 1793 5698 dicere,

209 5726 342 5782 qua
365 5722 556 5768 cuncta
586 5713 747 5769 simul
785 5714 1027 5784 aspicere
1075 5732 1180 5774 non
1209 5720 1482 5790 valemus,
1534 5731 1591 5777 ut
1632 5725 1698 5778 ad
1747 5724 1796 5778 id

206 5803 359 5874 quod
377 5803 783 5873 apprehendere
805 5806 1075 5876 volumus,
1095 5824 1157 5867 ea
1190 5812 1349 5868 celeri
1369 5814 1689 5885 cogitatione
1715 5829 1800 5874 re-

201 5896 472 5960 feramus,
489 5897 700 5968 faciam,
722 5909 974 5970 quantum
997 5901 1224 5960 Domino
1239 5907 1302 5960 ad
1314 5907 1535 5976 iuvante
1553 5918 1797 5979 potuero,

213 6001 280 6051 ut
317 5990 572 6065 quidquid
607 5994 661 6052 in
687 5992 909 6070 singulis
932 5995 1295 6054 voluminibus
1329 5999 1394 6055 ad
1431 5999 1795 6069 cognitionem

1906 4811 2036 4854 usus
2093 4797 2150 4854 in
2188 4813 2432 4855 munere.
2480 4799 2537 4856 In
2597 4800 2851 4872 septimo,
2884 4803 3112 4873 quatstio
3158 4819 3279 4875 qua:
3329 4803 3495 4862 dilata

1907 4893 2555 4964 fuerat,explicatur,ita
2579 4903 2638 4951 ut
2690 4891 2828 4955 Deus
2884 4897 2975 4970 qui
3029 4899 3214 4972 genuit
3272 4895 3491 4965 Filium,

1907 4997 2016 5043 non
2044 4987 2223 5042 solum
2255 4987 2327 5043 sit
2357 4985 2519 5044 Pater
2547 4988 2760 5046 virtutis
2801 4992 2854 5046 et
2905 4991 3183 5063 sapientiae
3234 5005 3372 5057 suae,
3395 4987 3504 5044 sed

1918 5077 2080 5132 etiam
2116 5077 2233 5144 ipse
2281 5077 2451 5134 virtus
2501 5087 2660 5151 atque
2711 5081 2999 5152 sapientia;
3028 5083 3107 5138 sic
3162 5088 3215 5135 et
3262 5079 3494 5150 Spiritus

1907 5171 2146 5234 Sanctus,
2176 5183 2274 5224 nec
2305 5173 2486 5226 tamen
2521 5170 2676 5228 simul
2698 5177 2806 5230 tres
2833 5185 2958 5231 sunt
2984 5175 3235 5242 virtutes,
3262 5182 3354 5228 aut
3386 5182 3494 5228 tres

1907 5261 2211 5328 sapientia},
2234 5262 2330 5319 sed
2376 5277 2480 5321 una
2531 5265 2700 5322 virtus
2747 5277 2801 5321 et
2857 5271 2961 5322 una
3011 5263 3294 5335 sapientia,
3354 5266 3494 5321 sicut

1907 5367 2046 5409 unus
2076 5352 2217 5411 Deus
2273 5361 2326 5410 et
2377 5369 2481 5410 una
2527 5357 2783 5414 essentia.
2810 5350 3016 5412 Deinde
3069 5356 3354 5427 quaesitum
3387 5365 3492 5426 est,

1906 5446 2176 5516 quomodo
2208 5447 2455 5506 dicantur
2500 5465 2606 5506 una
2655 5449 2887 5507 essentia
2918 5455 3028 5506 tres
3060 5463 3320 5521 personas,
3354 5449 3434 5508 vc]
3464 5463 3494 5503 a

1907 5543 2224 5614 quibusdam
2267 5545 2470 5602 Grecis
2511 5560 2611 5600 una
2663 5544 2897 5600 essentia
2922 5545 3030 5599 tres‘
3062 5541 3409 5608 substantiae;
3441 5552 3495 5597 et

1906 5635 2185 5692 inventum
2212 5643 2294 5693 est
2337 5634 2660 5692 elocutionis
2719 5633 3046 5690 necessitate
3073 5627 3200 5702 diei,
3229 5642 3285 5688 ut
3317 5633 3495 5702 aliquo

1909 5735 2018 5784 uno
2048 5729 2267 5784 nomine
2309 5727 2740 5796 enuntiarentur,
2769 5728 2888 5785 eum
2916 5725 3174 5798 quaeritur
3203 5715 3331 5798 quid
3384 5734 3493 5782 tres

1903 5821 2012 5878 sint
2050 5806 2185 5891 quos
2241 5827 2350 5876 tres
2397 5834 2520 5877 esse
2569 5819 2831 5877 veraciter
2884 5820 3224 5886 conﬁtemur,
3279 5816 3490 5875 Patrem

1905 5914 2132 5980 scilicet,
2161 5919 2216 5971 et
2239 5913 2458 5980 Filium,
2489 5919 2546 5968 et
2585 5911 2839 5984 Spiritum
2871 5921 3136 5970 sanctum.
3171 5909 3230 5969 in
3277 5919 3492 5978 octavo,

1905 6006 2112 6064 ratione
2139 6007 2303 6064 etiam
2360 6004 2572 6068 reddita
2617 6005 3038 6080 intelligentibus
3066 6005 3272 6065 clarum
3304 6012 3409 6076 est,
3441 6004 3493 6060 in
