3986 6382
549 356 650 411 Sitit

1617 346 1677 404 Ι).
1726 340 2049 403 EUGYPPH
2087 333 2378 394 ABBATIS
2416 333 2741 393 AFRICANI
3728 335 3810 389 920

547 468 846 524 substantia
905 463 1158 522 Veritatis
1205 476 1310 518 non
1369 458 1563 516 soluml
1590 460 1804 514 Patrem
1845 456 1986 513 Filio
2033 467 2140 509 non
2170 449 2578 520 Adisputatio,
2608 456 2667 501 ut
2719 444 2957 501 Trinitas
3013 453 3267 516 appareat
3320 445 3374 500 in
3426 444 3661 515 imagine
3709 447 3806 516 Dei,

553 575 675 617 esse
704 558 992 630 majorem,
1024 555 1117 612 sed
1151 568 1250 610 nec
1296 552 1487 608 ambos
1528 550 1692 606 simul
1739 547 1939 620 aliquid
1966 546 2142 616 majus

553 671 678 714 esse
715 670 874 726 quam
905 652 1080 707 solum
1129 647 1390 719 Spiritum
1430 653 1706 710 sanctum,
1734 651 1828 698 aut
1870 639 2143 712 quoslibet

552 748 688 804 duos
717 746 770 802 in
798 744 983 801 eadem
1031 740 1298 799 Trinitate
1326 737 1504 809 majus
1546 749 1668 792 esse
1723 732 1924 805 aliquid
1979 745 2143 802 quam

559 853 746 905 unum,
774 845 866 892 aut
892 848 1083 891 omnes
1105 833 1266 890 simul
1287 842 1396 888 tres
1419 829 1592 900 majus
1613 827 1814 899 aliquid
1833 839 1953 882 esse
1979 838 2142 894 quam

556 932 798 1001 singulos
832 945 848 984 :
880 927 1078 984 deinde
1108 942 1204 997 per
1232 925 1512 982 veritatem
1541 937 1660 992 quae
1704 918 1977 975 intellecta
2008 931 2144 972 con-

549 1025 797 1094 spicitur,
842 1030 898 1078 et
925 1037 1024 1092 per
1068 1021 1267 1075 bonum
1314 1030 1585 1072 summum
1631 1029 1662 1068 a
1714 1027 1823 1084 quo
1850 1025 2012 1066 omne
2041 1009 2141 1064 bo-

553 1131 709 1184 num,
735 1123 791 1172 et
815 1130 912 1187 per
929 1114 1194 1183 justitiam
1223 1121 1443 1183 propter
1472 1123 1636 1180 quam
1659 1106 1905 1178 diligitur
1931 1103 2143 1159 animus

550 1210 730 1279 justus
758 1207 828 1262 ab
867 1207 1049 1262 animo
1106 1205 1268 1260 etiam
1325 1202 1563 1260 nondum
1605 1201 1793 1270 justo,
1848 1205 1906 1252 ut
1953 1203 2144 1251 natura

553 1316 664 1358 non
703 1301 877 1356 solum
933 1297 1320 1368 incorporalis,
1359 1293 1715 1353 verumetiam
1763 1289 2139 1357 immutabilis,

553 1393 696 1465 quod
723 1401 808 1448 est
850 1392 1031 1460 Deus,
1064 1398 1322 1460 quantum
1370 1388 1488 1444 ﬁeri
1534 1393 1712 1457 potest
1754 1384 2146 1454 intelligeretur

553 1491 842 1555 admonui;
899 1499 952 1545 et
995 1503 1087 1558 per
1137 1487 1458 1543 charitatem
1510 1498 1632 1554 qua;
1713 1481 1767 1536 in
1848 1475 2145 1548 Scripturis

553 1584 756 1640 sanctis
781 1583 921 1638 Deus
972 1581 1115 1636 dicta
1148 1588 1253 1647 est,
1309 1593 1404 1648 per
1450 1591 1613 1649 quam
1659 1575 1824 1644 cmpit
1876 1581 2146 1641 utcunque

554 1678 719 1732 etiam
761 1674 1000 1731 Trinitas
1043 1672 1470 1744 intelligentibus
1519 1683 1805 1741 apparere,
1853 1667 1994 1723 sicut
2023 1672 2149 1721 sunt

557 1783 768 1837 amans,
803 1776 857 1823 et
883 1768 1025 1838 quod
1052 1776 1282 1831 amatur,
1313 1773 1367 1820 et
1393 1778 1564 1820 amor.
1589 1763 1648 1818 In
1674 1776 1840 1828 nono,
1872 1759 1940 1815 ad
1961 1757 2150 1829 imagio

2245 543 2389 612 quod
2422 552 2505 598 est
2534 541 2695 596 homo
2728 540 3020 597 secundum
3071 548 3326 604 mentem,
3368 555 3489 609 qua:
3544 553 3808 598 renovatur

2243 635 2300 693 in
2354 637 2625 706 agnitione
2687 634 2782 690 Dei
2828 633 3124 690 secundum
3207 632 3497 701 imaginem
3563 635 3679 700 ejus
3737 637 3805 703 qui

2244 729 2451 785 creavit
2497 727 2774 784 hominem
2821 726 2888 782 ad
2947 726 3232 795 imaginem
3267 740 3444 788 suam,
3471 733 3533 780 et
3588 724 3665 779 sic
3711 741 3806 793 pcr-

2244 822 2374 893 cipit
2400 821 2715 892 sapientiam
2743 821 2832 876 ubi
2855 820 3241 888 contemplatio
3269 827 3354 874 est
3396 826 3740 873 aeternorum.

2799 916 3025 974 CAPUT
3050 915 3301 972 CCXLV.

2246 1012 2354 1084 35
2379 1011 2456 1066 De
2476 1013 2681 1082 Spiritu
2707 1019 2882 1066 sancto
2913 1009 3174 1084 q_uiiPiatri
3219 1017 3266 1084 et
3293 1006 3438 1084 ilio
3487 1009 3708 1084 aqualis
3736 1027 3799 1062 ar-

2318 1080 2580 1153 Eipitur‘et
2605 1086 2869 1151 utriusque
2925 1080 3524 1153 Spiritus_dicitur,_et
3565 1081 3797 1153 ,charitatis

2319 1150 2524 1211 nomine
2551 1155 2857 1224 intelligitur
2874 1195 2887 1218 ,
2914 1150 3030 1206 cum
3050 1151 3284 1224 quislibet
3332 1152 3387 1224 in
3415 1150 3673 1206 Trinitate
3715 1171 3797 1223 per.

2320 1243 2447 1282 sana
2499 1228 2567 1281 sit
2616 1223 2884 1292 charitas;
2924 1241 2988 1279 ea:
3044 1223 3175 1278 libro
3217 1224 3282 1278 de
3348 1223 3609 1278 Trinitate
3637 1240 3715 1288 xv,
3745 1228 3771 1276 ti

2319 1299 2440 1354 talis
2464 1297 2552 1365 t7,
2579 1298 2669 1366 t8,
2703 1298 2792 1352 t9.

2321 1411 2473 1468 Nunc
2513 1411 2584 1468 de
2613 1410 2819 1482 Spiritu
2878 1419 3088 1476 sancto,
3137 1417 3396 1479 quantum
3452 1408 3569 1465 Deo
3613 1408 3792 1465 donante

2250 1504 2438 1561 videre
2490 1503 2830 1570 conceditur,
2879 1502 3255 1559 disserendum
3305 1512 3412 1557 est.
3465 1501 3571 1568 Qui
3614 1502 3790 1572 Spiritts

2254 1604 2477 1649 sancms
2504 1594 2803 1650 secundum
2837 1593 3146 1664 Scripturas
3171 1603 3387 1648 sanctas
3417 1608 3527 1648 nec
3569 1593 3716 1648 Patris
3736 1605 3791 1647 est

2251 1685 2441 1752 solius,
2466 1701 2566 1743 nec
2594 1686 2717 1742 Filii
2746 1687 2936 1752 solius,
2963 1686 3061 1742 sed
3083 1687 3400 1752 amborum;
3436 1684 3542 1757 [et]
3565 1686 3666 1742 ideo
3682 1701 3788 1742 coin-

2255 1795 2495 1847 munem,
2517 1795 2620 1850 qua
2673 1781 2905 1836 invicem
2946 1795 3008 1836 se
3067 1780 3301 1850 diligunt
3353 1781 3522 1836 Pater
3561 1792 3606 1838 et
3641 1781 3775 1844 Filias,

557 1877 680 1917 item
712 1862 830 1927 Dei:
871 1859 1030 1931 (μιοά
1062 1867 1144 1916 εει
1187 1859 1369 1926 homo.
1404 1857 1702 1914 secundum
1755 1863 1990 1911 mentem
2023 1867 2147 1923 Pe"
2177 1859 2228 1924 Β
2255 1873 2412 1929 nobis
2441 1873 2682 1930 insinuat
2706 1874 3048 1930 charitatem.
3083 1874 3152 1931 Ut
3196 1886 3380 1931 autem
3411 1891 3518 1931 nos
3567 1885 3773 1930 exerceret

557 1955 707 2010 venit
734 1954 1051 2023 disputatio,
1083 1963 1138 2008 et
1167 1954 1221 2008 in
1239 1967 1301 2008 ea
1333 1952 1582 2023 quaedam
1608 1951 1821 2007 trinitas
1850 1948 2147 2017 invenitur,

558 2046 614 2101 id
652 2055 756 2112 est,
783 2061 936 2100 mens
972 2055 1026 2102 et
1055 2046 1244 2101 notitia
1269 2060 1374 2116 qua
1429 2059 1487 2100 se
1536 2044 1710 2109 novit,
1762 2051 1815 2098 et
1846 2053 1997 2096 amor
2044 2052 2152 2109 quo

558 2152 618 2193 se
648 2138 1002 2208 notitiamque
1056 2151 1207 2192 suam
1269 2135 1479 2206 diligit:
1513 2143 1569 2190 et
1627 2134 1742 2189 haec
1770 2132 1873 2187 tria
1923 2129 2152 2201 aequalia

560 2233 703 2287 inter
732 2246 791 2286 se
813 2241 867 2286 ct
903 2232 1059 2286 unius
1111 2233 1470 2287 ostenduntur
1499 2244 1621 2286 esse
1650 2229 1927 2284 essentire.
1962 2227 2016 2282 In
2059 2227 2155 2282 de-

559 2322 738 2391 cimo,
767 2323 870 2378 hoc
914 2324 1055 2380 idem
1099 2323 1412 2393 diligentius
1462 2322 1822 2392 subtiliusque
1869 2328 2151 2375 tractatum

559 2426 639 2470 est
660 2458 675 2484 ,
701 2425 756 2471 at
781 2416 954 2486 adque
985 2417 1037 2471 id
1068 2417 1409 2487 perductum,
1443 2424 1503 2470 ut
1527 2417 1861 2471 inveniretur
1886 2415 1942 2469 in
1973 2419 2154 2469 mente

562 2509 868 2564 evidentior
901 2495 1121 2564 'trinitas
1170 2509 1308 2579 ejus,
1336 2509 1388 2563 in
1420 2508 1678 2564 memoria
1707 2507 1936 2573 scilicet,
1980 2515 2036 2560 et
2071 2505 2154 2558 in-

570 2602 888 2674 telligentia,
920 2612 975 2658 et
1008 2603 1305 2658 voluntate.
1354 2602 1460 2659 Sed
1489 2602 1741 2672 quoniam
1792 2609 1847 2656 et
1877 2600 1980 2655 hoc
2005 2613 2155 2654 com-

564 2708 775 2766 pertunt
803 2707 907 2765 est,
930 2699 1072 2768 quod
1096 2713 1250 2753 mens
1273 2713 1547 2769 nunquam
1570 2711 1691 2752 esse
1717 2697 1787 2750 ita
1813 2695 2068 2764 potuerit,
2096 2701 2156 2748 ut

565 2808 670 2848 non
702 2794 786 2848 sui
809 2794 1166 2862 meminisset,
1200 2809 1309 2850 non
1335 2809 1395 2849 se
1451 2791 1777 2860 intelligeret
1803 2796 1857 2842 et
1885 2786 2150 2856 diligeret,

562 2885 808 2953 quamvis
823 2900 928 2940 non
943 2901 1157 2957 semper
1170 2902 1228 2942 se
1243 2886 1528 2958 cogitaret,
1542 2898 1662 2938 cum
1677 2891 1856 2937 autem
1869 2879 2153 2950 cogitaret,

565 2993 670 3031 non
707 2992 766 3034 se
796 2993 827 3034 a
849 2979 1224 3047 corporalibus
1254 2980 1420 3034 rebus
1451 2976 1643 3032 eadem
1688 2972 2016 3043 cogitatione
2045 2970 2155 3024 dis-

563 3081 833 3134 cerneret,
866 3071 1026 3126 dilata
1050 3079 1134 3126 est
1171 3071 1238 3126 de
1295 3071 1567 3134 trinitate,
1597 3069 1750 3136 cujus
1806 3066 1924 3120 haec
1977 3066 2155 3134 imago

565 3171 668 3228 est,
698 3162 1015 3232 disputatio,
1049 3164 1178 3218 utin
1209 3163 1342 3233 ipsis
1382 3163 1544 3217 etiam
1600 3159 1975 3230 corporalibus
2023 3157 2154 3212 visis

2254 1980 2435 2022 sermo
2487 1965 2728 2034 divinus,
2762 1982 2872 2023 non
2919 1981 3009 2022 res
3038 1967 3093 2022 in
3149 1976 3403 2038 promptu
3449 1972 3594 2033 sitas,
3630 1968 3700 2022 sed
3738 1969 3780 2022 in

2254 2058 2440 2115 abdito
2467 2061 2786 2115 scrutandas
2841 2067 2898 2116 et
2943 2075 3012 2115 ex
3069 2060 3254 2116 abdito
3306 2062 3584 2127 eruendas,
3625 2061 3783 2130 majora

2255 2152 2434 2209 studio
2462 2152 2591 2209 fecit
2617 2153 2839 2224 inquiri.
2868 2153 2983 2209 Non
3024 2155 3206 2225 itaque
3233 2155 3364 2209 dixit
3390 2156 3660 2224 Scriptura,
3685 2155 3785 2223 Spi-

2257 2246 2392 2302 ritus
2439 2255 2660 2303 sanctus
2701 2248 2937 2303 charitas
2972 2248 3269 2319 estzquod
3311 2249 3354 2303 si
3405 2248 3636 2311 dixisset,
3683 2261 3777 2301 non

2257 2356 2476 2412 parvam
2525 2350 2734 2411 partem
2779 2342 3096 2411 quaestionis
3150 2342 3306 2397 istius
3343 2341 3652 2406 abstulisset;
3699 2342 3781 2396 sed

2257 2435 2419 2502 dixit,
2461 2435 2604 2490 Deus
2641 2435 2880 2492 charitas
2917 2445 3033 2501 est;
3082 2445 3141 2490 ut
3181 2437 3441 2491 incertum
3485 2435 3550 2489 sit
3589 2442 3642 2489 et
3681 2433 3777 2490 ideo

2257 2526 2664 2596 requirendum,
2723 2534 2903 2581 utrum
2967 2526 3112 2582 Deus
3161 2525 3322 2582 Pater
3367 2527 3437 2580 sit
3473 2526 3689 2591 charitas,
3730 2540 3776 2580 an

2259 2617 2400 2672 Deus
2423 2618 2610 2685 Filius,
2641 2631 2708 2672 an
2741 2618 2884 2673 Deus
2927 2619 3162 2688 Spiritus
3205 2627 3454 2685 sanctus,
3478 2632 3541 2672 an
3562 2617 3673 2672 Deus
3691 2618 3772 2687 ipsa

2257 2711 2511 2768 Trinitas.
2539 2711 2726 2782 Neque
2747 2712 2891 2768 enim
2937 2711 3135 2768 dicturi
3161 2725 3379 2777 sumus,
3412 2725 3517 2766 non
3555 2718 3761 2779 propterea

2260 2807 2428 2862 Deum
2459 2807 2662 2862 dictum
2686 2822 2806 2862 esse
2836 2807 3172 2872 charitatem,
3197 2805 3345 2876 quod
3385 2805 3498 2876 ipsa
3520 2803 3684 2860 charitas
3698 2801 3748 2855 sit

2259 2897 2364 2950 ulla
2391 2897 2693 2952 substantia
2724 2911 2845 2967 quae
2884 2897 2978 2952 Dei
3008 2896 3170 2966 digna
3215 2896 3288 2951 sit
3318 2889 3751 2960 nomim,sedquod

2257 2989 2463 3043 donum
2489 2988 2558 3044 sit
2585 2989 2712 3058 Dei,
2745 2989 2887 3044 sicut
2935 2987 3138 3042 dictum
3174 2996 3264 3044 est
3304 2989 3425 3044 Deo
3461 3005 3475 3042 :
3505 2986 3702 3056 Quoniam
3717 2991 3764 3037 tu

2258 3096 2316 3136 es
2344 3081 2605 3150 patientia
2630 3095 2748 3136 mea
2788 3097 2800 3134 :
2838 3095 2944 3134 non
2989 3080 3170 3149 utique
3195 3087 3496 3150 propterea
3541 3079 3767 3133 dictumst

2257 3176 2381 3245 quia
2411 3175 2505 3229 Dei
2548 3175 2845 3229 substantia
2877 3182 2962 3230 est
3017 3181 3202 3229 nostra
3253 3175 3533 3242 patientia,
3558 3170 3636 3226 sed
3677 3167 3769 3239 quod

571 3254 915 3310 inveniretur
970 3254 1198 3320 trinitas,
1256 3263 1311 3309 et
1361 3252 1666 3308 distinctius
1714 3252 1766 3306 in
1829 3265 1890 3306 ea
1941 3249 2152 3304 lectoris

2263 3265 2334 3320 ab
2359 3265 2475 3335 ipso
2503 3265 2658 3319 nobis
2687 3274 2790 3330 est,
2844 3264 2988 3319 sicut
3025 3263 3153 3318 alibi
3207 3264 3410 3334 legitur
3437 3281 3452 3318 :
3484 3263 3702 3332 Quoniam
3733 3259 3774 3312 ab

571 3357 892 3403 exerceatur
918 3347 1314 3420 [exerceretur]
1349 3347 1595 3402 intentio.
1627 3346 1685 3401 In
1716 3343 2004 3400 undecimo
2028 3357 2156 3412 ergo

568 3439 773 3495 electus
796 3448 874 3495 est
899 3455 1091 3496 sensus
1114 3441 1415 3505 oculorum,
1434 3439 1487 3494 in
1507 3453 1616 3509 quo
1639 3437 1692 3492 id
1714 3436 1857 3508 quod
1879 3436 2156 3492 inventum

569 3536 729 3588 etiam
774 3535 824 3588 in
859 3535 1070 3590 cmteris
1097 3543 1329 3605 quatuor
1377 3533 1625 3588 sensibus
1654 3530 1924 3601 corporis,
1949 3540 2004 3588 et
2050 3544 2157 3586 non

567 3628 767 3682 dictum
800 3641 982 3697 posset
1021 3632 1259 3699 agnosci,
1289 3640 1449 3700 atque
1502 3630 1572 3684 ita
1598 3629 1882 3684 exterioris
1921 3626 2158 3685 hominis

573 3719 784 3771 trinitas
814 3721 990 3787 primo
1021 3722 1074 3774 in
1108 3722 1192 3776 his
1228 3736 1349 3790 qua:
1371 3731 1667 3776 cernuntur
1695 3722 2061 3788 extrinsecus,
2091 3736 2159 3777 ex

574 3806 628 3859 in
655 3822 880 3876 corpore
903 3810 1108 3865 scilicet
1133 3811 1273 3880 quod
1294 3811 1504 3866 videtur
1533 3819 1586 3866 et
1614 3812 1780 3866 forma
1810 3825 1930 3881 quae
1958 3811 2082 3866 inde
2103 3813 2157 3867 in

572 3897 689 3952 acie
709 3898 980 3954 cernentis
1003 3900 1352 3970 imprimitur,
1378 3912 1432 3957 et
1454 3909 1740 3972 utrumque
1756 3902 2056 3972 copulantis
2078 3903 2162 3958 in-

575 3989 816 4045 tentione
839 3991 1134 4049 voluntatis
1166 3995 1432 4064 apparuit.
1465 3993 1574 4050 Sed
1606 3996 1722 4050 hinc
1749 3995 1850 4050 tria
1882 4011 1988 4050 non
2017 3996 2161 4052 inter

572 4098 630 4137 se
659 4085 912 4152 aequalia,
944 4100 1044 4143 nec
1095 4089 1253 4144 unius
1297 4103 1420 4145 esse
1466 4088 1781 4144 substantia:
1827 4089 2156 4144 claruerunt.

569 4173 778 4231 Deinde
808 4175 861 4230 in
887 4176 1006 4247 ipso
1031 4179 1234 4246 animo,
1269 4180 1335 4234 ab
1360 4178 1445 4234 bis
1473 4193 1593 4250 quae
1627 4180 1968 4235 extrinsecus
1999 4194 2159 4236 sensa

569 4274 700 4321 sunt
746 4268 896 4322 velut
960 4270 1286 4338 introducta,
1330 4272 1544 4326 inventa
1598 4280 1680 4327 est
1724 4271 1891 4326 altera
1923 4272 2157 4339 trinitas,

574 4353 1010 4426 nbiapparerent
1056 4360 1244 4416 eadem
1299 4364 1403 4416 tria
1453 4363 1612 4417 unius
1643 4377 1766 4419 esse
1819 4363 2155 4433 substantiae,

577 4446 889 4516 imaginatio
905 4454 1150 4522 corporis
1166 4469 1287 4524 quae
1309 4454 1362 4509 in
1381 4455 1638 4511 memoria
1655 4463 1757 4522 est,
1772 4463 1828 4512 et
1848 4454 1974 4511 inde
1993 4456 2160 4511 infor-

575 4540 743 4594 matio
781 4556 902 4598 cum
947 4547 1013 4600 ad
1044 4561 1163 4602 eam
1220 4547 1555 4604 convertitur
1582 4549 1727 4605 acies
1774 4550 2079 4620 cogitantis,
2107 4560 2159 4606 et

2261 3359 2382 3425 ipso
2417 3356 2672 3426 patientia
2699 3370 2840 3411 mea.
2886 3356 3041 3410 Hunc
3066 3355 3268 3425 quippe
3321 3370 3538 3410 sensum
3581 3351 3778 3406 lacilere-

2261 3448 2401 3504 fellit
2430 3448 2830 3517 Scripturarum
2861 3448 2973 3516 ipsa
3004 3447 3222 3501 locutio.
3257 3447 3390 3502 Tale
3416 3457 3496 3502 est
3538 3444 3664 3500 enim
3689 3461 3701 3497 :
3725 3441 3782 3495 Tit

2260 3553 2320 3594 es
2343 3539 2628 3608 patientia;
2665 3552 2784 3594 mea
2810 3539 2968 3608 quale
2994 3547 3075 3595 est
3103 3556 3117 3594 :
3149 3538 3400 3604 Domine,
3423 3552 3538 3608 spes
3564 3550 3694 3602 mea;
3717 3543 3783 3588 et:

2264 3631 2406 3687 Deus
2435 3646 2610 3697 meus,
2641 3630 3016 3686 misericordia
3038 3645 3186 3697 mea;
3215 3639 3273 3686 et
3300 3631 3458 3685 multa
3478 3629 3675 3683 similia.
3702 3627 3792 3680 Non

2262 3732 2346 3780 est
2373 3732 2554 3778 autem
2582 3722 2786 3777 dictum
2819 3740 2834 3777 :
2876 3722 3108 3778 Domine
3134 3763 3150 3789 ,
3185 3723 3406 3778 charitas
3446 3733 3570 3784 mea,
3594 3725 3695 3780 aut,
3729 3715 3794 3768 Tu

2262 3830 2324 3871 es
2349 3814 2584 3871 charitas
2609 3829 2752 3881 mea,
2780 3821 2873 3869 aut
2901 3813 3024 3887 [Tu]
3065 3815 3232 3883 Deus,
3278 3811 3492 3867 charitas
3539 3822 3679 3871 mea;
3703 3805 3793 3861 sed

2262 3905 2337 3960 ita
2376 3904 2576 3960 dictum
2606 3914 2728 3961 eet:
2761 3905 2904 3960 Deus
2930 3905 3165 3961 charitas
3195 3914 3276 3961 est
3304 3922 3317 3957 :
3343 3904 3476 3958 sicut
3491 3900 3679 3956 dictum
3703 3907 3797 3964 est,

2265 3997 2408 4052 Dens
2436 3997 2670 4068 Spiritus
2698 4006 2802 4054 est.
2829 3997 2944 4054 Hoc
2969 3998 3060 4068 qui
3091 4013 3202 4054 non
3224 3995 3480 4053 discernit
3501 3992 3800 4048 intellectum

2261 4103 2292 4144 a
2323 4090 2586 4158 Domino,
2620 4105 2728 4146 non
2783 4089 3180 4159 expositionem
3227 4099 3434 4160 quaerat
3461 4104 3490 4143 a
3517 4087 3689 4150 nobis;
3717 4097 3800 4138 non

2262 4182 2406 4238 enim
2437 4183 2672 4253 apertius
2693 4182 2983 4252 quidquam
3012 4197 3299 4252 possumus
3319 4181 3524 4238 dicere.
3553 4179 3684 4236 Deus
3702 4190 3800 4245 ergo

2263 4278 2502 4333 charitas
2553 4287 2638 4334 est
2691 4287 2871 4333 utrum
2901 4285 3079 4334 autem
3100 4277 3282 4344 Pater,
3317 4292 3387 4332 an
3415 4276 3602 4343 Filius,
3619 4289 3678 4328 an
3699 4270 3796 4339 Spi—

2262 4371 2402 4446 ritus
2425 4379 2668 4435 sanctus,
2701 4384 2768 4424 an
2801 4370 2918 4440 ipsa
2958 4368 3195 4425 Trinitas
3227 4368 3379 4440 (quia
3401 4379 3461 4425 et
3482 4369 3596 4441 ipsa
3618 4381 3702 4422 non
3721 4374 3793 4417 tres

2262 4464 2358 4530 dii,
2384 4463 2477 4520 sed
2495 4462 2639 4520 Deus
2659 4471 2742 4519 est
2761 4463 2943 4535 unus),
2962 4462 3064 4518 hoc
3087 4462 3367 4534 quaeritur.
3397 4463 3517 4521 Sed
3532 4463 3668 4518 etiam
3681 4450 3788 4528 ﬁala}

2264 4561 2317 4614 in
2345 4559 2446 4615 hoc
2474 4560 2617 4615 libro
2643 4561 2890 4631 superius
2929 4560 3198 4630 disputavi
3227 4575 3335 4616 non
3378 4562 3470 4617 sic
3498 4555 3784 4630 accipiendam

574 4637 858 4726 utrumque
888 4634 1218 4708 coniungens
1260 4637 1489 4695 intentio
1539 4639 1849 4698 voluntatis.
1880 4640 1988 4696 Sed
2043 4641 2152 4698 ideo

2267 4669 2388 4713 esse
2414 4655 2760 4722 Trinitatem,
2790 4670 2910 4726 qua:
2936 4655 3080 4712 Deus
3108 4664 3217 4723 est,
3240 4670 3308 4710 ex
3329 4656 3450 4710 illis
3471 4657 3642 4711 tribus
3665 4647 3800 4720 quain

574 4716 678 4772 ista
732 4720 944 4778 trinitas
1000 4727 1067 4780 ad
1112 4731 1438 4786 exteriorem
1489 4731 1765 4787 hominem
1813 4741 2032 4802 reperta
2077 4742 2162 4790 est

576 4809 870 4877 pertinere,
903 4815 1025 4884 quia
1057 4817 1126 4873 de
1176 4822 1494 4890 corporibus
1527 4823 1672 4878 illata
1721 4833 1841 4891 est,
1869 4839 1990 4894 quae
2036 4840 2162 4882 sen-

570 4903 778 4959 tiuntur
806 4906 1166 4966 extrinsecus.
1195 4912 1252 4966 ln
1281 4913 1604 4971 duodecimo
1661 4915 2016 4972 discernenda
2043 4916 2162 4974 visa

571 5007 658 5052 est
686 4999 949 5070 sapientia
969 5002 1037 5058 ab
1075 5004 1301 5060 scientia
1352 5007 1633 5080 [sapientia
1676 5025 1708 5066 a
1738 5008 2067 5082 sapientia],
2106 5020 2161 5068 et

570 5089 624 5144 in
659 5105 722 5146 ea
745 5109 864 5162 qua:
897 5099 1113 5166 proprie
1142 5098 1366 5156 scientia
1387 5112 1746 5174 nuncupatur,
1779 5107 1903 5175 quia
1935 5105 2157 5164 inferior

569 5188 671 5249 est,
706 5183 855 5252 prius
889 5189 1132 5258 quaedam
1164 5191 1248 5246 sui
1287 5195 1501 5262 generis
1533 5195 1747 5253 trinitas
1791 5197 2108 5269 inquirenda
2137 5217 2152 5255 :

569 5289 689 5344 quae
724 5276 853 5334 licet
898 5280 967 5335 ad
1015 5283 1328 5340 interiorem
1388 5286 1659 5346 hominem
1705 5287 1817 5360 jam
1868 5293 2151 5360 pertineat.

569 5370 808 5426 nondum
861 5381 1038 5429 tamen
1092 5377 1268 5448 imago
1297 5377 1395 5435 Dei
1441 5382 1524 5436 vel
1577 5382 1892 5452 appellanda
1949 5384 2040 5451 sit,
2070 5385 2158 5441 vel

571 5463 826 5529 putanda.
863 5466 929 5521 Et
958 5467 1061 5524 hoc
1090 5471 1264 5539 agitur
1308 5474 1362 5529 in
1393 5476 1554 5530 tertio
1609 5475 1841 5544 decimo,
1874 5492 1973 5548 per
2000 5491 2154 5534 com-

571 5556 969 5614 mendationem
1025 5561 1150 5619 lidei
1197 5565 1542 5625 Christianas.
1590 5569 1644 5624 In
1702 5579 1895 5640 quarto
1942 5570 2157 5628 decimo

570 5657 770 5717 autem,
795 5651 863 5707 de
885 5655 1145 5724 sapientia
1171 5659 1407 5718 hominis
1430 5679 1576 5730 vera,
1608 5663 1661 5719 id
1692 5675 1774 5721 est
1803 5667 1900 5723 Dei
1927 5683 2153 5728 munere

574 5737 649 5831 in,
680 5740 794 5807 ejus
849 5744 1013 5814 ipsius
1063 5749 1158 5805 Dei
1206 5753 1615 5824 participatione
1667 5756 1886 5828 donata,
1914 5775 2036 5831 qua:
2083 5765 2151 5821 ab

571 5828 794 5888 scientia
837 5836 1086 5896 distincta
1145 5853 1250 5914 est,
1290 5847 1596 5916 disputatur
1636 5868 1651 5908 :
1685 5860 1742 5909 ot
1785 5867 1855 5911 eo
1903 5828 2152 5926 pervenit

2268 4743 2509 4801 trinitate
2560 4753 2761 4800 nostra:
2816 4746 3010 4800 mentis
3063 4745 3457 4802 ostendimus:
3507 4755 3569 4802 ut
3617 4752 3808 4812 tanquam

2267 4837 2531 4892 memoria
2554 4836 2625 4892 sit
2675 4835 2916 4892 omnium
2969 4835 3128 4892 trium
3177 4835 3365 4907 Pater,
3417 4848 3482 4895 et
3520 4831 3810 4906 intelligentia

2265 4930 2505 4986 omnium
2563 4931 2726 4985 trium
2777 4929 2970 4996 Filius,
3021 4939 3076 4986 et
3120 4929 3355 4984 charitas
3417 4931 3666 4987 omnium
3703 4927 3816 4982 trium

2266 5023 2498 5093 Spiritus
2523 5032 2766 5090 sanctus,
2798 5022 2953 5092 quasi
2985 5022 3150 5078 Pater
3177 5037 3283 5077 non
3322 5022 3615 5094 intelligat
3641 5020 3730 5077 sibi
3751 5027 3817 5071 nec

2265 5115 2475 5186 diligat,
2514 5117 2609 5173 sed
2638 5116 2734 5172 Dei
2764 5116 2933 5171 Filius
2961 5115 3248 5186 intelligat,
3281 5125 3335 5171 et
3361 5116 3630 5187 Spiritus
3655 5120 3822 5172 sanctus

2262 5208 2312 5264 ei
2341 5207 2565 5279 diligat:
2594 5207 2710 5278 ipse
2738 5216 2916 5264 autem
2956 5216 3012 5263 et
3037 5206 3142 5263 sibi
3165 5215 3220 5263 et
3261 5206 3370 5261 illis
3427 5218 3648 5264 tantum
3685 5201 3824 5259 memi-

2263 5301 2425 5370 nerit,
2451 5309 2505 5357 et
2543 5301 2711 5356 Filius
2737 5315 2840 5356 nec
2861 5300 3172 5356 meminerit
3229 5313 3332 5355 nec
3350 5299 3567 5371 diligat
3623 5297 3737 5363 sibi,
3763 5291 3828 5350 sed

2263 5393 2570 5449 meminerit
2597 5391 2649 5448 ei
2676 5391 2862 5458 Pater,
2896 5401 2950 5447 et
2979 5391 3171 5461 diligat
3211 5390 3261 5447 ei
3299 5390 3556 5461 Spiritus
3615 5397 3828 5446 sanctus;

2261 5483 2379 5554 ipse
2441 5493 2618 5540 autem
2677 5494 2732 5540 et
2779 5484 2918 5548 sibi,
2979 5490 3035 5538 et
3087 5482 3194 5537 illis
3241 5481 3638 5540 tantummodo
3677 5475 3835 5536 intelli-

2260 5586 2386 5648 gat;
2462 5578 2700 5646 itemque
2774 5576 3005 5647 Spiritus
3075 5583 3294 5631 sanctus
3374 5590 3495 5631 nec
3564 5569 3836 5632 meminerit

2263 5685 2364 5726 nec
2392 5670 2662 5741 intelligat
2709 5670 2832 5735 sibi,
2881 5669 2975 5725 sed
3027 5669 3336 5724 meminerit
3383 5670 3442 5724 ei
3473 5664 3838 5734 Pater,etin-

2262 5765 2466 5834 telligat
2495 5765 2683 5832 Filius,
2717 5765 2832 5834 ipse
2881 5772 3061 5818 autem
3100 5772 3154 5817 et
3196 5760 3300 5816 sibi
3337 5770 3391 5816 et
3456 5762 3575 5817 illis
3606 5776 3710 5817 non
3763 5754 3844 5812 nisi

2259 5856 2446 5928 diligat
2478 5876 2492 5916 :
2525 5857 2621 5916 sed
2650 5857 2732 5916 sic
2759 5858 2972 5928 potius,
2999 5862 3058 5912 ut
3098 5853 3277 5911 omnia
3317 5853 3460 5922 tria,
3483 5863 3551 5914 et
3577 5864 3783 5914 omnes,
3803 5855 3845 5903 el
