3986 6382
249 402 353 458 921

1434 387 1870 450 THESAUBUS.
1907 389 2064 449 CAP.
2104 391 2355 451 CCXLV.

3421 399 3527 456 9‘22

251 513 448 585 singuli
481 513 718 568 habeant
743 512 797 568 in
846 524 943 567 sua
973 509 1197 581 quisque
1252 516 1439 563 natura
1461 550 1477 575 ,
1511 521 1612 563 nec
1642 506 1846 561 distent
1870 509 1925 568 Α
1949 508 2240 576 vocabula,
2264 518 2320 567 et
2340 511 2715 567 universaliter
2737 511 2952 581 poni,et
2965 511 3180 582 proprie
3207 511 3525 581 quihusdam

250 611 310 663 in
341 609 420 663 eis
442 607 588 673 ista,
622 607 760 662 sicut
813 606 864 660 in
896 605 1052 660 nobis
1079 604 1220 659 aliud
1250 612 1336 660 est
1380 603 1663 666 memoria,
1691 601 1836 655 aliud

249 701 630 771 intelligentia,
659 699 800 755 aliud
827 698 1066 767 dilectio,
1100 699 1215 754 sive
1237 698 1471 754 charitas
1498 715 1511 750 :
1550 697 1644 752 sed
1673 710 1836 752 unum

250 794 456 866 aliquid
486 794 555 850 sit
579 795 720 866 quod
751 794 927 849 omnia
964 791 1161 857 valeat,
1192 791 1329 847 sicut
1379 791 1496 861 ipsa
1549 790 1834 858 sapientia,

249 897 310 946 et
339 889 417 944 sic
445 888 672 944 habetur
711 888 764 942 in
793 885 1211 958 uniuscujusque
1239 893 1450 952 natura,
1475 893 1534 940 ut
1558 883 1647 954 qui
1679 882 1841 938 habet

251 983 357 1038 hoc
384 983 453 1038 sit
497 982 638 1052 quod
687 981 869 1048 habet,
913 982 1052 1038 sicut
1101 979 1449 1035 immutabilis
1493 978 1836 1048 simplexque

249 1078 573 1133 substantia.
600 1076 656 1133 Si
699 1091 828 1149 ergo
864 1076 979 1131 haec
1006 1075 1287 1132 intellecta
1312 1083 1460 1143 sunt,
1485 1081 1540 1128 et
1578 1080 1836 1142 quantum

251 1171 410 1225 nobis
439 1167 536 1242 [in]
577 1170 736 1225 rebus
768 1170 933 1225 tantis
983 1168 1171 1225 videre
1213 1167 1318 1223 vel
1349 1167 1660 1236 conjectare
1708 1179 1837 1220 con-

248 1276 466 1317 cessum
517 1271 621 1329 est,
652 1278 780 1318 vera
834 1277 955 1319 esse
1003 1264 1332 1328 claruerunt,
1364 1261 1549 1316 nescio
1596 1275 1693 1315 cur
1727 1274 1835 1315 non

249 1355 396 1411 sicut
423 1355 683 1424 sapientia
706 1363 761 1410 et
788 1354 949 1410 Pater
991 1352 1209 1419 dicitur,
1235 1361 1290 1407 et
1313 1352 1502 1420 Filius,
1527 1358 1583 1407 et
1605 1349 1836 1420 Spiritus

248 1456 490 1512 sanctus,
518 1455 572 1503 et
598 1447 755 1502 simul
783 1460 971 1502 omnes
1001 1459 1107 1500 non
1138 1453 1272 1511 tres,
1306 1443 1400 1499 sed
1424 1457 1526 1498 una
1551 1442 1834 1513 sapientia,

249 1541 326 1595 ita
345 1548 401 1595 et
424 1539 659 1595 charitas
688 1538 916 1594 etPater
941 1537 1170 1602 dicatur,
1202 1544 1258 1591 et
1278 1535 1450 1591 Filius
1469 1575 1484 1600 ,
1517 1543 1571 1590 et
1601 1533 1836 1604 Spiritus

247 1639 490 1698 sanctus,
519 1639 573 1686 et
623 1630 783 1685 simul
821 1645 1011 1686 omnes
1047 1643 1149 1684 una
1180 1628 1438 1683 charitas.
1467 1626 1559 1681 Sic
1605 1624 1746 1680 enim
1783 1633 1838 1680 et

247 1724 410 1780 Pater
443 1723 602 1787 Deus,
634 1731 686 1779 et
718 1723 884 1779 Filius
905 1723 1073 1788 Deus,
1101 1719 1398 1790 etSpiritus
1419 1725 1638 1774 sanctus
1669 1716 1831 1784 Deus,

247 1824 310 1872 et
345 1815 508 1872 simul
529 1829 720 1871 omnes
746 1829 884 1870 unus
914 1814 1078 1870 Deus.
1105 1813 1174 1867 Et
1196 1822 1374 1867 tamen
1411 1825 1520 1865 non
1550 1808 1748 1864 frustra
1777 1806 1834 1862 in

1941 601 2104 657 rebus
2131 603 2394 670 adhiberi,
2422 604 2525 659 nisi
2550 605 2600 658 in
2632 620 2690 659 rc
2713 611 2896 672 aperta
2928 604 3146 659 vitanda
3172 603 3528 673 sitlongitudo

1939 695 2226 750 sermonis.
2252 696 2365 751 Iloc
2403 697 2524 751 ideo
2549 696 2682 762 dixi,
2718 711 2783 751 ne
2809 697 3088 766 quisquam
3120 706 3401 765 propterea
3427 711 3527 754 nos

1938 784 2381 843 inconvenienter
2407 790 2676 844 existimet
2729 789 3047 844 charitatem
3098 789 3371 858 appellare
3395 788 3519 859 Spi-

1939 879 2102 934 ritum
2129 889 2400 947 sanctum,
2433 883 2556 952 quia
2586 890 2639 937 et
2666 881 2809 937 Deus
2856 882 3033 948 Pater,
3059 890 3114 938 et
3158 881 3298 938 Deus
3353 883 3523 939 Filius

1939 981 2117 1042 potest
2143 972 2377 1027 charitas
2433 973 2751 1043 nuncupari.
2780 973 2930 1030 Sicut
2980 989 3110 1045 ergo
3157 975 3372 1029 unicum
3422 975 3521 1031 Dei

1939 1064 2171 1121 Verbum
2221 1067 2438 1135 proprie
2491 1083 2747 1123 vocamus
2797 1069 3012 1124 nomine
3072 1068 3521 1138 Sapientiae,cum

1936 1159 2006 1215 sit
2051 1159 2431 1216 universalitcr
2461 1169 2514 1215 et
2569 1161 2800 1231 Spiritus
2848 1170 3088 1229 sanctus,
3121 1168 3176 1216 et
3206 1161 3365 1216 Pater
3395 1161 3512 1230 ipse

1935 1253 2209 1325 Sapientia
2243 1272 2254 1307 :
2282 1254 2355 1308 ita
2385 1253 2614 1322 Spiritus
2638 1253 2899 1327 [sanctus]
2932 1254 3147 1324 proprie
3180 1262 3519 1324 nuncupatur

1939 1347 2196 1401 vocabulo
2225 1345 2528 1412 charitatis,
2562 1363 2682 1402 cum
2715 1349 2783 1402 sit
2805 1357 2859 1403 et
2909 1348 3066 1403 Pater
3095 1357 3148 1402 et
3192 1347 3357 1402 Filius
3397 1351 3520 1402 uni-

1937 1439 2218 1494 versalitcr
2245 1439 2506 1496 charitas.
2547 1440 2653 1496 Sed
2679 1441 2774 1496 Dei
2818 1440 3077 1507 Verbum,
3112 1441 3164 1495 id
3224 1452 3305 1496 est
3333 1441 3520 1512 unige-

1937 1533 2080 1587 nitus
2111 1531 2204 1586 Dei
2237 1532 2400 1586 Filius
2439 1540 2626 1601 aperte
2664 1533 2840 1587 dictus
2882 1542 2965 1588 est
2993 1533 3089 1588 Dei
3122 1531 3385 1602 sapientia
3425 1547 3522 1588 ore

1937 1626 2258 1695 apostolico,
2291 1625 2381 1680 ubi
2424 1627 2539 1681 ait:
2591 1625 2858 1681 Christum
2893 1625 2986 1682 Dei
3026 1626 3272 1681 virtutem
3325 1633 3380 1680 et
3427 1625 3521 1680 Dei

1936 1719 2285 1790 sapientiam;
2317 1719 2547 1789 Spiritus
2588 1729 2766 1775 autem
2818 1730 3057 1785 sanctus,
3085 1718 3175 1774 ubi
3231 1719 3301 1773 sit
3343 1719 3519 1775 dictus

1935 1813 2195 1881 charitas,
2254 1813 2558 1867 invenimus
2599 1812 2645 1867 si
2695 1811 2984 1880 diligenter
3035 1810 3255 1866 Joannis
3289 1811 3517 1880 apostol’

247 1908 350 1965 hac
379 1909 641 1964 Ττίηἱωῑο
674 1923 781 1963 non
829 1907 1024 1962 dieitur
1054 1905 1287 1962 Verbum
1339 1903 1456 1970 θεῖ,
1489 1902 1593 1958 11ῖεὶ
1642 1900 1833 1966 Filius.
1865 1892 1914 1953 Β
1943 1916 2246 1963 scrutemur
2264 1907 2558 1978 eloquium.
2590 1905 2690 1973 Qui
2713 1920 2832 1960 cum
2860 1905 3120 1963 dixisset:
3150 1903 3516 1971 Dilectissimi,

244 2016 348 2058 nec
374 2001 576 2056 donum
611 2001 706 2057 Dei
740 2000 840 2055 nisi
890 1999 1128 2069 Spiritus
1175 2005 1416 2062 sanctus,
1468 2009 1568 2051 nec
1614 1994 1680 2050 de
1726 2007 1830 2063 quo

243 2093 486 2164 genitum
518 2102 599 2148 est
637 2091 896 2162 Verbum,
929 2100 983 2148 et
1013 2090 1078 2146 de
1109 2104 1217 2160 quo
1239 2087 1484 2160 procedit
1510 2084 1830 2157 principali-

245 2193 329 2240 ter
355 2185 585 2254 Spiritus
638 2192 878 2253 sanctus,
903 2183 1006 2238 nisi
1055 2182 1198 2237 Deus
1254 2181 1432 2236 Pater.
1480 2179 1605 2234 Ideo
1652 2185 1830 2232 autem

245 2275 446 2342 addidi,
474 2276 863 2347 Principaliter,
893 2275 1019 2346 quia
1045 2284 1098 2330 et
1121 2274 1188 2329 de
1231 2272 1368 2327 Filio
1415 2270 1647 2341 Spiritus
1676 2283 1833 2324 sane.

245 2376 333 2421 tus
362 2369 650 2438 procedere
681 2369 945 2439 reperitur
977 2386 990 2420 :
1023 2367 1120 2422 sed
1162 2366 1265 2420 hoc
1309 2377 1522 2434 quoque
1569 2361 1646 2416 illi
1674 2360 1832 2416 Pater

247 2458 418 2526 dedit,
453 2475 558 2516 non
604 2462 716 2530 jam
743 2460 996 2516 existenti
1053 2467 1109 2515 et
1145 2457 1382 2513 nondum
1442 2455 1682 2519 habenti,
1732 2452 1830 2508 sed

245 2550 506 2620 quidquid
541 2551 810 2621 unigenito
835 2549 1017 2605 Verbo
1048 2547 1216 2613 dedit,
1249 2546 1514 2618 gignendo
1541 2544 1713 2600 dedit.
1737 2544 1829 2600 Sic

241 2657 374 2711 ergo
399 2659 522 2697 cum
577 2643 782 2714 genuit,
821 2650 879 2698 ut
904 2641 1068 2697 etiam
1102 2640 1170 2696 de
1198 2640 1292 2695 illo
1312 2640 1512 2694 donum
1543 2652 1829 2694 commune

243 2734 590 2802 procederet,
617 2744 673 2789 et
698 2735 930 2804 Spiritus
959 2742 1176 2790 sanctus
1207 2733 1438 2804 Spiritus
1467 2739 1613 2788 esset
1636 2731 1828 2787 ambo-

237 2838 380 2878 rum.
412 2824 530 2879 Non
560 2833 642 2880 est
672 2824 832 2894 igitur
882 2825 1194 2894 accipienda
1235 2832 1593 2890 transeunter,
1625 2824 1720 2880 sed
1746 2824 1828 2878 di-

236 2914 469 2986 ligenter
516 2917 770 2971 intuenda
821 2916 1196 2987 inseparabilis
1226 2918 1328 2972 ista
1373 2916 1652 2972 Trinitatis
1708 2916 1824 2971 dis-

1935 2003 2221 2074 diligamus
2252 2003 2503 2069 invicem,
2544 2002 2665 2072 quia
2716 2000 2936 2056 dilectio
2965 2016 3030 2055 ex
3078 1999 3190 2054 Deo
3219 2008 3322 2066 est,
3365 2014 3518 2053 secu-

1936 2105 2022 2150 tus
2051 2095 2296 2166 adjunxit
2329 2113 2341 2149 :
2369 2095 2437 2150 Et
2463 2094 2637 2150 omnis
2663 2094 2956 2164 quidiligit,
2984 2109 3049 2148 ex
3080 2093 3192 2148 Deo
3223 2101 3380 2148 natus
3404 2100 3517 2158 est;

1934 2190 2025 2259 qui
2077 2205 2183 2244 non
2237 2189 2435 2259 diligit,
2497 2204 2604 2244 non
2658 2189 2911 2258 cognovit
2956 2188 3157 2254 Deum,
3199 2187 3324 2256 quia
3373 2187 3518 2243 Deus

1934 2282 2152 2337 dilectio
2212 2293 2314 2337 est.
2395 2283 2492 2338 Hic
2552 2283 2912 2337 manifestavit
2984 2296 3103 2337 eam
3178 2297 3236 2336 se
3315 2281 3519 2336 dixisse

1934 2369 2276 2425 dilectionem
2327 2370 2537 2436 Deum,
2589 2385 2748 2440 quam
2828 2371 2960 2425 dixit
3013 2386 3076 2425 ex
3139 2371 3250 2425 Deo
3311 2389 3323 2424 :
3374 2371 3520 2426 Deus

1932 2477 2062 2532 ergo
2099 2477 2165 2517 ex
2197 2462 2306 2518 Deo
2362 2471 2448 2518 est
2480 2462 2721 2518 dilectio.
2775 2462 2881 2518 Sed
2940 2463 3063 2533 quia
3110 2471 3164 2518 et
3207 2462 3304 2517 Dei
3354 2461 3519 2516 Filius

1931 2568 1997 2608 ex
2054 2554 2164 2610 Deo
2207 2553 2363 2609 Patre
2392 2562 2550 2609 natus
2567 2562 2670 2619 est,
2696 2563 2750 2609 et
2769 2553 3002 2624 Spiritus
3032 2561 3251 2608 sanctus
3299 2568 3364 2609 ex
3405 2552 3519 2608 Deo

1931 2645 2089 2701 Patre
2158 2645 2419 2715 procedit,
2467 2661 2625 2716 quem
2683 2647 2859 2716 potius
2908 2660 3095 2700 eorum
3160 2645 3246 2699 hic
3316 2643 3518 2699 debea-

1930 2754 2048 2794 mus
2088 2740 2333 2810 accipere
2371 2740 2572 2796 dictum
2606 2754 2726 2796 esse
2751 2740 3098 2796 dilectionem
3146 2741 3308 2795 Deum
3332 2781 3347 2806 ,
3401 2753 3517 2796 me-

1929 2833 2034 2888 rito
2091 2834 2371 2903 quaeritur.
2440 2834 2600 2890 Pater
2645 2834 2790 2890 enim
2848 2835 2998 2890 solus
3051 2835 3123 2889 ita
3197 2834 3339 2889 Deus
3409 2841 3516 2902 est,

1928 2927 2036 2997 36
2054 2935 2108 2982 ut
2128 2942 2233 2982 non
2254 2929 2323 2984 sit
2343 2943 2409 2984 ex
2428 2928 2557 2995 Deo,
2578 2943 2641 2984 ac
2659 2943 2754 2999 per
2776 2929 2878 2985 hoc
2896 2929 3132 2995 dilectio,
3153 2943 3272 2998 quae
3285 2928 3356 2983 ita
3375 2927 3516 2982 Deus

236 3009 448 3064 tinctio.
475 3009 606 3064 Hinc
627 3009 771 3065 enim
791 3008 990 3064 factum
1020 3019 1124 3077 est,
1150 3019 1209 3066 ut
1231 3010 1445 3080 proprie
1472 3011 1565 3066 Dei
1591 3010 1822 3069 Verbum
1925 3031 2010 3076 es:
2036 3029 2093 3076 υι
2115 3035 2180 3076 ex
2215 3021 2326 3077 Deo
2377 3023 2470 3090 είι,
2501 3033 2593 3077 θυι
2619 3022 2790 3077 Filius
2815 3031 2918 3089 εει,
2950 3031 3042 3076 θυι
3073 3021 3304 3092 δρίιιίωε
3352 3035 3515 3076 sane.

234 3105 399 3159 etiam
431 3103 526 3160 Dei
552 3105 815 3174 sapientia
866 3105 1161 3172 diceretur,
1203 3119 1326 3160 cum
1353 3105 1426 3160 sit
1469 3105 1732 3175 sapientia
1767 3113 1823 3160 et
1924 3120 2054 3167 tus:
2097 3112 2194 3167 sed
2245 3111 2300 3166 in
2340 3113 2799 3183 consequentibus
2843 3129 2964 3170 cum
3014 3113 3110 3169 Dei
3164 3113 3508 3168 dilectionem

238 3195 400 3251 Pater
449 3204 503 3251 et
544 3194 775 3265 Spiritus
807 3207 1046 3251 sanctus.
1097 3196 1154 3251 Si
1186 3210 1317 3266 ergo
1361 3196 1572 3265 proprie
1620 3195 1819 3267 aliquid
1920 3211 2419 3272 commemorasset,
2453 3219 2560 3260 non
2589 3221 2694 3276 qua
2721 3221 2818 3261 nos
2843 3221 2991 3274 eum,
3023 3205 3116 3261 sed
3147 3219 3250 3275 qua
3273 3219 3372 3260 nos
3400 3204 3515 3274 ipse

245 3286 437 3341 horum
483 3287 644 3342 trium
675 3287 910 3343 charitas
928 3288 1283 3358 nuncupanda
1337 3297 1441 3354 est,
1481 3289 1610 3359 quid
1640 3290 1816 3359 aptius
1843 3289 1888 3354 C
1919 3295 2108 3352 dilexit
2135 3305 2191 3351 et
2220 3296 2365 3352 misit
2390 3296 2582 3352 Filium
2605 3313 2760 3354 suum
2790 3297 3134 3354 liberatorem
3164 3313 3260 3368 pro
3279 3297 3515 3368 peccatis

213 3395 395 3450 quam
427 3388 483 3435 ut
509 3379 611 3435 hoc
640 3379 712 3436 sit
747 3379 979 3450 Spiritus
1007 3391 1227 3436 sanctus
1256 3382 1278 3436 ?
1305 3390 1363 3436 ut
1383 3382 1591 3438 scilicet
1647 3383 1698 3437 in
1729 3383 1818 3437 illa

234 3469 469 3538 simplici
515 3484 830 3539 summaque
860 3478 1049 3524 natura
1080 3484 1185 3525 non
1213 3471 1286 3525 sit
1316 3471 1462 3525 aliud
1493 3471 1817 3537 substantia,

228 3570 288 3617 et
309 3560 451 3616 aliud
469 3560 726 3626 charitas,
757 3560 852 3616 sed
881 3561 1182 3616 substantia
1229 3561 1344 3630 ipsa
1373 3563 1445 3616 sit
1470 3563 1730 3628 charitas,
1763 3571 1819 3618 et

229 3653 470 3709 charitas
492 3653 608 3722 ipsa
642 3653 711 3708 sit
736 3653 1054 3719 substantia,
1083 3653 1198 3708 sive
1222 3652 1364 3708 sitin
1395 3653 1575 3720 Patre,
1609 3654 1730 3708 sive
1757 3653 1810 3709 in

237 3743 402 3810 Filio,
451 3745 566 3802 sive
621 3747 675 3801 in
727 3745 927 3816 Spiritu
995 3753 1220 3812 sancto,
1281 3753 1337 3801 et
1385 3753 1563 3800 tamen
1603 3746 1820 3816 proprie

226 3835 461 3904 Spiritus
486 3848 705 3895 sanctus
734 3836 971 3894 charitas
995 3848 1356 3907 nuncupetur,
1376 3839 1514 3894 sicut
1545 3838 1678 3908 legis
1712 3854 1816 3895 no-

229 3929 398 3992 mine,
431 3931 718 3999 aliquando
769 3930 933 3984 simul
983 3931 1163 3985 omnia
1218 3931 1425 3986 Veteris
1474 3931 1816 3992 instrumenti

227 4029 537 4074 sanctarum
573 4023 970 4089 Scripturarum
998 4021 1366 4091 signiﬁcantur
1412 4024 1647 4092 eloquia.
1679 4024 1815 4080 Nam

228 4127 300 4168 ex
355 4112 615 4183 propheta
671 4112 804 4168 Isaia
854 4113 1217 4168 testimonium
1268 4128 1472 4183 ponens
1524 4116 1816 4184 Apostolus

229 4205 324 4260 ubi
353 4207 429 4260 ait
460 4221 475 4260 :
512 4206 568 4260 In
593 4204 714 4260 aliis
742 4205 935 4275 linguis
981 4213 1036 4260 et
1070 4206 1122 4260 in
1153 4207 1274 4261 aliis
1307 4206 1460 4262 labiis
1493 4207 1683 4278 loquar
1715 4224 1814 4278 po-

231 4296 360 4366 polo
401 4297 558 4353 huic:
585 4297 841 4366 praemisit
870 4305 1048 4352 tamen
1082 4315 1094 4351 :
1130 4297 1187 4352 In
1231 4298 1350 4368 lege
1401 4299 1662 4369 scriptum
1707 4308 1810 4357 est.

221 4391 295 4445 Et
344 4390 459 4460 ipse
503 4391 788 4458 Dominus,
839 4391 897 4446 In
962 4391 1110 4462 lege,
1153 4393 1357 4464 inquit,
1404 4408 1590 4451 eorum
1645 4398 1816 4468 scrip-

222 4495 340 4541 tum
364 4495 448 4542 est
480 4502 494 4540 :
519 4484 656 4552 Quia
681 4485 913 4540 oderunt
942 4501 1029 4541 me
1066 4486 1234 4556 gratis
1264 4505 1278 4541 :
1311 4502 1433 4542 cum
1460 4490 1561 4544 hoc
1605 4489 1814 4561 legatur

223 4577 281 4632 in
341 4575 576 4632 Psalmo.
610 4577 912 4647 Aliquando
944 4586 1120 4633 autem
1180 4579 1396 4649 proprie
1454 4591 1676 4637 vocatur
1725 4583 1811 4638 lex

1922 3392 2157 3459 nostris;
2181 3403 2237 3448 et
2258 3392 2382 3447 hinc
2411 3393 2724 3449 exhortatus
2751 3402 2835 3450 est
2859 3401 2918 3448 ut
2938 3401 2992 3448 et
3015 3407 3114 3448 nos
3138 3393 3366 3448 invicem
3394 3391 3514 3446 dili-

1923 3497 2133 3553 gamus,
2165 3493 2325 3554 atque
2353 3485 2427 3539 ita
2455 3486 2508 3539 in
2539 3485 2694 3540 nobis
2724 3484 2868 3540 Deus
2909 3492 3144 3552 maneat,
3177 3487 3301 3554 quia
3328 3485 3515 3553 utique

1923 3572 2272 3632 dilectionem
2305 3574 2475 3630 Deum
2500 3576 2713 3631 dixerat
2741 3592 2756 3629 :
2788 3576 2972 3630 statim
2999 3576 3187 3630 volens
3223 3576 3291 3631 de
3322 3576 3424 3630 hac
3455 3590 3514 3631 re

1922 3665 2164 3735 apertius
2192 3666 2393 3736 aliquid
2422 3667 2604 3737 eloqui
2630 3685 2644 3723 :
2673 3668 2732 3723 In
2756 3667 2880 3734 hoc,
2907 3669 3101 3738 inquit,
3129 3669 3506 3740 cognoscimus

1921 3756 2044 3827 quia
2088 3757 2142 3814 in
2193 3758 2314 3828 ipso
2358 3773 2669 3826 manemus,
2701 3768 2758 3815 et
2787 3760 2900 3830 ipse
2958 3762 3011 3815 in
3059 3759 3393 3832 nobis,quia
3445 3758 3513 3815 de

1921 3850 2125 3920 Spiritu
2167 3866 2265 3907 suo
2315 3851 2463 3908 dedit
2490 3851 2668 3908 nobis.
2693 3850 2924 3909 Sanctus
2955 3852 3134 3923 itaque
3159 3852 3411 3922 Spiritus,
3443 3853 3512 3910 de

1920 3959 2030 4014 quo
2075 3943 2222 3999 dedit
2259 3944 2439 4012 nobis,
2471 3942 2598 4000 facit
2625 3959 2724 4000 nos
2752 3946 2806 4000 in
2838 3945 2947 3999 Deo
2977 3960 3219 4011 manere,
3249 3955 3303 4000 et
3331 3945 3507 4015 ipsum

1921 4037 1974 4092 in
2025 4038 2215 4104 nobis,
2244 4038 2347 4093 hoc
2395 4045 2574 4094 autem
2621 4037 2747 4091 facit
2776 4037 3012 4093 dilectio.
3046 4037 3164 4106 Ipse
3213 4047 3296 4091 est
3351 4038 3511 4105 igitur

1921 4129 2065 4184 Deus
2117 4128 2354 4190 dilectio.
2382 4129 2624 4198 Denique
2678 4127 2838 4199 paulo
2869 4137 3025 4196 post,
3049 4142 3170 4183 cum
3204 4128 3306 4182 hoc
3335 4127 3509 4196 ipsum

1919 4223 2205 4292 repetisset
2247 4231 2409 4292 atque
2437 4220 2690 4287 dixisset,
2716 4221 2856 4276 Deus
2885 4219 3101 4276 dilectio
3123 4228 3226 4286 est,
3252 4221 3510 4274 continuo

1919 4315 2170 4385 subjecit,
2201 4315 2270 4370 Et
2295 4315 2386 4384 qui
2415 4322 2595 4369 manet
2642 4314 2694 4368 in
2729 4313 3038 4380 dilectione,
3065 4313 3118 4367 in
3152 4312 3262 4368 Deo
3306 4321 3505 4382 manet,

1918 4416 1974 4464 et
2011 4407 2152 4464 Deus
2203 4409 2256 4463 in
2289 4423 2354 4464 eo
2407 4415 2608 4464 manet.
2642 4407 2798 4464 Unde
2845 4422 3005 4478 supra
3036 4406 3283 4463 dixerat:
3317 4407 3375 4463 In
3406 4408 3508 4464 hoc

1917 4502 2292 4572 cognoscimus
2320 4503 2442 4574 quia
2467 4502 2520 4558 in
2552 4502 2668 4572 ipso
2696 4517 2998 4566 manemus,
3022 4513 3076 4558 et
3098 4504 3212 4574 ipse
3240 4505 3293 4558 in
3326 4503 3505 4575 nobis,

1915 4595 2166 4664 quoniam
2194 4598 2260 4650 de
2289 4594 2489 4664 Spiritu
2521 4608 2620 4650 suo
2649 4593 2796 4648 dedit
2819 4593 2992 4649 nobis.
3027 4591 3146 4663 Ipse
3176 4609 3305 4665 ergo
3335 4595 3504 4665 signi-

218 4683 345 4738 (μιεὲ
367 4667 487 4723 dam
511 4678 596 4724 εει
621 4684 717 4737 Per
771 4669 994 4741 Μονεθη
1027 4688 1040 4724 ³
1073 4673 1367 4727 semiudum
1420 4674 1562 4742 (111οά
1607 4675 1809 4731 (“Clum
1840 4673 1895 4736 D
1919 4686 2140 4753 Iicatur,
2173 4685 2262 4741 ubi
2316 4686 2510 4757 legitur
2546 4703 2558 4738 :
2594 4685 2734 4739 Deus
2760 4683 2975 4738 dilectio
3020 4693 3124 4742 est.
3175 4685 3316 4741 Deus
3347 4687 3506 4756 igitur

216 4771 343 4816 est:
376 4761 482 4816 Lex
504 4769 558 4816 et
579 4761 862 4830 Prophetas
892 4777 1060 4833 usque
1103 4764 1166 4819 ad
1199 4764 1462 4822 Joannem
1495 4785 1508 4821 :
1539 4775 1594 4822 et
1639 4769 1694 4824 in
1725 4769 1809 4824 his

217 4854 433 4911 duobus
487 4855 767 4924 praeceptis
825 4864 934 4910 tota
986 4854 1100 4912 Lex
1157 4858 1353 4928 pendet
1400 4869 1455 4915 et
1501 4861 1805 4931 Prophetas.

223 4951 324 5005 Hic
355 4950 534 5019 utique
560 4949 777 5019 proprie
797 4948 909 5004 Lex
929 4949 1194 5018 appellata
1217 4961 1300 5005 est
1329 4952 1396 5007 de
1437 4964 1620 5010 monte
1652 4955 1803 5011 Sina.

219 5042 615 5111 Prophetarum
636 5051 816 5096 autem
847 5041 1069 5096 nomine
1105 5042 1266 5096 etiam
1295 5043 1493 5099 Psalmi
1523 5045 1807 5115 significati

215 5145 365 5202 sunt,
399 5145 452 5191 et
478 5145 656 5190 tamen
691 5135 798 5190 alio
842 5136 962 5191 loco
1012 5136 1127 5204 ipse
1172 5136 1415 5192 Salvator
1445 5155 1457 5193 :
1489 5138 1801 5209 Oportebat,

215 5231 410 5299 inquit,
443 5230 650 5299 impleri
697 5229 874 5284 omnia
917 5244 1038 5299 quae
1085 5231 1285 5300 scripta
1315 5239 1440 5286 sunt
1491 5231 1543 5286 in
1572 5232 1713 5303 Lege
1749 5244 1806 5291 et

214 5322 500 5393 Prophetis
526 5330 592 5380 et
622 5321 848 5376 Psalmis
894 5321 963 5378 de
986 5338 1092 5378 me.
1137 5322 1234 5378 Hic
1274 5339 1464 5380 rursus
1503 5325 1804 5396 Propheta-

211 5432 334 5474 rum
393 5430 631 5481 nomen,
685 5414 924 5484 exceptis
973 5415 1242 5480 Psalmis.
1306 5416 1532 5488 intelligt
1583 5418 1798 5474 voluit:

209 5510 416 5566 dicitur
471 5523 602 5578 ergo
648 5508 737 5562 lex
790 5508 1186 5577 universaliter,
1236 5525 1356 5566 cum
1411 5511 1692 5581 PrOphetis
1745 5521 1800 5570 et

209 5599 464 5667 Psalmis,
503 5599 704 5654 dicitur
731 5608 788 5654 et
825 5600 1040 5667 pr0prie
1085 5616 1204 5671 qua:
1254 5618 1352 5672 per
1403 5603 1625 5675 Moysen
1676 5605 1800 5662 data

207 5701 318 5750 est.
348 5693 422 5747 Ita
453 5691 628 5762 [Item]
661 5692 913 5747 dicuntur
933 5693 1294 5750 communiter
1325 5695 1611 5766 Propheta:
1640 5699 1801 5756 simul

207 5785 602 5849 cumPsalmis,
637 5785 895 5840 dicuntur
933 5795 985 5840 et
1015 5787 1232 5857 proprie
1279 5799 1475 5858 praeter
1529 5791 1796 5852 Psalmos.

210 5881 284 5935 Et
315 5877 502 5936 multis
531 5877 652 5935 aliis
679 5877 940 5949 exemplis
962 5877 1141 5938 doceri
1164 5889 1376 5950 potest,
1406 5887 1571 5942 multa
1616 5903 1800 5946 rerum

1916 4778 2148 4848 Spiritus
2177 4786 2394 4834 sanctus
2414 4777 2503 4846 qui
2533 4775 2777 4847 procedit
2798 4791 2863 4832 ex
2891 4777 3020 4843 Deo,
3047 4792 3164 4833 cum
3198 4778 3355 4833 datus
3389 4779 3504 4834 fue-

1912 4871 1982 4926 rit
2004 4869 2230 4934 homini,
2248 4869 2493 4925 accendit
2507 4883 2629 4924 eum
2645 4867 2699 4924 in
2715 4868 3055 4924 dilectionem
3075 4871 3166 4925 Dei
3183 4881 3235 4925 et
3253 4871 3502 4938 proximi,

1912 4968 1968 5013 et
2011 4961 2126 5032 ipse
2172 4963 2388 5018 dilectio
2441 4971 2570 5018 est:
2606 4975 2714 5016 non
2760 4963 2900 5018 enim
2937 4964 3098 5020 habet
3145 4965 3308 5020 homo
3361 4967 3502 5020 unde

1912 5053 2082 5108 Deum
2105 5054 2313 5124 diligat,
2347 5055 2451 5111 nisi
2502 5071 2567 5112 ex
2593 5057 2730 5114 Deo.
2758 5057 2984 5128 Propter
3007 5057 3150 5127 quod
3180 5058 3338 5126 paulo
3379 5068 3503 5126 post

1911 5145 2072 5202 dicit:
2097 5146 2203 5202 Nos
2231 5147 2518 5216 diligimus,
2549 5150 2672 5219 quia
2700 5150 2816 5219 ipse
2838 5150 2981 5220 prior
3002 5147 3188 5202 dilexit
3213 5163 3331 5202 nos.
3357 5149 3502 5218 Apo-

1911 5238 2086 5294 stolus
2107 5254 2318 5310 quoque
2343 5239 2539 5296 Paulus
2565 5258 2580 5296 :
2607 5241 2852 5308 Dilectio,
2877 5239 3069 5308 inquit,
3088 5238 3182 5293 Dei
3205 5239 3394 5295 dill‘usa
3417 5251 3500 5297 est

1908 5331 1960 5386 in
1991 5331 2245 5388 cordibus
2300 5334 2497 5388 nostris
2528 5348 2623 5404 per
2643 5333 2898 5402 Spiritum
2929 5339 3192 5396 sanctum,
3222 5333 3311 5401 qui
3342 5334 3502 5389 datus

1906 5432 1990 5479 est
2019 5424 2199 5480 nobis.
2229 5423 2441 5480 Nullum
2465 5433 2550 5481 est
2571 5426 2676 5480 isto
2707 5423 2801 5479 Dei
2833 5423 2976 5477 dono
3005 5423 3379 5494 excellentius,
3408 5439 3499 5481 so-

1908 5515 2018 5571 lum
2044 5525 2129 5571 est
2159 5517 2298 5586 quod
2351 5516 2543 5571 dividit
2585 5516 2728 5571 inter
2761 5513 2901 5568 ﬁlios
2943 5513 3093 5583 regni
3141 5513 3326 5570 aeterni
3351 5525 3409 5571 et
3439 5515 3498 5570 ﬁ-

1909 5605 2011 5662 lios
2039 5607 2353 5677 perditionis
2380 5616 2618 5664 reternzc.
2661 5605 2864 5660 Dantur
2893 5613 2948 5660 et
2978 5605 3078 5659 alia
3107 5620 3204 5675 per
3232 5606 3492 5677 Spiritum

1917 5699 2205 5773 [sanctum]
2233 5715 2481 5769 munera,
2513 5699 2608 5757 sed
2642 5698 2757 5754 sine
2779 5699 3039 5754 charitate
3077 5699 3210 5754 nihil
3240 5710 3488 5770 prosunt.

1909 5792 2021 5850 Nisi
2043 5808 2172 5863 ergo
2200 5803 2403 5848 tantum
2433 5792 2769 5863 impertiatur
2789 5793 2978 5862 cuique
2997 5791 3223 5863 Spiritus
3250 5804 3490 5864 sanctus,

1908 5894 1970 5942 ut
1996 5900 2118 5943 eum
2170 5884 2264 5944 Dei
2290 5893 2346 5944 et
2393 5883 2817 5960 proximiJaciat
2861 5892 3234 5956 amatorem,a
3261 5885 3479 5944 sinistra
