3986 6382
574 409 683 468 923

1677 412 1744 472 n.
1783 382 2110 471 summi
2145 402 2439 474 saltaris
2478 402 2807 474 armum
3741 424 3822 484 im

572 540 677 582 non
710 523 1038 583 transfertur
1065 520 1130 582 ad
1159 524 1464 583 dexteram.
1510 525 1621 584 Nec
1667 520 1901 598 Spiritus
1942 516 2160 596 proprie
2187 506 2516 593 Aenidubio
2577 526 2807 603 Spiritus
2876 528 3077 587 dolium
3150 530 3247 588 Dei
3308 537 3435 588 est:
3490 531 3561 589 de
3611 530 3705 592 hoc
3754 539 3818 599 hic

572 616 770 675 dicitur
797 616 1017 683 donum,
1068 612 1168 672 nisi
1225 626 1443 687 propter
1482 610 1825 673 dilectionem
1846 659 1862 686 ,
1889 622 2047 689 quam
2077 610 2169 687 Qui

573 728 683 770 non
711 712 974 783 habuerit,
1008 711 1052 767 si
1075 710 1271 784 linguis
1293 713 1567 769 hominum
1593 710 1844 786 loquatur
1863 716 1918 768 et
1943 704 2167 783 angelo-4

571 821 714 875 rum,
751 822 948 863 sonans
968 817 1316 863 atramentum
1354 816 1437 863 est
1467 816 1521 865 et
1549 806 1853 879 cymbalum
1891 806 2161 863 tinnienst

573 909 631 957 et
658 892 703 955 si
750 900 999 956 habuerit
1054 892 1414 972 prophetiam,
1443 913 1497 957 et
1535 902 1717 957 scierit
1772 900 1953 955 omnia
1982 910 2166 955 sacra-

571 1002 751 1051 menta
805 1002 860 1049 et
912 1008 1128 1049 omnem
1160 993 1462 1063 scientiam,
1496 1000 1551 1050 et
1579 994 1622 1048 si
1663 991 1909 1048 habuerit
1949 1002 2164 1048 omnem

566 1087 749 1155 iidem,
781 1086 853 1143 ita
899 1090 956 1141 ut
986 1094 1198 1142 montes
1225 1084 1536 1154 transferat,
1570 1084 1702 1141 nihil
1742 1091 1854 1150 est;
1894 1088 1950 1140 et
1977 1084 2020 1138 si
2052 1080 2167 1139 dis-

567 1168 815 1240 1ribuerit
861 1197 1075 1239 omnem
1118 1182 1574 1249 substantiam,et
1599 1179 1645 1236 si
1670 1178 2166 1245 tradideritcorpus

564 1292 720 1335 suum
742 1284 802 1332 ut
827 1276 1036 1344 ardeat,
1058 1275 1191 1332 nihil
1222 1276 1460 1347 prodest.
1490 1275 1758 1343 Quantum
1805 1278 1933 1341 ergo
1962 1270 2162 1324 bonum

565 1379 665 1437 est,
687 1372 804 1428 sine
826 1386 933 1441 quo
961 1369 1029 1425 ad
1056 1378 1314 1426 aeternam
1346 1369 1510 1424 vitam
1545 1367 1813 1446 neminem
1845 1366 1981 1421 bona
2016 1364 2162 1420 tanta

564 1464 898 1537 perducunt!
953 1463 1072 1534 ipsa
1108 1478 1238 1519 vero
1291 1454 1534 1531 dilectio,
1565 1458 1679 1517 sive
1729 1460 1965 1515 charitas
2010 1457 2161 1530 (nam

564 1557 725 1613 unius
742 1557 817 1612 rei
832 1562 915 1612 est
930 1569 1126 1610 nomen
1149 1553 1482 1625 utrumque),
1498 1553 1542 1608 si
1572 1552 1765 1607 habeat
1793 1564 1911 1607 eam
1937 1550 2024 1621 qui
2050 1556 2159 1604 non

564 1652 802 1722 loquitur
833 1650 1050 1720 linguis,
1086 1664 1186 1705 nec
1237 1646 1400 1703 habet
1453 1646 1813 1718 prophetiam,
1844 1658 1943 1701 nec
1981 1642 2159 1699 omnia

561 1745 666 1801 scit
691 1749 1029 1799 Sacramenta
1080 1757 1407 1812 omnemque
1436 1742 1738 1805 scientiam,
1763 1752 1862 1796 nec
1887 1736 2160 1794 distribuit

561 1835 739 1892 omnia
778 1849 871 1890 sua
926 1832 1274 1905 pauperibus,
1309 1824 1391 1888 vel
1448 1848 1554 1887 non
1588 1830 1835 1887 habendo
1875 1828 2017 1900 quod
2046 1826 2159 1882 dis—
2198 1888 2205 1905 λ

2273 614 2531 679 Dominus
2582 618 2658 679 ait
2690 638 2704 677 :
2734 622 2790 681 Si
2818 622 2991 681 scires
3028 625 3228 681 donum
3273 625 3391 693 Dei.
3418 636 3475 682 et
3502 628 3620 698 quis
3646 641 3722 687 est
3748 636 3815 705 qui

2270 710 2407 771 dicit
2435 712 2551 783 tibi,
2584 714 2658 771 Da
2687 715 2817 771 mibi
2857 715 3064 784 bibere,
3097 724 3151 772 tu
3178 717 3401 773 forsitan
3426 718 3655 790 petisses
3675 724 3732 779 ab
3752 740 3814 793 eo,

2270 804 2327 861 et
2346 803 2586 862 dedisset
2612 805 2711 862 tibi
2738 822 2931 878 aquam
2959 808 3158 864 vivam.
3184 807 3317 864 Nam
3339 810 3468 880 quid
3494 810 3570 866 ibi
3594 813 3813 888 aitiinsu

2270 897 2415 969 quod
2438 897 2511 955 ibi
2541 898 2616 956 ait
2646 918 2660 955 :
2688 897 2709 972 ]
2759 901 3007 958 Flumina
3036 901 3106 959 de
3132 912 3321 959 ventre
3362 902 3486 974 eius
3508 904 3671 961 tinent
3702 920 3812 978 aqua:

2269 988 2436 1059 vivat;
2472 992 2572 1048 hoc
2598 992 2654 1049 in
2685 984 2790 1049 isto
2829 995 2974 1063 loco,
3004 995 3141 1062 Fiet,
3168 996 3364 1068 inquit,
3390 993 3447 1051 in
3476 1011 3549 1053 eo
3567 998 3680 1054 fons
3702 1014 3809 1071 aqua

2269 1083 2514 1140 salientis
2536 1085 2590 1141 in
2602 1085 2764 1143 vitam
2790 1095 3071 1144 aeternam.
3096 1088 3291 1145 Paulus
3310 1103 3533 1161 quoque
3552 1093 3805 1161 spontale:

2270 1178 2590 1252 Unicuique,
2621 1182 2820 1253 inquit,
2853 1190 3098 1240 nostrum
3128 1182 3289 1239 datur
3334 1183 3545 1254 gratia,
3572 1184 3804 1242 secundum

2268 1274 2575 1327 mensuram
2630 1273 2935 1330 dottatiouis
2960 1273 3181 1330 Christi.
3214 1275 3392 1346 Atque
3419 1283 3488 1330 nt
3522 1275 3802 1335 donationem

2264 1359 2465 1419 Christi
2520 1362 2785 1435 Spiritum
2838 1371 3087 1422 sanctum
3141 1366 3492 1434 ostenderet,
3519 1379 3713 1425 secutus
3742 1371 3800 1425 at

2260 1454 2439 1525 iunxit
2464 1472 2477 1510 :
2504 1456 2732 1528 Propter
2759 1459 2903 1530 quod
2949 1459 3103 1528 dicit,
3146 1459 3409 1517 Ascendit
3436 1462 3501 1517 in
3530 1462 3796 1535 altum,»-

2264 1547 2456 1627 tivavit
2481 1552 2845 1621 captivitatem
2881 1566 2895 1609 :
2926 1552 3077 1610 dedit
3103 1546 3245 1610 dona
3274 1554 3608 1613 hominibus.
3634 1557 3795 1615 Nothi

2262 1646 2408 1693 mum
2430 1647 2512 1694 est
2530 1648 2731 1709 autem,
2758 1638 3046 1698 Dominum
3063 1641 3267 1711 Jesnm,
3291 1657 3415 1699 cum
3450 1656 3795 1715 postresnme

2261 1729 2464 1788 tionem
2485 1742 2517 1789 a
2541 1736 2770 1791 mortuis
2792 1735 3127 1793 ascendisset
3145 1734 3199 1793 in
3221 1736 3450 1807 coelum,
3465 1738 3660 1796 dedisse
3674 1740 3789 1811 Spiri-

2258 1828 2375 1880 tum
2406 1835 2649 1883 sanctum
2702 1840 2812 1901 quo
2837 1830 3043 1901 impleti
3094 1833 3185 1903 qui
3213 1834 3781 1910 cndideranqcrsdids-

561 1928 782 1995 tribuat,
808 1927 892 1983 vel
924 1898 1103 1997 aliqua
1159 1925 1483 1982 necessitate
1510 1925 1837 1995 prohibitus,
1864 1898 1963 1979 nec
1995 1920 2163 1978 tradit
2190 1898 2239 1975 Β
2269 1916 2415 1990 runt]
2441 1918 2637 1991 linguis
2654 1898 2894 1978 omnium
2917 1898 3160 1995 qentium
3186 1925 3563 1996 loquebantur.
3693 1932 3777 1982 uo-

560 2036 757 2092 corpus
787 2035 943 2077 suum
971 2029 1029 2074 ut
1050 2019 1255 2087 ardeat,
1286 2017 1332 2074 si
1363 2016 1483 2074 talis
1512 2016 1778 2089 paSsionis
1838 2016 1981 2073 nulla
2026 2024 2149 2072 ten-

562 2112 697 2169 tatio
728 2120 832 2178 est,
863 2106 1103 2181 perducit
1124 2109 1190 2165 ad
1220 2126 1467 2181 regnum.
1504 2109 1581 2167 ita
1611 2112 1666 2165 ut
1688 2106 1857 2180 ipsam
1884 2106 2155 2167 iidemnon

560 2205 721 2259 faciat
752 2203 939 2259 utilem
968 2202 1069 2258 nisi
1098 2202 1334 2258 charitas
1369 2218 1385 2258 :
1417 2203 1535 2258 sine
1574 2204 1840 2258 cltaritate
1864 2201 2061 2274 quippe
2092 2201 2155 2257 fi-

564 2295 661 2352 des
686 2295 901 2366 quidem
942 2301 1121 2365 potest
1159 2309 1301 2363 esse,
1335 2294 1427 2350 sed
1470 2309 1574 2351 non
1600 2290 1655 2351 et
1681 2294 1959 2366 prodesse.
1984 2283 2153 2365 Prop-

558 2394 641 2443 ter
679 2385 820 2456 quod
870 2394 926 2442 et
973 2376 1247 2455 apostolus
1300 2384 1528 2455 Paulus,
1578 2385 1636 2442 in
1668 2380 1906 2455 Christo,
1956 2370 2151 2457 inquit,

557 2476 682 2537 Jesu
711 2494 887 2551 neque
918 2472 1260 2536 circumcisio
1290 2470 1681 2549 aliquidvalet,
1712 2486 1886 2551 neque
1932 2490 2151 2550 praepu-

556 2576 714 2643 tium,
747 2573 841 2630 sed
899 2574 1029 2630 fides
1071 2590 1191 2645 quae
1240 2587 1337 2645 per
1365 2572 1714 2630 dilectionem
1760 2581 2042 2645 nperatnr:
2076 2572 2154 2630 sic

556 2683 675 2724 eam
723 2668 1040 2724 discernens
1066 2668 1133 2724 ab
1178 2684 1240 2723 ea
1273 2664 1376 2723 lide
1405 2684 1505 2737 qua
1549 2676 1603 2723 et
1628 2668 1900 2723 daemones
1925 2667 2155 2724 credunt

557 2768 615 2817 et
647 2758 1093 2816 contremiscunt.
1129 2759 1354 2814 Dilectio
1398 2754 1558 2829 igitur
1588 2775 1707 2825 qua:
1736 2772 1801 2813 ex
1849 2750 1959 2814 Deo
1988 2768 2070 2814 est
2099 2767 2153 2814 et

553 2842 702 2909 Deus
732 2860 836 2919 est,
867 2852 1083 2924 proprie
1110 2848 1340 2919 Spiritus
1366 2858 1583 2907 sanctus
1610 2860 1711 2919 est,
1742 2864 1837 2920 per
1870 2860 2021 2920 quem
2050 2846 2153 2905 dif-

554 2944 795 3002 funditur
828 2938 879 3001 itt
925 2942 1176 3003 cordibus
1216 2938 1413 3001 nostris
1443 2936 1539 3000 Dei
1565 2940 1823 3012 Charitas,
1852 2952 1945 3015 per
1990 2954 2149 3015 quam

554 3052 654 3094 nos
694 3046 804 3094 tota
834 3029 1104 3093 inhabitat
1128 3036 1388 3091 Trinitas.
1414 3036 1677 3103 Quocirca
1700 3034 2001 3091 rectissime
2024 3034 2150 3105 Spi-

552 3133 686 3189 ritus
734 3138 953 3188 sanctus
992 3145 1114 3187 cum
1153 3130 1221 3184 sit
1250 3128 1427 3195 Deus,
1457 3136 1682 3183 vocatur
1734 3124 1895 3183 etiam
1946 3128 2149 3183 donum

552 3216 670 3282 Dei.
700 3216 855 3293 Quod
885 3224 1084 3281 donum
1118 3223 1332 3296 proprie
1357 3216 1486 3293 quid
1534 3214 1636 3278 nisi
1668 3210 1901 3279 Charitas
1948 3214 2145 3279 intelli-
2167 3248 2188 3275 .-

2257 2020 2382 2067 veat
2410 2013 2551 2083 quod
2579 2015 2673 2081 ait,-
2702 2014 2876 2084 Dona,
2907 2031 3041 2084 non,
3088 2017 3317 2074 Donum.
3359 2018 3416 2075 Id
3452 2021 3584 2076 enim
3608 2021 3783 2076 testimo-

2258 2104 2408 2162 nium
2431 2105 2497 2163 de
2519 2106 2634 2181 [ex]
2666 2108 2878 2167 Psalmo
2901 2110 3096 2182 posuit.
3121 2112 3233 2169 [loc
3257 2120 3435 2172 autem
3462 2116 3513 2170 in
3537 2114 3711 2171 Pauline
3732 2115 3786 2172 ita

2258 2196 2494 2268 inquitur
2516 2194 2751 2274 [legitur]
2776 2220 2791 2256 :
2815 2201 3117 2259 Ascendisti
3142 2204 3195 2259 in
3219 2204 3400 2273 altum,
3423 2206 3671 2275 captivasti
3687 2220 3788 2275 cap-

2259 2288 2545 2360 tivitatem,
2566 2293 2819 2364 accepisti
2846 2296 2986 2352 dona
3009 2296 3061 2351 in
3093 2294 3384 2352 hominibus
3409 2298 3518 2352 :sie
3539 2298 3661 2352 snitu
3684 2297 3771 2366 pta

2256 2386 2348 2439 res
2403 2383 2619 2443 codices
2662 2384 2893 2455 habent,
2922 2388 2977 2443 et
3025 2389 3259 2446 maiime
3285 2386 3441 2444 Cnet
3468 2397 3555 2445 tot
3595 2388 3775 2444 exile-

2260 2477 2406 2534 Μ’ωο
2426 2478 2505 2535 sic
2531 2474 2938 2550 interpretatum
2992 2482 3273 2537 habemus.
3297 2481 3442 2537 Dona
3475 2482 3636 2552 itaque
3677 2482 3784 2539 dixit

2259 2560 2549 2638 Apostolus
2591 2570 3038 2641 quemadmodum
3097 2572 3393 2643 propheta,
3450 2586 3549 2629 non
3582 2572 3775 2630 donata:

2256 2654 2349 2717 Sed
2368 2675 2486 2716 cum
2504 2658 2769 2733 Propheta
2787 2662 3000 2731 dixerit,
3022 2664 3287 2735 Accepisti
3299 2664 3445 2719 dona
3460 2665 3512 2720 in
3522 2664 3769 2731 hminibus,

2256 2746 2547 2821 Apostolus
2571 2751 2756 2807 maluit
2776 2752 2978 2824 dicere,
3004 2753 3163 2810 Dedit
3180 2754 3329 2809 dona
3350 2753 3640 2820 hominibus,
3658 2765 3758 2809 uta

2258 2851 2486 2915 utroque
2504 2842 2712 2901 scilicet
2735 2846 2920 2914 verbo,
2945 2852 3052 2902 uno
3072 2847 3428 2917 prophetico,
3451 2846 3745 2919 Apamiam-

2254 2941 2373 2992 tero
2391 2936 2537 3008 (quia
2557 2938 2611 2993 in
2656 2947 2886 3009 utroque
2924 2949 3008 2995 est
3026 2939 3190 2995 divini
3212 2943 3490 2996 sermonis
3500 2938 3737 3007 aeneum),

2255 3034 2447 3087 sensus
2492 3030 2835 3103 plenissimus
2868 3033 3185 3090 redderetur
3216 3050 3228 3089 :
3261 3042 3547 3107 utrumque
3564 3034 3753 3089 enima-

2256 3134 2375 3178 rum
2416 3133 2521 3191 est,
2554 3135 2609 3181 et
2635 3127 2760 3195 quia
2824 3125 2973 3183 dedit
3015 3126 3365 3195 hominibus,
3412 3138 3469 3184 et
3499 3124 3763 3199 quisaacstit

2254 3211 2311 3268 in
2336 3212 2659 3273 hominibus.
2687 3215 2842 3273 Dedit
2859 3217 3186 3283 hominibus,
3206 3226 3470 3289 tanquam
3492 3226 3629 3288 caput
3647 3218 3763 3271 neu-

550 3318 717 3391 genda
746 3326 849 3387 est,
875 3332 997 3386 qua:
1023 3306 1265 3388 perducit
1295 3313 1361 3369 ad
1395 3312 1585 3379 Deum,
1609 3310 1662 3369 et
1692 3312 1809 3369 sine
1839 3322 1941 3382 qua
1973 3306 2146 3385 quod-
2175 3296 2225 3363 C
2255 3302 2368 3360 bris
2389 3306 2502 3363 suis
2528 3323 2543 3363 :
2573 3310 2781 3380 accepit
2805 3307 2857 3364 in
2908 3310 3213 3367 ﬂuminibus
3241 3311 3389 3367 idem
3423 3313 3549 3383 ipse,
3572 3309 3769 3381 ntiquis

551 3408 679 3465 libet
702 3402 843 3464 aliud
876 3406 968 3464 Dei
997 3402 1195 3464 donum
1223 3414 1330 3462 non
1360 3392 1606 3476 perducit
1637 3398 1704 3461 ad
1734 3400 1946 3461 Deum?
1978 3402 2058 3460 An
2090 3412 2146 3461 et

550 3498 652 3557 hoc
672 3492 1008 3571 probantium
1039 3498 1143 3568 est,
1173 3492 1375 3554 donum
1407 3489 1496 3553 Dei
1522 3495 1722 3552 dictum
1754 3498 1954 3553 essein
1977 3494 2146 3554 sacris

550 3592 741 3652 litteris
760 3580 1014 3664 Spiritum
1039 3600 1280 3649 sanctum
1295 3592 1317 3646 ?
1333 3584 1390 3648 Si
1407 3588 1461 3649 et
1480 3578 1585 3647 boc
1605 3590 1969 3660 exspectatur,
1984 3586 2148 3649 habe-

550 3704 667 3745 mus
697 3689 749 3743 in
775 3687 1066 3757 Evangelia
1089 3684 1387 3741 secundum
1415 3684 1678 3740 Joannem
1707 3677 1915 3739 Domini
1940 3674 2145 3741 Christi

551 3780 709 3834 verba
741 3770 969 3834 dicentis
996 3794 1009 3833 :
1040 3774 1096 3835 Si
1127 3774 1247 3848 quis
1268 3772 1405 3842 sitit,
1435 3770 1619 3831 veniat
1648 3776 1713 3831 ad
1747 3790 1834 3833 me
1866 3780 1921 3832 et
1952 3772 2142 3836 bibat:

551 3870 639 3944 qui
668 3872 841 3929 credit
870 3864 923 3927 in
954 3886 1077 3941 me,
1117 3866 1258 3927 sicut
1286 3868 1415 3926 dicit
1442 3860 1744 3941 Scriptura,
1783 3864 2029 3927 Flumina
2075 3864 2144 3929 de

549 3973 735 4021 ventre
757 3962 875 4035 ejus
898 3961 1064 4019 liuent
1112 3978 1266 4034 aqua:
1288 3963 1445 4017 vivas.
1474 3954 1648 4018 Ferro
1690 3958 2027 4032 Evangeiista
2058 3970 2144 4022 se-

548 4065 701 4115 cutus
756 4048 1002 4128 adiunxit
1030 4072 1045 4112 :
1077 4048 1191 4111 Hoc
1232 4061 1409 4109 autem
1463 4044 1600 4109 dixit
1644 4054 1711 4110 de
1751 4048 1952 4124 Spiritu
1983 4060 2140 4127 quem

547 4150 816 4221 accepturi
862 4157 1019 4205 erant
1060 4147 1342 4204 credentes
1371 4146 1426 4203 in
1470 4160 1616 4204 eum.
1646 4138 1803 4204 Unde
1825 4146 2140 4205 dieitetiam

547 4244 741 4301 Paulus
778 4241 1066 4313 Apostolus
1098 4259 1111 4296 :
1144 4240 1209 4297 Et
1235 4246 1428 4297 omnes
1455 4256 1561 4296 uno
1590 4232 1794 4312 Spiritu
1837 4238 2001 4311 putati
2050 4244 2141 4298 su-

546 4350 691 4391 mus.
724 4333 914 4390 Utrum
970 4342 1149 4387 autem
1208 4324 1406 4387 donum
1463 4324 1555 4387 Dei
1586 4331 1656 4386 Sit
1701 4332 1962 4403 appellata
2002 4342 2139 4403 aqua

548 4425 672 4495 ista,
695 4420 931 4497 quodest
956 4420 1191 4496 Spiritus
1220 4432 1458 4493 sanctus,
1486 4422 1586 4480 hoc
1611 4427 1887 4495 qumritur.
1912 4418 2018 4484 Sed
2034 4426 2138 4483 sic-

547 4530 605 4576 ut
624 4521 708 4575 hic
728 4519 1029 4576 invenimus
1053 4520 1190 4576 hanc
1210 4534 1402 4591 aquam
1434 4517 1696 4589 Spiritum
1721 4526 1963 4576 sanctum
1992 4532 2133 4588 esse,

547 4614 617 4671 ita
645 4606 946 4670 invenimus
972 4610 1096 4670 alibi
1123 4612 1176 4669 in
1200 4614 1317 4685 ipso
1346 4606 1653 4683 Evangeiio,
1672 4610 1811 4669 hanc
1827 4629 2017 4686 aquam
2039 4614 2133 4671 Dei

549 4708 747 4763 donum
776 4707 1094 4778 appellatam
1123 4725 1135 4763 :
1162 4722 1284 4762 nam
1320 4704 1577 4763 Dominus
1609 4702 1746 4762 idem
1776 4707 1988 4778 quando
2012 4720 2134 4765 cum

546 4799 881 4856 Samaritana
904 4798 1127 4855 muliere
1154 4796 1293 4871 apud
1323 4815 1446 4856 eum
1501 4798 1843 4871 loquebatur,
1868 4798 1950 4857 cui
1982 4802 2136 4859 dixe-

545 4902 649 4963 rat,
677 4892 750 4947 Da
777 4891 911 4948 mihi
940 4889 1119 4947 bibere
1153 4910 1165 4944 :
1199 4907 1318 4946 cum
1349 4886 1438 4947 illa
1487 4890 1848 4963 respondisset
1879 4893 2022 4964 quod
2052 4890 2134 4949 .iu-

544 4990 645 5045 daei
676 5003 782 5045 non
812 4994 1167 5044 conterentur
1190 4978 1562 5056 Samaritanis,
1596 4984 1873 5059 respondit
1897 4988 2057 5046 JeSus
2078 4999 2133 5048 et

543 5082 678 5137 dixit
697 5080 747 5137 ei
767 5099 779 5135 :
801 5079 854 5137 Si
879 5070 1048 5136 scires
1069 5078 1270 5135 donum
1290 5072 1403 5148 Dei,
1425 5082 1479 5135 et
1495 5074 1613 5151 quis
1636 5090 1718 5139 est
1738 5084 1827 5154 qui
1850 5082 1980 5141 dicit
2007 5078 2128 5155 tibi,

543 5174 618 5229 Da
649 5173 773 5229 mihi
798 5173 1005 5239 bibere,
1031 5181 1085 5227 tu
1120 5168 1341 5227 forsitan
1371 5171 1595 5243 petisses
1616 5170 1685 5230 ab
1711 5190 1797 5244 eo,
1816 5182 1872 5232 et
1894 5166 2133 5234 dediSSet

542 5267 637 5323 tibi
691 5280 882 5336 aquam
916 5262 1116 5322 vivam.
1150 5260 1285 5320 Dicit
1314 5263 1363 5320 ei
1405 5264 1601 5322 mulier
1634 5285 1646 5322 :
1684 5267 1927 5341 Domine,
1956 5286 2132 5341 neque

540 5359 593 5416 in
622 5370 729 5428 quo
755 5350 969 5412 haurias
1000 5352 1189 5422 habes,
1211 5364 1266 5411 et
1291 5364 1482 5428 puteus
1511 5356 1649 5413 altus
1703 5362 1806 5429 est,
1837 5361 1979 5420 unde
2001 5377 2130 5434 ergo

538 5449 707 5506 babes
738 5463 930 5521 aquam
962 5447 1177 5505 vivam?
1231 5459 1336 5507 etc.
1367 5446 1664 5522 Respondit
1692 5446 1847 5509 JeSus
1888 5456 1942 5510 et
1995 5450 2130 5513 dixit

535 5544 587 5601 ei
608 5560 621 5595 :
642 5541 830 5599 Omnis
850 5541 939 5613 qui
971 5540 1102 5597 bibit
1130 5557 1194 5598 ex
1230 5558 1362 5614 aqua
1389 5536 1488 5598 hac
1508 5543 1654 5599 sitiet
1681 5543 1900 5613 iterum,
1920 5542 2008 5616 qui
2034 5563 2121 5603 auc

537 5645 646 5694 tem
672 5636 869 5694 biberit
890 5652 956 5693 ex
983 5651 1119 5708 aqua
1145 5651 1301 5708 quam
1330 5636 1469 5693 dabo
1493 5637 1564 5708 ei,
1588 5653 1692 5693 non
1724 5637 1870 5695 sitiet
1891 5639 1944 5697 in
1966 5652 2125 5699 teter-

537 5746 668 5787 num
694 5748 706 5785 :
730 5730 825 5787 sed
852 5744 988 5800 aqua
1009 5744 1168 5801 quam
1192 5724 1331 5787 dabo
1360 5726 1409 5787 ei
1434 5731 1523 5789 fiet
1549 5724 1603 5787 in
1629 5747 1695 5787 eo
1720 5729 1840 5791 fons
1865 5750 2016 5806 aqua:
2038 5745 2126 5794 sa-

535 5819 719 5878 lientis
745 5822 796 5879 in
820 5822 983 5879 vitam
1007 5831 1285 5881 aeternam.
1317 5820 1448 5893 Quia
1482 5840 1612 5897 ergo
1660 5826 1776 5885 haec
1816 5843 1951 5900 aqua
1980 5830 2121 5899 viva,

535 5913 678 5973 sicut
704 5913 1027 5983 evangelista
1054 5908 1324 5987 exposuit,
1354 5904 1585 5988 Spiritus
1628 5922 1843 5978 sanctus
1867 5927 1971 5991 est,
1994 5936 2121 5993 pro-

2250 3392 2508 3455 membris
2539 3401 2688 3468 suis;
2724 3406 2942 3471 propter
2967 3411 3085 3473 quae
3106 3403 3352 3458 membra
3379 3416 3481 3459 sua
3500 3403 3708 3459 clamavit
3727 3400 3770 3455 te

2245 3488 2390 3546 cutio
2422 3505 2435 3543 :
2473 3486 2656 3557 Saule,
2687 3489 2869 3558 Saule,
2901 3490 3028 3562 quid
3049 3504 3136 3547 me
3159 3494 3535 3563 persequerisi
3553 3503 3602 3549 et
3618 3493 3675 3549 da
3690 3492 3774 3563 qni-

2247 3580 2349 3637 bus
2387 3580 2643 3637 membris
2671 3579 2826 3655 [suis]
2851 3582 2970 3639 ait:
3003 3583 3157 3651 Quod
3198 3584 3291 3639 uni
3342 3598 3409 3641 ea
3442 3586 3658 3642 minimis
3681 3584 3777 3639 nisi?

2246 3670 2475 3747 fecistis,
2508 3673 2638 3731 mihi
2678 3674 2904 3732 fecistis.
2938 3675 3057 3747 ipse
3094 3688 3225 3749 ergo
3252 3676 3495 3735 Christus
3520 3688 3571 3733 et
3590 3676 3786 3733 deditdt

2246 3769 2410 3837 coelo,
2439 3779 2495 3826 et
2541 3772 2751 3841 accepit
2799 3772 2853 3827 in
2884 3776 3049 3828 terra.
3077 3771 3247 3829 Porro
3272 3782 3439 3829 autem
3460 3774 3589 3828 dona
3611 3773 3678 3828 ob
3697 3772 3785 3826 hoc

2245 3863 2407 3919 ambo
2453 3861 2727 3932 dixerunt,
2761 3868 2815 3920 et
2844 3864 3107 3935 propheta
3138 3871 3195 3920 et
3229 3864 3514 3935 apostolus,
3552 3863 3667 3934 quia
3696 3877 3787 3932 per

2245 3951 2445 4011 donum
2485 3956 2626 4027 quod
2658 3964 2742 4013 est
2768 3956 3002 4027 Spiritus
3033 3967 3252 4015 sanctus
3280 3958 3331 4013 in
3347 3970 3615 4013 commune
3630 3956 3791 4011 omni-

2243 4040 2346 4105 bus
2378 4050 2634 4107 membris
2654 4046 2852 4107 Christi
2875 4052 3042 4107 multa
3064 4052 3205 4107 dona
3234 4064 3353 4124 qua
3376 4060 3498 4109 sunt
3529 4052 3795 4124 quibusque

2247 4140 2461 4214 propria
2487 4142 2837 4211 dividuntur;
2864 4154 2970 4200 non
3006 4145 3150 4202 enim
3174 4138 3371 4217 singuli
3416 4146 3605 4217 quique
3630 4144 3791 4200 habent

2243 4232 2448 4306 omnia,
2476 4236 2571 4292 sed
2602 4235 2657 4309 hi
2680 4236 2767 4293 illa
2799 4245 2854 4294 et
2875 4238 2964 4293 alii
2986 4237 3111 4307 alia,
3137 4239 3386 4310 quamvis
3412 4240 3586 4312 ipsum
3612 4236 3791 4306 donum,

2242 4334 2273 4383 a
2312 4338 2419 4400 quo
2462 4326 2657 4399 cuique
2685 4329 2901 4401 propria
2929 4330 3261 4397 dividuntur,
3295 4338 3494 4388 omnes
3515 4328 3788 4396 habent,“

2241 4422 2325 4477 est
2355 4420 2613 4491 Spiritum
2646 4429 2912 4478 sanctum.
2937 4422 3069 4479 Nam
3091 4436 3214 4480 cum
3240 4432 3296 4482 et
3325 4426 3463 4482 alibi
3497 4426 3653 4482 multa
3687 4425 3785 4479 dona

2240 4519 2721 4572 cummemorasset
2747 4535 2761 4572 :
2786 4517 2997 4586 Omnia,
3024 4518 3224 4591 inquit,
3246 4518 3365 4575 hac
3426 4530 3667 4593 operatur
3684 4531 3774 4572 sm

2241 4613 2401 4675 atque
2431 4607 2572 4662 idem
2598 4607 2827 4679 Spiritus
2847 4608 3097 4667 dividens
3120 4612 3338 4681 propria
3364 4615 3649 4684 unicuique
3668 4617 3777 4682 prmi

2162 4672 2217 4744 Ῐ)
2242 4672 2349 4769 3³1
2376 4702 2531 4766 vult;
2566 4672 2709 4771 quod
2740 4700 2961 4758 verbum
3003 4709 3061 4759 et
3098 4672 3151 4758 in
3202 4672 3458 4772 Epistolis
3490 4672 3611 4778 qua;
3648 4672 3785 4760 adlis-

2241 4792 2417 4849 brzeos
2446 4804 2529 4851 est
2559 4794 2953 4866 invenitur,ubi
2976 4797 3233 4868 scriptum
3262 4805 3371 4865 est,
3406 4796 3801 4858 Attestanteli'es

2240 4878 2407 4959 signis
2463 4894 2518 4944 et
2564 4890 2820 4961 ostentis,
2849 4899 2904 4946 et
2940 4889 3100 4946 vriis
3130 4889 3467 4960 virtutibus,
3520 4903 3578 4949 et
3624 4892 3801 4964 Spiritus

2239 4981 2409 5039 sancti
2463 4978 2814 5039 divisionibus
2868 4981 3418 5056 [distributionibus].
3476 4985 3554 5041 Et
3598 4986 3683 5042 hic
3720 4999 3806 5041 cum

2237 5074 2459 5131 dixiSSet
2486 5090 2501 5129 :
2526 5074 2782 5131 Ascendit
2812 5074 2865 5131 in
2896 5076 3085 5144 altum,
3115 5076 3421 5145 captivavn
3453 5080 3805 5149 captivitate».

2240 5160 2393 5223 dedit
2442 5166 2579 5223 dona
2628 5164 2965 5233 hominibus;
3010 5165 3153 5237 quod
3190 5174 3373 5221 autem
3435 5169 3691 5227 ascendit
3720 5170 3813 5233 Ait.

2234 5256 2365 5329 quid
2394 5267 2502 5330 est,
2534 5256 2638 5313 nisi
2659 5257 2781 5329 quis
2822 5264 2879 5315 et
2904 5258 3186 5319 descendit
3234 5264 3289 5319 in
3320 5265 3635 5325 inferiores
3680 5272 3814 5337 parte

2235 5352 2433 5410 terrae?
2470 5350 2571 5421 Qui
2602 5350 2879 5409 descendit
2928 5354 3044 5424 ipse
3094 5362 3179 5413 est
3200 5362 3257 5413 et
3281 5354 3377 5430 qui
3405 5362 3673 5419 ascendit
3696 5370 3820 5429 sapt!

2234 5460 2426 5504 omnes
2472 5442 2662 5515 caelos,
2695 5454 2753 5501 ut
2789 5446 3112 5518 adimpleret
3182 5453 3364 5507 omnia
3402 5472 3421 5509 :
3460 5463 3525 5512 et
3553 5458 3671 5527 ipse
3710 5450 3821 5508 dedit

2237 5536 2497 5611 quosdam
2518 5536 2735 5608 quidem
2756 5536 3053 5609 apostolos,
3077 5541 3337 5610 quosdam
3358 5546 3611 5615 quidem
3637 5540 3826 5620 [auten]

2235 5633 2543 5706 prdphetas,
2569 5631 2830 5706 quosdam
2857 5641 3035 5691 autem
3058 5632 3235 5710 [vero]
3258 5635 3683 5710 Evangeiistas,
3703 5649 3816 5710 qia):

2232 5726 2356 5787 dam
2392 5726 2569 5785 autem
2608 5730 2849 5799 pastores
2877 5732 2932 5785 et
2984 5728 3257 5786 doctores.
3294 5730 3447 5790 Ecce
3510 5748 3695 5807 quare
3719 5733 3833 5790 dicta

2232 5834 2357 5884 eunt
2393 5820 2615 5901 [omnia]
2657 5820 2821 5897 dona,
2869 5824 2991 5898 quia
3031 5824 3170 5884 sicut
3196 5826 3327 5885 alibi
3368 5829 3531 5889 dicit
3563 5851 3578 5888 :
3608 5826 3833 5901 Nunquid

2230 5931 2418 5980 omnes
2445 5914 2694 5995 apostoli,
2720 5913 2959 5995 nunquid
2977 5928 3166 5978 omnes
3184 5919 3535 5996 propheta?
3560 5930 3624 5987 et
3641 5930 3839 5994 cetera.
