3986 6382
229 418 344 484 9Ξ5

1404 406 1841 484 TBESAURUS.
1881 404 2036 479 CAP.
2078 410 2353 487 CCXL“.
2400 412 2403 415 ’

230 547 327 605 hic
386 540 628 617 adjunkit
674 561 688 598 :
742 540 824 600 Ad
890 541 1406 599 consummationem
1481 546 1812 608 sanctorum,
1842 539 1899 603 Δ
1921 546 2021 610 est,
2045 532 2146 600 etsi
2161 545 2687 618 neminidetur,quia
2704 548 2846 608 Deus
2866 532 3145 609 eratPatri
3164 548 3220 611 ei
3239 550 3375 612 Filio
3395 562 3525 626 c‘oas_

229 642 290 697 in
367 644 501 709 Opus
572 634 896 705 ministerii,
978 637 1031 691 in
1104 635 1512 693 aediﬁcationem
1577 636 1821 708 corporis

228 728 458 790 Christi.
484 724 608 787 llaec
635 738 718 787 est
769 730 963 787 domus
990 740 1132 801 quae,
1164 729 1303 787 sicut
1342 728 1589 786 Psalmus
1654 729 1818 796 canit,

229 830 532 889 aediﬁcatur
564 834 685 899 post
703 826 1067 897 captivitatem
1090 820 1369 897 (quoniam
1392 824 1478 897 qui
1502 831 1629 881 sunt
1652 828 1684 879 a
1706 818 1821 879 dias

228 923 360 980 bolo
386 912 549 987 eruti,
577 937 607 976 a
631 936 742 991 quo
779 910 974 991 captivi
1012 916 1353 985 tenebantur,
1381 916 1451 973 de
1480 912 1563 973 his
1591 910 1826 973 aedificas

228 1022 324 1072 tur
347 1028 542 1086 corpus
566 1012 768 1071 Christi
792 1029 807 1069 :
831 1026 949 1084 qum
977 1008 1171 1067 domus
1197 1011 1497 1083 appellatur
1535 1008 1822 1080 Euclesia):

226 1108 378 1171 hanc
407 1112 583 1165 autem
614 1106 976 1178 captivitatem
1010 1096 1128 1175 ipse
1155 1103 1463 1176 captiva'vit,
1493 1102 1619 1175 quia
1639 1098 1826 1159 diabo—

229 1202 345 1260 lum
374 1200 501 1259 vicit
526 1218 541 1257 :
562 1210 620 1259 et
656 1215 724 1257 ne
762 1199 851 1256 illa
881 1214 1001 1271 quae
1044 1197 1222 1255 futura
1250 1206 1405 1254 erant
1435 1192 1605 1252 sancti
1634 1195 1825 1266 capitis

227 1292 511 1359 membra,
542 1294 595 1350 in
647 1296 907 1349 internum
940 1290 1262 1362 supplicium
1315 1294 1500 1347 secum
1547 1288 1817 1356 traheret,

230 1396 358 1447 eum
384 1388 610 1462 iustitia:
648 1389 817 1460 prius,
852 1384 1045 1444 deinde
1077 1387 1328 1458 potentia:
1358 1383 1586 1441 vinculis
1637 1383 1822 1455 alliga-

227 1483 331 1539 vit.
385 1482 505 1553 ipse
560 1483 738 1553 itaque
788 1478 1033 1538 diabolus
1081 1484 1165 1538 est
1206 1481 1473 1553 appellata
1516 1477 1821 1550 captivitas,

227 1578 391 1647 quam
414 1574 703 1646 captivavit
723 1575 815 1646 qui
841 1574 1085 1630 asCendit
1126 1574 1177 1629 in
1206 1573 1401 1643 altum,
1430 1574 1486 1630 et
1515 1562 1662 1630 dedit
1682 1570 1822 1628 dona

228 1666 558 1735 hominibus,
589 1666 673 1723 vel
714 1667 919 1737 accepit
957 1666 1013 1722 in
1055 1666 1381 1723 hominibus.
1425 1662 1616 1722 Petrus
1642 1671 1822 1720 autem

226 1760 527 1833 apostolus,
558 1761 698 1817 sicut
736 1760 791 1816 in
840 1764 907 1817 eo
965 1758 1105 1815 libro
1161 1760 1423 1816 canonico
1461 1754 1690 1829 legitur,
1733 1747 1825 1813 ubi

110 1880 119 1883 -
226 1853 415 1924 scripti
443 1858 569 1909 sunt
601 1853 766 1910 Actus
808 1852 1211 1923 Apostolorum,
1238 1850 1463 1924 loquens
1490 1851 1559 1907 de
1587 1846 1821 1916 Christo,

1925 642 2133 707 territis,
2156 648 2445 713 antequam
2470 645 2719 715 cuiquam
2738 642 2977 703 daretur.
3001 644 3107 703 Nec
3131 642 3250 718 quia
3275 646 3349 706 illi
3371 652 3520 720 dant,

1924 730 2041 801 ipes
2057 732 2232 801 datur,
2250 734 2369 791 ideo
2388 735 2566 793 minor
2579 738 2662 794 est
2684 736 2811 793 illis.
2830 738 2905 794 ita
2919 738 3061 794 enim
3079 739 3257 810 datur,
3274 740 3413 799 sicut
3427 744 3537 802 Dei.

1923 816 2146 893 denum,
2179 832 2234 882 ut
2261 827 2421 884 etiam
2452 827 2687 900 seipsum
2717 828 2808 887 det
2837 831 2975 890 sicut
3016 834 3179 891 Deus.
3226 835 3343 892 Non
3370 836 3516 893 enim

1923 913 2027 971 diei
2077 925 2270 985 potest,
2301 930 2406 973 non
2432 933 2554 976 esse
2580 934 2692 976 suae
2722 926 3033 993 potestatis,
3066 927 3134 982 de
3166 940 3272 997 quo
3304 927 3511 984 dictum

1924 1012 2008 1064 est
2031 1016 2046 1063 ὲ
2070 1007 2302 1079 Spiritus
2326 1010 2412 1067 ubi
2430 1012 2544 1068 vult
2566 1014 2736 1084 spirat
2759 1031 2772 1069 :
2798 1023 2851 1071 et
2879 1018 3018 1089 apud
3046 1020 3343 1089 apostolum
3368 1020 3516 1093 [illud

1923 1100 2300 1175 apostolicum]
2331 1102 2470 1173 quod
2496 1104 2609 1175 jam
2639 1114 2799 1177 Supra
2830 1113 3247 1168 commemoravi
3280 1129 3293 1168 :
3325 1113 3518 1170 Omnia

1926 1196 2104 1247 autem
2138 1193 2251 1249 hec
2281 1198 2537 1264 operatur
2564 1210 2704 1252 unus
2756 1202 2915 1271 atque
2970 1199 3114 1258 idem
3148 1200 3398 1272 Spiritus,
3434 1200 3520 1259 di-

1927 1285 2116 1343 ridens
2172 1287 2383 1360 propria
2425 1289 2712 1361 unicuique
2765 1291 2922 1363 prout
2953 1295 3089 1349 vult.
3123 1290 3241 1351 Non
3274 1294 3357 1352 est
3411 1292 3521 1354 illic

1926 1382 2163 1439 conditio
2200 1384 2350 1451 dati,
2390 1393 2443 1440 et
2487 1383 2784 1443 dominatio
2814 1387 3081 1445 dantium.
3110 1384 3204 1446 sed
3230 1390 3518 1447 coneordia

1925 1476 2034 1533 dati
2086 1482 2140 1534 et
2179 1478 2440 1534 dantium.
2469 1477 2828 1550 Quapropter,
2851 1480 2991 1538 sicut
3028 1492 3214 1540 sancta
3245 1485 3523 1556 Scriptura

1927 1570 2255 1642 proclamat;
2291 1571 2431 1629 Deus
2484 1569 2721 1629 charitas
2770 1576 2872 1643 est,
2917 1568 3007 1630 illa
3038 1580 3157 1645 quae
3186 1590 3253 1633 et
3284 1575 3395 1634 Deo
3418 1578 3523 1645 est,

1926 1668 1983 1719 et
2025 1662 2078 1719 in
2111 1662 2268 1719 nobis
2315 1662 2368 1720 id
2395 1665 2525 1736 agit,
2556 1670 2616 1719 ut
2653 1666 2705 1720 in
2733 1662 2846 1722 Deo
2876 1674 3213 1738 maneamus,
3242 1676 3298 1726 et
3326 1670 3443 1741 ipse
3467 1671 3522 1726 in

1928 1756 2108 1824 nobis,
2132 1763 2187 1813 et
2217 1757 2320 1812 hoc
2348 1757 2473 1813 inde
2502 1757 2876 1829 cognoscimus
2895 1803 2911 1829 ,
2936 1758 3060 1830 quia
3085 1759 3154 1816 de
3193 1760 3394 1833 Spiritu
3425 1768 3523 1819 suo

1880 1912 1883 1915 _
1927 1847 2076 1906 dedit
2130 1846 2319 1919 nobis,
2352 1852 2469 1922 lpSe
2520 1850 2756 1921 Spiritus
2802 1851 2921 1923 eius
2965 1859 3049 1909 est
3085 1851 3228 1910 Deus
3266 1854 3521 1911 charitas.

225 1946 511 2003 commotis
557 1946 722 2003 corde
764 1944 962 2003 Judmis
1011 1954 1065 2003 et
1122 1944 1424 2003 dicentibus
1462 1956 1473 2001 ξ
1507 1938 1647 2016 Quid
1691 1960 1821 2018 ergo
1850 1926 1900 2003 Β
1926 1939 2153 2013 Deinde,
2186 1942 2232 1998 si
2286 1941 2341 1998 in
2371 1942 2530 1999 donis
2555 1942 2645 1998 Dei
2675 1941 2806 1999 nihil
2837 1942 3014 2014 malus
3042 1948 3127 2001 est
3164 1943 3448 2015 charitate,
3471 1954 3525 2002 et

225 2036 506 2107 iaciemus,
540 2037 782 2094 fratres?
816 2038 1111 2095 monstrate
1143 2038 1327 2105 nobis;
1385 2037 1520 2094 dixit
1568 2037 1634 2094 ad
1674 2053 1768 2094 eos
1800 2053 1815 2094 :

223 2129 386 2201 Agite
426 2132 820 2201 paenitentiam,
857 2137 913 2187 et
958 2130 1258 2202 baptizetur
1288 2133 1655 2202 unusquisque
1697 2146 1821 2188 ves-

225 2231 370 2281 trum
424 2224 479 2282 in
514 2222 730 2283 nomine
759 2224 886 2282 Jesu
923 2218 1149 2296 Christi,
1181 2227 1235 2282 in
1266 2218 1637 2283 remissiunem
1692 2230 1821 2296 pec-

225 2325 506 2388 catorum,
530 2326 584 2376 et
610 2310 885 2390 accipietis
925 2312 1124 2375 donum
1170 2308 1402 2389 Spiritus
1444 2312 1635 2375 sancti.
1662 2314 1820 2375 item-

227 2418 334 2478 que
363 2408 417 2464 in
460 2401 652 2465 eodem
685 2410 822 2466 libro
852 2411 1065 2481 legitur,
1121 2410 1395 2466 Simonem
1436 2408 1646 2481 Magum
1693 2416 1821 2479 apo-

224 2494 385 2557 stolis
412 2496 539 2556 dare
568 2494 803 2557 voluisse
830 2503 1135 2573 pecuniam,
1160 2508 1220 2556 ut
1240 2500 1308 2557 ab
1333 2503 1413 2558 eis
1430 2502 1701 2572 acciperet
1724 2517 1821 2573 po-

226 2598 478 2648 testatem
518 2594 642 2664 quia
675 2591 823 2667 [qua]
863 2602 959 2664 per
1008 2592 1407 2665 impositionem
1454 2608 1648 2651 manus
1706 2594 1821 2665 ejus

225 2681 447 2741 daretur
475 2678 709 2756 Spiritus
739 2684 958 2743 sanctus
990 2696 1005 2743 :'
1036 2688 1122 2743 cui
1152 2686 1344 2745 Petrus
1370 2678 1538 2757 idem,
1564 2686 1819 2762 PeCunia‘,

222 2776 438 2849 inquit,
473 2776 561 2834 tua
607 2784 781 2835 tecum
840 2780 910 2836 sit
963 2772 1017 2837 in
1079 2780 1409 2865 perditione,
1458 2783 1583 2855 quia
1622 2774 1821 2838 donum

224 2868 323 2927 Dei
346 2866 623 2928 aestimas“
651 2874 703 2928 te
749 2874 975 2942 pecunia
1007 2869 1309 2945 possidere.
1336 2872 1402 2930 Et
1431 2876 1539 2930 alio
1577 2875 1819 2945 ejusdem

223 2949 353 3020 libri
384 2963 526 3030 loco,
554 2972 675 3019 cum
706 2964 897 3022 Petrus
933 2958 1190 3022 Cornelio
1235 2968 1291 3022 et
1318 2966 1423 3023 illis
1451 2966 1538 3038 qui
1566 2976 1685 3023 eum
1729 2967 1823 3023 illo

222 3052 462 3123 fuerant,
491 3050 800 3126 idqueretur
823 3096 840 3124 ,
872 3057 1198 3113 annuntians
1226 3064 1281 3113 et
1312 3057 1608 3128 “praedicans
1636 3048 1821 3115 Cinis.

222 3142 371 3216 tum,
410 3142 486 3203 ait
534 3146 807 3219 Scriptura
855 3144 1089 3204 :Adhuc
1143 3148 1397 3220 loquente
1446 3149 1608 3206 Petro
1656 3148 1821 3206 verba

222 3236 363 3308 haec,
389 3239 586 3298 cecidit
610 3240 843 3311 Spiritus
871 3246 1089 3299 sanctus
1109 3250 1275 3314 super
1303 3252 1493 3299 omnes
1513 3242 1603 3314 qui
1636 3242 1822 3299 audie-

1922 2022 2126 2090 nullurn
2178 2041 2259 2090 est
2283 2034 2456 2105 majus
2486 2034 2688 2090 donum
2714 2035 2808 2092 Dei
2824 2050 2984 2106 quam
3015 2035 3252 2109 Spiritus
3279 2044 3521 2106 sanctus,

1921 2128 2046 2199 quid
2078 2130 2519 2200 consequentius,
2544 2136 2706 2200 quam
2736 2137 2792 2185 ut
2839 2131 2957 2203 ipse
3011 2130 3082 2188 sit
3119 2130 3376 2202 charitas,
3405 2138 3524 2205 quae

1927 2219 2126 2276 dicitur
2155 2229 2206 2275 et
2243 2220 2385 2276 Deus
2419 2222 2475 2279 et
2502 2234 2569 2278 ex
2603 2222 2750 2278 Deo?
2780 2221 2849 2278 Et
2871 2224 2915 2279 si
2945 2222 3201 2293 charita's,
3222 2232 3327 2296 qua
3368 2225 3525 2283 Pater

1922 2312 2096 2382 diligit
2114 2314 2311 2369 Filium
2329 2322 2382 2370 et
2396 2314 2610 2371 Patrem
2623 2312 3007 2387 diiigitFillus,
3026 2318 3523 2377 ineﬂ‘abilltercom-

1922 2405 2231 2461 munionem
2260 2406 2593 2463 demonstrat
2617 2410 2927 2477 amborum,
2962 2410 3089 2481 quid
3116 2411 3523 2471 conveniendus

1923 2506 2080 2570 quam
2110 2506 2167 2555 tit
2196 2498 2284 2557 ille
2317 2504 2531 2572 proprie
2556 2500 2765 2559 dicatur
2787 2503 3022 2560 chariias
3055 2505 3147 2577 qui
3169 2505 3401 2577 Spiritus
3429 2511 3515 2565 est

1923 2589 2225 2645 communis
2244 2590 2505 2647 ambabus
2522 2590 2671 2649 illoc
2701 2595 2846 2650 enim
2869 2595 3055 2651 sanius
3076 2592 3316 2651 creditur
3330 2593 3417 2652 vel
3439 2590 3522 2653 ln-

1926 2680 2203 2753 telligitur,
2250 2686 2307 2738 ut
2355 2690 2461 2738 non
2493 2680 2641 2740 solus
2670 2684 2907 2757 Spiritus
2937 2688 3158 2742 sanctus
3183 2684 3419 2742 charitas
3449 2682 3522 2744 sit

1922 2773 1976 2830 in
2025 2774 2115 2831 illa
2147 2774 2435 2845 Trinitate,
2463 2773 2559 2832 sed
2610 2786 2717 2834 nun
2765 2776 2965 2834 frustra
3014 2778 3231 2850 prppria
3274 2775 3512 2835 Charitas

1923 2872 2282 2938 nuncupetur,
2310 2876 2527 2939 propter
2556 2868 2648 2927 illa
2676 2876 2797 2944 qua
2826 2871 2972 2929 dicta
3020 2880 3145 2929 sunt
3174 2888 3190 2927 :
3223 2872 3365 2929 sicut
3412 2880 3521 2930 nou

1923 2961 2073 3017 solus
2102 2971 2187 3019 est
2215 2964 2267 3018 in
2299 2956 2389 3019 illa
2432 2962 2717 3033 Trinitate,
2754 2967 2840 3031 vel
2870 2960 3125 3038 Spiritus,
3163 2960 3251 3024 vel
3274 2978 3521 3038 sanctus,

1923 3054 2047 3125 quia
2092 3062 2147 3111 et
2203 3042 2360 3113 Pater
2412 3054 2676 3128 Spiritus,
2707 3060 2763 3115 et
2792 3054 2955 3117 Filius
2986 3054 3241 3131 Spiritus,
3273 3059 3331 3116 et
3357 3049 3520 3118 Pater

1921 3152 2141 3201 sanctus
2165 3184 2180 3212 ,
2210 3157 2265 3204 et
2293 3146 2463 3204 Filius
2493 3158 2711 3206 sanctus
2730 3191 2745 3218 ,
2777 3151 2917 3220 quod
2946 3166 3050 3206 non
3073 3149 3297 3223 ambiglt
3326 3142 3520 3222 pietas,

1921 3244 1977 3295 et
2004 3244 2186 3296 tamen
2236 3240 2352 3312 ipse
2401 3246 2509 3298 non
2541 3232 2739 3299 frustra
2772 3242 2989 3314 proprie
3050 3236 3248 3301 dicitur
3290 3235 3521 3316 Spli‘iitis

220 3331 673 3400 Dantverbum,et
694 3330 1087 3405 obstupuerunt
1111 3336 1201 3406 qui
1221 3340 1288 3392 et
1310 3336 1723 3392 circumcisione
1756 3335 1816 3390 ii-
1845 3328 1891 3407 (ς
1924 3334 2165 3399 sanctus,
2197 3330 2330 3400 Quia
2360 3334 2504 3388 enim
2537 3334 2937 3391 esicommunis
2964 3335 3249 3405 ambobus,
3277 3332 3329 3391 id
3356 3342 3517 3392 voca-

220 3424 373 3482 deles
399 3424 559 3480 simul
589 3430 711 3481 cum
758 3425 923 3481 Petro
943 3430 1227 3493 venerant,
1260 3426 1382 3496 quia
1413 3432 1467 3482 et
1498 3427 1554 3482 in
1573 3429 1818 3483 natiOnes

223 3516 428 3574 donum
461 3517 695 3588 Spiritus
723 3518 896 3575 sancti
926 3517 1153 3573 eiiusum‘
1183 3522 1288 3575 est.
1322 3518 1624 3575 Audiebant
1672 3520 1816 3575 enim

218 3612 348 3672 illos
371 3614 651 3685 loquentes
666 3606 883 3687 iihguis,
906 3622 960 3670 et
982 3613 1385 3684 magniﬁcautes
1410 3608 1594 3669 Deum.
1615 3613 1691 3669 De
1713 3626 1818 3685 quo

218 3707 367 3771 facta
412 3716 543 3780 stio,
600 3702 745 3783 quod
801 3709 1204 3767 incircumcisos
1257 3709 1648 3779 baptizaverat,
1693 3708 1815 3781 quia

222 3809 537 3881 priusquam
562 3796 983 3879 baptizarentur,
1007 3802 1066 3862 ut
1090 3793 1291 3863 nodtttn
1321 3800 1634 3877 quastiouis
1658 3802 1817 3874 huJUS

221 3892 484 3963 auferret,
505 3900 558 3954 in
577 3913 670 3954 eos
684 3904 905 3956 venerat
934 3899 1168 3969 Spiritus
1194 3900 1444 3968 sanctus,
1473 3908 1593 3954 cum
1628 3890 1817 3955 l’etrus

222 3996 412 4060 postea
436 3990 687 4045 redderet
710 3982 974 4048 rationem
998 3982 1257 4047 fratribus
1280 3982 1371 4060 qui
1386 4000 1541 4047 erant
1567 3989 1817 4047 Hieroso-

241 4081 406 4151 ymis,
431 4081 483 4135 et
516 4078 615 4135 hac
641 4092 701 4135 re
731 4076 914 4137 audita
941 4083 1315 4149 movebantur,
1341 4076 1415 4138 ait
1436 4082 1555 4155 post
1575 4088 1768 4139 caetera
1800 4101 1814 4139 :

221 4174 357 4230 Cum
384 4173 671 4244 cmpiSsetn
700 4177 878 4229 autem
907 4164 1052 4245 loqui
1095 4164 1164 4229 ad
1194 4174 1334 4241 illos,
1362 4174 1560 4230 cecidit
1587 4168 1817 4245 Spiritus

218 4272 445 4324 sanctus
474 4266 529 4321 in
554 4264 699 4334 illos,
720 4266 860 4322 Sicut
884 4272 938 4322 et
966 4256 1020 4322 in
1052 4278 1150 4322 nos
1181 4256 1235 4322 in
1263 4256 1436 4322 initio.
1463 4255 1817 4322 Memoratus-

216 4378 328 4435 que
357 4376 477 4417 sum
509 4361 661 4417 verbi
696 4360 903 4417 Domini
932 4361 1072 4417 sicut
1101 4360 1315 4417 dicebat
1348 4378 1362 4416 :
1393 4360 1528 4429 Quia
1579 4360 1815 4417 Joannes

216 4456 441 4530 quidem
463 4454 753 4527 baptizavit
778 4470 936 4526 aqua,
966 4469 1060 4511 vos
1089 4471 1218 4511 vero
1270 4454 1668 4525 baptizabimini
1698 4454 1818 4525 Spi-

215 4551 328 4608 ritu
357 4554 577 4617 sancto;
631 4548 675 4603 si
706 4536 864 4620 igitur
902 4536 1107 4619 aequale
1158 4536 1356 4604 donum
1385 4538 1538 4605 dedit
1584 4542 1712 4617 illis,
1744 4549 1817 4606 si-

215 4654 313 4703 cut
339 4652 396 4702 et
423 4644 576 4701 nobis
597 4643 688 4715 qui
714 4643 1045 4701 credidimus
1067 4643 1119 4698 in
1146 4642 1431 4699 Dominum
1451 4643 1635 4700 Jesum
1658 4640 1817 4699 Chri-
1850 4710 1851 4713 η

1926 3427 2009 3481 iur
2038 3426 2153 3496 ipse
2200 3428 2418 3498 proprie
2463 3428 2604 3498 quod
2636 3426 2795 3486 ambo
2842 3422 3231 3496 communiter;
3283 3420 3520 3500 alioquin

1921 3520 1967 3576 Si
1995 3520 2049 3578 in
2074 3516 2161 3575 illa
2192 3512 2458 3578 Trinitate
2485 3514 2628 3577 solus
2651 3521 2886 3593 Spiritus
2915 3529 3132 3577 sanetus
3160 3530 3262 3590 est,
3285 3516 3520 3579 charitas

1923 3611 2162 3683 proiecto
2192 3616 2248 3668 et
2303 3611 2501 3680 Filius,
2533 3622 2639 3668 non
2688 3613 2855 3668 solius
2904 3604 3096 3680 Patris,
3124 3618 3307 3669 verum
3357 3615 3516 3670 etiam

1922 3700 2156 3777 Spiritus
2181 3700 2349 3762 sancti
2384 3698 2551 3761 Filius
2585 3696 2876 3762 invenitur.
2910 3702 2983 3762 Ita
3016 3706 3157 3762 enim
3182 3700 3313 3760 locis
3360 3706 3518 3760 innu-

1923 3788 2273 3855 merabilibus
2301 3792 2499 3856 dicitur
2529 3796 2583 3855 et
2611 3792 2829 3871 legitur,
2868 3790 3033 3854 Filius
3064 3795 3369 3868 unigenitus
3422 3786 3517 3853 Dei

1921 3886 2117 3961 Patris,
2142 3890 2202 3949 ut
2259 3894 2434 3948 tamen
2460 3896 2515 3948 et
2542 3884 2672 3947 illud
2706 3895 2895 3948 verum
2934 3888 3025 3958 sit,
3056 3888 3199 3960 quod
3231 3881 3518 3959 Apostolus

1922 3984 1997 4040 ait
2025 3985 2090 4041 de
2119 3982 2232 4040 Deo
2263 3984 2419 4041 Patre
2442 4002 2454 4040 :
2474 3984 2573 4054 Qui
2604 3985 2748 4041 eruit
2769 3998 2866 4037 nos
2891 3980 2959 4038 de
2986 3986 3248 4053 potestate
3270 3980 3517 4039 tenebra-

1923 4084 2067 4142 rum,
2091 4080 2146 4132 et
2169 4071 2519 4133 transtulit'in
2544 4084 2766 4146 regnum
2792 4070 2911 4131 Filii
2940 4070 3218 4131 charitatis
3244 4088 3375 4131 suae.
3402 4074 3517 4131 Non

1923 4169 2059 4225 dixit
2084 4166 2202 4224 Filii
2249 4171 2352 4235 sui,
2411 4168 2553 4239 quod
2594 4168 2639 4223 si
2686 4166 2929 4234 diceret,
2959 4168 3237 4222 Verissime
3292 4167 3515 4231 diceret,

1921 4261 2373 4335 quemadmodum
2400 4264 2521 4332 quia
2552 4270 2698 4335 saepe
2726 4256 2881 4330 dixit,
2910 4263 3192 4318 verissime
3222 4254 3359 4317 dixit
3382 4278 3393 4316 :
3420 4263 3515 4319 sed

1922 4356 2016 4420 ait,
2040 4350 2156 4410 Filii
2181 4354 2459 4412 charitatis
2486 4370 2615 4415 suae.
2642 4350 2805 4411 Filius
2832 4360 2960 4427 ergo
2988 4358 3069 4411 cst
3098 4354 3259 4411 etiam
3288 4346 3516 4425 Spiritus

1924 4448 2119 4516 sancti,
2150 4449 2194 4503 si
2228 4450 2332 4503 nun
2363 4450 2446 4504 εει
2492 4448 2546 4504 in
2592 4440 2681 4505 illa
2711 4442 2974 4503 Trittitute
2996 4444 3230 4502 Charitas
3263 4442 3378 4512 Dei,
3406 4444 3509 4502 nisi

1923 4540 2155 4614 Spiritus
2180 4540 2418 4601 sanctus.
2455 4536 2607 4612 Quod
2637 4538 2679 4598 si
2713 4531 3153 4597 absurdissimum
3200 4546 3311 4607 Est,
3346 4538 3513 4596 restat

1924 4644 1981 4692 ut
2002 4652 2108 4693 non
2130 4636 2278 4692 solus
2300 4637 2371 4693 ibi
2388 4636 2459 4692 sit
2473 4636 2709 4692 Charitas
2730 4634 2958 4705 Spiritus
2981 4632 3325 4702 sanctus,sed
3354 4640 3514 4704 prop-

215 4748 388 4808 stum,
414 4752 513 4809 ego
533 4737 654 4809 quis
675 4752 818 4793 eram
841 4738 931 4809 qui
953 4751 1164 4808 possem
1186 4736 1473 4807 prohibere
1496 4736 1687 4805 Deum,
1704 4751 1809 4792 non
1839 4720 1889 4798 D
1921 4739 2003 4788 ter
2034 4731 2141 4798 illa,
2160 4731 2227 4786 de
2254 4731 2444 4801 quibus
2471 4721 2601 4785 satis
2622 4726 2872 4797 disserui,
2898 4730 3113 4802 proprie
3140 4731 3216 4784 sic
3239 4737 3462 4785 vocetur
3494 4744 3508 4782 :

217 4832 354 4888 dare
382 4830 486 4885 illis
511 4829 766 4901 Spiritum
801 4827 1080 4885 sanctum?
1102 4818 1167 4884 Et
1190 4826 1353 4915 multa
1384 4824 1487 4885 alia
1511 4834 1637 4884 sunt
1661 4830 1812 4885 testi-

216 4921 403 4981 monia
425 4922 843 4994 Scripturarum,
866 4936 988 4992 qua:
1015 4916 1355 4975 Concorditer
1381 4922 1704 4975 atteStantur
1730 4916 1815 4974 do-

218 5035 349 5076 num
381 5016 476 5073 Dei
522 5032 643 5073 esse
675 5008 937 5087 Spiritum
979 5024 1256 5081 sanctum,
1289 5015 1342 5070 in
1373 5019 1626 5083 quantum
1656 5012 1814 5067 datur

218 5116 302 5173 eis
330 5110 419 5187 qui
451 5131 545 5188 per
562 5131 683 5172 eum
706 5115 931 5189 diligunt
953 5110 1119 5172 Deum
1142 5131 1156 5170 :
1180 5102 1277 5171 sed
1306 5102 1465 5170 nimis
1492 5107 1710 5184 longum
1734 5120 1816 5168 est

218 5217 419 5267 cuncta
440 5208 711 5281 Colligere,
734 5212 790 5266 et
818 5200 943 5281 quid
972 5198 1052 5265 eis
1076 5200 1206 5265 satis
1230 5218 1313 5265 est
1342 5208 1534 5280 quibus
1560 5198 1676 5263 haec
1695 5212 1817 5278 qua:

217 5302 455 5360 diximus
475 5303 604 5358 satis
626 5318 729 5357 non
753 5292 909 5358 sunt?
930 5292 1070 5359 Sane
1086 5300 1409 5358 admonendi
1424 5309 1568 5373 sunt,
1583 5296 1819 5374 quando-

219 5397 439 5469 quidem
462 5396 657 5453 donum
681 5390 773 5451 Dei
792 5393 904 5468 jam
928 5390 1110 5453 vident
1139 5398 1341 5453 dictum
1372 5386 1631 5467 Spiritum
1659 5409 1814 5451 sanc~

223 5502 361 5560 tum,
379 5500 439 5548 ttt
451 5506 569 5548 cum
588 5488 811 5546 audiunt
826 5490 1023 5548 donum
1040 5480 1275 5563 Spiritus
1289 5491 1483 5557 sancti,
1500 5480 1626 5549 illud
1642 5504 1812 5561 genus

218 5584 514 5643 locutionis
530 5592 821 5655 agnoscant
836 5583 977 5654 quod
994 5583 1194 5641 dictum
1217 5596 1323 5655 est,
1348 5586 1402 5642 in
1415 5585 1810 5659 exspoliatione

219 5674 469 5746 corporis
502 5677 700 5733 carnis.
729 5676 878 5733 Sicut
908 5676 1054 5733 enim
1073 5693 1269 5751 corpus
1300 5682 1477 5738 carnis
1509 5681 1639 5738 nihil
1667 5681 1812 5737 aliud

220 5770 481 5841 estquam
501 5785 652 5837 caro,
667 5760 746 5827 sic
758 5764 958 5827 donum
978 5771 1209 5842 Spiritus
1225 5776 1395 5830 sancti
1416 5775 1546 5832 nihil
1571 5758 1713 5831 aliud
1727 5784 1812 5833 est

221 5879 386 5938 quam
401 5858 630 5935 Spiritus
641 5876 877 5923 sanctus.
894 5858 948 5921 in
965 5873 1168 5923 tantum
1186 5883 1314 5937 ergo
1326 5858 1523 5926 donum
1543 5871 1633 5928 Dei
1650 5860 1813 5940 est,in

222 5966 485 6034 quantum
508 5957 665 6018 datur
684 5959 766 6019 eis
785 5959 979 6035 quibus
1004 5948 1180 6029 datur,
1214 5963 1367 6037 Apud
1391 5977 1449 6021 se
1470 5971 1645 6023 autem
1665 5956 1806 6023 Deus

1916 4822 2055 4895 quod
2088 4828 2262 4879 autem
2290 4822 2489 4878 dictum
2516 4822 2598 4877 est
2620 4812 2739 4878 Filii
2761 4814 3037 4878 citaritatis
3061 4836 3191 4890 suae,
3213 4818 3344 4876 nihil
3363 4816 3505 4873 aliud

1917 4908 2242 4988 intelligatur
2258 4932 2417 4987 quam
2443 4914 2561 4972 Filii
2582 4915 2883 4983 suidilecti,
2904 4931 3061 4986 quam
3096 4913 3210 4970 Filii
3239 4922 3512 4985 postremo

1918 5007 2230 5065 substantiae
2286 5022 2417 5063 suae.
2444 5006 2689 5063 Charitas
2738 5010 2934 5079 quippe
2964 5007 3159 5071 Patris,
3190 5021 3309 5076 qua:
3339 5006 3390 5059 in
3421 5021 3512 5059 na-

1918 5100 2036 5157 tura
2056 5092 2169 5168 eius
2192 5108 2275 5155 est
2296 5098 2635 5156 ineii‘abilitcr
2656 5096 3057 5171 Simpllcl,.niitil
3080 5106 3163 5152 est
3186 5097 3330 5152 aliud
3354 5112 3511 5167 quam

1919 5193 2035 5266 ejus
2061 5193 2173 5266 ipsa
2206 5203 2391 5251 natura
2423 5200 2583 5266 atque
2611 5195 2907 5252 substantia
2939 5195 3021 5267 (tit
3049 5207 3193 5264 saepe
3229 5191 3337 5263 jam
3369 5188 3511 5247 dixi-

1920 5290 2059 5351 mus,
2103 5296 2158 5341 et
2200 5300 2345 5357 saepe
2376 5288 2572 5344 iterare
2608 5298 2713 5343 nun
2762 5278 2952 5357 piget),
2977 5296 3039 5339 ac
3075 5299 3173 5354 per
3222 5283 3321 5339 hoc
3346 5280 3511 5339 Filius

1916 5374 2189 5434 charitatis
2218 5372 2335 5450 ejus
2366 5380 2543 5436 nullus
2564 5388 2646 5436 est
2675 5381 2809 5435 alius
2830 5376 3102 5449 quamqui
3124 5375 3189 5432 de
3214 5376 3505 5433 substantia

1914 5464 2031 5543 ejus
2056 5480 2135 5527 est
2163 5464 2393 5543 genitus.

2432 5542 2660 5601 CAPUT
2686 5541 2941 5599 CCXLVI
2958 5576 2973 5598 .

1917 5634 2415 5709 Deinterrogalionc
2436 5636 2690 5701 hwretici,
2714 5644 2893 5709 contra
2930 5650 3021 5690 eos
3050 5634 3139 5688 aui
3182 5633 3509 5709 Uuilrettimin

1992 5709 2085 5765 Dei
2112 5704 2227 5765 neti
2260 5719 2486 5779 paternae
2515 5708 2814 5764 substantia
2853 5722 2940 5779 sea
2984 5718 3263 5759 vommaus
3319 5704 3508 5758 Fit‘um

1988 5798 2092 5837 esse
2122 5778 2404 5853 dixerunt;
2429 5797 2492 5837 ιε
2520 5779 2653 5836 libro
2684 5794 2750 5834 xv
2801 5779 2863 5834 de
2884 5778 3159 5833 Trinitate.

1988 5898 2159 5954 Aoute
2184 5911 2316 5954 sane
2341 5894 2558 5967 quidam
2589 5892 2883 5966 respondit
2908 5890 3168 5951 haeretico
3190 5892 3508 5948 versutissi-

1912 6002 2003 6049 me
2032 5990 2423 6065 interroganti,
2457 5997 2637 6048 utrum
2666 5987 2707 6045 D
2731 6000 2828 6047 eus
2858 5985 3051 6045 Filium
3075 5981 3261 6043 volens
3294 5997 3363 6044 an
3411 5997 3508 6041 no-

3410 428 3519 502 926
3596 486 3609 501 .
