3986 6382
526 395 630 453 931

1614 390 1677 446 D.
1721 384 2040 446 EUGYPPII
2078 379 2368 440 ABBATIS
2408 380 2732 441 AFRICANI

3731 389 3819 444 9‘28

450 541 467 562 ι
530 515 652 571 lens
680 511 927 584 genuerit
953 528 968 567 :
994 518 1050 566 ut
1078 509 1124 566 si
1167 505 1459 576 diceretur,
1488 507 1698 575 nolens,
1723 505 2107 562 absurdissima
2138 503 2188 562 Α
2217 507 2492 560 memoria:
2518 504 2760 558 tribuens
2782 517 2940 558 omne
2979 503 3119 573 quod
3153 503 3349 561 scimus
3370 545 3389 575 ,
3435 505 3675 561 etiamsi
3725 523 3814 563 non

533 608 630 665 Dei
685 607 900 663 miseria
947 614 1300 674 sequeretur;
1347 605 1390 659 si
1439 611 1638 669 autem,
1675 603 1884 670 volens,
1938 600 2117 656 conti-

538 715 646 756 nuo
695 697 834 769 quod
903 695 1213 751 intendebat
1271 698 1418 752 velut
1471 697 1666 752 invicta
1721 698 1931 751 ratione
1988 709 2120 749 con-

536 791 797 855 cluderet,
830 804 937 844 non
964 799 1168 844 natura:
1197 804 1317 845 esse
1347 788 1563 855 Filium,
1594 788 1688 844 sed
1715 787 2025 844 voluntatis.
2048 786 2122 843 At

537 886 627 940 ille
673 882 1072 953 vigilantissime
1125 882 1360 937 vicissim
1401 881 1650 951 quaesivit
1679 882 1747 936 ab
1797 897 1884 949 eo,
1934 891 2119 936 utrum

489 1039 498 1054 δ
537 977 678 1031 Deus
706 974 865 1028 Pater
893 974 1079 1028 volens
1109 988 1174 1026 an
1203 972 1392 1027 nolens
1417 973 1489 1027 sit
1525 972 1664 1027 Deus
1693 991 1704 1025 :
1735 981 1793 1027 ut
1821 972 1866 1027 si
1895 986 2122 1041 respon-

463 1101 468 1106 -
537 1068 708 1134 deret,
739 1068 945 1135 nolens,
971 1074 1284 1138 sequeretur
1314 1066 1404 1121 illa
1439 1067 1656 1120 miseria
1703 1079 1861 1136 quam
1893 1063 1963 1119 de
2001 1064 2114 1119 Deo

538 1160 759 1214 credere
782 1175 970 1229 magna
1005 1160 1209 1214 insania
1238 1168 1348 1224 est;
1374 1159 1420 1214 si
1447 1169 1626 1214 autem
1649 1159 1878 1225 diceret,
1911 1158 2121 1226 volens,

538 1253 957 1322 responderetur
988 1253 1061 1319 ei,
1095 1253 1235 1323 Ergo
1279 1263 1331 1307 et
1361 1253 1478 1322 ipse
1535 1253 1808 1307 voluntate
1837 1267 1932 1307 sua
1980 1251 2123 1308 Deus

539 1353 645 1412 est,
681 1360 788 1400 non
811 1353 1022 1400 natura.
1053 1345 1188 1411 Quid
1216 1359 1345 1414 ergo
1367 1345 1740 1410 restabat,nisi
1771 1354 1824 1399 et
1851 1345 2125 1401 obmutes-

540 1448 707 1505 ceret,
731 1447 785 1494 et
811 1454 902 1494 sua
936 1439 1358 1510 interrogatione
1387 1441 1496 1510 38
1528 1439 1825 1510 obligatum
1858 1439 2121 1495 insolubi-

541 1534 577 1589 li
606 1534 819 1589 vinculo
852 1549 911 1590 se
936 1535 1188 1590 videret?
1239 1533 1346 1590 Sed
1395 1533 1641 1588 voluntas
1673 1532 1787 1599 Dei,
1834 1533 1879 1587 si
1909 1541 1964 1589 et
1996 1548 2124 1602 pro-

544 1629 660 1698 prie
689 1629 917 1684 dieenda
952 1637 1035 1684 est
1058 1628 1233 1697 aliqua
1267 1628 1322 1682 in
1352 1626 1618 1683 Trinitate
1647 1641 1898 1698 persona,
1955 1627 2128 1697 magis

541 1721 643 1776 hoc
673 1735 868 1776 nomen
896 1721 1115 1790 Spiritui
1147 1727 1334 1775 sancto
1363 1720 1643 1790 competit,
1673 1719 1814 1775 sicut
1843 1719 2080 1774 cbaritas
2109 1735 2124 1774 :

541 1827 664 1868 nam
691 1813 817 1884 quid
858 1822 942 1868 est
981 1813 1123 1868 aliud
1153 1813 1384 1868 charitas
1415 1828 1572 1882 quam
1625 1813 1923 1867 voluntas?
1955 1812 2125 1868 Video

2221 597 2347 653 inde
2399 596 2735 666 cogitemus;
2783 595 3151 664 intelligentia:
3192 611 3322 651 vero
3371 597 3616 666 preprio
3674 598 3813 669 [quo-

2219 686 2365 759 dam]
2421 687 2576 743 modo
2616 687 2900 758 quamdam
2930 686 3268 756 cogitationis
3318 690 3803 751 informationem:

2221 782 2503 852 cogitando
2530 781 2669 836 enim
2699 780 2840 850 quod
2866 796 3052 834 verum
3086 782 3391 836 invenimus
3412 825 3428 848 ,
3489 782 3602 838 hoc
3656 790 3806 839 maxi-

2222 887 2310 928 me
2341 872 2637 941 intelligere
2664 872 2888 927 dicimus
2918 872 3212 945 [dicimur],
3245 884 3298 929 et
3342 875 3453 929 hoc
3507 878 3727 946 quidem
3765 880 3804 936 in

2223 967 2482 1023 memoria
2523 982 2709 1022 rursus
2755 966 3128 1036 relinquimus.
3184 967 3291 1022 Sed
3339 969 3434 1024 illa
3490 981 3583 1026 est
3625 973 3802 1029 abstru-

2223 1058 2335 1114 sior
2361 1058 2692 1129 profunditas
2714 1068 2912 1113 nostrae
2935 1063 3234 1124 memoriae,
3259 1061 3349 1115 ubi
3377 1062 3492 1117 hoc
3522 1066 3689 1118 etiam
3717 1069 3801 1136 pri-

2224 1167 2369 1206 mum
2397 1166 2517 1207 cum
2557 1152 2916 1222 cogitaremus
2959 1152 3282 1219 invenimus,
3312 1164 3366 1207 et
3421 1157 3672 1226 gignitur
3703 1161 3798 1215 inti-

2193 1259 2372 1316 ‘mum
2422 1244 2669 1310 verbum,
2723 1245 2865 1314 quod
2917 1245 3114 1299 nullius
3161 1247 3354 1316 linguae
3388 1249 3512 1315 sit,
3573 1261 3792 1322 tanquam

2223 1337 2445 1392 scientia
2475 1336 2541 1391 de
2561 1338 2815 1404 scientia,
2837 1346 2890 1391 et
2914 1338 3052 1394 visio
3074 1337 3143 1394 de
3161 1341 3397 1407 visione,
3423 1353 3482 1396 et
3514 1344 3792 1417 intelligen-

2225 1431 2296 1484 tia
2325 1445 2442 1499 qua:
2464 1439 2682 1499 apparet
2712 1430 2764 1485 in
2794 1431 3140 1501 cogitatione,
3163 1433 3231 1488 de
3277 1434 3646 1506 intelligentia
3696 1457 3791 1511 qua

2226 1523 2280 1577 in
2310 1525 2567 1578 memoria
2593 1523 2702 1594 jam
2729 1523 2927 1590 fuerat,
2962 1527 3055 1580 sed
3106 1527 3348 1583 latebat:
3399 1546 3700 1601 quanquam
3750 1547 3789 1592 et

2228 1618 2342 1687 ipsa
2377 1618 2662 1688 cogitatio,
2685 1619 2970 1688 quamdam
2997 1635 3144 1676 suam
3175 1625 3505 1679 memoriam
3534 1625 3628 1682 nisi
3655 1627 3787 1684 habe-

2227 1720 2327 1777 ret,
2373 1727 2480 1768 non
2502 1722 2864 1768 reverteretur
2893 1714 2959 1768 ad
2983 1730 3043 1769 ea
3073 1731 3193 1785 quae
3222 1717 3274 1772 in
3299 1719 3566 1774 memoria
3592 1724 3775 1792 relique-

2229 1814 2312 1861 rat
2335 1819 2453 1860 cum
2483 1805 2585 1860 alia
2607 1807 2888 1875 cogitaret.
2923 1806 3000 1860 De
3031 1807 3230 1876 Spiritu
3259 1818 3445 1865 autem
3480 1824 3638 1868 sancto
3661 1815 3764 1869 nihil
3831 1861 3836 1868 .

541 1922 629 1962 me
649 1907 716 1962 de
731 1908 931 1976 Spiritu
952 1916 1139 1962 sancto
1160 1908 1213 1962 in
1235 1908 1338 1962 isto
1352 1907 1489 1962 libro
1502 1907 1799 1962 secundum
1822 1907 2124 1976 Scripturas
2157 1888 2203 1950 Β
2233 1901 2284 1956 iu
2301 1900 2403 1956 hoc
2423 1899 2704 1970 aenigmate
2726 1900 2868 1969 quod
2887 1901 2935 1956 ei
2950 1900 3124 1956 simile
3147 1902 3450 1970 videretur,
3471 1907 3765 1972 ostendi,nisi

542 2007 755 2056 sanctas
797 1999 898 2055 hoc
925 1999 1230 2069 disputasse
1259 2000 1401 2070 quod
1453 1998 1701 2055 ﬁdelibus
1750 1998 1973 2065 sufﬁcit,
2014 1999 2127 2069 jam

543 2089 832 2145 scientibus
865 2090 1034 2146 Deum
1065 2103 1186 2145 esse
1222 2089 1478 2159 Spiritum
1509 2096 1795 2154 sanctum;
1845 2104 1944 2145 nec
1991 2090 2128 2144 alte-

545 2192 655 2240 rius
683 2181 1013 2247 substantiae,
1044 2198 1144 2239 nec
1175 2183 1438 2238 minorem
1459 2198 1620 2253 quam
1654 2193 1737 2238 est
1763 2183 1922 2238 Pater
1959 2193 2013 2240 et
2038 2185 2128 2240 Fi-

545 2275 664 2340 lius,
695 2276 837 2344 quod
869 2276 924 2330 in
951 2277 1317 2346 superioribus
1350 2276 1525 2344 libris,
1573 2277 1870 2332 secundum
1901 2280 2120 2334 easdem

546 2367 845 2437 Scripturas
869 2375 1102 2437 sanctas,
1135 2383 1321 2425 verum
1349 2365 1558 2443 [etiam]
1580 2383 1706 2425 esse
1726 2369 2029 2426 docuimus.
2057 2371 2133 2428 De

548 2470 792 2514 creatura
820 2461 984 2516 etiam
1006 2476 1164 2530 quam
1191 2461 1318 2518 fecit
1362 2461 1527 2528 Deus,
1558 2469 1819 2531 quantum
1860 2463 2131 2519 valuimus

547 2554 915 2609 admonuimus
981 2569 1076 2610 eos
1129 2555 1222 2621 qui
1287 2555 1556 2610 rationem
1602 2553 1670 2608 de
1722 2555 1888 2609 rebus
1939 2555 2134 2612 talibus

547 2654 793 2714 poscunt,
817 2656 875 2700 ut
900 2645 1188 2702 invisibilia
1217 2645 1356 2716 ejus,
1380 2651 1503 2715 {per
1545 2661 1607 2701 ea
1652 2662 1773 2712 qua:
1803 2647 1938 2700 facta
1986 2657 2133 2716 sunt,

549 2736 683 2791 sicut
713 2747 931 2806 possent
957 2739 1229 2795 intellecta
1259 2740 1657 2810 conspicerent,
1686 2751 1743 2794 et
1769 2740 2002 2798 maxime
2041 2757 2137 2812 per

550 2829 864 2887 rationalem
891 2833 978 2888 vel
1027 2833 1447 2890 intellectualem
1474 2843 1801 2902 creaturam,
1835 2852 1952 2908 quae
2001 2837 2137 2893 facta

551 2922 727 2978 estad
776 2923 1060 2994 imaginem
1109 2926 1225 2994 Dei,
1279 2941 1376 2996 per
1414 2927 1579 2997 quod,
1629 2929 1777 2982 velut
1833 2930 2136 2999 speculum,

552 3021 809 3082 quantum
836 3023 1076 3085 possent,
1127 3016 1173 3070 si
1216 3027 1458 3085 possent,
1507 3029 1795 3074 cernerent
1821 3020 2139 3076 Trinitatem

555 3105 722 3162 Deum
764 3108 817 3162 in
848 3116 1029 3162 nostra
1081 3110 1362 3178 memoria,
1415 3111 1792 3180 intelligentia,
1835 3113 2137 3170 voluntate.

557 3196 687 3263 Quae
716 3198 814 3251 tria
842 3197 894 3251 in
924 3212 1018 3252 sua
1049 3208 1229 3254 mente
1262 3201 1574 3256 naturaliter
1596 3201 1854 3256 divinitus
1896 3205 2140 3261 instituta

2233 1994 2564 2048 voluntatem
2591 2002 2852 2058 nostram,
2883 1992 2967 2047 vel
3014 2007 3282 2060 amorem,
3307 2010 3402 2050 seu
3453 1997 3773 2062 dilectionem,

2231 2100 2349 2155 qua:
2367 2085 2632 2140 valentior
2653 2092 2736 2139 est
2761 2083 3026 2140 voluntas.
3041 2084 3304 2152 Quoniam
3334 2087 3569 2143 voluntas
3596 2101 3775 2154 nostra,

2232 2195 2350 2250 quae
2373 2178 2525 2234 nobis
2536 2179 3018 2244 naturaliterinest,
3039 2180 3248 2255 sicut-ei
3269 2195 3346 2236 res
3363 2182 3675 2250 adjacucrint
3700 2185 3778 2239 vel

2233 2272 2585 2336 occurrerint,
2601 2270 2793 2339 quibus
2809 2271 3076 2326 allicimur
3090 2272 3174 2328 vel
3190 2274 3504 2338 oﬁendimur,
3522 2276 3590 2330 ita
3611 2278 3776 2331 varias

2234 2363 2543 2418 affectiones
2572 2362 2750 2417 habet.
2780 2363 2916 2430 Quid
2940 2378 3070 2433 ergo
3093 2372 3178 2420 est
3197 2366 3222 2418 ἵ
3247 2368 3463 2434 nunquid
3494 2368 3678 2423 dicturi
3695 2384 3775 2421 su-

2236 2473 2356 2514 mus
2382 2458 2708 2512 voluntatem
2740 2465 3003 2525 nostram,
3036 2459 3252 2528 quando
3292 2469 3439 2514 recta
3461 2470 3558 2526 est,
3595 2462 3768 2518 nescire

2236 2551 2362 2618 quid
2387 2558 2623 2620 appetat,
2659 2550 2787 2619 quid
2813 2551 3016 2605 evitet?
3045 2551 3212 2606 Porro
3243 2552 3287 2605 si
3319 2555 3445 2618 scit,
3474 2553 3683 2622 proiecto
3704 2557 3766 2609 in-

2237 2651 2320 2697 est
2370 2641 2418 2697 ci
2465 2657 2557 2697 sua
2584 2643 2832 2712 quaedam
2865 2643 3114 2712 scientia,
3166 2660 3287 2713 quae
3322 2646 3444 2700 sine
3477 2648 3684 2702 memoria
3717 2658 3756 2703 et

2239 2737 2590 2807 intelligentia
2622 2750 2743 2792 esse
2792 2751 2898 2791 non
2941 2746 3117 2808 potest
3157 2737 3411 2810 [possit].
3468 2742 3536 2794 An
3555 2756 3646 2794 rem
3672 2757 3740 2793 aa-

2241 2828 2466 2884 diendus
2497 2838 2580 2884 est
2607 2829 2869 2899 quispiam
2893 2873 2909 2898 ,
2957 2829 3171 2899 dicens,
3241 2830 3552 2887 Cltaritatem
3587 2835 3732 2888 nescire

2241 2921 2368 2992 quid
2392 2930 2533 2991 agat,
2564 2937 2683 2991 quae
2713 2936 2818 2976 non
2848 2922 2955 2992 agit
2977 2937 3262 2991 perperam
3287 2923 3312 2976 ?
3352 2924 3508 2980 Sicut
3523 2940 3610 2994 ergo
3637 2925 3740 2978 inest

2243 3016 2629 3086 intelligentia,
2704 3015 2845 3071 inest
2907 3017 3122 3072 dilectio
3174 3017 3250 3072 illi
3307 3021 3575 3076 memoriae
3615 3017 3753 3090 prisci-

2246 3111 2383 3179 pali,
2436 3111 2491 3164 in
2543 3126 2644 3180 qua
2686 3111 2986 3166 invenimus
3016 3122 3260 3182 paratum
3292 3125 3351 3169 et
3399 3115 3688 3172 reconditum
3715 3112 3752 3166 ai

2247 3202 2387 3271 quod
2419 3204 2705 3272 cogitando
2749 3219 3033 3272 possumus
3081 3209 3410 3277 pervenire.
3458 3211 3568 3280 quia
3615 3217 3656 3263 et
3694 3206 3759 3261 duo

560 3283 799 3356 quisquis
822 3286 1079 3342 vivaciter
1105 3289 1381 3358 perspicit,
1415 3298 1470 3343 et
1508 3305 1666 3359 quam
1699 3307 1952 3361 magnum
1985 3296 2058 3349 sit
2088 3295 2142 3352 in
2177 3278 2223 3342 C
2253 3294 2353 3351 ista
2392 3296 2693 3352 invenimus
2734 3299 2838 3365 ibi,
2878 3299 3090 3369 quando
3144 3316 3245 3355 nos
3293 3278 3574 3372 cogitando
3615 3300 3763 3355 inveni-

561 3393 661 3444 ea,
701 3379 842 3436 unde
886 3389 1062 3451 potest
1103 3381 1265 3436 etiam
1318 3383 1648 3452 sempiterna
1690 3385 2147 3459 immutabilisque

566 3478 756 3525 natura
800 3472 988 3540 recoli,
1017 3470 1281 3541 conspici,
1305 3473 1611 3542 concupisci
1642 3474 2029 3547 (reminiscitur
2051 3494 2149 3549 per

561 3568 908 3636 memoriam,
944 3568 1277 3638 intueturper
1301 3569 1760 3640 |intelligentiam,
1805 3574 2149 3644 amplectitur

563 3675 660 3730 per
687 3661 1051 3728 dilectionem,
1106 3661 1347 3732 profecto
1371 3664 1574 3734 reperit
1607 3666 1750 3720 illius
1775 3680 2000 3722 summae
2031 3668 2150 3725 Tri-

565 3753 746 3807 nitatis
780 3753 1095 3823 imaginem.
1122 3754 1204 3807 Ad
1233 3769 1391 3822 quam
1422 3771 1687 3812 summam
1715 3758 2032 3815 Trinitatem
2058 3777 2147 3816 re-

568 3843 979 3911 miniscendam,
1011 3846 1322 3913 videndam,
1350 3848 1698 3918 diligendum,
1730 3860 1790 3905 ut
1819 3866 1938 3906 eam
1969 3868 2152 3909 recor-

569 3934 766 4002 detur,
844 3950 961 3990 eam
1041 3939 1476 4008 contempletur,
1537 3955 1598 3995 ea
1657 3941 1993 4012 delectetur,
2065 3953 2151 4000 to-

569 4036 681 4082 tum
757 4026 916 4084 debet
968 4027 1170 4085 referre
1234 4031 1376 4100 quod
1433 4033 1584 4087 vivit.
1637 4033 1832 4089 Verum
1887 4050 1954 4091 ne
2013 4041 2153 4094 hanc

569 4127 878 4198 imaginem,
910 4127 979 4183 ab
1005 4127 1195 4183 eadem
1235 4128 1499 4185 Trinitate
1530 4130 1749 4198 factam,
1798 4141 1853 4189 et
1895 4149 1994 4190 suo
2023 4136 2155 4192 vitio

567 4220 620 4275 in
647 4220 882 4275 deterius
909 4229 1317 4288 commutatam,
1350 4223 1423 4276 ita
1454 4221 1630 4278 eidem
1656 4236 1936 4295 comparet
1965 4228 2152 4283 Trini-

570 4314 686 4379 tati,
716 4322 774 4367 ut
799 4315 944 4370 omni
975 4314 1136 4369 modo
1163 4314 1436 4369 existimet
1465 4315 1722 4382 similem,
1753 4319 1849 4373 sed
1881 4320 2058 4390 potius
2103 4322 2156 4376 in

576 4407 939 4477 qualicunque
967 4410 1065 4464 ista
1097 4409 1445 4464 similitudine
1479 4426 1726 4482 magnam
1751 4429 1970 4486 quoque
1999 4416 2159 4472 dissi-

573 4497 921 4556 militudinem
954 4509 1169 4571 cernat,
1221 4511 1478 4571 quantum
1531 4503 1666 4560 satis
1713 4519 1835 4561 esse
1877 4506 2158 4565 videbatur

572 4586 845 4642 admonui.

1075 4659 1301 4720 CAPUT
1341 4661 1633 4721 CCXLV".

572 4770 652 4825 De
673 4771 1084 4850 similitudinibus
1133 4776 1401 4850 Trinitatis
1450 4779 1673 4848 divinae,
1715 4795 1830 4850 qum
1875 4782 1929 4836 in
1971 4793 2157 4838 natura

646 4845 824 4964 metatis
863 4847 930 4966 ait!
984 4848 1256 4916 imaginem
1299 4848 1395 4903 Dei
1428 4851 1585 4922 factm
1629 4845 1850 4924 reperiri
1900 4861 2157 4924 utcunque

650 4931 712 4966 no
741 4929 896 4966 uerun
927 4953 939 4966 .

649 4929 939 4984 patuerunt.

646 5053 788 5109 Sane
817 5054 985 5108 Deum
1019 5053 1253 5122 Patrem,
1285 5065 1340 5113 et
1361 5058 1527 5115 Deum
1552 5060 1769 5127 Filium,
1799 5062 1853 5118 id
1882 5071 1966 5119 est
1985 5063 2156 5120 Deum

572 5147 899 5217 genitorem,
931 5147 1021 5218 qui
1049 5148 1226 5202 omnia
1256 5166 1376 5221 quae
1422 5153 1850 5211 substantialiter
1891 5155 2055 5212 habet
2098 5159 2153 5213 in

573 5248 843 5295 coaeterno
874 5240 976 5294 sibi
1009 5240 1184 5297 Verbo
1227 5257 1326 5297 suo
1349 5242 1483 5298 dixit
1511 5246 1913 5314 quodammodo
1944 5258 2039 5303 :et
2072 5249 2158 5320 ip-

573 5343 693 5382 sum
722 5327 952 5384 Verbum
997 5331 1114 5400 ejus
1139 5331 1332 5399 Deum,
1374 5333 1466 5404 qui
1521 5349 1620 5389 nec
1668 5335 1789 5405 plus
1836 5351 1935 5392 nec
1980 5337 2160 5395 minus

571 5421 774 5490 aliquid
794 5422 1122 5478 habetetiam
1142 5425 1260 5493 ipse
1273 5426 1723 5494 substantialiter,
1742 5443 1901 5499 quam
1919 5429 2065 5499 quod
2078 5440 2162 5487 est

571 5514 625 5571 in
657 5516 748 5570 illo
779 5517 868 5586 qui
898 5517 1118 5573 verbum
1145 5534 1250 5573 non
1282 5520 1614 5576 mendaciter
1643 5522 1738 5577 sed
1766 5525 2039 5579 veraciter
2064 5539 2157 5596 ge-

576 5608 726 5662 nuit:
758 5610 1210 5679 quemadmodum
1255 5615 1426 5684 potui,
1462 5631 1567 5670 non
1611 5623 1670 5670 ut
1712 5615 1842 5670 illud
1880 5616 1991 5686 jam
2026 5618 2164 5675 facie

575 5702 640 5755 ad
674 5702 884 5768 faciem,
915 5702 1013 5758 sed
1038 5719 1132 5775 per
1161 5705 1300 5762 hanc
1322 5707 1727 5764 similitudinem
1759 5706 1817 5762 in
1849 5709 2157 5779 aenigmate,

587 5798 1117 5869 quantulumcunque
1146 5800 1484 5870 conjiciendo
1497 5803 1773 5859 videretur
1795 5804 1848 5858 in
1863 5805 2123 5860 memoria
2141 5848 2157 5876 ,

578 5895 633 5940 et
661 5885 1005 5958 intelligentia
1035 5893 1230 5948 mentis
1259 5901 1456 5950 nostra;
1483 5895 1897 5964 signiﬁcaretur,
1927 5898 2112 5954 curavi
2139 5914 2154 5954 :

2252 3405 2392 3461 mus,
2447 3399 2501 3446 et
2541 3392 2840 3464 intelligere
2890 3394 3126 3464 aliquid,
3185 3396 3346 3451 etiam
3395 3407 3450 3452 et
3492 3410 3652 3451 amare
3689 3408 3768 3463 qua

2252 3485 2322 3540 ibi
2375 3494 2567 3550 erant,
2616 3495 2670 3542 et
2723 3488 2937 3556 quando
2992 3487 3118 3544 inde
3147 3480 3271 3545 ~non
3318 3491 3662 3562 cogitabamus
3695 3507 3705 3541 :
3737 3497 3772 3543 et

2251 3578 2391 3634 sicut
2434 3580 2572 3634 inest
2619 3582 2900 3647 memoria,
2937 3582 3082 3637 inest
3120 3583 3338 3639 dilectio
3371 3586 3490 3639 huic
3529 3583 3776 3653 intelligen-

2253 3670 2339 3725 tia:
2393 3686 2511 3741 qua:
2562 3672 2886 3740 cogitatione
2937 3671 3249 3740 formatur;
3288 3675 3423 3745 quod
3467 3674 3665 3728 verbum
3709 3686 3779 3727 ve-

2253 3781 2372 3820 rum
2411 3766 2526 3821 sine
2563 3766 2723 3822 ullius
2748 3767 2921 3837 gentis
2964 3767 3144 3837 lingua
3177 3767 3314 3822 intus
3339 3768 3561 3829 dicimus,
3587 3762 3779 3834 quando

2253 3858 2602 3928 cognovimus
2646 3858 2908 3923 dicimus;
2965 3873 3089 3912 nam
3136 3859 3239 3913 nisi
3278 3854 3638 3912 reminiscendo
3677 3867 3778 3907 non

2253 3949 2396 4005 redit
2424 3950 2490 4004 ad
2535 3949 2758 4019 aliquid,
2805 3957 2859 4005 et
2900 3949 3004 4004 nisi
3034 3950 3264 4004 amando
3305 3948 3475 4004 redire
3511 3961 3610 4001 non
3655 3953 3783 4000 curat

2257 4053 2458 4098 nostrae
2501 4042 2840 4111 cogitationis
2883 4041 3126 4108 intuitus,
3159 4043 3234 4097 ita
3262 4042 3497 4104 dilectio,
3521 4054 3628 4109 quae
3652 4037 3782 4092 visio-

2256 4149 2380 4190 nem
2411 4134 2463 4188 in
2492 4134 2751 4188 memoria
2782 4134 3153 4195 constitutam,
3188 4142 3242 4200 et
3264 4134 3529 4189 visionem
3555 4129 3783 4202 cogitatio-

2259 4227 2341 4283 nis
2373 4227 2495 4283 inde
2514 4224 2822 4294 formatam,
2854 4227 3005 4297 quasi
3053 4237 3334 4297 parentem
3378 4228 3669 4298 prolemque
3689 4238 3781 4278 con-

2254 4324 2448 4395 jungﬂ.

3662 4364 3698 4387 ν

2759 4393 2987 4450 CAPUT
3025 4391 3345 4451 CCXLVIII.
3629 4381 3653 4407 ν

3551 4457 3570 4484 ‘J

2259 4507 2383 4580 Tria
2410 4520 2521 4574 qua:
2556 4514 2670 4559 sunt
2691 4505 2744 4559 iu
2773 4506 2995 4576 imagine
3031 4504 3145 4568 Dei,
3175 4507 3231 4559 id
3257 4514 3334 4559 est
3360 4508 3626 4572 memoria,
3666 4501 3764 4580 inici:

2333 4579 2491 4633 lectus
2512 4586 2557 4630 et
2584 4593 2729 4629 amor
2758 4580 2910 4630 unius
2960 4592 3208 4643 personas,
3252 4580 3376 4648 quia
3425 4595 3536 4633 non
3569 4580 3642 4632 hoc
3668 4585 3715 4626 ait
3742 4579 3772 4623 et

2182 4674 2239 4737 Β
2336 4665 2442 4703 esse
2470 4649 2605 4718 quod
2636 4649 2744 4702 haec
2773 4648 2956 4703 habere
2982 4665 2997 4714 ;
3029 4665 3092 4702 ea:
3120 4651 3294 4703 eodem
3323 4649 3486 4706 libro.

2335 4783 2536 4839 Verum
2567 4782 2683 4837 haec
2706 4783 2922 4854 quando
2948 4783 3000 4837 in
3027 4798 3132 4838 una
3159 4791 3284 4837 sunt
3306 4798 3571 4853 persona,
3600 4785 3711 4839 sicut
3739 4789 3791 4832 est

2261 4876 2444 4943 homo,
2463 4868 2642 4944 potest
2657 4875 2810 4929 nobis
2823 4873 3089 4945 quispiam
3106 4875 3289 4930 dicere
3313 4892 3326 4928 :
3344 4875 3481 4931 Tria
3503 4879 3621 4942 ista,
3642 4888 3794 4930 metr-.0.

2262 4968 2359 5033 ria,
2395 4967 2701 5022 intellectus
2730 4977 2783 5022 et
2805 4981 2981 5034 amor,
3011 4982 3132 5023 mea
3162 4976 3307 5036 sunt,
3334 4981 3445 5024 neu
3461 4985 3559 5026 sua
3581 4989 3594 5038 ;
3619 4966 3794 5028 necsibi,

2266 5062 2364 5118 sed
2391 5062 2518 5116 mihi
2537 5060 2856 5131 aguntquod
2870 5069 3072 5131 agunt;
3105 5063 3212 5118 imo
3225 5077 3325 5133 ego
3341 5067 3570 5134 perilla,
3596 5081 3684 5136 ego
3699 5062 3798 5118 enim

2262 5156 2483 5213 memini
2514 5170 2612 5227 per
2638 5155 2974 5222 memoriam,
3007 5156 3247 5229 intelligo
3275 5175 3372 5230 per
3412 5158 3799 5230 intelligentiam.

2263 5262 2385 5303 amo
2407 5263 2502 5318 per
2542 5259 2781 5301 amorem
2810 5264 2822 5300 :
2851 5255 2907 5302 et
2951 5248 3171 5317 quando
3219 5250 3286 5304 ad
3316 5253 3642 5307 memoriam
3678 5260 3805 5303 meam

2267 5342 2441 5397 aciem
2476 5339 2818 5410 cogitationis
2847 5339 3092 5407 adverto,
3122 5356 3184 5396 ac
3209 5343 3287 5398 sic
3305 5343 3360 5397 in
3384 5345 3560 5413 corde
3584 5358 3692 5396 meo
3711 5341 3799 5394 dico

2265 5433 2410 5504 quod
2427 5433 2568 5500 scio,
2590 5433 2919 5501 verbumque
2933 5447 3119 5487 verum
3133 5434 3201 5489 de
3217 5436 3443 5489 scientia
3463 5451 3588 5491 mea
3603 5433 3809 5504 gignitur,

2271 5535 2553 5595 utrumque
2584 5538 2762 5578 meum
2793 5535 2899 5591 est,
2924 5533 2980 5580 et
3015 5526 3238 5580 scientia
3285 5527 3475 5597 utique
3522 5540 3579 5584 et.
3613 5527 3812 5581 verbum.

2275 5619 2384 5689 Ego
2415 5620 2558 5674 enim
2587 5620 2721 5689 scio,
2754 5634 2855 5689 ego
2890 5620 3011 5676 dico
3044 5621 3094 5674 in
3143 5636 3262 5676 meo
3311 5624 3480 5678 corde
3527 5624 3666 5693 quod
3714 5620 3813 5678 scio,

2270 5720 2324 5766 et
2352 5711 2568 5782 quando
2591 5712 2644 5767 in
2673 5714 2932 5768 memoria
2977 5728 3097 5769 mea
3123 5714 3405 5784 cogitando
3450 5718 3701 5781 invenio,
3736 5713 3819 5782 jam

2270 5818 2358 5858 me
2383 5804 2704 5875 intelligere,
2732 5808 2840 5875 jam
2869 5821 2953 5861 me
2976 5821 3156 5863 amare
3178 5807 3402 5877 aliquid,
3423 5811 3517 5879 qui
3555 5809 3820 5864 intellectus

2272 5903 2327 5952 et
2350 5910 2502 5954 amor
2547 5897 2620 5955 ibi
2664 5907 2839 5966 erant,
2873 5908 2927 5955 et
2955 5908 3238 5973 antequam
3262 5900 3389 5959 inde
3417 5904 3731 5974 cogitarem.
3762 5900 3821 5953 in-
