3986 6382
198 382 307 438 929

1450 381 1536 438 Tit
1546 381 1880 440 ESAURUS.
1923 385 2079 442 CAP.
2121 384 2269 442 CCL.

3377 393 3480 449 930

195 504 476 561 tellectum
507 520 682 560 meum
706 512 758 562 et
779 519 1017 564 amorem
1040 519 1218 562 meum
1249 504 1466 561 invenio
1492 505 1546 560 in
1576 521 1781 563 memo-
1806 506 1857 568 Δ
1888 520 2004 560 rum
2032 509 2216 574 trium,
2246 522 2408 579 quam
2440 505 2555 563 htec
2583 505 2778 572 unius;
2827 504 2917 560 illa
2948 503 3147 576 quippe
3189 504 3241 560 in
3290 515 3478 564 natura

194 597 280 653 ria
309 613 450 666 mea,
481 615 588 668 quo
613 615 713 671 ego
745 601 1005 672 intelligo,
1043 615 1144 671 ego
1159 613 1303 667 amo,
1339 615 1446 654 non
1477 602 1613 671 ipsa.
1647 600 1782 656 item

194 693 412 764 quando
441 695 692 765 c0gitatio
741 710 862 751 mea
908 709 1115 751 memor
1139 704 1242 762 est,
1268 703 1324 751 et
1352 696 1465 750 vult
1504 694 1685 750 redire
1714 693 1781 749 ad

192 803 264 843 ea
287 803 406 858 quae
458 788 510 843 in
561 790 821 845 memoria
877 789 1195 860 reliquerat,
1229 805 1294 846 ea
1352 805 1473 861 quae
1504 789 1777 845 intellecta

192 880 511 950 conspicere
565 890 725 952 atque
778 883 918 937 intus
969 882 1171 948 dicere,
1203 898 1324 938 mea
1350 882 1636 951 ,‘memoria
1663 897 1780 938 me-

192 985 318 1026 mor
345 981 447 1038 est,
482 980 537 1027 et
576 987 692 1028 mea
745 973 859 1027 vult
889 974 1184 1040 voluntate,
1215 990 1320 1030 non
1348 988 1463 1028 sua.
1497 973 1616 1042 Ipse
1647 987 1785 1044 quo-

192 1079 303 1134 que
359 1080 510 1121 amor
558 1081 728 1130 meus,
761 1081 881 1120 cum
911 1067 1155 1123 meminit
1177 1076 1340 1138 atque
1383 1067 1632 1137 intelligit
1654 1065 1784 1136 quid

191 1168 452 1228 appetere
498 1161 710 1230 debeat,
736 1162 862 1232 quid
913 1163 1104 1232 vitare,
1149 1178 1248 1234 per
1303 1179 1504 1231 meam,
1538 1180 1645 1220 non
1682 1179 1777 1233 per

193 1266 349 1306 suam
404 1255 718 1309 memoriam
773 1255 1059 1322 meminit,
1118 1265 1173 1312 et
1221 1271 1316 1326 per
1363 1256 1775 1327 intelligentiam

195 1359 396 1412 meam,
431 1360 537 1400 non
586 1345 726 1419 [per]
757 1362 929 1414 suam,
952 1348 1208 1418 quidquid
1228 1349 1592 1420 intelligenter
1614 1360 1783 1414 amat,

193 1435 478 1505 intelligit;
510 1438 650 1506 quod
683 1439 919 1494 breviter
948 1439 1053 1493 dici
1087 1447 1265 1508 potest
1294 1458 1305 1491 :
1340 1439 1452 1508 Ego
1481 1454 1578 1509 per
1599 1440 1782 1495 omnia

194 1526 288 1580 illa
320 1527 422 1581 tria
460 1530 699 1594 memini,
735 1545 834 1600 ego
865 1531 1130 1601 intelligo,
1174 1547 1274 1602 ego
1312 1532 1500 1601 diligo,
1533 1533 1623 1602 qui
1680 1547 1781 1587 nec

195 1620 454 1675 memoria
479 1623 1120 1694 sum,{necintelligentia,
1153 1639 1252 1679 nec
1275 1625 1515 1687 dilectio,
1544 1624 1636 1680 sed
1665 1624 1782 1678 hzec

195 1712 388 1766 habeo.
405 1714 505 1768 Ista
529 1731 657 1786 ergo
675 1716 777 1770 dici
801 1725 1027 1786 possunt
1046 1717 1114 1771 ab
1140 1732 1240 1772 una
1267 1733 1498 1787 persona
1529 1733 1650 1787 quae
1689 1717 1787 1770 ha-

197 1805 288 1860 bet
309 1805 422 1862 haec
452 1808 574 1873 tria,
611 1825 718 1863 non
776 1810 888 1878 ipsa
933 1818 1015 1864 est
1048 1808 1162 1864 haec
1195 1810 1317 1865 tria.
1354 1809 1408 1864 In
1463 1810 1607 1864 illius
1642 1824 1786 1875 vero

1887 595 2210 665 Divinitatis,
2241 598 2352 655 sive
2387 598 2436 653 id
2464 598 2656 654 melius
2684 598 2894 653 dicatur
2922 595 3167 660 Deitatis,
3197 596 3340 667 quod
3371 607 3477 664 est,

1885 688 1990 746 hoc
2009 700 2109 759 est,
2136 703 2296 762 atque
2326 692 2833 748 incommutabiliter
2861 692 3000 745 inter
3048 705 3107 746 se
3153 705 3216 746 ac
3248 706 3466 760 semper

1886 779 2101 849 aequalis
2153 791 2271 848 est,
2326 797 2426 839 nec
2477 783 2763 854 aliquando
2822 798 2926 837 non
2972 782 3112 848 fuit,
3159 792 3253 838 aut
3307 784 3466 839 alter

1885 873 2002 940 luit,
2050 890 2150 930 nec
2205 877 2488 948 aliquando
2542 895 2648 936 non
2704 882 2827 946 erit,
2876 887 2967 933 aut
3011 879 3166 932 aliter
3199 878 3327 934 erit.
3371 879 3478 933 Ista

1884 981 2016 1022 vero
2068 971 2170 1024 tria
2227 985 2345 1040 qua:
2400 981 2528 1026 sunt
2565 973 2638 1040 in.
2669 971 2860 1040 impari
2897 971 3152 1040 imagine,
3199 969 3302 1024 etsi
3371 985 3479 1026 non

1887 1055 2020 1113 locis
2052 1059 2327 1130 (quoniam
2359 1077 2465 1116 non
2497 1069 2628 1116 sunt
2654 1061 2931 1132 corpora),
2984 1069 3162 1114 tamen
3212 1059 3354 1114 inter
3396 1074 3478 1125 se,

1887 1164 2029 1206 nunc
2058 1151 2110 1205 in
2153 1152 2256 1206 ista
2285 1153 2892 1225 vita,maguitudinibus
2928 1163 3268 1222 separantur.
3288 1150 3474 1222 Neque

1886 1243 2030 1298 enim
2053 1245 2174 1315 quia
2203 1247 2371 1303 moles
2401 1249 2562 1304 nulla:
2607 1249 2680 1304 ibi
2721 1259 2868 1315 sunt,
2902 1247 3024 1303 ideo
3073 1264 3180 1302 non
3235 1247 3479 1302 videmus

1887 1335 1942 1390 in
1964 1337 2069 1392 alio
2090 1338 2347 1408 majorem
2377 1357 2498 1397 esse
2520 1344 2833 1398 memoriam
2853 1358 3010 1412 quam
3034 1341 3476 1412 intelligentiam;

1887 1431 1942 1485 in
1973 1431 2079 1486 alio
2100 1442 2282 1487 contra
2317 1432 2393 1505 [in
2436 1434 2543 1489 alto
2587 1445 2766 1490 autem
2797 1433 3075 1505 econtra]:
3124 1433 3177 1488 in
3232 1435 3338 1487 alio
3370 1431 3477 1487 duo

1888 1521 2004 1577 haec
2033 1524 2232 1578 amoris
2261 1525 2632 1595 magnitudine
2654 1525 2922 1594 superari,
2951 1525 3064 1582 sive
3090 1524 3202 1578 sint
3230 1523 3345 1593 ipsa
3372 1521 3480 1576 duo

1888 1614 2027 1669 inter
2049 1631 2107 1670 se
2134 1617 2386 1685 aequalia,
2419 1618 2538 1672 sive
2571 1632 2677 1672 non
2704 1620 2812 1672 sint
2837 1617 3084 1686 aequalia.
3113 1619 3290 1685 Atque
3311 1615 3380 1668 ita
3419 1622 3475 1669 et

1888 1721 1918 1760 a
1949 1707 2175 1777 singulis
2198 1708 2342 1774 bina,
2374 1718 2428 1764 et
2449 1725 2478 1763 a
2502 1710 2642 1766 binis
2671 1709 2902 1781 singula,
2950 1717 3004 1763 et
3033 1724 3064 1762 a
3095 1708 3322 1777 singulis
3364 1707 3480 1760 sin-

1890 1797 2034 1867 gula,
2049 1814 2076 1851 a
2094 1799 2385 1868 majoribus
2401 1801 2609 1856 minora
2628 1802 2937 1857 vincuntur.
2957 1800 3022 1855 Et
3040 1800 3256 1871 quando
3270 1803 3407 1855 inter
3423 1814 3483 1855 se

196 1913 422 1955 summa:
448 1901 787 1969 simplicitate
819 1912 1047 1968 natum,
1080 1919 1197 1972 quae
1229 1903 1372 1958 Deus
1401 1912 1485 1958 est
1512 1902 1782 1973 (quamvis
1815 1902 1863 1962 B
1889 1893 2119 1961 εαυίιιίει
2152 1893 2368 1962 fuerint.
2402 1895 2469 1948 ab
2495 1896 2640 1950 omni
2687 1895 2948 1965 languore
2978 1902 3188 1959 sanata.
3229 1907 3328 1949 nec
3359 1902 3483 1950 ίυηε

196 2008 335 2048 unus
362 1994 430 2048 sit
459 1995 647 2064 Deus),
684 2005 790 2050 tres
818 2005 998 2051 tamen
1033 2012 1279 2066 personae
1326 2007 1472 2062 sunt,
1507 1997 1686 2063 Pater,
1731 2007 1788 2052 et

198 2087 387 2154 Filius,
418 2096 472 2142 et
503 2086 736 2156 Spiritus
765 2098 1012 2144 sanctus.
1041 2089 1195 2144 Aliud
1228 2097 1311 2144 est
1340 2091 1520 2160 itaque
1549 2089 1786 2145 Trinitas

197 2198 287 2238 res
313 2182 448 2252 ipsa,
481 2182 624 2237 aliud
651 2183 829 2255 imago
870 2183 1147 2239 Trinitatis
1180 2184 1233 2239 in
1280 2202 1336 2240 re
1367 2185 1516 2249 alia;
1566 2196 1786 2254 propter

199 2292 357 2347 quam
384 2275 694 2345 imaginem,
729 2277 886 2332 simul
916 2287 970 2333 et
1002 2277 1130 2332 illud
1159 2278 1211 2332 iu
1243 2293 1351 2349 quo
1383 2289 1508 2333 sunt
1537 2279 1652 2333 haec
1679 2279 1781 2333 tria

201 2370 381 2436 imago
411 2369 607 2423 dicitur
641 2385 656 2434 ;
699 2369 838 2424 sicut
866 2369 1040 2439 imago
1090 2370 1286 2424 dicitur
1330 2369 1491 2424 simul
1527 2379 1580 2422 et
1611 2369 1789 2424 tabula

203 2467 259 2514 et
279 2459 420 2528 quod
448 2462 498 2514 in
529 2477 593 2515 ea
622 2462 823 2529 pictum
850 2471 962 2526 est;
988 2461 1086 2516 sed
1116 2471 1333 2531 propter
1365 2464 1629 2531 picturam
1669 2475 1790 2532 quae

203 2551 260 2609 in
290 2565 353 2605 ea
377 2560 478 2617 est,
510 2552 668 2607 simul
711 2561 766 2607 et
812 2553 987 2608 tabula
1039 2555 1254 2609 nomine
1304 2555 1551 2626 imaginis
1603 2556 1788 2626 appel.

205 2639 364 2698 Iatur.

726 2715 953 2772 CAPUT
991 2715 1268 2774 CCXLIX.

204 2827 316 2902 39
355 2829 522 2894 Quam
553 2845 672 2882 vera
700 2830 755 2882 in
782 2830 880 2883 Dei
913 2830 1164 2886 Trinitate
1195 2833 1385 2899 unitas,
1419 2842 1468 2888 et
1494 2851 1646 2902 quant
1676 2851 1795 2890 vera

381 2903 611 3024 ἔξειίειη
657 2902 855 2956 unitate
891 2904 958 2957 sit
999 2902 1268 2970 Trinitas;
1315 2921 1376 2959 ea:
1411 2906 1590 2960 eodem
1639 2908 1790 2977 libro,

300 2988 358 3024 ι.
467 3012 480 3024 .

277 2980 358 3024 ttt.
389 2980 480 3026 25.

285 3106 480 3162 Verum
514 3107 568 3161 in
600 3107 688 3162 illa
730 3123 938 3164 summa
969 3109 1255 3180 Trinitate,
1306 3128 1427 3184 quae
1457 3116 1796 3187 incompara-

208 3199 391 3256 biliter
419 3201 584 3257 rebus
611 3202 859 3258 omnibus
887 3205 1184 3271 antecellit,
1223 3213 1367 3260 tanta
1396 3216 1480 3262 est
1519 3208 1797 3281 insepara-

1892 1983 2189 2052 tequabitur
2213 1986 2287 2040 rei
2321 1996 2509 2041 natura
2540 1987 2860 2042 immutabili
2895 2002 2959 2041 ea
2991 2001 3077 2041 res
3104 2000 3223 2055 quae
3242 2000 3338 2054 per
3353 1999 3476 2053 gra-

1892 2074 2018 2131 tiam
2045 2093 2152 2133 non
2178 2080 2473 2134 mutabitur
2494 2079 2643 2150 (quia
2669 2097 2773 2136 non
2795 2089 3035 2150 aequatur
3051 2077 3479 2134 creaturaCrea-

1891 2170 2042 2237 tori),
2074 2177 2130 2224 et
2152 2171 2365 2238 quando
2391 2172 2454 2226 ab
2485 2173 2631 2226 omni
2659 2173 2921 2244 languore
2961 2170 3261 2239 sanabitur,
3296 2179 3478 2224 muta-

1891 2258 2053 2313 bitur.
2106 2260 2214 2316 Sed
2265 2262 2404 2316 hanc
2433 2279 2540 2318 non
2586 2263 2763 2318 solum
2816 2263 3234 2333 incorporalem,
3286 2277 3476 2318 verum

1893 2353 2053 2408 etiam
2084 2370 2294 2411 summe
2337 2356 2750 2428 inseparabilem
2802 2372 3035 2427 vereque
3084 2355 3473 2411 immutabilem

1893 2446 2239 2516 Trinitatem,
2267 2465 2388 2506 cum
2417 2452 2626 2507 venerit
2653 2451 2789 2506 visio
2833 2466 2954 2521 quae
2995 2449 3135 2506 facie
3179 2449 3244 2504 'ad
3295 2449 3486 2504 faciem

1897 2541 2052 2597 nobis
2075 2544 2429 2612 promittitur,
2476 2546 2647 2600 multo
2679 2544 2880 2600 clarius
2928 2545 3237 2613 certiusque
3286 2543 3487 2598 videbi~

1897 2646 2018 2687 mus
2043 2648 2202 2703 quam
2236 2649 2377 2689 nunc
2393 2635 2511 2705 ejus
2537 2634 2824 2705 imaginem
2849 2632 2990 2703 quod
3019 2647 3118 2688 nos
3146 2648 3362 2688 sumus:
3391 2647 3486 2703 per

1896 2724 2040 2796 quod
2071 2734 2246 2782 tamen
2278 2727 2555 2797 speculum
2593 2736 2662 2794 et
2707 2727 2761 2782 in
2793 2743 2901 2797 quo
2931 2727 3220 2798 aenigmate
3271 2725 3362 2795 qui
3404 2725 3486 2779 vi-

1898 2816 2048 2886 dent,
2080 2817 2219 2875 sicut
2248 2821 2302 2875 in
2341 2820 2440 2876 hac
2468 2821 2578 2875 vita
2620 2820 2808 2875 videre
2853 2833 3172 2875 concessum
3221 2826 3326 2881 est,
3379 2831 3488 2872 non

1898 2910 1974 2966 illi
2003 2920 2148 2981 sunt,
2181 2914 2271 2984 qui
2298 2929 2360 2969 ea
2387 2930 2509 2985 qua:
2539 2915 2860 2984 digessimus
2891 2923 2946 2969 et
2988 2912 3491 2969 commendavimus

1899 3007 1958 3064 in
1979 3023 2076 3064 sua
2097 3021 2282 3066 mente
2307 3011 2672 3081 conspiciunt,
2701 3011 2798 3066 sed
2823 3009 2906 3065 illi
2951 3011 3042 3079 qui
3092 3024 3211 3065 eam
3236 3017 3489 3078 tanquam

1901 3097 2190 3169 imaginem
2244 3101 2449 3170 vident,
2496 3111 2555 3156 ut
2596 3103 2807 3171 possint
2839 3101 2904 3155 ad
2931 3116 3078 3170 eum,
3111 3099 3266 3170 cujus
3311 3100 3490 3169 imago

1904 3199 2008 3258 est,
2051 3194 2540 3263 quomodocunque
2597 3194 2803 3250 referre
2826 3193 2970 3264 quod
3019 3193 3240 3258 vident;
3289 3201 3342 3247 et
3403 3204 3494 3260 per

213 3291 422 3358 bilitas,
472 3303 530 3348 ut
579 3310 699 3350 cum
748 3295 958 3351 trinitas
1003 3296 1282 3353 hominum
1333 3315 1440 3356 non
1471 3303 1640 3370 possit
1692 3302 1794 3358 dici

1904 3284 2189 3355 imaginem
2240 3302 2402 3357 quam
2449 3287 2835 3358 conspiciendo
2892 3286 3097 3353 vident,
3158 3285 3320 3341 etiam
3367 3282 3496 3339 illud

211 3401 355 3440 unus
379 3385 560 3451 homo,
587 3386 643 3441 in
669 3387 758 3442 illa
789 3404 926 3444 unus
959 3389 1097 3445 Deus
1118 3403 1171 3446 et
1194 3391 1402 3448 dicatur
1427 3403 1482 3450 et
1507 3396 1598 3464 sit,
1618 3411 1719 3452 nec
1748 3396 1801 3451 in

209 3491 320 3534 uno
347 3479 456 3532 Deo
477 3479 548 3533 sit
578 3479 668 3535 illa
696 3480 952 3545 Trinitas,
981 3482 1075 3537 sed
1106 3499 1245 3539 unus
1273 3485 1436 3541 Deus.
1477 3487 1588 3541 Nec
1615 3501 1804 3543 rursus

209 3571 663 3642 quemadmodum
688 3573 787 3628 ista
810 3574 986 3645 imago
1012 3577 1152 3645 quod
1177 3587 1260 3632 est
1286 3579 1470 3645 homo,
1496 3580 1697 3635 habens
1719 3581 1806 3637 illa

209 3663 338 3729 tria,
363 3678 468 3718 una
490 3679 719 3733 persona
737 3675 838 3739 est,
858 3666 930 3721 ita
951 3676 1037 3723 est
1057 3669 1147 3723 illa
1161 3670 1524 3739 Triuitas,sed
1549 3684 1658 3730 tres
1680 3691 1804 3745 per-

208 3769 364 3814 sonat
386 3767 534 3824 sunt,
562 3758 722 3814 Pater
763 3760 904 3828 Filii,
944 3770 998 3817 et
1026 3762 1192 3819 Pilius
1237 3764 1433 3834 Patris,
1465 3777 1520 3823 et
1571 3769 1806 3839 Spiritus

209 3846 386 3902 Patris
405 3857 460 3904 et
488 3848 634 3904 Filii.
685 3850 942 3918 Quamvis
973 3854 1118 3910 enim
1149 3846 1414 3914 memoria
1460 3859 1715 3931 hominis,
1750 3873 1808 3919 et

212 3941 448 3995 maxime
473 3943 565 3996 illa
602 3959 761 4012 quam
795 3961 989 4014 pecora
1019 3964 1125 4003 non
1175 3950 1393 4016 habent,
1418 3952 1568 4009 idest
1591 3970 1693 4025 qua
1717 3972 1805 4013 res

212 4031 581 4100 intelligibiles
602 4034 676 4087 ita
693 4037 1057 4105 continentur,
1079 4049 1138 4094 ut
1159 4057 1264 4096 non
1283 4045 1334 4098 in
1357 4060 1476 4099 eam
1497 4061 1591 4114 per
1613 4063 1807 4106 sensus

212 4124 458 4192 corporis
477 4126 746 4191 venerint,
780 4127 974 4183 habeat
1027 4145 1127 4199 pro
1170 4134 1386 4188 modulo
1432 4151 1552 4200 suo,
1600 4139 1652 4193 iu
1705 4139 1807 4196 hac

213 4215 447 4286 imagine
460 4215 758 4284 Trinitatis,
773 4219 1268 4290 incomparabiliter
1283 4229 1495 4297 quidem
1517 4232 1804 4304 imparem,

211 4309 312 4363 sed
345 4319 522 4365 tamen
551 4311 1396 4385 qualemcunquesimilitudinem
1423 4322 1804 4381 Patris:item-

212 4417 320 4472 que
352 4401 701 4473 intelligentia
734 4405 992 4475 hominis,
1025 4425 1146 4480 quae
1180 4427 1275 4481 per
1321 4414 1681 4474 intentionem
1713 4435 1806 4475 co-

211 4494 485 4563 gitationis
509 4495 634 4550 inde
663 4494 946 4566 formatur,
980 4503 1195 4571 quando
1219 4507 1361 4576 quod
1386 4510 1557 4564 scitur
1581 4511 1801 4579 dicitur,

215 4593 273 4639 et
296 4585 490 4641 nullius
520 4586 713 4657 linguae
744 4590 926 4647 cordis
969 4595 1188 4649 verbum
1231 4607 1336 4666 est,
1383 4600 1578 4658 habeat
1623 4604 1676 4658 in
1707 4618 1805 4660 sua

1907 3375 2092 3432 videre
2162 3377 2502 3446 conjiciendo
2533 3422 2548 3446 ,
2626 3379 2886 3448 quoniam
2947 3377 3187 3433 nondum
3268 3383 3496 3444 possunt

1908 3466 2043 3522 facie
2073 3469 2138 3521 ad
2187 3468 2421 3524 faciem:
2482 3484 2584 3524 non
2638 3471 2786 3526 enim
2833 3472 2909 3525 ait
2961 3469 3278 3536 Apostolus,
3338 3467 3497 3521 Vide-

1907 3575 2028 3615 mus
2060 3576 2206 3616 nuuc
2259 3563 2314 3616 in
2370 3562 2689 3632 speculum;
2737 3563 2856 3630 sed,
2913 3563 3167 3619 Videmus
3211 3574 3355 3616 nunc
3404 3574 3498 3630 per

1907 3653 2206 3720 speculum.

2498 3747 2725 3806 CAPUT
2751 3748 2901 3806 CCL.

1915 3855 2094 3923 Quare
2133 3857 2209 3912 bis
2247 3860 2396 3913 datus
2421 3860 2486 3914 sit
2517 3861 3010 3989 Spirituczﬁsanctus;
3033 3879 3095 3919 ea:
3123 3864 3297 3919 eadem
3347 3864 3497 3934 libra,

2606 3944 2686 3988 ιιι.
2768 3940 2802 3988 ⁸.

2606 3940 2686 3988 ιη.
2710 3940 2802 3988 ‘26.

1907 4053 1919 4071 '
1981 4041 2185 4099 Deinde
2215 4044 2269 4099 in
2319 4045 2406 4102 illa
2452 4059 2666 4102 summa
2716 4047 3000 4116 Trinitate,
3032 4065 3154 4118 quae
3201 4049 3340 4105 Deus
3392 4059 3495 4117 est,

1908 4133 2192 4191 intervalla
2224 4147 2528 4207 temporum
2560 4141 2706 4195 nulla
2735 4151 2878 4207 sunt,
2912 4156 3009 4210 per
3053 4157 3174 4210 qua:
3207 4143 3377 4211 possit
3406 4159 3500 4199 os-

1911 4230 2077 4296 tendi,
2106 4238 2197 4285 aut
2221 4231 2400 4288 saltim
2439 4234 2668 4302 requiri,
2700 4241 2880 4289 utrum
2923 4235 3072 4303 prius
3111 4235 3178 4290 de
3206 4235 3368 4291 Patre
3402 4250 3498 4293 na-

1910 4333 1996 4381 tus
2017 4326 2085 4380 sit
2112 4326 2300 4394 Filius,
2323 4339 2376 4382 et
2406 4340 2593 4399 postea
2622 4329 2692 4386 de
2734 4329 2998 4386 ambobus
3029 4331 3355 4400 processerit
3377 4332 3474 4402 Spi

1910 4418 2299 4476 ritussanctus.
2342 4422 2608 4490 Quoniam
2657 4422 2936 4494 Scriptura
2985 4433 3170 4479 sancta
3226 4425 3487 4494 Spiritum

1909 4526 2032 4568 eum
2054 4513 2484 4572 dicitamborum
2535 4532 2550 4570 :
2603 4516 2718 4586 ipse
2770 4525 2855 4572 est
2901 4516 3044 4571 enim
3097 4517 3164 4572 de
3217 4531 3324 4586 quo
3365 4518 3499 4574 dicit

1910 4604 2245 4675 Apostolus:
2277 4607 2540 4675 Quoniam
2590 4618 2770 4665 autem
2820 4609 2951 4664 estis
2994 4608 3092 4664 ﬁlii
3134 4608 3299 4682 [Dei],
3359 4610 3504 4667 misit

118 4740 121 4742 _
216 4693 412 4775 magna
434 4679 794 4775 disparilitate
819 4686 1130 4740 nonnullam
1162 4688 1566 4750 similitudinem
1584 4695 1725 4764 Filii,
1751 4707 1805 4753 et
1834 4676 1886 4738 θ
1915 4699 2056 4755 Deus
2076 4701 2336 4770 Spiritum
2367 4701 2490 4758 Filii
2513 4702 2596 4757 sui
2645 4702 2699 4756 in
2731 4702 2894 4758 corda
2939 4676 3377 4775 nostra-[vestra]
3406 4721 3420 4759 :
3453 4711 3506 4762 et

212 4783 368 4823 amor
399 4765 634 4824 hominis
661 4771 729 4827 de
757 4775 984 4830 scientia
1029 4780 1348 4853 procedens,
1397 4794 1453 4840 et
1481 4791 1800 4846 memoriam

213 4862 726 4936 intelligentiamque
756 4869 1110 4942 conjungeus,
1145 4884 1395 4946 tanquam
1429 4884 1634 4948 parenti
1673 4900 1797 4955 pro-

212 4954 359 5025 lique
387 4959 706 5014 communis.
742 4959 893 5017 Unde
923 4978 1023 5019 nec
1045 4979 1244 5033 parens
1289 4968 1611 5042 intelligitur
1656 4954 1800 5045 esse,

215 5063 318 5104 nec
344 5051 520 5119 proles
539 5051 736 5109 habeat
765 5055 818 5109 in
836 5055 934 5110 hac
952 5056 1186 5127 imagine
1203 5060 1462 5132 aliquam,
1495 5066 1624 5122 licet
1648 5069 1803 5127 valde

214 5140 919 5210 imparem,similitudinem
971 5147 1208 5216 Spiritus
1239 5154 1444 5207 sancti:
1471 5171 1578 5211 non
1623 5166 1803 5217 tamen

214 5232 355 5287 sicut
376 5231 428 5286 in
460 5234 557 5289 ista
592 5238 825 5308 imagine
853 5238 1156 5308 Trinitatis,
1207 5259 1314 5299 non
1363 5245 1479 5303 hac
1507 5250 1616 5319 itria
1670 5269 1808 5311 unus

217 5327 400 5395 homo,
442 5329 534 5385 sed
559 5331 714 5386 unius
759 5333 990 5390 hominis
1043 5347 1201 5405 sunt;
1248 5340 1318 5394 ita
1347 5340 1400 5396 in
1436 5343 1548 5413 ipsa
1593 5361 1806 5406 summa

214 5415 500 5486 Trinitate,
529 5421 678 5491 cujus
710 5422 823 5478 haec
852 5426 1026 5496 imago
1053 5438 1157 5494 est,
1192 5445 1301 5487 non
1332 5434 1490 5491 unius
1533 5435 1632 5493 Dei
1677 5450 1810 5498 sunt

216 5509 310 5581 illa
341 5513 462 5578 tria,
489 5513 582 5568 sed
613 5529 748 5568 unus
777 5515 917 5570 Deus
961 5529 1073 5587 est;
1105 5531 1161 5576 et
1191 5532 1300 5580 tres
1350 5536 1476 5582 sunt
1524 5528 1649 5600 illae,
1696 5549 1805 5592 non

217 5618 324 5659 una
357 5619 606 5673 persona.
641 5605 792 5671 Quod
823 5621 954 5664 sane
1003 5611 1319 5671 mirabiliter
1372 5618 1647 5678 ineffabile
1695 5631 1800 5694 est,

217 5697 298 5751 τοι
330 5695 667 5751 ineffabiliter
696 5700 964 5768 mirabile,
996 5718 1116 5759 cum
1143 5706 1212 5761 sit
1239 5723 1341 5764 una
1387 5727 1618 5781 persona
1667 5717 1804 5774 ima-

218 5805 282 5860 go
307 5789 422 5842 lucc
445 5788 739 5856 Trinitatis,
772 5792 884 5861 ipsa
910 5810 1038 5852 vero
1066 5811 1271 5854 summa
1285 5801 1519 5863 Trinitas
1547 5816 1655 5866 tres
1682 5826 1804 5882 per-

221 5899 364 5944 sonae
396 5881 521 5953 sint,
558 5882 965 5957 iuseparabilior
995 5902 1074 5948 εει
1117 5890 1210 5948 illa
1255 5893 1495 5958 Trinitas
1539 5881 1803 5974 persona-

1912 4790 2029 4861 ipse
2058 4801 2140 4846 est
2168 4791 2238 4847 de
2287 4807 2396 4863 quo
2425 4791 2553 4849 dicit
2611 4793 2753 4849 idem
2810 4792 3015 4849 Filius:
3073 4793 3191 4850 Non
3223 4797 3367 4852 enim
3405 4810 3504 4852 vos

1913 4884 2042 4939 estis
2081 4884 2168 4952 qui
2202 4883 2519 4953 loquimini,
2552 4885 2647 4940 sed
2693 4885 2925 4954 Spiritus
2976 4886 3150 4942 Patris
3187 4887 3352 4943 vestri
3403 4886 3496 4956 qui

1914 4975 2218 5044 loquiturin
2232 4975 2384 5030 vobis
2406 4976 2688 5042 ;etmultis
2700 4977 2818 5033 aliis
2838 4977 3145 5034 divinorum
3165 4978 3502 5048 eloquiorum

1917 5069 2236 5127 testimoniis
2267 5073 2685 5143 comprobatur,
2714 5072 2889 5129 Patris
2918 5082 2973 5130 et
3017 5073 3136 5128 Filii
3177 5086 3300 5128 esse
3329 5071 3507 5142 Spiri-

1917 5170 2053 5229 tum,
2086 5164 2174 5234 qui
2206 5166 2422 5235 proprie
2461 5165 2660 5223 dicitur
2686 5167 2949 5222 Trinitate
2996 5162 3229 5234 Spiritus
3257 5171 3500 5220 sanctus.

1916 5252 1994 5309 De
2021 5269 2126 5324 quo
2157 5255 2283 5311 item
2305 5256 2434 5312 dicit
2474 5257 2590 5329 ipse
2617 5256 2781 5313 Filius
2805 5275 2820 5313 :
2843 5256 3012 5324 Quem
3042 5270 3143 5327 ego
3173 5253 3381 5312 mittam
3414 5271 3508 5311 vo-

1915 5344 1998 5401 bis
2023 5361 2052 5401 a
2077 5347 2236 5405 Patre
2262 5366 2276 5416 ;
2310 5359 2363 5405 et
2391 5349 2500 5406 alio
2522 5350 2665 5420 loco,
2698 5351 2869 5417 Quem
2901 5349 3079 5404 mittet
3121 5349 3282 5405 Pater
3328 5349 3382 5405 in
3413 5361 3508 5404 no-

1917 5438 2064 5494 mine
2093 5455 2234 5496 meo.
2267 5440 2345 5497 De
2371 5450 2600 5512 utroque
2622 5449 2800 5496 autem
2830 5440 3128 5510 procedere
3149 5441 3229 5496 sic
3257 5442 3506 5510 docetur,

1917 5529 2044 5599 quia
2066 5530 2182 5600 ipse
2204 5531 2373 5590 Filius
2395 5534 2470 5588 ait
2501 5550 2516 5590 :
2551 5533 2618 5588 de
2666 5533 2829 5587 Patre
2868 5532 3110 5602 procedit
3134 5550 3149 5600 ;
3171 5542 3226 5589 et
3270 5547 3393 5589 cum
3423 5548 3510 5590 re-

1910 5625 2237 5681 surrexisset
2255 5640 2292 5687 a
2321 5626 2576 5692 mortuis,
2606 5633 2661 5680 et
2687 5626 3031 5695 apparuisset
3066 5625 3351 5696 discipulis
3371 5627 3507 5692 suis,

1908 5717 2203 5774 insufﬂavit
2257 5725 2312 5773 et
2373 5717 2499 5774 ait:
2552 5720 2791 5790 Accipite
2838 5720 3097 5790 Spiritum
3154 5729 3398 5777 sanctum
3446 5728 3507 5776 ut

1911 5828 2033 5869 cum
2072 5813 2237 5870 etiam
2259 5812 2326 5869 de
2347 5826 2409 5869 se
2461 5814 2758 5885 procedere
2813 5814 3242 5882 ostenderet;et
3263 5815 3376 5886 ipsa
3421 5822 3508 5871 est

1909 5911 2084 5967 virtus
2105 5923 2224 5982 quae
2254 5908 2321 5966 de
2352 5907 2448 5968 illo
2478 5908 2695 5967 exiebat
2721 5907 2811 5983 [de
2847 5906 2964 5982 ipso
2991 5908 3216 5984 exibat],
3242 5908 3386 5970 sicut
3425 5909 3509 5968 le-
