3986 6382
571 276 669 339 931

1637 267 1703 325 Ι).
1743 262 2065 335 Ευςγρριι
2103 266 2157 335 Al

2261 260 2392 333 ms
2430 264 2752 329 AFRICANI
3732 260 3819 317 9.32

508 401 527 415 '
563 400 711 472 gitur
739 402 790 454 in
838 396 1150 469 Evangelia,
1194 404 1251 451 et
1305 390 1530 447 sanabat
1580 401 1794 444 omnes.
1839 384 1977 453 Quid
2024 398 2154 441 vero
2181 382 2455 459 Acipitur
2484 392 2543 439 ut
2570 382 2638 439 ad
2678 384 2901 455 primam
2930 379 3273 453 perveniatur
3292 378 3362 450 (si
3418 377 3562 434 enim
3620 376 3816 435 fratrem

565 490 729 547 fuerit
778 505 954 545 causae
987 498 1045 542 ut
1099 494 1217 567 post
1262 480 1713 543 resurrectionem
1753 492 1942 548 suam,
1986 485 2041 536 et
2094 477 2148 534 in

564 592 709 639 terra
741 582 889 653 prius
914 580 1065 635 daret
1090 586 1147 633 et
1174 577 1242 632 de
1291 575 1429 631 cmlo
1485 582 1671 645 postea
1712 570 1948 627 mitteret
1975 570 2148 642 Spiri-

563 687 675 741 tum
707 682 986 741 sanctum;
1016 671 1120 728 hoc
1142 686 1243 742 ego
1272 668 1550 737 existimo,
1583 666 1705 738 quia
1736 680 1831 737 per
1861 666 2035 737 ipsum
2057 663 2153 719 do-

564 788 694 827 num
723 768 1044 825 diffunditur
1084 766 1322 821 charitas
1380 764 1434 818 in
1481 760 1733 817 cordibus
1784 758 2005 830 nostris,
2048 773 2153 829 qua

564 860 835 933 diligimus
882 859 1049 915 Deum
1092 866 1147 912 et
1200 856 1527 933 proximum,
1566 852 1859 909 secundum
1909 851 2017 907 duo
2064 848 2153 906 illa

564 938 855 1027 praecepta,
886 951 940 1007 in
970 949 1165 1031 quibus
1195 956 1303 1003 tota
1335 947 1445 1003 Lex
1478 945 1678 1027 pendet
1739 953 1795 1000 et
1850 943 2150 1017 Prophetas.

564 1050 679 1123 Hoc
706 1046 1013 1119 significans
1049 1041 1304 1098 Dominus
1345 1040 1527 1107 Iesus,
1560 1038 1642 1095 bis
1696 1037 1848 1094 dedit
1892 1035 2152 1104 Spiritum

564 1154 808 1211 sanctum
845 1160 858 1195 :
889 1139 1058 1197 semel
1100 1138 1153 1194 in
1182 1145 1359 1203 terra,
1394 1141 1614 1206 propter
1647 1132 1992 1189 dilectionem
2033 1145 2154 1205 pro-

563 1238 693 1306 ximi
719 1256 733 1305 ;
762 1245 817 1292 et
844 1235 1036 1299 iterum
1064 1231 1131 1287 de
1169 1230 1328 1294 cmlo,
1374 1237 1593 1303 propter
1619 1226 1963 1283 dilectionem
2013 1222 2149 1281 Dei:

564 1343 619 1399 et
646 1332 692 1397 si
717 1329 855 1384 forte
884 1326 990 1382 alia
1038 1323 1177 1389 ratio
1224 1321 1482 1379 reddatur
1526 1320 1596 1381 de
1646 1320 1730 1377 bis
1781 1320 1907 1376 dato
1949 1319 2154 1401 Spiritu

568 1438 775 1499 sancto,
807 1424 1058 1487 eumdem
1109 1433 1289 1478 tamen
1339 1419 1600 1501 Spiritum
1650 1417 1856 1497 datum,
1907 1431 2028 1473 cum
2073 1415 2159 1471 in-

564 1522 836 1579 sniilasset
863 1519 1046 1586 Jesus,
1069 1517 1138 1572 de
1163 1529 1272 1587 quo
1301 1528 1426 1569 mox
1457 1512 1533 1567 ait
1568 1528 1583 1566 :
1609 1510 1708 1581 lte,
1741 1509 2011 1583 baptizate
2033 1523 2155 1565 om-

563 1629 662 1683 nes
698 1620 909 1687 gentes,
939 1611 994 1671 in
1021 1606 1241 1672 nomine
1292 1602 1489 1672 Patris,
1542 1609 1599 1659 et
1648 1599 1769 1657 Filii
1819 1610 1876 1658 et
1926 1597 2158 1673 Spiritus

564 1707 759 1774 sancti,
786 1705 879 1762 ubi
911 1702 1148 1767 maxime
1176 1695 1588 1756 commendatur
1615 1694 1733 1751 hinc
1762 1691 2016 1760 Trinitas,
2042 1708 2158 1748 am-

2256 489 2416 547 quem
2457 474 2609 531 vides
2654 490 2761 531 non
2815 472 3017 546 diligis,
3064 471 3257 539 Deum,
3307 485 3463 542 quem
3506 484 3621 526 non
3671 468 3816 539 vides,

2255 568 2523 647 quomodo
2550 567 2773 640 diligere
2800 566 3049 641 poteris?
3078 565 3135 639 );
3177 564 3301 622 ideo
3346 564 3486 621 forte
3543 563 3816 621 informans

2256 683 2356 725 nos
2381 667 2449 724 ad
2493 666 2833 723 dilectionem
2866 664 3121 737 proximi,
3149 662 3296 720 dedit
3338 662 3391 716 in
3439 670 3589 717 terra
3631 664 3816 733 conspi-

2255 778 2391 819 cuus
2437 772 2492 819 et
2544 760 2805 833 proximis
2859 759 3134 830 proximus
3163 756 3422 830 Spiritum
3473 765 3718 811 sanctum
3754 759 3812 811 in.

2214 846 2223 857 ’
2257 857 2525 913 sufflando
2556 857 2611 914 in
2641 854 2835 912 faciem
2874 869 3086 921 eorum,
3116 862 3172 910 et
3210 852 3280 908 ab
3308 852 3409 908 hac
3447 850 3691 906 maxime
3714 849 3811 905 cha-

2258 949 2440 1017 ritate,
2462 966 2581 1035 quae
2605 950 2656 1005 in
2679 948 2831 1005 ccelis
2847 958 2950 1016 est,
2967 949 3034 1004 de
3048 946 3188 1005 c0310
3210 946 3355 1003 misit
3374 944 3579 1001 iterum
3592 943 3806 1014 Spiritum

2258 1055 2531 1102 sanctum.
2562 1045 2823 1117 Spiritum
2851 1051 3096 1099 sanctum
3124 1041 3309 1113 accipe
3344 1042 3400 1096 in
3421 1051 3593 1105 terra,
3617 1051 3667 1095 et
3686 1036 3805 1110 dilige

2258 1139 2499 1194 fratrem:
2515 1140 2626 1203 acci
2635 1136 2780 1210 pede
2791 1136 2953 1203 cmlo,
2970 1134 3196 1206 etdilige
3207 1135 3372 1190 Deum
3389 1149 3407 1201 ;
3427 1135 3560 1204 quia
3580 1131 3693 1187 etin
3706 1138 3803 1185 tem

2259 1230 2401 1301 quod
2432 1229 2685 1302 accepisti
2715 1229 2783 1285 de
2812 1229 2952 1286 caelo
2977 1235 3063 1285 est
3094 1243 3108 1281 :
3134 1226 3189 1282 in
3217 1234 3360 1283 terra
3384 1224 3643 1281 Christus
3677 1222 3797 1287 dedit,

2260 1321 2355 1379 sed
2380 1322 2448 1379 de
2472 1322 2613 1379 coelo
2637 1330 2722 1379 est
2746 1320 2891 1393 quod
2939 1318 3115 1386 dedit;
3141 1318 3231 1374 ille
3272 1316 3417 1373 enim
3474 1313 3625 1371 dedit
3650 1313 3729 1384 qui
3758 1313 3792 1368 dt

2272 1417 2414 1472 coelo
2441 1416 2751 1484 descendit;
2780 1416 2866 1471 hic
2896 1413 3100 1471 invenit
3126 1413 3215 1470 cui
3258 1411 3438 1478 daret,
3470 1410 3570 1465 sed
3618 1408 3789 1464 indest-

2268 1510 2387 1567 tulit
2413 1511 2554 1592 quod
2610 1510 2761 1569 daret
2790 1508 2931 1577 Quid
2979 1516 3063 1564 est
3105 1520 3255 1579 ergo,
3307 1501 3552 1559 fratres?
3595 1517 3655 1556 an
3701 1497 3793 1554 forte

2261 1618 2628 1660 commemoro
2652 1612 2708 1659 et
2733 1602 2857 1670 hoc,
2888 1599 3159 1673 quomodo
3207 1597 3454 1654 charitas
3482 1596 3552 1651 ad
3596 1594 3792 1664 Spiritum

2262 1706 2506 1755 sanctum
2537 1696 2842 1771 pertineat?
2878 1696 3106 1753 Paulum
3134 1693 3313 1749 audite
3339 1709 3353 1748 :
3386 1691 3518 1747 Non
3550 1690 3701 1747 solum
3720 1704 3789 1741 au-

564 1799 747 1875 lugere
770 1814 875 1865 non
928 1796 1209 1861 debemus.
1245 1792 1364 1867 ipse
1407 1790 1683 1861 estigitur
1733 1786 1825 1861 qui
1872 1787 2037 1844 etiam
2090 1786 2157 1845 de
2188 1790 2393 1869 Btem,
2432 1795 2625 1867 inquit,
2684 1792 2781 1850 sed
2833 1801 2888 1849 et
2940 1790 3233 1867 gloriamur
3288 1787 3344 1843 in
3392 1783 3777 1844 tribulationibus,

564 1897 705 1953 cmlo
733 1894 893 1955 datus
920 1898 1008 1949 est
1027 1889 1118 1955 die
1164 1887 1534 1951 Pentecostes,
1554 1883 1609 1940 id
1635 1892 1722 1939 est
1770 1889 1891 1954 post
1912 1881 2028 1937 dies
2056 1882 2155 1936 de-

565 2007 684 2053 cem
708 2002 867 2060 quam
899 1985 1159 2049 Dominus
1208 1978 1453 2037 ascendit
1507 1979 1563 2035 in
1603 1977 1822 2037 omium.
1875 1973 2158 2049 Quomodo

566 2097 697 2159 ergo
714 2081 862 2141 Deus
896 2093 1005 2149 non
1034 2084 1121 2132 est
1165 2074 1257 2156 qui
1302 2073 1396 2129 dat
1423 2069 1682 2151 Spiritum
1734 2070 2021 2129 sanctum?
2050 2068 2161 2125 imo

567 2182 801 2253 quantus
829 2173 971 2230 Deus
1001 2178 1109 2236 est,
1140 2166 1232 2239 qui
1253 2166 1568 2223 datDeum?
1596 2178 1770 2239 neque
1790 2164 1936 2221 enim
1965 2163 2163 2241 aliquis

578 2265 968 2343 discipulorum
998 2262 1115 2335 ejus
1143 2260 1292 2325 dedit
1321 2259 1582 2333 Spiritum
1628 2266 1896 2321 sanctum.
1924 2256 2162 2315 Orabant

569 2362 767 2439 quippe
788 2367 850 2415 ut
876 2355 1081 2425 veniret
1110 2355 1166 2411 in
1196 2369 1290 2421 eos
1316 2354 1512 2427 quibus
1546 2368 1763 2413 manum
1790 2350 2161 2433 imponebant,

573 2473 684 2525 non
709 2457 811 2529 305i
839 2469 964 2519 eum
991 2453 1223 2517 dabant;
1255 2464 1414 2522 quem
1450 2464 1656 2509 morem
1684 2450 1739 2515 in
1789 2449 1902 2513 suis
1954 2461 2163 2527 prapo-

570 2551 690 2617 sitis
717 2549 883 2619 etiam
911 2559 1056 2603 nunc
1082 2550 1264 2609 servat
1289 2541 1557 2607 Ecclesia.

1145 2654 1374 2719 CAPUT
1396 2653 1574 2719 CCLI,

570 2760 745 2828 Quare
766 2756 843 2812 bis
871 2756 1025 2811 datus
1045 2752 1114 2828 sit
1161 2750 1392 2828 Spiritus
1426 2754 1687 2828 functus;
1714 2760 1782 2809 ea?
1831 2757 2069 2809 smnus
2091 2740 2161 2807 de.

1080 2817 1392 2885 Ascensione
1415 2817 1647 2877 Domini.

640 2948 822 3015 Quare
845 2943 935 3000 his
959 2939 1111 2999 dedit
1158 2937 1421 3009 Spiritum
1472 2943 1741 3000 sanctum,
1795 2931 1953 2999 multi
1994 2931 2163 3017 multa

571 3040 844 3105 dixerunt,
874 3041 931 3090 et
986 3031 1128 3095 sicut
1183 3027 1431 3091 homines
1483 3026 1833 3096 quaesierunt,
1866 3035 1921 3087 et
1964 3023 2164 3094 aliquid

571 3130 827 3186 dixerunt
864 3121 1010 3195 quod
1062 3134 1173 3177 non
1216 3127 1302 3177 est
1344 3126 1533 3181 contra
1577 3117 1739 3183 ﬁdem
1782 3134 1797 3171 :
1838 3115 1977 3177 alius
2015 3115 2188 3185 hoe,-

570 3222 710 3279 alius
732 3216 891 3283 illud,
922 3223 1211 3282 utrumque
1252 3208 1399 3281 quod
1425 3221 1534 3275 non
1577 3208 1867 3275 excederet
1917 3208 2160 3281 regulam

571 3310 833 3375 veritatis.
889 3305 949 3365 Si
994 3306 1174 3369 dicam
1227 3316 1321 3367 me
1364 3301 1507 3361 scire
1574 3315 1748 3371 quare
1788 3300 1876 3367 bis
1919 3300 2154 3369 dederit,

570 3406 804 3467 mentiar
834 3401 1009 3461 vobis.
1031 3397 1135 3468 Qui
1162 3395 1373 3461 sedicit
1391 3394 1534 3461 scire
1583 3394 1728 3464 quod
1776 3393 1970 3461 nescit,
1992 3404 2161 3453 teme-

572 3498 751 3567 rarius
772 3505 857 3555 est
888 3511 903 3551 :
930 3493 1025 3566 qui
1043 3506 1105 3555 se
1128 3497 1289 3563 negat
1306 3488 1451 3555 scire
1474 3486 1621 3559 quod
1639 3486 1765 3555 scit,
1793 3487 2032 3558 ingratus
2051 3495 2158 3545 est.

574 3597 715 3666 Ergo
741 3592 913 3648 fateor
938 3587 1113 3653 vobis,
1141 3598 1308 3656 quare
1336 3581 1420 3638 bis
1467 3581 1678 3638 dederit
1729 3580 1992 3637 Dominus
2038 3579 2160 3649 Spi-

573 3688 735 3743 ritum
760 3689 1027 3744 sanctum,
1057 3675 1235 3741 adhuc
1260 3686 1446 3745 quaero
1472 3687 1486 3724 :
1516 3672 1583 3727 ad
1605 3670 1807 3740 aliquid
1836 3672 2039 3727 certius
2060 3685 2157 3726 cu-

573 3778 668 3850 pio
694 3771 1012 3845 pervenire;
1045 3766 1261 3837 adjuvet
1283 3779 1370 3820 me
1393 3763 1653 3819 Dominus
1676 3763 1957 3819 orantibus
1979 3762 2154 3833 vobis,

574 3864 800 3939 utquod
825 3862 1029 3919 donare
1057 3858 1328 3929 dignatur,
1356 3863 1412 3912 et
1438 3855 1592 3912 vobis
1612 3869 1717 3910 non
1746 3862 2008 3910 taceatur.
2042 3854 2152 3909 Er-

572 3976 642 4039 go
671 3957 858 4027 nescio
885 3952 1013 4026 quid
1036 3960 1217 4008 tamen
1258 3947 1563 4007 existimem
1583 3988 1606 4017 ,,
1651 3947 1887 4009 nondum
1941 3947 2118 4011 sciens
2142 3992 2159 4018 ,

2263 1894 2496 1950 scientes
2517 1890 2641 1967 quia
2664 1888 2936 1946 tribulatio
2953 1883 3265 1959 patientiam
3287 1892 3570 1959 operatur,
3596 1876 3777 1952 patientia

2262 1984 2660 2056 probationem,
2696 1980 2942 2053 probatio
2990 1995 3120 2035 vero
3161 1992 3341 2050 spem,
3382 1991 3514 2049 spes
3538 1982 3684 2030 autem
3706 1984 3783 2024 non

2262 2076 2560 2145 confundit,
2593 2075 2718 2147 quia
2745 2074 2982 2131 cbaritas
3017 2072 3111 2128 Dei
3142 2068 3337 2129 diffusa
3363 2076 3450 2125 est
3497 2068 3545 2123 in
3589 2061 3785 2120 cordibus

2262 2170 2485 2228 nostris.
2510 2169 2663 2226 Unde
2702 2168 2828 2240 quid
2870 2167 2965 2222 tibi
3019 2164 3208 2230 dabas,
3257 2162 3388 2235 quid
3436 2159 3576 2231 quasi
3616 2157 3675 2211 de
3713 2164 3786 2209 tuo

2263 2262 2661 2334 prmsumebas?
2692 2258 2828 2329 Quid
2860 2261 3003 2315 enim
3034 2256 3205 2313 habes
3234 2253 3373 2326 quod
3402 2266 3502 2308 non
3540 2244 3783 2319 accepisti!

2264 2354 2408 2431 Ergo
2438 2352 2581 2409 unde
2601 2393 2616 2420 ,
2661 2352 2762 2407 nisi
2793 2350 2935 2422 quod
2976 2349 3238 2423 sequitur,
3272 2360 3367 2421 per
3390 2342 3619 2413 Spir'xum
3648 2349 3783 2394 sanc-

2264 2450 2376 2503 tum
2421 2444 2512 2517 qui
2540 2444 2698 2501 datus
2722 2451 2806 2498 est
2834 2441 3022 2497 nobis:
3052 2439 3289 2495 Charitas
3340 2437 3445 2491 ista
3485 2448 3577 2489 non
3618 2437 3782 2487 tenetur

2265 2536 2436 2593 nisiin
2462 2536 2668 2591 unitate
2695 2534 2952 2591 Ecclesia:
2983 2550 2999 2589 :
3031 2546 3140 2588 non
3171 2531 3316 2587 illam
3348 2527 3543 2584 habent
3561 2524 3774 2591 divisores,

2262 2627 2406 2682 sicut
2436 2625 2567 2681 dicit
2609 2622 2884 2696 apostolos
2921 2621 3129 2681 ludas:
3162 2620 3227 2681 Hi
3250 2628 3383 2677 sunt
3404 2616 3497 2689 qui
3519 2614 3678 2685 scimus
3709 2624 3771 2667 se-

2263 2725 2504 2789 gregant,
2536 2715 2816 2781 animales,
2842 2713 3101 2785 Spiritum
3128 2726 3237 2768 non
3279 2708 3567 2772 habentes;
3589 2701 3757 2760 ideodo-

2263 2808 2458 2884 flumt,
2488 2811 2614 2891 quia
2630 2809 2913 2887 coagulum
2941 2822 3049 2871 non
3074 2804 3277 2865 habent
3295 2802 3569 2861 charitatis.

2830 2924 3061 2983 CAPUT
3100 2922 3304 2979 CCL“.

2272 3047 2411 3118 ραίά
2450 3046 2682 3117 uades
2704 3056 2937 3105 “rem
2959 3040 3028 3118 ad
3044 3038 3311 3118 ,ιρξυιιιηι
3357 3023 3766 3118 “ineundi.”

2344 3098 3005 3188 iii/{Eiéh'iiaﬁeeer'augnts
3035 3098 3235 3188 ξιξ-ει
3259 3098 3585 3183 processuri:
3609 3098 3760 3173 span:

2333 3179 2529 3255 sancti;
2558 3204 2620 3243 ea:
2646 3179 2822 3242 e'odem
2851 3184 2999 3248 libro,
3032 3182 3110 3235 tit.
3139 3179 3231 3234 27.

2340 3306 2537 3371 Verum
2568 3302 2689 3375 quia
2715 3300 2771 3357 in
2794 3300 2879 3363 illa
2907 3307 3172 3359 coaeterna
3205 3302 3264 3350 et
3283 3291 3499 3365 aqua“,
3527 3298 3575 3344 et
3595 3288 3771 3375 incorpe

2264 3402 2366 3465 rati
2395 3441 2413 3466 ,
2451 3406 2509 3455 et
2552 3372 2892 3455 nesapium
2934 3387 3251 3453 immutabili
3301 3395 3463 3454 atque
3515 3372 3777 3451 inseparabiii

2268 3491 2559 3557 Trinitate,
2599 3486 2971 3547 difficillimum
3001 3488 3086 3537 est
3112 3478 3507 3551 generationem
3542 3487 3570 3525 a
3616 3478 3776 3557 preces:

2267 3588 2421 3644 sione
2458 3584 2811 3653 distinguere,
2839 3574 3075 3635 sufﬁciat
3120 3570 3334 3629 interim
3380 3567 3457 3623 eis
3498 3562 3579 3635 qui
3618 3554 3787 3616 extendi

2268 3697 2379 3739 non
2405 3679 2585 3736 valent
2624 3672 2727 3749 [in]
2757 3671 3013 3742 ampliuss
3036 3667 3091 3725 id
3128 3664 3271 3737 (ιυοά
3294 3664 3357 3720 de
3389 3664 3481 3717 hac
3514 3674 3586 3749 τε
3612 3656 3663 3749 ῘΡ
3701 3666 3793 3749 ΨῘ

2267 3788 2429 3831 mone
2456 3745 2686 3843 quodam
2706 3745 3033 3838 proferendo
3059 3759 3127 3815 ad
3162 3771 3312 3815 aures
3348 3750 3515 3843 populi
3533 3745 3795 3803 Christiani

2268 3841 2526 3928 diximus,
2586 3858 2910 3926 dictumque
2960 3847 3375 3921 conscripsimus.
3429 3841 3558 3902 inter
3615 3842 3797 3892 czetera

2269 3957 2435 4023 enim,
2492 3967 2610 4009 cum
2649 3964 2747 4022 per
2771 3946 3169 4018 Scripturarum
3221 3946 3507 3997 sanctarum
3524 3930 3800 3989 testimonia

577 4033 821 4117 nondum
861 4063 962 4121 pro
989 4054 1142 4113 certo
1170 4050 1383 4109 tenens,
1426 4039 1566 4098 sicut
1605 4041 1966 4097 certissimum
2001 4050 2157 4097 teneo

2270 4050 2589 4113 docuissem,
2618 4046 2686 4101 de
2715 4054 2942 4112 utroque
2972 4037 3267 4108 procedere
3288 4033 3537 4105 Spiritum
3563 4034 3797 4085 sanctum:

574 4149 827 4213 dedisse;
859 4118 990 4217 quid
1042 4152 1171 4210 ergo
1212 4136 1524 4201 existimem
1554 4149 1660 4192 non
1693 4134 1901 4199 tacebo.
1953 4135 2011 4192 Si
2060 4136 2157 4192 hoc

2271 4146 2330 4204 Si
2366 4158 2516 4217 ergo,
2555 4142 2795 4211 inquam,
2834 4144 2891 4192 et
2927 4134 2996 4189 de
3025 4133 3183 4189 Patre
3226 4139 3282 4186 et
3326 4128 3395 4189 de
3438 4126 3568 4183 Filio
3604 4118 3798 4217 procedit

573 4252 675 4309 est,
702 4213 985 4305 conﬁrmet
1016 4234 1295 4303 Dominus,
1326 4232 1373 4287 si
1400 4230 1540 4286 aliud
1569 4239 1652 4287 est
1681 4230 1822 4303 quod
1849 4230 2031 4293 verius
2072 4243 2165 4300 ap-
2271 4213 2503 4312 Spiritus
2530 4243 2769 4303 sanctus,
2793 4246 2890 4289 cur
2903 4229 3073 4287 Filius
3098 4226 3272 4285 dixit:
3300 4223 3375 4281 De
3405 4223 3565 4279 Patre
3579 4213 3797 4293 procedit?

573 4345 780 4413 pareat,
813 4335 978 4393 donet
1011 4330 1285 4395 Dominus.
1317 4326 1461 4399 Ergo
1490 4325 1745 4392 arbitror,
1781 4325 1875 4382 sed
1930 4324 2166 4389 arbitror
2269 4332 2401 4401 Cur,
2442 4338 2620 4410 putas,
2655 4326 2757 4387 nisi
2796 4319 3245 4396 quemadmodum
3296 4317 3446 4373 solet
3497 4314 3563 4371 ad
3602 4326 3702 4368 eum
3736 4320 3793 4413 re:

744 4397 828 4486 bis
872 4427 1055 4484 datum
1111 4421 1375 4494 δρὶτὶιυηι
1399 4397 1684 4481 νδθηθιωηο
1726 4426 1784 4472 ιιι
1821 4416 2169 4481 commenda-
2271 4397 2433 4490 ferre,
2447 4397 2513 4481 et
2533 4419 2679 4493 quod
2697 4418 2866 4491 ipsius
2889 4414 3059 4473 estde
3087 4428 3196 4485 quo
3219 4420 3277 4470 et
3298 4412 3422 4489 ipse
3448 4410 3567 4471 est!
3590 4397 3792 4494 Uudeiei}

574 4533 763 4593 rentur
807 4520 913 4578 duo
971 4526 1239 4597 praecepta
1306 4510 1604 4571 charilatis-
1665 4510 1781 4575 Βιιο
1824 4518 1952 4566 sunt
2016 4511 2163 4566 enim
2193 4568 2244 4597 η
2272 4516 2402 4573 illud
2430 4524 2514 4571 est
2543 4490 2684 4587 quod
2706 4490 2785 4566 ait
2812 4528 2826 4565 :
2852 4509 2967 4565 Mea
3009 4506 3253 4565 doctrina
3301 4519 3420 4565 non
3472 4514 3561 4562 est
3602 4490 3777 4560 ωυιειθά

578 4588 849 4695 praecepta
872 4655 889 4682 ο
938 4588 990 4681 εἰ
1044 4588 1171 4675 “Bai
1204 4617 1288 4666 est
1316 4604 1551 4662 Charitas
1583 4620 1598 4660 ε
1626 4604 1825 4677 Diliges
1876 4604 2162 4667 Dominum
2192 4588 2245 4633 υ
2269 4608 2388 4681 ejus
2414 4608 2505 4679 qui
2537 4622 2623 4665 me
2652 4605 2817 4661 misit.
2841 4602 2899 4660 Si
2929 4602 3090 4673 igitur
3120 4599 3210 4656 hic
3241 4597 3577 4671 intelligitur
3601 4595 3686 4667 ejus
3703 4588 3789 4645 doc-

575 4689 688 4786 ω
712 4709 883 4773 Deum
916 4713 1063 4771 illum
1092 4718 1159 4759 ex
1188 4709 1303 4761 ιοῑο
1330 4697 1495 4761 corde
1521 4705 1632 4763 illo,
1662 4706 1718 4753 ει
1757 4711 1820 4751 ει
1852 4703 1963 4751 tota
1986 4695 2167 4751 anima
2270 4704 2603 4770 trina,quam
2628 4708 2806 4756 tamen
2826 4696 2962 4753 dixit
2990 4709 3097 4750 non
3121 4708 3298 4761 suam,
3323 4692 3430 4750 sed
3459 4689 3802 4757 Patris,qaante

576 4776 690 4875 iii;
729 4810 787 4867 et
812 4814 877 4867 εξ
928 4804 1043 4863 Ψιᾶ
1090 4801 1269 4853 mente
1314 4801 1439 4857 tua;
1499 4798 1554 4846 ει
1610 4788 1802 4860 diliges
1860 4787 2164 4857 Proximum
2271 4794 2441 4864 magis
2488 4791 2598 4846 illic
2647 4786 3024 4861 intelligendus
3065 4793 3147 4845 est
3193 4794 3248 4841 et
3289 4782 3355 4841 de
3404 4785 3536 4855 ipso
3584 4776 3809 4857 procedet!

579 4873 729 4961 tuum
753 4900 1007 4962 tanquam
1051 4884 1306 4963 teipsum.
1355 4882 1417 4945 In
1474 4881 1557 4940 his
1600 4881 1814 4937 duobus
1859 4882 2165 4952 praeceptis,
2271 4886 2503 4957 Spiritus
2531 4890 2769 4948 sanctus,
2813 4880 2905 4937 ubi
2946 4880 3024 4936 sic
3053 4878 3165 4933 ait:
3194 4877 3271 4934 De
3300 4876 3476 4935 Patre
3526 4873 3810 4948 procedit,a

580 5004 697 5063 tota
729 4991 816 5053 lex
845 4984 1041 5061 pendet
1085 4962 1149 5051 et
1194 4977 1493 5059 υτονιιθιεεο
1534 4976 1652 5039 Una
1694 4976 1955 5047 Charitas.
1978 4985 2032 5037 ει
2062 4976 2168 5039 duo
2272 4994 2377 5037 non
2408 4978 2632 5045 diceret,
2663 4976 2730 5034 de
2756 4990 2841 5031 me
2862 4987 2967 5029 non
2991 4969 3253 5042 procedit.
3281 4973 3318 5024 Α
3348 4984 3473 5037 quo
3506 4980 3680 5025 autem
3705 4962 3816 5019 habet

582 5054 889 5161 praecepta;
925 5092 1061 5145 unus
1113 5056 1348 5147 Spiritus
1372 5114 1388 5140 ,
1410 5080 1463 5128 et
1512 5068 1619 5137 duo
1662 5071 1808 5128 data.
1857 5069 1973 5133 Non
2022 5070 2165 5133 enim
2270 5071 2437 5131 Filius
2462 5078 2523 5126 ut
2552 5070 2624 5126 sit
2652 5068 2790 5124 Deus
2823 5065 2927 5138 (est
2952 5066 3094 5121 enim
3125 5061 3329 5129 de‘Deo
3350 5059 3537 5133 Deus)
3571 5061 3635 5116 ab
3660 5058 3735 5114 illo
3758 5054 3817 5107 bar

581 5152 723 5247 atina
745 5152 902 5247 datus
931 5182 1014 5241 est
1043 5169 1215 5245 prius,
1242 5176 1298 5231 et
1337 5167 1477 5231 alios,
1508 5166 1665 5229 datus
1695 5174 1778 5237 est
1803 5175 2011 5236 postea,
2038 5165 2161 5234 quia
2273 5164 2364 5225 bet
2384 5163 2588 5233 utique,
2612 5170 2669 5218 ut
2692 5160 2852 5214 etiam
2880 5158 2949 5213 de
2969 5156 3063 5213 illo
3086 5152 3339 5231 procedat
3358 5152 3617 5221 Spiritus
3634 5159 3820 5207 sanctus.

581 5241 832 5337 ηοιιέίίᾲ
852 5241 1095 5337 charitas
1135 5260 1306 5341 diligit
1335 5257 1636 5331 proximum
1685 5273 1847 5329 quam
1896 5257 1985 5314 illa
2047 5272 2166 5329 quae
2274 5259 2352 5321 Ac
2382 5271 2474 5328 per
2498 5256 2597 5312 hoc
2620 5251 2830 5327 [etiam]
2861 5251 3093 5331 Spiritus
3118 5257 3359 5317 sanctus,
3392 5258 3461 5303 ut
3493 5249 3658 5309 etiam
3684 5245 3745 5304 de
3764 5241 3825 5297 ii-

582 5367 757 5438 ditigit
774 5364 944 5431 Deum
960 5374 1102 5427 :npn
1122 5337 1377 5433 ergoalia
1392 5350 1626 5415 Charitas
1644 5360 1728 5415 est
1746 5368 1765 5415 ξ
1786 5365 1889 5421 qua
1905 5349 2168 5413 charitate
2274 5347 2347 5411 lio
2374 5347 2649 5420 procedat,
2681 5345 2820 5403 sicut
2861 5342 3106 5415 procedit
3130 5342 3199 5400 de
3244 5340 3431 5409 Patre,
3464 5342 3541 5398 ab
3571 5342 3687 5412 ipso
3711 5337 3832 5393 habet

583 5432 888 5534 prodimum
937 5432 1230 5525 «litigium,
1283 5450 1398 5521 ipsa
1425 5444 1686 5502 charitate
1725 5454 1782 5509 et
1837 5444 2024 5509 Deum.
2054 5441 2165 5502 Sed
2274 5441 2459 5503 Patre.
2481 5439 2579 5496 Hic
2630 5448 2900 5508 utcunque
2925 5434 3086 5492 etiam
3133 5432 3265 5493 illud
3302 5432 3667 5506 intelligitur,
3707 5441 3831 5501 qua

580 5526 713 5627 quia
734 5549 881 5617 aliud
907 5557 991 5617 est
1017 5548 1159 5617 Deus
1183 5542 1365 5613 ,aiiud
1415 5541 1714 5614 proximus,
1744 5554 1855 5604 una.
1895 5538 2161 5603 charitate
2274 5541 2387 5593 tum
2426 5548 2457 5588 a
2504 5532 2697 5589 talibus
2750 5530 2934 5601 quales
2987 5543 3087 5585 nos
3124 5540 3335 5593 sumus,
3377 5526 3629 5603 intelligi
3661 5531 3836 5595 potest.

581 5618 898 5717 diliguntur,
947 5656 1056 5703 non
1100 5645 1227 5701 sunt
1266 5646 1453 5699 tamen
1487 5648 1653 5691 unum
1705 5630 1796 5704 qui
1843 5630 2163 5702 diliguntur.
2271 5641 2368 5684 cur
2398 5641 2504 5682 non
2546 5626 2752 5682 dicatur
2777 5634 2934 5680 natus
2986 5637 3129 5690 esse,
3176 5620 3272 5681 sed
3334 5621 3533 5690 potius
3590 5618 3839 5691 procedere

583 5711 721 5808 Quia
745 5748 883 5805 ergo
911 5746 1101 5805 magna
1118 5738 1201 5793 est
1220 5727 1469 5801 primitus
1490 5723 1920 5787 commendanda
1943 5723 2166 5782 dilectio
2272 5718 2503 5791 Spiritus
2528 5729 2765 5789 sanctus,
2793 5719 3043 5790 quoniam
3073 5717 3121 5775 si
3148 5724 3201 5771 et
3228 5715 3346 5787 ipse
3370 5711 3562 5768 Filius
3592 5713 3844 5771 diceretur,

586 5802 717 5899 Dei,
736 5802 973 5897 secunda
994 5802 1211 5883 dilectio
1242 5816 1497 5893 proximi,
1520 5832 1553 5876 a
1576 5814 1810 5875 secunda
1865 5824 2046 5873 autem
2072 5817 2156 5874 in-
2270 5812 2551 5872 amborum
2592 5812 2774 5886 utique
2798 5809 2965 5869 Filius
3006 5810 3275 5868 diceretur
3305 5824 3320 5876 ;
3352 5808 3517 5880 quod
3558 5802 3846 5867 absurdissb
