3986 6382
183 384 293 451 θᾷὅ

1380 359 1831 443 rutiseunus,
1870 357 2024 427 cap.
2066 354 2288 433 centu.
3340 318 3475 413 '954

3374 342 3480 407 954

150 516 156 521 ·
187 513 341 567 mum
369 504 475 561 est.
500 494 669 565 Filius
693 494 891 566 quippe
912 490 1087 561 nullus
1114 494 1201 559 est
1228 485 1458 555 duorum
1480 480 1585 543 nisi
1614 476 1783 553 patrii
1811 472 1993 567 Αᾼιειιί
2018 472 2221 549 potius,
2253 466 2591 567 miriﬁca'tam
2634 460 2916 567 scientiam
2940 457 3075 567 ejus
3103 471 3170 514 ex
3200 470 3287 567 me
3337 456 3486 559 inva-

181 600 241 649 et
273 590 479 647 matris.
508 586 666 653 Absit
705 596 907 649 autem,
952 593 1009 651 ut
1054 582 1192 649 inter
1244 578 1415 635 Deum
1456 574 1672 639 Patrem
1718 580 1775 639 et

184 684 357 747 Deum
392 682 585 745 Filium
607 679 710 745 tale
735 678 939 751 aliquid
961 677 1317 746 suspicemur.
1349 670 1488 741 Quia
1511 681 1612 733 nec
1638 665 1777 731 ﬁlius

181 776 463 839 hominum
491 775 651 841 simul
676 782 732 833 et
754 789 820 831 ex
851 782 1001 843 patro
1027 779 1083 833 et
1103 784 1171 833 ex
1190 775 1361 831 matre
1390 761 1663 837 procedit;
1683 755 1779 825 sed

181 885 314 933 cum
328 866 384 927 in
403 878 630 933 malum
649 866 889 939 procedit
909 881 978 927 ex
1000 872 1173 935 patre,
1188 878 1295 925 non
1318 870 1446 926 tunc
1458 855 1778 929 proceditex

183 973 381 1031 matre,
415 970 471 1025 et
535 976 659 1031 cum
702 964 755 1018 in
805 961 944 1023 bene
992 958 1168 1025 lucem
1216 953 1462 1027 procedit
1490 968 1558 1008 ex
1588 958 1781 1019 matre,

182 1071 300 1125 non.
343 1063 470 1119 tunc
496 1052 743 1126 procedit
769 1068 835 1115 ex
867 1062 1041 1122 patre.
1085 1050 1317 1121 Spiritus
1357 1056 1539 1113 autem
1566 1052 1784 1111 sanctus

186 1166 299 1211 non
325 1150 394 1213 de
425 1149 587 1211 Patre
617 1148 862 1220 procedit
881 1147 936 1211 in
965 1147 1181 1213 Filium,
1208 1151 1264 1201 et
1290 1143 1361 1207 de
1390 1142 1525 1203 Filio
1542 1136 1788 1211 procedit

185 1244 258 1303 ad
286 1241 731 1305 sanctiﬁcande
768 1250 1093 1307 creaturam,
1125 1237 1223 1301 sed
1252 1235 1410 1311 sitnul
1450 1235 1521 1295 de
1560 1242 1788 1302 utroque

192 1338 459 1409 procedit.
493 1336 753 1404 utramvis
774 1335 877 1397 hoc
902 1334 1040 1395 Filia
1070 1333 1230 1391 Pater
1250 1330 1479 1395 dederit,
1515 1335 1571 1391 ut
1598 1339 1788 1389 ouem?

184 1430 481 1493 admodum
536 1429 607 1501 de
630 1443 712 1495 se,
755 1428 831 1489 ita
861 1426 934 1483 de
994 1425 1090 1489 illo
1123 1438 1338 1495 suoque
1368 1419 1644 1493 procedat.
1684 1415 1788 1474 Ne-

186 1538 297 1596 que
322 1522 465 1583 enim
494 1535 781 1593 possumus
807 1519 1012 1587 dicere.
1035 1517 1180 1589 quod
1210 1531 1317 1577 non
1341 1518 1414 1579 sit
1436 1515 1544 1579 vita
1559 1510 1792 1583 Spiritus

192 1626 435 1689 unctus,
467 1630 592 1685 cum
621 1616 728 1677 vita
758 1615 940 1681 Pater,
965 1612 1074 1675 vita
1105 1612 1175 1673 sit
1207 1610 1375 1675 Filius
1402 1625 1417 1663 :
1447 1621 1511 1673 ac
1548 1620 1648 1677 per
1687 1604 1792 1661 hoc

193 1710 340 1768 sicut
365 1710 685 1781 Patemurn
719 1708 915 1767 haheat
945 1706 1107 1769 vitam
1132 1706 1189 1769 in
1215 1704 1533 1774 semetipso.
1565 1700 1714 1758 dedit
1739 1706 1796 1761 et

195 1804 339 1862 Filio
379 1805 584 1863 habere
623 1804 787 1861 vitam
820 1803 875 1863 in
905 1802 1217 1872 semetipso.
1245 1800 1327 1860 sic
1353 1798 1404 1857 ei
1435 1796 1587 1856 dedit
1629 1795 1793 1853 vitam

1878 564 2060 634 luisse,
2086 579 2185 631 nec
2222 561 2459 635 potuisse
2477 552 2681 634 [posse]
2727 572 2814 610 me
2841 552 2905 608 ad
2936 552 3119 617 illam;
3147 564 3180 604 ο
3203 556 3280 618 ιιι,
3308 549 3487 606 anima

1879 674 2018 725 mea,
2037 658 2125 727 ubi
2144 669 2197 727 te
2211 671 2330 725 esse
2341 654 2530 722 sentis,
2550 652 2637 717 ubi
2656 649 2806 722 jaces
2824 659 2937 716 ,aut
2960 648 3048 703 ubi
3078 656 3211 712 stas,
3234 644 3406 700 donec
3422 642 3488 699 ab

1880 766 1947 833 eo
1975 750 2359 833 quipropitius
2386 747 2558 817 iactus
2586 753 2670 801 est
2690 742 2937 797 omnibus
2961 737 3330 811 iniquitatibus
3361 734 3487 804 tuis,

1881 825 2139 915 sanentur
2150 833 3044 915 omneslaqguorestuiiAgnoscis
3071 842 3120 888 te
3144 837 3293 887 certe
3319 827 3374 883 in
3398 825 3491 882 illo

1883 951 2004 997 esse
2031 935 2263 1004 stabulo,
2277 948 2383 1007 quo
2403 930 2769 995 Samaritanus
2801 926 2892 981 ille
2914 922 3161 1007 perduxit
3185 936 3307 985 eum
3332 931 3491 991 quem

1885 1028 2087 1100 reperit
2111 1025 2294 1083 multis
2332 1040 2363 1079 a
2386 1021 2685 1079 latronibus
2727 1016 2947 1074 inﬂictis
2977 1013 3291 1072 vulneribus
3321 1013 3487 1068 semi-

1888 1122 2112 1187 vivum:
2145 1130 2201 1177 et
2222 1128 2403 1175 tamen
2442 1116 2611 1172 multa
2654 1127 2780 1170 vera
2825 1109 3029 1179 vidisti,
3056 1124 3161 1165 non
3193 1107 3275 1163 bis
3319 1105 3493 1162 oculis

1890 1216 2085 1287 quibus
2108 1212 2356 1271 videntur
2376 1223 2604 1282 corpora
2627 1208 2887 1271 colorata,
2917 1203 3012 1261 sed
3063 1202 3147 1259 his
3176 1217 3275 1275 pro
3301 1200 3495 1279 quibus

1893 1306 2091 1373 orabat
2140 1304 2229 1377 qui
2266 1297 2695 1360 dicebatzOculi
2740 1298 2847 1354 mei
2897 1296 3113 1361 videant
3154 1295 3495 1365 aequitatem;

1899 1415 2099 1471 nempe
2127 1412 2258 1472 ergo
2304 1397 2473 1454 multa
2501 1410 2629 1451 vera
2665 1392 2868 1459 vidiSti,
2900 1405 3070 1463 eaque
3100 1389 3402 1453 diserevisti
3429 1388 3497 1445 ab

1899 1492 1988 1548 illa
2021 1493 2140 1550 luce
2174 1506 2278 1564 qua
2304 1490 2397 1557 tibi
2437 1488 2652 1545 lucente
2682 1486 2899 1543 vidisti:
2929 1484 3118 1539 attolle
3165 1482 3351 1545 oculos
3390 1478 3496 1561 ἧι

1895 1585 1961 1643 ad
1995 1583 2095 1669 [in]
2131 1584 2300 1659 ipsam
2346 1583 2548 1647 lucem,
2577 1589 2631 1637 et
2658 1594 2754 1636 eos
2790 1579 2845 1633 in
2867 1593 2985 1633 eam
3013 1578 3115 1646 ﬁge
3140 1577 3182 1629 si
3215 1583 3397 1647 potes;
3423 1571 3499 1628 sic

1896 1667 2043 1736 enim
2084 1677 2296 1734 videbis
2323 1675 2450 1761 quid
2475 1674 2638 1731 distet
2682 1670 2930 1737 nativitas
2977 1668 3138 1723 Verbi
3192 1667 3285 1722 Dei
3316 1681 3343 1719 a
3378 1680 3499 1735 pro-

1899 1772 2146 1843 cessione
2197 1758 2495 1839 doni‘Dei,
2532 1775 2752 1841 propter
2791 1761 2933 1835 quod
2980 1760 3144 1817 Filius
3197 1758 3501 1829 unigenitus

623 1850 1709 1966 {ﬁx’w‘iagggéﬁiu'ae"il;s;‘hac
1725 1850 1795 1943 de
1824 1872 1875 1953 Β
1903 1881 2011 1922 non
2035 1866 2101 1933 de
2125 1864 2290 1933 Patre
2313 1863 2551 1938 genitum
2585 1857 2844 1943 (alioquin
2871 1856 3033 1911 frater
3054 1854 3172 1969 equ
3194 1852 3385 1924 esset),
3407 1850 3501 1955 sed

187 1991 290 2047 illo
311 2005 563 2049 sermone
591 1990 643 2046 in
673 1989 819 2051 hunc
847 1988 1045 2051 librum
1091 1985 1361 2052 transtuli,
1388 1983 1485 2043 sed
1516 1980 1784 2049 fidelibus,

188 2100 302 2142 non
324 2085 636 2142 inﬁdelibus
660 2084 904 2155 loquens.
930 2081 1129 2143 Verum
1168 2080 1215 2143 si
1239 2078 1307 2149 ad
1336 2078 1473 2149 hanc
1502 2076 1788 2146 imaginem

188 2177 638 2245 contuendam,et
654 2176 723 2237 ad
752 2174 982 2237 videnda
1004 2175 1107 2233 ista
1129 2187 1294 2244 quam
1312 2185 1438 2237 vera
1461 2169 1570 2237 sint
1595 2182 1716 2238 (ιυω
1737 2167 1789 2223 in

188 2286 379 2328 eorum
409 2281 592 2327 mente
628 2279 776 2339 sunt,
800 2284 904 2327 nec
931 2268 1033 2325 tria
1052 2267 1135 2325 sic
1162 2274 1292 2327 sunt
1310 2271 1374 2321 ut
1416 2270 1527 2325 tres
1546 2274 1792 2331 personae

194 2363 327 2431 sint,
368 2364 466 2421 sed
516 2364 697 2421 omnia
730 2363 833 2421 tria
875 2361 1107 2419 hominis
1151 2368 1279 2419 sunt
1325 2372 1446 2428 quae
1498 2369 1605 2421 una
1661 2367 1790 2425 ρετ·-

195 2469 335 2511 sona
363 2464 469 2520 est,
514 2456 692 2513 minus
735 2453 914 2512 idonei
941 2460 1086 2519 sunt,
1138 2448 1276 2523 [cur]
1318 2448 1411 2519 qui
1438 2463 1546 2504 non
1576 2446 1648 2511 de
1696 2445 1788 2509 illa

189 2564 406 2606 summa
434 2549 720 2616 Trinitate,
749 2564 871 2621 qua:
898 2549 1041 2605 Deus
1061 2555 1165 2613 est,
1194 2544 1422 2605 credunt
1445 2544 1620 2612 potius
1644 2539 1791 2611 quod

188 2641 245 2705 in
276 2642 448 2700 sacris
490 2642 688 2703 litteris
740 2642 1031 2709 invenitur,
1064 2654 1224 2711 quam
1252 2644 1479 2709 poscunt
1504 2633 1797 2707 liquidissi-

187 2749 337 2795 mam
364 2734 519 2795 reddi
541 2735 646 2801 sibi
695 2735 985 2801 rationem.
1026 2748 1150 2805 quas
1198 2732 1267 2795 ab
1308 2731 1542 2793 humana
1592 2740 1794 2798 mente,

189 2829 347 2887 tarda
374 2830 587 2887 scilicet
609 2831 957 2902 inlinmaque,
983 2845 1090 2887 non
1126 2829 1337 2899 capitur
1364 2846 1381 2886 ι
1405 2838 1459 2887 et
1488 2837 1637 2889 certe
1670 2842 1797 2889 cum

191 2921 520 2980 inconcusse
541 2921 875 2981 crediderint
936 2920 1231 2993 Scripturis
1272 2922 1492 2989 sanctis,
1547 2930 1800 2992 tauquam

193 3015 559 3075 veracissimis
592 3015 842 3082 testibus,
868 3024 1029 3087 agant
1048 3016 1277 3083 orando,
1309 3024 1369 3073 et
1392 3015 1707 3085 quaerendo,
1747 3026 1804 3076 et

192 3109 336 3170 bene
362 3109 599 3168 vivendo
628 3117 687 3166 ιιι
724 3108 1049 3180 intelligant,
1082 3108 1135 3167 id
1175 3117 1261 3166 est
1296 3118 1379 3179 ut,
1405 3115 1679 3179 iquantum
1724 3108 1803 3164 vi.-

199 3203 318 3263 deri
368 3211 568 3273 potest,
596 3202 843 3261 videatur
867 3208 1053 3259 mente
1077 3200 1225 3272 quod
1264 3209 1478 3263 tenetur
1515 3200 1640 3259 ﬁde.
1669 3200 1802 3268 Quis

1896 1959 2195 2041 procedere
2238 1958 2375 2021 dixit
2429 1954 2688 2039 Spiritum
2727 1959 3015 2006 sanctum:
3044 1947 3206 2013 unde,
3255 1960 3381 2000 cum
3432 1943 3503 1999 sit

1895 2036 2206 2115 communio
2229 2036 2483 2127 quaedam
2519 2040 2993 2115 consubstantialis
3036 2039 3211 2095 Patris
3259 2047 3313 2093 et
3360 2036 3501 2104 Filii,

1897 2145 2182 2209 amborum
2216 2141 2474 2217 Spiritus,
2504 2154 2610 2194 non
2639 2137 2945 2200 amborum,
2973 2131 3115 2204 quod
3144 2130 3304 2199 absit,
3330 2129 3505 2184 dictus

1895 2250 1981 2301 est
2013 2240 2205 2295 Filius.
2231 2236 2336 2293 Sed
2359 2237 2426 2291 ad
2451 2236 2554 2289 hoc
2579 2231 2813 2288 dilucide
2847 2228 3242 2309 perspicueque
3272 2240 3505 2283 cernen-

1896 2334 2049 2405 dum,
2079 2347 2189 2386 non
2220 2339 2375 2402 potes
2426 2326 2500 2393 ibi
2544 2326 2715 2380 aciem
2767 2323 2955 2399 ﬁgere,
2987 2322 3122 2386 scio,
3175 2333 3282 2373 non
3314 2327 3505 2388 potes;

1897 2406 2086 2493 verum
2116 2422 2261 2491 dico,
2288 2418 2419 2475 mihi
2444 2417 2587 2488 dico,
2628 2413 2759 2488 quid
2800 2429 2907 2469 non
2958 2410 3162 2482 possim
3214 2409 3356 2474 scio;
3392 2407 3507 2478 ipsa

1903 2528 2085 2589 tamen
2134 2514 2228 2570 tibi
2274 2509 2508 2568 ostendit
2559 2509 2613 2563 in
2674 2515 2729 2563 te
2776 2506 2877 2561 tria
2928 2503 3046 2571 illa,
3098 2503 3151 2557 in
3198 2501 3393 2572 quibus
3450 2508 3507 2555 tu

1900 2622 2128 2679 summa:
2158 2604 2347 2679 ipsius,
2377 2617 2537 2674 quam
2590 2598 2708 2655 ﬁxis
2751 2597 2924 2654 oculis
2974 2593 3327 2666 contemplari
3364 2608 3504 2659 non-

1900 2699 2027 2769 dum
2069 2696 2241 2773 vales,
2286 2695 2571 2767 imaginem
2614 2690 2897 2755 Trinitatis
2936 2702 3263 2763 agnosceres
3290 2687 3508 2759 [agnos-

1901 2792 2036 2866 cas].
2066 2787 2486 2864 lpsa,ostendit
2527 2786 2623 2853 tibi
2660 2784 2899 2841 Verbum
2939 2797 3127 2840 verum
3175 2796 3294 2837 esse
3326 2780 3379 2836 in
3426 2787 3506 2849 te,

1904 2884 2120 2961 quando
2148 2881 2215 2940 de
2249 2880 2473 2938 scientia
2507 2887 2595 2949 tua
2619 2875 2875 2950 gignitur,
2901 2874 2955 2931 id
2986 2884 3088 2944 est,
3123 2873 3337 2947 quando
3366 2872 3509 2955 quod

1904 2950 2133 3049 scimus,
2153 2976 2403 3041 dicimus,
2424 2972 2523 3030 etsi
2543 2968 2834 3046 [quamvis]
2857 2968 3054 3025 nullius
3079 2968 3251 3049 gentis
3274 2950 3511 3039 linguam

1908 3072 2305 3144 signiﬁcantem
2360 3082 2571 3147 vocem,
2618 3066 2699 3122 vel
2750 3063 3107 3135 proferamus,
3176 3062 3263 3120 vel
3300 3062 3510 3135 cogite-

1908 3182 2049 3237 mus,
2083 3164 2180 3221 sed
2209 3181 2273 3221 ex
2306 3163 2398 3219 illo
2426 3159 2570 3234 quod
2602 3157 2851 3216 novimus
2878 3154 3131 3228 cogitatio
3160 3165 3344 3211 nostra
3388 3154 3504 3212 for-

200 3249 318 3263 ..-η
373 3249 568 3273 τ-...-,
607 3249 834 3261 ..-..._.
868 3249 1052 3259 η.--
1080 3249 1225 3272 νγ-
1266 3249 1469 3263 πω-
1515 3249 1639 3259 -_--
1674 3249 1800 3268 η---
2172 3258 2185 3270 ,
2355 3255 2368 3268 ,
2510 3259 2519 3265 .
2684 3254 2693 3265 .
2822 3251 2834 3262 .
2896 3251 2910 3263 .
3149 3249 3161 3261 .
3226 3252 3237 3261 .
3286 3250 3297 3259 .

198 3294 631 3366 hocerohibeat.
659 3294 771 3352 imo
819 3309 949 3355 vero
974 3293 1043 3353 ad
1091 3293 1199 3351 hac
1222 3294 1347 3364 quis
1390 3308 1501 3357 non
1551 3261 1878 3353 hortaturc
1910 3268 2109 3366 ΨηἸέ
2138 3267 2321 3364 ἷ⁵¹⁸⁴¹ῗ¹⁸
2354 3270 2556 3366 mae“?
2578 3259 2868 3366 θῗβῖξῗῖῗξῗ
2896 3249 3387 3366 ¹ἶ¹ἶῗ¹ἷῗξὶ¹ἷ¹¹¹ξῗ¹ῗ
3408 3262 3512 3366 ff:

198 3385 495 3463 [hortetur]
516 3386 540 3442 ἰ
560 3386 621 3443 Si
641 3392 821 3444 autem
842 3394 1128 3456 propterea
1156 3385 1463 3456 negandum
1490 3390 1677 3453 putant
1703 3384 1804 3445 ista

199 3495 346 3549 esse,
379 3479 503 3552 quia
530 3493 596 3536 ea
615 3494 724 3539 non
747 3477 927 3538 valent
953 3478 1115 3535 cacis
1139 3476 1677 3540 meutibusceruet'e,
1708 3474 1806 3531 (ιθ-
1838 3492 1841 3495 λ

201 3572 334 3632 bent
360 3582 418 3630 et
437 3573 515 3629 illi
542 3572 636 3643 qui
663 3587 733 3639 ex
753 3570 1040 3629 nativitate
1069 3585 1167 3629 sua
1212 3568 1344 3626 caeci
1372 3577 1519 3634 sunt,
1571 3582 1694 3625 esse
1722 3581 1811 3629 so-

202 3667 319 3724 lem
342 3680 563 3738 negare.
594 3664 708 3721 Lux
738 3678 870 3735 ergo
899 3663 1041 3721 lueet
1069 3661 1127 3719 in
1156 3660 1415 3726 tenebris,
1445 3658 1590 3730 quod
1614 3658 1665 3727 si
1690 3672 1810 3723 eam

208 3761 453 3818 tenebrae
473 3775 578 3816 non
610 3757 1093 3829 comprehendunt,
1127 3754 1501 3813 illumineutur
1528 3752 1625 3809 Dei
1667 3752 1811 3813 dono

206 3856 360 3930 prius
404 3865 463 3912 ut
501 3854 611 3911 sint
639 3853 845 3921 ﬁdeles,
884 3860 938 3909 et
964 3851 1224 3923 incipiant
1264 3864 1388 3907 esse
1429 3849 1521 3906 lux
1563 3848 1620 3913 in
1660 3860 1810 3903 com-

210 3949 494 4020 paratione
546 3946 1074 4017 inﬁdelium;atque
1125 3946 1232 4003 hoc
1279 3943 1562 4014 praemisso
1621 3940 1808 3997 funda-

211 4050 400 4098 mento
429 4038 780 4103 aedificentur,
810 4037 879 4092 ad
908 4037 1137 4094 videnda
1184 4050 1311 4107 quae
1357 4034 1586 4097 credunt,
1616 4044 1679 4099 ut
1701 4032 1811 4098 ,τιιὶ-

212 4131 431 4203 quando
469 4127 676 4199 possint
704 4126 910 4183 videre.
957 4128 1091 4184 Sunt
1120 4127 1264 4184 enim
1296 4140 1420 4197 quae
1460 4126 1533 4181 ita
1576 4124 1808 4180 credun-

212 4234 322 4296 tur,
356 4232 414 4281 ut
455 4223 626 4307 videri
668 4221 778 4293 jam
802 4220 1022 4278 omnino
1066 4236 1174 4278 non
1207 4220 1415 4292 possint
1452 4237 1464 4273 :
1507 4234 1613 4274 non
1664 4218 1811 4287 enim

210 4316 461 4376 Christus
506 4316 703 4377 iterum
734 4316 784 4370 in
830 4329 992 4373 cruce
1028 4312 1293 4383 videndus
1320 4320 1423 4379 est,
1446 4309 1540 4376 sed
1570 4310 1675 4366 nisi
1709 4310 1811 4365 hoc

213 4411 489 4480 credatur,
521 4408 664 4479 quod
687 4411 759 4481 ita
788 4408 987 4479 factum
1026 4415 1187 4478 atque
1222 4406 1396 4475 visum
1433 4410 1539 4472 est,
1582 4410 1641 4458 ιιι
1668 4402 1813 4457 futu-

213 4520 340 4561 rum
366 4519 431 4560 ac
464 4502 751 4558 videndum
774 4501 885 4572 jam
926 4516 1036 4571 n_on
1065 4508 1334 4572 speretur,
1363 4513 1469 4555 non
1501 4495 1812 4577 pervenitur

215 4596 290 4653 ad
316 4594 609 4665 Christum,
641 4592 813 4664 qualis
844 4592 964 4653 sine
988 4591 1091 4649 ﬁne
1117 4591 1379 4649 videndus
1408 4599 1510 4647 est.
1539 4590 1809 4660 Quantum

218 4704 352 4750 vero
378 4687 569 4747 attinet
588 4688 654 4744 ad
685 4688 830 4744 illam
868 4702 1154 4757 summam,
1195 4685 1540 4754 inclfabilem,
1563 4684 1811 4755 incorpo-

219 4786 417 4852 ralem,
450 4784 1039 4855 incommutabilemque
1076 4791 1343 4855 naturam,
1374 4798 1469 4853 per
1511 4781 1814 4853 intelligen-

225 4880 357 4936 tiam
387 4886 663 4950 utcunque,
707 4875 1055 4942 cernendam,
1081 4890 1340 4947 nusquam
1383 4866 1443 4933 se
1480 4876 1671 4933 melius
1704 4874 1816 4947 (re—

223 4979 388 5044 gente
425 4968 682 5025 duntaxat
729 4967 853 5027 ﬁdei
889 4966 1097 5047 regula)
1143 4967 1290 5041 acies
1334 4968 1581 5039 humans;
1621 4966 1817 5025 mentis

223 5072 469 5132 exercet,
512 5077 672 5132 quam
700 5061 757 5117 in
786 5076 851 5119 eo
880 5060 1026 5133 quod
1057 5060 1171 5132 ipse
1211 5060 1372 5131 homo
1407 5062 1458 5116 in
1482 5075 1579 5117 sua
1625 5070 1814 5117 natura

223 5155 423 5215 melius
480 5156 691 5213 caeteris
740 5155 1082 5226 animalibus,
1140 5155 1333 5227 melius
1386 5154 1547 5219 etiam
1604 5154 1817 5211 caeteris

223 5246 425 5304 animae
448 5258 561 5300 suae
588 5243 833 5316 partibus
862 5244 1046 5313 habet,
1070 5246 1214 5316 quod
1238 5252 1325 5317 est
1374 5244 1492 5317 ipsa
1529 5258 1704 5312 mens,
1728 5244 1816 5300 cui

223 5341 446 5415 quidam
474 5354 655 5396 rerum
693 5339 1040 5409 invisibilium
1080 5340 1310 5413 tributus
1358 5348 1440 5411 est
1473 5339 1649 5413 visus,
1678 5345 1734 5396 et
1760 5346 1819 5395 ut

226 5436 317 5493 cui
344 5444 597 5509 tanquam
620 5436 674 5491 in
705 5433 825 5503 loco
854 5436 1135 5507 superiore
1360 5436 1623 5509 interiore
1648 5434 1814 5493 hono-

229 5529 473 5597 rabiliter
503 5528 827 5599 praesidenti,
847 5526 1137 5600 iudicanda
1163 5530 1346 5593 omnia
1385 5528 1633 5601 nuntiant
1652 5529 1816 5601 etiam

228 5621 477 5691 corporis
501 5636 723 5690 sensus;
772 5630 831 5691 et
854 5637 959 5695 qua
996 5639 1104 5695 non
1125 5633 1206 5693 est
1225 5625 1472 5697 superior
1499 5624 1586 5684 cui
1607 5623 1822 5691 subdita

231 5713 465 5786 regenda
494 5721 578 5779 est
601 5714 705 5770 nisi
728 5715 888 5786 Deus.
915 5713 1117 5771 Verum
1148 5716 1288 5774 inter
1316 5718 1455 5786 hmo,
1479 5733 1599 5789 quae
1651 5718 1819 5775 multa

228 5808 344 5882 jam
374 5806 504 5876 dixi,
536 5816 589 5864 et
613 5808 744 5864 nihil
772 5808 922 5875 illius.
946 5824 1173 5866 summa:
1210 5810 1493 5875 Trinitatis
1530 5810 1823 5871 inell‘abili-

236 5908 348 5959 tate
378 5898 615 5974 dignum,
646 5915 730 5960 me
763 5900 972 5962 dixisse
1009 5902 1182 5963 audeo
1228 5903 1487 5976 proﬁteri,
1530 5904 1623 5964 sed
1654 5905 1824 5965 conli-

1910 3341 2182 3427 gitationis
2211 3351 2349 3422 ejus,
2403 3364 2561 3421 quam
2608 3346 2867 3403 memoria
2915 3343 3250 3411 continebat,
3278 3342 3377 3398 ista
3404 3341 3512 3398 duo

1910 3443 2135 3510 scilicet,
2178 3440 2324 3513 velut
2360 3448 2637 3511 parentem
2681 3452 2744 3493 ac
2796 3434 3002 3511 prolem
3032 3435 3188 3490 tertia
3241 3434 3513 3489 voluntate

1920 3537 2038 3609 sive
2062 3534 2351 3591 dilectione
2381 3532 2661 3604 jungente.
2697 3530 2870 3597 Quam
2912 3526 3128 3599 quidem
3181 3525 3511 3581 voluntatem

1912 3627 1980 3685 de
2005 3625 2330 3698 cogitatione
2354 3620 2645 3693 procedere
2675 3620 2860 3693 (nemo
2885 3620 3031 3674 enim
3073 3616 3187 3673 vult
3213 3616 3358 3689 quod
3388 3632 3511 3674 om-

1914 3723 2045 3774 nino
2074 3715 2200 3788 quid
2229 3715 2314 3771 vel
2349 3714 2504 3786 quale
2550 3712 2618 3769 sit
2646 3709 2859 3781 nescit),
2901 3725 3009 3766 non
3048 3718 3231 3767 tamen
3258 3724 3380 3766 esse
3421 3724 3515 3767 co-

1912 3811 2167 3886 gnitionis
2198 3810 2577 3881 imaginem,et
2600 3806 2720 3861 ideo
2745 3803 3035 3876 quamdam
3060 3803 3113 3857 in
3139 3803 3239 3858 bac
3264 3818 3324 3859 re
3351 3802 3513 3859 intel-

1912 3904 2101 3977 ligibili
2118 3902 2413 3959 nativitatis
2430 3910 2482 3956 et
2501 3897 2863 3970 processionis
2891 3894 3151 3950 insinuari
3168 3893 3510 3961 distantiam;

1911 3996 2165 4069 quoniam
2220 4010 2325 4049 non
2377 3992 2479 4047 hoc
2503 3999 2585 4047 est
2634 3989 2961 4059 cngitatione
2996 3987 3310 4057 conspicere
3371 3988 3517 4058 quod

1911 4094 2189 4157 appetere,
2214 4084 2486 4139 vel'etiam
2531 4079 2732 4152 perfrui
2774 4079 3070 4148 voluntate,
3111 4080 3283 4134 cernit
3314 4078 3517 4134 discer-

1913 4177 2098 4250 nitque
2158 4175 2249 4248 qui
2296 4181 2488 4245 potest.
2518 4171 2744 4228 Potuisti
2794 4178 2850 4226 et
2892 4178 2969 4239 tu,
3017 4170 3260 4241 quamvis
3290 4184 3394 4226 non
3418 4185 3517 4241 po-

1913 4270 2080 4327 tueris
2104 4281 2279 4339 neque
2300 4264 2476 4337 possis
2506 4262 2774 4334 explicare
2796 4261 3087 4319 sufﬁcienti
3108 4261 3345 4333 eloquio,
3368 4264 3512 4333 quod

1914 4363 2054 4421 inter
2083 4361 2264 4418 nubila
2308 4357 2716 4425 similitudinum
2761 4354 3119 4427 corporalium
3150 4370 3271 4426 qua:
3314 4357 3517 4426 cogita—

1914 4457 2153 4515 tionibus
2177 4454 2425 4513 bumanis
2449 4468 2736 4510 occursare
2756 4466 2864 4506 non
2881 4448 3160 4517 desinunt,
3189 4450 3276 4505 vix
3308 4448 3515 4506 vidisti.

1915 4552 2024 4611 Sed
2045 4552 2134 4610 illa
2156 4552 2400 4625 lux,quae
2433 4565 2538 4606 non
2555 4558 2638 4606 est
2657 4546 2799 4621 quod
2824 4556 2900 4614 tu,
2925 4546 3110 4619 etihoc
3138 4546 3231 4603 tibi
3256 4548 3518 4617 ostendit,

1836 4653 1893 4737 η
1915 4648 2062 4704 aliud
2090 4661 2211 4704 esse
2242 4645 2360 4703 illas
2390 4644 2737 4715 incorporeas
2771 4639 3155 4696 similitudines
3184 4655 3510 4712 corporum,

1921 4752 1978 4800 et
2005 4741 2153 4803 aliud
2174 4754 2296 4797 esse
2324 4752 2511 4795 verum
2544 4734 2685 4809 quod
2715 4733 2794 4790 eis
2833 4733 3134 4813 reprobatis
3165 4732 3517 4806 intelligentia

1920 4844 2245 4893 contuemur
2270 4851 2281 4886 :
2321 4832 2436 4886 haec
2458 4838 2511 4886 et
2531 4827 2636 4883 alia
2658 4827 2904 4882 similiter
2930 4835 3078 4883 certa
3104 4827 3274 4883 oculis
3297 4827 3401 4884 tuis
3431 4827 3519 4883 in-

1923 4928 2214 4985 terioribus
2242 4927 2332 4981 lux
2376 4924 2465 4979 illa
2512 4920 2850 4981 monStravit.
2883 4920 3013 4995 Quae
3041 4921 3197 4994 igitur
3229 4936 3389 4977 causa
3408 4928 3514 4989 est,

1922 5034 2019 5077 cur
2043 5020 2161 5075 acie
2190 5018 2293 5073 ﬁxa
2317 5017 2489 5088 ipsam
2519 5014 2702 5071 videre
2732 5029 2839 5071 non
2867 5015 3064 5086 possis,
3100 5014 3197 5069 nisi
3228 5014 3413 5085 utique
3438 5014 3520 5070 in-

1925 5111 2189 5168 ﬁrmitas?
2238 5118 2294 5168 et
2331 5110 2450 5181 quis
2474 5107 2650 5183 [quid]
2696 5123 2814 5165 eam
2862 5108 2955 5164 tibi
2985 5108 3129 5187 fecit,
3188 5106 3292 5163 nisi
3337 5107 3521 5178 utique

1923 5204 2210 5281 iniquitas?
2239 5205 2370 5275 Quis
2415 5219 2549 5277 ergo
2596 5212 2752 5265 sanat
2795 5218 2987 5261 omnes
3035 5203 3321 5283 languores
3374 5212 3516 5271 tuos,

1922 5302 2026 5359 nisi
2053 5301 2142 5383 qui
2172 5301 2437 5375 propitius
2468 5300 2528 5356 ﬁt
2553 5299 2801 5357 omnibus
2830 5296 3204 5370 iniquitatibus
3244 5296 3396 5355 tuis?

2491 5433 2719 5493 CAPUT
2754 5431 2974 5492 CCLlll.

1927 5552 2081 5623 Quod
2124 5552 2287 5631 omnis
2320 5549 2577 5631 doctrina,
2615 5549 2906 5631 celaverunt
2930 5545 3429 5631 agudhsiguorum,
3472 5554 3524 5603 et

1995 5640 2075 5680 m
2102 5639 2205 5689 qua
2236 5622 2511 5691 [recondam
2550 5628 2646 5687 est.
2679 5620 2745 5677 ait
2786 5616 2937 5679 Dm
2961 5616 3234 5687 Trinitas;
3260 5634 3329 5679 ei
3352 5618 3497 5679 ιειω

1997 5697 2061 5753 de
2081 5693 2332 5761 Doctrina
2356 5690 2670 5755 Christiana.

1996 5810 2186 5869 Omnis
2209 5808 2452 5867 doctrina
2491 5806 2583 5864 vel
2611 5819 2793 5865 rerum
2831 5813 2918 5863 est
2942 5804 3031 5863 vel
3075 5804 3388 5876 signorum;
3419 5804 3517 5863 sed

1926 5921 2017 5967 res
2036 5922 2130 5982 per
2153 5907 2308 5979 signa
2340 5904 2638 5977 discantur.
2670 5900 2897 5976 Proprie
2915 5910 3095 5960 autem
3126 5916 3267 5960 nunc
3311 5914 3402 5961 res
3422 5915 3517 5975 ap-
