3986 6382
564 375 670 432 955

1652 369 1716 427 D.
1759 367 2080 428 EUGYPPII
2118 367 2412 428 ABBATIS
2449 369 2775 428 AFRICANI

3744 381 3823 435 936

566 485 783 560 pellavi,
802 500 925 555 quae
943 500 1050 540 non
1073 483 1139 539 ad
1160 479 1566 553 signiﬁcandum
1587 481 1785 552 aliquid
1807 481 2152 550 adhibemur,
2182 484 2239 545 Α
2262 484 2475 540 omnia:
2517 484 2590 538 ita
2619 483 2792 550 Pater,
2825 489 2880 540 et
2916 481 3108 551 Filius,
3150 490 3206 540 et
3247 481 3502 556 Spiritus:
3524 479 3756 556 sanctus,
3783 504 3820 548 et

563 584 708 639 sicut
735 590 818 637 est
841 581 1062 652 lignum,
1100 577 1253 647 lapis,
1303 591 1487 644 pecus,
1514 585 1672 648 atque
1701 576 2007 648 hujusmodi
2051 590 2156 631 ca:-

566 687 702 740 tera,
744 675 836 727 sed
881 686 985 726 non
1034 667 1165 723 illud
1199 670 1396 738 lignum
1439 668 1581 738 quod
1636 668 1688 723 in
1730 683 1896 739 aquas
1945 680 2154 722 amaras

565 769 792 841 Moysen
827 764 1039 820 misisse
1067 764 1312 834 legimus,
1351 771 1408 817 ut
1469 763 1827 818 amaritudine
1866 770 2153 829 carerent,

569 877 745 931 neque
810 857 899 912 ille
928 855 1063 925 lapis
1095 871 1253 926 quem
1279 854 1447 911 Jacob
1477 855 1576 910 sibi
1601 856 1667 910 ad
1697 867 1854 926 caput
1883 863 2154 925 posuerat,

569 968 742 1021 neque
759 950 884 1004 illud
901 963 1062 1019 pecus
1079 949 1218 1018 quod
1238 963 1335 1018 pro
1374 949 1486 1002 lilio
1515 948 1816 1002 immolavit
1842 946 2114 1004 Abraham
2139 962 2154 999 :

567 1048 650 1103 hae
680 1061 913 1114 namque
943 1045 1016 1100 ita
1047 1059 1136 1100 res
1162 1053 1309 1112 sunt,
1336 1053 1394 1099 ut
1421 1044 1649 1099 aliarum
1687 1045 1846 1100 etiam
1873 1045 2022 1114 signa
2050 1043 2158 1098 sint

564 1157 768 1197 rerum.
799 1141 938 1196 Sunt
967 1149 1145 1195 autem
1168 1139 1273 1194 alia
1301 1139 1452 1209 signa
1480 1155 1706 1209 quorum
1736 1141 1913 1195 omnis
1945 1154 2071 1194 usus
2102 1139 2158 1192 in

560 1234 914 1306 signiﬁcando
941 1243 1045 1299 est,
1068 1233 1223 1288 siculi
1266 1242 1392 1288 sunt
1419 1235 1581 1290 verba
1608 1253 1620 1287 :
1651 1251 1810 1290 nemo
1833 1235 1973 1290 enim
1995 1233 2159 1288 utitur

565 1329 769 1392 verbis,
802 1325 908 1380 nisi
933 1324 1135 1395 aliquid
1157 1325 1492 1394 signiﬁcandi
1522 1325 1716 1397 gratia.
1749 1325 1828 1380 Ex
1860 1343 1966 1396 quo
2002 1321 2160 1380 intel-

563 1422 745 1493 ligitur
772 1420 901 1491 quid
932 1419 1197 1490 appellem
1219 1420 1406 1489 signa,
1450 1435 1539 1475 res
1587 1435 1686 1477 eas
1731 1421 2000 1489 videlicet,
2047 1435 2165 1490 quae

565 1517 633 1572 ad
695 1513 1104 1586 signiﬁcandum
1158 1513 1360 1583 aliquid
1413 1513 1758 1570 adhibentur.
1804 1514 2162 1582 Quamobrem

558 1625 720 1666 omne
741 1609 952 1678 signum
995 1606 1156 1661 etiam
1189 1620 1276 1661 res
1326 1605 1501 1674 aliqua
1529 1615 1614 1660 est
1639 1623 1652 1660 :
1679 1607 1820 1676 quod
1848 1606 1990 1661 enim
2019 1607 2163 1662 nulla

561 1720 654 1761 res
680 1712 784 1770 est,
810 1701 1033 1758 omnino
1063 1700 1194 1754 nihil
1219 1709 1321 1755 est.
1346 1699 1464 1754 Non
1478 1709 1659 1754 autem
1691 1700 1869 1755 omnis
1899 1716 1988 1755 res
2003 1703 2164 1756 etiam

561 1798 772 1868 signum
791 1805 901 1850 est:
917 1803 971 1849 et
991 1793 1112 1848 ideo
1135 1792 1186 1846 in
1209 1793 1309 1847 hac
1325 1792 1588 1848 divisione
1610 1807 1788 1849 rerum
1812 1802 1972 1863 atque
1991 1793 2165 1863 signo-

2257 578 2497 648 singulus
2538 578 2762 648 quisque
2800 578 2990 632 horum
3021 576 3185 644 Deus,
3214 584 3270 631 et
3297 576 3460 631 simul
3499 593 3692 634 omnes
3715 597 3820 638 unus

2259 669 2422 738 Deus,
2446 678 2502 726 et
2530 670 2762 740 singulus
2785 669 3011 740 quisque
3038 668 3229 725 horum
3257 669 3413 740 plena
3441 672 3753 740 substantia,
3779 687 3816 730 et

2260 761 2419 815 simul
2477 775 2665 817 omnes
2695 776 2798 815 una
2837 761 3160 827 substantia,
3189 761 3348 815 Pater
3385 775 3486 816 nec
3537 759 3701 818 Filius
3736 779 3808 830 est,

2261 867 2361 908 nec
2387 852 2616 922 Spiritus
2653 860 2901 919 sanctus;
2933 852 3099 908 Filius
3144 867 3241 908 nec
3269 853 3427 908 Pater
3453 861 3569 923 est,
3609 869 3698 911 nec
3723 857 3811 925 Spi-

2263 949 2397 1004 ritus
2419 958 2659 1014 sanctus;
2691 947 2918 1018 Spiritus
2947 957 3162 1003 sanctus
3188 961 3287 1003 nec
3308 947 3492 1015 Pater,
3530 963 3631 1006 nec
3661 948 3806 1008 Fﬂius:

2263 1041 2360 1096 sed
2385 1041 2545 1096 Pater
2584 1050 2787 1096 tantum
2841 1042 3019 1109 Pater,
3045 1050 3099 1096 et
3125 1039 3291 1095 Filius
3320 1049 3537 1094 tantum
3589 1042 3749 1109 Filius,
3774 1055 3806 1098 et

2264 1132 2496 1201 Spiritus
2550 1142 2768 1188 sanctus
2823 1141 3024 1188 tantum
3080 1131 3308 1201 Spiritus
3363 1141 3613 1188 sanctus.
3659 1134 3802 1189 Eadem

2266 1227 2436 1282 tribus
2488 1229 2779 1296 aeternitas,
2829 1227 3017 1284 eadem
3078 1225 3618 1294 incommutabilitas,
3667 1230 3799 1285 eadem

2265 1319 2538 1389 majestas,
2587 1320 2774 1375 eadem
2819 1310 3165 1388 potestaan
3204 1318 3364 1375 Patre
3403 1320 3610 1388 unitas,
3643 1322 3688 1376 in
3711 1322 3796 1376 Filia

2266 1413 2567 1483 aequalitas,
2602 1413 2655 1467 in
2696 1412 2896 1482 Spiritu
2946 1419 3132 1467 sancto
3171 1411 3390 1466 unitatis
3427 1413 3788 1482 aaqualitatisqse

2267 1507 2585 1574 concordia;
2609 1516 2661 1562 et
2683 1508 2783 1562 tria
2814 1507 2931 1562 haec
2955 1521 3154 1573 unum;
3184 1505 3366 1561 omnia
3393 1516 3623 1576 propter
3645 1507 3791 1563 Patrem

2266 1602 2514 1672 aequalia,
2535 1602 2716 1657 omnia
2735 1608 2952 1671 propter
2981 1599 3172 1654 Filium
3201 1613 3476 1665 connexa,
3504 1600 3667 1655 omnia
3686 1615 3792 1670 prop-

2269 1703 2350 1751 ter
2407 1694 2665 1763 Spiritum
2712 1703 2977 1748 sanctum.
3026 1692 3338 1747 Diximusne
3366 1691 3572 1762 aliquid
3599 1701 3646 1748 et
3668 1692 3791 1748 sonui-

2269 1801 2387 1841 mus
2410 1785 2610 1856 aliquid
2653 1785 2870 1857 dignum
2915 1785 3027 1841 Deo
3071 1786 3094 1839 ?
3131 1786 3240 1840 imo
3266 1800 3396 1840 vero
3430 1785 3563 1840 nihil
3602 1802 3669 1840 me
3686 1787 3785 1840 aliud

559 1905 700 1953 runt,
717 1902 837 1943 cum
861 1885 928 1942 de
947 1885 1108 1940 rebus
1128 1883 1416 1952 loquimur,
1445 1883 1517 1938 ita
1550 1884 1838 1953 loquimur,
1861 1894 1918 1937 ut
1943 1882 2154 1938 etiamsi
2187 1873 2235 1936 B
2261 1895 2420 1950 quam
2445 1880 2628 1935 dicere
2650 1879 2885 1935 voluisse
2911 1879 3108 1934 sentio.
3144 1879 3200 1934 Si
3223 1889 3403 1935 autem
3448 1879 3577 1948 dixi,
3613 1897 3684 1934 ntz-u
3708 1881 3777 1934 hoc

562 1996 749 2038 earum
775 1978 970 2047 aliquae
991 1975 1234 2030 adhiberi
1261 1975 1328 2030 ad
1350 1975 1760 2046 signiﬁcandum
1790 1977 2021 2046 possint,
2048 1991 2157 2031 non

561 2073 861 2144 impediant
890 2069 1230 2141 partitionem
1261 2084 1362 2139 qua
1399 2069 1548 2139 prius
1577 2070 1644 2125 de
1667 2071 1850 2139 rebus,
1883 2079 2064 2140 postea
2090 2069 2157 2123 de

558 2168 727 2241 signis
767 2167 1143 2233 disseruimus,
1169 2165 1587 2235 memoriterquc
1633 2173 1914 2221 teneamus
1940 2165 1993 2219 id
2017 2179 2157 2220 nunc

559 2262 615 2318 in
661 2259 822 2316 rebus
846 2257 1297 2315 considerandum
1328 2273 1449 2315 esse
1480 2258 1625 2330 quod
1671 2269 1818 2326 sunt,
1871 2274 1977 2314 non
2013 2259 2155 2331 quod

559 2352 706 2408 aliud
734 2354 895 2408 etiam
924 2359 1119 2421 praeter
1142 2350 1348 2421 seipsas
1386 2351 1711 2422 signiﬁcant.
1740 2353 1844 2408 Res
1885 2367 2013 2422 ergo
2039 2352 2156 2406 aliae

558 2454 704 2511 sunt,
737 2443 928 2510 quibus
979 2441 1262 2498 fruendum
1310 2451 1427 2509 est;
1473 2443 1614 2511 alite,
1679 2445 1872 2514 quibus
1899 2444 2154 2499 utendum

557 2550 643 2595 est
670 2557 684 2605 ;
709 2539 848 2604 alite,
873 2550 994 2608 qua:
1027 2535 1272 2592 fruuntur
1286 2545 1340 2592 et
1360 2544 1604 2592 utuntur.
1629 2535 1738 2592 Illa:
1758 2535 1952 2606 quibus
1984 2535 2157 2591 fruen-

557 2633 685 2688 dum
703 2641 807 2697 est,
826 2645 925 2686 nos
938 2631 1122 2685 beatos
1141 2629 1343 2685 faciunt
1363 2647 1378 2697 ;
1400 2631 1518 2686 istis
1533 2631 1726 2700 quibus
1748 2629 2009 2686 utendum
2047 2639 2150 2697 est,

558 2724 843 2781 tendentes
861 2723 926 2777 ad
941 2721 1329 2778 beatitudinem
1348 2722 1754 2792 adjuvamur,‘et
1770 2721 1921 2790 quasi
1935 2720 2152 2776 admini-

559 2818 822 2883 culamur,
850 2824 910 2871 ut
934 2816 1000 2870 ad
1023 2815 1140 2871 illas
1161 2830 1280 2885 qua:
1304 2829 1404 2869 nos
1428 2815 1615 2871 beatos
1645 2813 1849 2870 faciunt
1869 2812 2155 2884 pervenire

563 2920 727 2982 atque
756 2909 841 2965 his
871 2909 1138 2965 inhaerere
1189 2909 1478 2978 possimus.
1509 2907 1618 2963 Nos
1648 2923 1778 2963 vero
1807 2908 1897 2976 qui
1925 2906 2156 2963 fruimur

558 3014 613 3059 ct
637 3004 833 3058 utimur
858 3004 994 3058 inter
1020 3013 1276 3071 utrasque
1291 3003 1590 3070 constituti,
1610 3003 1656 3056 si
1679 3003 1759 3058 eis
1781 3003 1976 3071 quibus
2005 3011 2154 3058 uten-

560 3100 689 3155 dum
719 3108 801 3153 est
822 3098 926 3152 frui
955 3098 1311 3162 voluerimus,
1335 3097 1621 3166 impeditur
1647 3111 1837 3151 cursus
1866 3107 2072 3162 noster,
2101 3105 2155 3151 et

566 3189 858 3259 aliquando
886 3190 1047 3244 etiam
1095 3189 1419 3256 deﬂectitur,
1457 3198 1518 3243 ut
1550 3189 1618 3243 ab
1645 3191 1730 3246 his
1757 3191 1920 3246 rebus
1961 3190 2153 3260 quibus

2262 1983 2346 2030 est
2371 1975 2514 2044 quod
2545 1973 2727 2030 dicere
2749 1974 2926 2040 volui;
2962 1973 3062 2029 hoc
3089 1973 3234 2028 unde
3264 1973 3403 2039 scio,
3433 1974 3534 2028 nisi
3562 1974 3658 2042 quia
3677 1975 3780 2027 Deus

2263 2069 2551 2125 ineffabilis
2582 2077 2663 2123 est
2689 2086 2703 2134 ;
2735 2067 2876 2138 quod
2911 2077 3090 2123 autem
3124 2082 3154 2120 a
3187 2081 3274 2121 me
3293 2066 3493 2120 dictum
3516 2076 3604 2131 est,
3630 2066 3667 2119 si
3691 2062 3784 2118 incl-

2263 2161 2420 2218 fabile
2441 2169 2605 2227 esset,
2633 2161 2835 2216 dictum
2864 2175 2970 2214 non
3001 2159 3181 2215 esset?
3211 2160 3292 2214 Ac
3315 2173 3407 2228 per
3433 2158 3528 2212 hoc
3552 2173 3610 2212 ne
3634 2157 3781 2211 inetia-

2259 2256 2380 2312 bilis
2410 2255 2624 2326 quidem
2666 2254 2924 2310 dicendus
2977 2261 3060 2308 est
3106 2253 3287 2320 Deus;
3316 2254 3424 2321 quia
3460 2261 3509 2306 et
3550 2251 3639 2304 hoc
3676 2264 3778 2302 cum

2263 2350 2482 2418 dicitur,
2518 2347 2718 2420 aliquid
2749 2347 2970 2413 dicitur,
3001 2356 3054 2402 et
3077 2347 3133 2400 fit
3160 2347 3341 2401 nescio
3362 2360 3471 2415 qua
3510 2358 3658 2413 pugna
3675 2357 3781 2396 ver.

2259 2443 2450 2498 borum
2478 2441 2766 2512 :quoniam
2798 2441 2843 2496 si
2874 2440 3003 2495 illud
3033 2449 3117 2496 est
3144 2438 3414 2494 ineffabile
3432 2437 3558 2506 quod
3584 2437 3674 2490 dici
3697 2449 3777 2489 non

2260 2543 2437 2606 potest
2482 2549 2587 2590 non
2642 2544 2727 2589 est
2765 2532 3042 2589 ineffabile
3106 2531 3252 2602 quod
3309 2529 3396 2585 vel
3437 2528 3670 2584 ineliabile
3692 2527 3771 2581 dici

2259 2641 2454 2703 potest.
2478 2631 2610 2700 Quae
2637 2645 2809 2702 pugna
2836 2630 3123 2686 verborum
3149 2629 3368 2684 silentio
3389 2627 3608 2683 cavenda
3626 2627 3766 2695 potius,

2259 2742 2417 2797 quam
2448 2741 2584 2781 voce
2616 2724 2854 2796 pacanda
2881 2734 2984 2779 est.
3019 2725 3084 2777 Et
3109 2731 3287 2779 tamen
3311 2723 3482 2790 Deus,
3507 2737 3600 2778 cum
3620 2721 3668 2775 de
3698 2719 3762 2773 illa

2259 2819 2394 2873 nihil
2424 2819 2585 2889 digne
2611 2818 2714 2874 dici
2752 2819 2944 2888 possit,
2977 2817 3195 2872 admisit
3219 2816 3480 2873 humana:
3515 2817 3616 2870 vocis
3639 2814 3746 2868 obse-

2257 2913 2464 2982 quium,
2494 2923 2548 2967 et
2576 2911 2753 2967 verbis
2772 2912 2972 2966 nostris
3000 2912 3053 2966 in
3081 2910 3237 2966 laude
3260 2925 3361 2964 sua
3387 2910 3574 2980 gaudere
3589 2919 3738 2960 005W-

2256 3003 2373 3061 luit.
2403 3003 2535 3059 Nam
2576 3003 2698 3059 inde
2726 3011 2809 3059 est
2835 3011 2890 3059 et
2919 3003 3060 3074 quod
3089 3003 3287 3058 dicitur
3333 3003 3502 3059 Deus.
3533 3001 3618 3056 Non
3649 2998 3750 3052 enim

2257 3111 2445 3152 revera
2507 3097 2561 3152 in
2601 3096 2827 3166 strepitu
2859 3099 3082 3151 istarum
3111 3095 3339 3150 duarum
3385 3091 3760 3166 syllabarumipse

2255 3188 2618 3260 cognoscitur,
2646 3189 2741 3245 sed
2783 3197 2962 3244 tamen
2994 3203 3181 3244 omnes
3208 3187 3422 3242 Latinae
3467 3188 3631 3257 lingua:
3654 3184 3756 3245 scits,

560 3279 842 3335 fruendum
857 3279 1256 3347 estobtinendis
1268 3280 1352 3334 vel
1366 3280 1702 3336 retardemur
1716 3282 1976 3338 veletiam
1993 3298 2149 3340 revo-
2178 3268 2225 3332 C
2257 3299 2378 3340 cum
2417 3299 2575 3340 aures
2601 3297 2788 3339 eorum
2815 3297 2981 3340 sonus
3013 3284 3114 3338 iste
3142 3283 3404 3353 tetigerit,
3436 3282 3535 3354 42
3560 3280 3762 3335 moretéd

559 3387 766 3439 cemur,
796 3373 1110 3429 inferiorum
1145 3388 1331 3427 amore
1363 3373 1666 3443 przepediti.
1705 3373 1833 3431 Frui
1868 3385 1951 3431 est
1979 3377 2150 3446 enim,
2177 3440 2190 3442 _

560 3483 746 3524 amore
777 3467 1043 3523 inhaerere
1055 3465 1212 3522 alicui
1227 3465 1326 3533 rei,
1342 3475 1562 3537 propter
1579 3467 1832 3538 seipsant.
1847 3469 1933 3525 Uti
1951 3479 2152 3537 autem,

559 3563 704 3634 quod
716 3563 769 3617 in
786 3577 941 3617 usum
955 3560 1162 3616 venerit
1175 3559 1242 3615 ad
1256 3559 1307 3614 id
1321 3559 1459 3630 quod
1478 3571 1688 3617 amatur
1703 3563 2053 3620 obtinendum
2068 3579 2155 3620 re-

559 3656 724 3722 ferre,
738 3655 784 3711 si
798 3663 975 3709 tamen
993 3653 1278 3708 amandum
1293 3662 1400 3707 est:
1421 3668 1543 3709 nam
1559 3669 1685 3709 usus
1703 3653 1939 3724 illicitus,
1959 3655 2156 3711 abusus

560 3751 760 3819 potius,
790 3747 875 3801 vel
921 3746 1129 3812 abusio,
1172 3746 1526 3801 nominandus
1552 3755 1653 3800 est.
1703 3747 1984 3813 Quomodo
2026 3762 2155 3818 ergo

560 3839 607 3895 si
635 3853 879 3894 essemus
902 3836 1195 3906 peregrini,
1235 3837 1326 3906 qui
1371 3837 1526 3892 beate
1557 3838 1737 3892 vivere
1767 3839 1868 3893 nisi
1902 3839 1955 3894 in
1985 3841 2155 3908 patria

564 3945 671 3986 non
702 3944 1002 4000 possemus,
1035 3943 1206 3999 eaque
1239 3929 1672 3998 peregrinatione
1718 3933 1904 4003 utique
1944 3935 2153 4005 miseri,

559 4032 617 4080 et
648 4023 919 4079 miseriam
957 4019 1113 4075 ﬁnire
1141 4020 1439 4092 cupientes,
1478 4019 1530 4076 in
1562 4024 1788 4092 patriam
1820 4025 1996 4081 redire
2045 4027 2156 4083 vel-

561 4118 758 4187 lemus,
789 4132 923 4188 opus
954 4124 1100 4172 esset
1130 4115 1219 4172 vel
1263 4116 1604 4173 terrestribus
1650 4117 1731 4174 vel
1759 4121 1980 4176 marinis
2007 4122 2155 4178 vehi-

562 4214 718 4278 culis,
743 4211 935 4282 quibus
963 4209 1222 4266 ulendum
1248 4217 1392 4265 esset
1414 4218 1471 4263 ut
1493 4210 1558 4264 ad
1588 4211 1816 4280 patriam
1843 4228 1946 4282 qua
1977 4215 2155 4270 fruen-

561 4308 688 4364 dum
715 4315 833 4362 erat
878 4305 1160 4377 pervenire
1200 4305 1506 4360 valeremus
1531 4321 1543 4356 :
1570 4305 1713 4374 quod
1736 4306 1778 4359 si
1815 4308 2154 4363 amoenitates

561 4398 791 4465 itineris,
818 4407 871 4454 et
909 4400 1022 4469 ipsa
1051 4399 1278 4468 gestatio
1319 4396 1685 4452 vehiculorum
1717 4414 1813 4453 nos
1837 4399 2151 4468 delectaret,

559 4495 807 4552 conversi
827 4494 894 4549 ad
925 4493 1211 4550 fruendum
1243 4492 1327 4547 liis
1356 4493 1547 4563 quibus
1583 4494 1658 4547 uti
1692 4493 1996 4561 debuimus,
2034 4497 2153 4551 nol-

561 4586 734 4643 lemus
755 4587 862 4641 cito
881 4587 1022 4641 viam
1044 4586 1222 4653 ﬁnire,
1246 4594 1300 4640 et
1318 4598 1568 4655 perversa
1585 4585 1846 4640 suavitate
1868 4585 2144 4656 implicati,

561 4680 926 4735 alienaremur
955 4693 985 4732 a
1016 4678 1210 4746 patria,
1238 4677 1395 4748 cujus
1422 4676 1660 4732 suavitas
1692 4677 1894 4734 faceret
1922 4678 2141 4747 beatos;
2171 4666 2226 4728 D

561 4771 641 4828 sic
661 4771 714 4826 in
746 4770 900 4839 hujus
915 4769 1257 4825 mortalitatis
1279 4770 1386 4824 vita
1410 4769 1812 4840 peregrinantes
1839 4785 1869 4825 a
1895 4771 2143 4843 Domino,

557 4865 605 4923 si
637 4863 810 4920 redire
856 4862 924 4917 ad
965 4862 1189 4932 patriam
1230 4862 1498 4927 volumus,
1530 4863 1620 4918 ubi
1648 4862 1788 4918 bcati
1828 4878 1948 4919 esse
1977 4866 2149 4934 possi-

559 4972 700 5027 mus,
735 4955 990 5012 utendum
1011 4955 1216 5009 esthoc
1237 4955 1458 5022 mundo,
1480 4971 1589 5011 non
1615 4956 1923 5024 ‘ruendum,
1947 4959 2152 5015 utinvi-

557 5053 732 5110 sibilia
746 5051 860 5119 Dei,
888 5065 983 5121 per
1001 5063 1066 5105 ea
1080 5063 1197 5118 qua:
1211 5047 1345 5104 facta
1369 5059 1494 5104 sunt
1507 5050 1798 5116 intellecta,
1813 5053 2152 5122 conspician-

561 5155 667 5210 tur,
683 5145 785 5200 hoc
805 5151 887 5199 est
902 5141 1038 5198 utde
1053 5140 1422 5212 corporalibus
1440 5144 1930 5215 temporalibusque
1962 5145 2144 5216 rebus,

559 5248 755 5294 mterna
769 5245 823 5293 et
841 5237 1095 5308 spiritalia
1124 5235 1415 5305 capiamus.
1435 5235 1543 5290 Res
1569 5236 1728 5305 igitur
1745 5238 1938 5308 quibus
1960 5237 2145 5294 fruen-

555 5336 681 5390 dum
696 5343 800 5403 est,
815 5333 993 5400 Pater,
1005 5340 1058 5387 et
1072 5331 1258 5398 Filius,
1274 5342 1329 5386 et
1346 5331 1576 5400 Spiritus
1595 5343 1833 5400 sanctus,
1849 5333 2146 5405 eademque

558 5427 812 5494 Trinitas,
837 5440 942 5481 una
965 5424 1210 5495 quaedam
1241 5439 1448 5481 summa
1478 5440 1566 5482 res
1595 5426 2001 5498 communisque
2026 5442 2144 5482 om-

554 5521 709 5577 nibus
752 5518 1051 5575 {ruentibus
1091 5533 1186 5585 ea;
1226 5518 1272 5573 si
1307 5526 1486 5575 tamen
1533 5534 1643 5586 res,
1697 5528 1752 5576 et
1796 5535 1902 5576 non
1960 5536 2141 5577 rerum

554 5614 794 5669 omnium
819 5627 1003 5681 causa,
1036 5612 1081 5667 si
1112 5619 1291 5668 tamen
1320 5620 1378 5668 et
1405 5627 1588 5668 causa.
1629 5611 1748 5668 Non
1794 5614 1937 5669 enim
1984 5614 2143 5670 facile

555 5723 749 5763 nomen
804 5707 946 5776 quod
995 5713 1155 5760 tantae
1193 5707 1523 5762 excellentiae
1570 5708 1870 5776 conveniat,
1914 5709 2142 5765 inveniri

555 5809 750 5869 potest,
781 5797 884 5852 nisi
917 5796 1058 5867 quod
1114 5797 1305 5852 melius
1335 5798 1408 5852 ita
1453 5798 1668 5866 dicitur,
1715 5799 1953 5856 Trinitas
2001 5802 2136 5869 haec,

557 5904 689 5948 unus
721 5888 881 5960 Deus,
921 5904 985 5947 ex
1015 5905 1122 5960 quo
1150 5891 1350 5960 omnia,
1385 5907 1479 5963 per
1515 5909 1674 5965 quem
1705 5895 1904 5967 omnia,
1936 5896 1990 5953 in
2030 5887 2138 5969 quo

2259 3375 2594 3448 cogitandam
2619 3374 3128 3431 excellentissimam
3153 3375 3446 3444 quamdam
3471 3371 3768 3428 immortalem-

2257 3485 2361 3540 que
2405 3479 2673 3526 naturam.
2705 3466 2836 3523 Nam
2864 3483 2987 3523 cum
3027 3468 3116 3522 ille
3142 3482 3283 3523 unus
3322 3467 3577 3538 cogitatur
3607 3463 3774 3519 deorum

2259 3563 2425 3630 Deus,
2469 3563 2537 3620 ab
2561 3562 2646 3617 his
2682 3561 2846 3617 etiam
2877 3561 2968 3632 qui
3012 3560 3145 3615 alios
3183 3569 3238 3616 et
3266 3559 3606 3629 suspicantur,
3642 3563 3688 3610 et
3711 3568 3776 3607 vo-

2257 3667 2401 3725 cant,
2434 3666 2488 3714 et
2516 3657 2701 3712 colunt
2727 3655 2880 3720 deos,
2912 3654 3025 3709 sive
3061 3653 3116 3708 in
3153 3653 3313 3720 coelo,
3353 3652 3460 3706 sive
3485 3652 3534 3705 in
3562 3659 3706 3712 terra,
3733 3647 3782 3699 ita

2258 3751 2548 3821 cogitatur,
2573 3757 2630 3803 ut
2660 3747 2862 3818 aliquid
2885 3761 2990 3817 quo
3020 3745 3154 3800 nihil
3178 3747 3246 3800 sit
3273 3744 3442 3800 melius
3466 3751 3612 3809 atque
3638 3737 3785 3791 subli-

2259 3847 2401 3903 mius
2428 3846 2519 3903 illa
2555 3843 2806 3916 cogitatio
2834 3852 3058 3900 conetur
3083 3843 3345 3912 attingere.

2785 3935 3012 3992 CAPUT
3050 3935 3268 3992 CCLIV.

2260 4031 2339 4087 De
2368 4031 2673 4102 purgatione
2702 4029 2886 4102 mentis
2921 4028 2988 4081 ad
3021 4028 3296 4102 [ruentium
3337 4026 3475 4102 illaut
3511 4026 3661 4102 lucem
3699 4036 3790 4086 quis

2328 4099 2382 4158 se
2402 4099 2534 4156 vitim
2563 4103 2708 4155 nobis
2736 4099 2988 4172 prazbens,
3013 4099 3254 4172 superbis
3285 4101 3427 4172 stulte
3455 4099 3621 4172 fecisse
3647 4105 3788 4172 pulum

2330 4185 2403 4228 est
2434 4165 2934 4242 humanum'gemts,
2987 4170 3049 4225 de
3078 4165 3347 4226 contrariis
3395 4165 3544 4223 etde
3587 4165 3788 4220 similibus

2329 4259 2547 4310 curans;
2578 4260 2642 4299 ex
2669 4244 2842 4298 eodem
2873 4242 3001 4297 libro
3032 4259 3069 4298 l.

2326 4339 2664 4409 Quapropter
2708 4352 2831 4393 cum
2883 4336 2975 4392 illa
3029 4336 3256 4393 veritate
3311 4334 3672 4405 perfruendutn
3716 4330 3780 4385 sit.

2255 4448 2376 4503 quae
2405 4429 2912 4487 incommutabiliter
2953 4430 3102 4496 vivit,
3135 4438 3191 4486 et
3219 4429 3272 4484 in
3304 4445 3368 4486 ea
3420 4430 3646 4487 Trinitas
3680 4426 3777 4479 Deus

2256 4536 2439 4581 auctor
2461 4533 2516 4580 et
2536 4525 2786 4580 conditor
2809 4523 3191 4588 universitatis,
3214 4523 3378 4580 rebus
3433 4539 3570 4593 quas
3591 4516 3761 4576 nitidam.

2255 4619 2519 4684 consulat,
2551 4617 2855 4688 purgandus
2909 4627 2990 4673 est
3040 4617 3272 4684 animus,
3321 4625 3382 4670 ut
3436 4625 3496 4672 et
3556 4611 3773 4684 perspicere

2257 4712 2404 4767 illam
2429 4710 2605 4765 lucem
2637 4710 2831 4777 valeat,
2863 4717 2918 4765 et
2968 4707 3234 4764 inhaerere
3281 4719 3590 4778 perspectae
3626 4721 3639 4759 :
3674 4712 3784 4771 quam

2255 4805 2663 4877 purgationem,
2720 4804 2874 4874 quasi
2927 4801 3347 4859 ambulationem
3409 4801 3720 4869 quamdam.
3759 4801 3793 4845 cl

2253 4898 2404 4967 quasi
2435 4896 2825 4966 navigationem
2853 4895 2919 4950 ad
2945 4896 3169 4965 patriam
3201 4907 3324 4949 esse
3349 4893 3692 4949 arbitremur.
3715 4885 3794 4941 Non

2254 4989 2396 5042 enim
2427 4987 2493 5042 ad
2535 5001 2655 5043 eum
2704 4987 2797 5057 qui
2840 4985 3040 5056 ubique
3088 5000 3327 5055 praesens
3356 4995 3449 5040 est
3506 4986 3638 5040 locis
3667 4993 3799 5036 move-

2255 5095 2397 5146 mur,
2429 5079 2523 5134 sed
2562 5079 2705 5134 bono
2731 5078 2907 5134 studio
2940 5078 3200 5148 bonisque
3245 5076 3523 5144 moribus,
3571 5072 3700 5146 quod
3727 5083 3798 5122 non

2250 5186 2553 5242 possemus,
2608 5170 2712 5226 nisi
2760 5171 2874 5239 ipsa
2914 5170 3178 5240 sapientia
3230 5177 3393 5224 tanta:
3427 5171 3604 5224 etiam
3653 5173 3805 5222 nostra

2249 5261 2545 5317 inﬁrmitati
2592 5276 2888 5332 congruere
2935 5261 3268 5331 dignaretur,
3321 5271 3375 5314 et
3431 5260 3653 5316 vivendi
3693 5253 3808 5311 nobis

2248 5355 2513 5423 praeberet
2543 5355 2874 5426 exemplum,
2926 5370 3032 5410 non
3084 5355 3238 5410 aliter
3285 5370 3459 5423 quam
3500 5359 3556 5412 in
3612 5352 3810 5410 homine.

2246 5447 2497 5519 quoniam
2527 5456 2582 5502 et
2613 5461 2711 5503 nos
2741 5447 2987 5504 homines
3027 5463 3235 5504 sumus.
3268 5447 3375 5503 Sed
3427 5451 3568 5520 quia
3603 5463 3699 5504 nos
3721 5454 3812 5498 cum

2244 5540 2310 5594 ad
2333 5539 2477 5594 illam
2499 5540 2764 5606 venimus,
2789 5541 3059 5610 sapienter
3081 5540 3341 5609 facimus;
3367 5543 3495 5611 ipsa
3519 5559 3646 5600 cum
3667 5541 3726 5595 ad
3745 5547 3837 5592 nos.

2243 5632 2410 5698 venit,
2435 5632 2502 5687 ab
2531 5631 2833 5690 hominibus
2861 5634 3109 5703 superbis
3130 5634 3282 5704 quasi
3310 5636 3488 5691 stulte
3523 5637 3716 5692 fecisse
3743 5646 3817 5701 pu-

2245 5732 2351 5777 tata
2404 5732 2485 5778 est
2531 5740 2546 5778 :
2595 5733 2649 5780 et
2688 5725 2940 5795 quoniam
2973 5741 3070 5782 nos
3113 5741 3231 5781 cum
3265 5726 3332 5782 ad
3381 5726 3551 5784 illam
3586 5728 3822 5784 venimus.

2247 5815 2693 5883 convalescimus,
2722 5817 2838 5888 ipsa
2867 5834 2989 5874 cum
3017 5818 3084 5874 ad
3109 5833 3206 5873 nos
3229 5819 3396 5886 venit,
3437 5822 3611 5891 quasi
3643 5820 3822 5876 inﬁrma

2247 5908 2548 5965 existimata
2575 5917 2691 5979 est;
2731 5911 2822 5967 sed
2853 5911 2994 5982 quod
3024 5912 3243 5969 stultum
3269 5919 3351 5970 est
3380 5911 3518 5984 Dei,
3555 5913 3826 5987 sapientius
