3986 6382
241 391 346 445 957

1434 390 1875 448 THESAURUS.
1917 392 2077 449 CAP.
2117 392 2339 451 CCLVI.

3409 413 3514 472 938

238 514 326 560 est
353 516 512 574 quam
538 502 804 568 homines,
831 509 887 560 et
909 503 1048 575 quod
1079 503 1347 563 infirmum
1378 515 1461 562 est
1489 505 1605 568 Dei,
1634 504 1827 560 fortius
1854 508 1904 568 Α
1930 507 2072 577 quod
2128 523 2225 578 per
2277 509 2533 567 feminam
2589 511 2842 584 deceptos
2899 528 2992 585 per
3046 516 3297 579 feminam
3354 536 3515 584 natus

237 606 324 650 est
367 610 525 666 quam
556 596 822 652 homines.
855 596 988 652 Cum
1028 612 1154 667 ergo
1202 598 1315 667 ipsa
1345 597 1417 653 sit
1456 598 1648 668 patria,
1682 598 1821 651 viam

238 702 304 741 se
343 702 555 757 quoque
584 690 737 743 nobis
779 688 906 745 fecit
948 691 1012 744 ad
1063 690 1313 762 patriam.
1346 691 1563 747 Etcum
1595 706 1726 745 sano
1770 699 1824 745 et

236 793 375 849 puro
404 780 647 835 interiori
677 782 833 837 oculo
862 782 1059 853 ubique
1102 783 1170 838 sit
1213 798 1473 853 praesens,
1505 798 1691 839 eorum
1731 783 1819 855 qui

234 874 453 928 oculum
524 873 675 929 illum
740 874 1009 929 infirmum
1076 876 1518 944 immundumque
1582 877 1820 941 habent,

234 965 408 1021 oculis
428 968 590 1021 etiam
621 968 833 1022 carneis
859 982 1119 1037 apparere
1144 968 1357 1039 dignata
1381 980 1482 1025 est.
1517 970 1651 1036 Quia
1678 971 1820 1025 enim

232 1059 293 1115 in
323 1061 587 1127 sapientia
620 1061 715 1116 Dei
743 1077 848 1116 non
882 1071 1089 1131 poterat
1119 1063 1350 1118 mundus
1384 1080 1477 1134 per
1507 1064 1819 1132 sapientiam

231 1167 565 1224 cognoscere
596 1155 785 1221 Deum,
818 1156 1015 1225 placuit
1046 1158 1154 1213 Deo
1182 1174 1275 1227 per
1314 1160 1593 1213 stultitiam
1626 1160 1820 1229 prtedi-

232 1246 463 1300 cationis
504 1248 680 1302 salvos
712 1248 889 1302 facere
918 1248 1220 1304 credentes.
1254 1249 1370 1304 Non
1415 1249 1573 1319 igitur
1614 1265 1710 1319 per
1740 1250 1821 1303 lo-

230 1352 420 1393 eorum
457 1342 630 1408 spatia
664 1340 949 1408 veniendo,
981 1342 1075 1397 sed
1109 1344 1159 1396 in
1191 1358 1353 1397 carne
1382 1345 1594 1399 mortali
1626 1352 1823 1398 morta-

227 1428 373 1484 libus
415 1432 745 1500 apparendo,
776 1433 988 1488 venisse
1036 1433 1103 1488 ad
1153 1450 1250 1489 nos
1281 1435 1499 1489 dicitur.
1532 1435 1661 1490 Illuc
1692 1448 1821 1505 ergo

228 1522 380 1576 venit
409 1522 497 1577 ubi
528 1532 661 1589 erat,
704 1526 828 1594 quia
872 1525 923 1579 in
958 1529 1055 1581 hoc
1100 1528 1298 1582 mundo
1327 1536 1464 1593 erat,
1496 1536 1551 1583 et
1588 1528 1820 1584 mundus

230 1625 331 1682 per
354 1628 477 1668 eum
511 1614 683 1669 factus
706 1625 808 1671 est.
842 1616 948 1673 Sed
979 1622 1231 1688 quoniam
1262 1622 1554 1690 cupiditate
1580 1622 1814 1689 fruendi,

227 1718 330 1775 pro
356 1706 474 1775 ipso
498 1706 777 1771 Creatore.
805 1719 1049 1765 creatura
1079 1711 1327 1768 homines
1350 1714 1663 1783 conligurati
1694 1714 1818 1770 huic

229 1796 455 1863 mundo,
494 1808 550 1853 ct
599 1800 780 1855 mundi
830 1802 1050 1858 nomine
1099 1804 1579 1874 congruentissirne
1622 1807 1812 1871 vocati,

1927 598 2094 653 homo
2136 600 2401 671 homines,
2445 606 2692 661 mortalis
2737 608 3013 676 mortales,
3051 620 3227 670 morte
3272 626 3513 676 mortuos

1926 686 2195 746 liberavit.

2486 764 2711 826 CAPUT
2750 768 2948 826 CCLV.

1928 871 2247 960 Utruntfrui
2267 880 2501 960 sia/torno
2535 882 2719 960 debeat
2736 901 2804 937 an
2848 886 2943 950 uti,
2967 895 3014 941 et
3045 891 3110 943 de
3145 894 3325 960 regula
3355 896 3513 952 dilec-

2099 948 2253 1001 tionis
2280 951 2525 1008 dit'initus
2556 955 2863 1022 constituta;
2894 948 2957 1011 ea:
2985 963 3162 1017 eodem
3193 948 3341 1019 libro.

1993 1056 2178 1129 Magna
2228 1061 2455 1130 qu:estio
2499 1073 2599 1131 est,
2650 1076 2825 1122 utrum
2871 1070 2979 1124 frui
3028 1087 3089 1129 se
3137 1075 3385 1135 homines
3414 1080 3510 1138 de—

1922 1148 2085 1204 beant
2122 1164 2190 1205 an
2237 1154 2347 1218 uti,
2394 1170 2461 1210 an
2506 1166 2808 1229 utrumque.
2862 1163 3195 1235 Praeceptum
3243 1181 3326 1226 est
3365 1174 3510 1229 enim

1923 1243 2075 1299 nobis
2130 1253 2188 1299 ιιι
2236 1245 2522 1318 diligamus
2554 1253 2808 1310 invicem.
2853 1256 2958 1311 Sed
3006 1264 3285 1329 qureritur,
3332 1276 3511 1321 utrum

1924 1344 2144 1405 prepter
2169 1351 2229 1391 se
2250 1338 2411 1392 homo
2428 1342 2496 1395 ab
2520 1342 2738 1401 homine
2767 1347 3070 1415 diligendus
3093 1354 3183 1418 sit,
3207 1370 3273 1409 an
3298 1366 3512 1426 propter

1923 1426 2106 1481 aliud?
2137 1429 2195 1482 Si
2231 1430 2372 1485 enim
2414 1445 2635 1503 propter
2680 1452 2759 1505 se,
2809 1440 3036 1497 fruimur
3082 1459 3168 1511 eo,
3201 1448 3245 1499 si
3296 1460 3512 1519 propter

1919 1515 2090 1582 aliud,
2124 1521 2324 1574 utimur
2354 1537 2439 1576 eo.
2476 1522 2697 1578 Videtur
2742 1538 2921 1585 autem
2953 1533 3083 1588 mihi
3115 1515 3333 1606 propter
3362 1515 3508 1596 aliud

1921 1605 2250 1675 diligendus;
2285 1613 2423 1680 quod
2453 1615 2597 1668 enim
2631 1628 2851 1686 preptcr
2876 1634 2933 1676 sc
2964 1605 3295 1695 diligendum
3323 1641 3423 1699 est,
3458 1632 3512 1687 in

1920 1711 1986 1751 eo
2010 1701 2357 1757 constituitur
2406 1704 2565 1760 beata
2614 1708 2738 1762 vita.
2773 1708 2937 1780 Cujus
2977 1715 3140 1771 etiam
3181 1723 3223 1774 si
3272 1725 3511 1779 nondum

1920 1804 2031 1856 res,
2067 1801 2243 1848 tamen
2282 1811 2405 1864 spes
2449 1798 2564 1867 ejus
2615 1815 2713 1854 nos
2767 1801 2868 1856 hoc
2912 1815 3151 1876 tempore
3178 1818 3508 1873 consolatur.

227 1904 337 1943 non
378 1905 500 1945 eum
531 1903 917 1962 cognoverunt,
944 1904 1228 1963 propterea
1258 1895 1397 1949 dixit
1439 1896 1764 1965 evangelista
1800 1913 1811 1951 :
1844 1897 1892 1959 Β
1920 1882 2232 1941 maledicum
2262 1898 2442 1945 θυιθηι
2477 1894 2563 1961 ll“i
2601 1908 2750 1961 590m
2783 1909 2934 1951 suam
2978 1905 3128 1968 Ροηίι
3171 1904 3223 1959 in
3273 1908 3509 1968 homine.

226 1980 300 2034 Et
344 1982 576 2037 mundus
605 1999 726 2039 eum
759 2001 865 2040 non
909 1987 1185 2057 cognovit.
1234 1988 1416 2058 Itaque
1458 1989 1509 2042 in
1558 1988 1816 2058 sapientia

226 2074 327 2130 Dei
364 2091 471 2131 non
498 2086 709 2144 poterat
739 2080 970 2135 mundus
1018 2096 1113 2150 per
1142 2081 1460 2151 sapientiam
1490 2097 1819 2151 cognoscere

227 2169 423 2225 Deum.
456 2171 565 2227 Cur
598 2188 727 2242 ergo
772 2174 918 2229 venit
947 2188 1068 2229 cum
1100 2176 1184 2230 hic
1212 2185 1375 2241 esset,
1407 2176 1510 2231 nisi
1551 2177 1669 2246 quia
1700 2177 1818 2246 pla-

226 2262 341 2317 cuit
383 2263 493 2319 Deo
526 2279 621 2333 per
650 2265 938 2321 stultitiam
985 2267 1379 2336 praedicationis
1426 2269 1601 2322 salvos
1644 2267 1818 2322 facere

226 2354 543 2410 credentes?
583 2358 868 2425 Quomodo
911 2359 1075 2422 venit,
1110 2359 1210 2412 nisi
1244 2360 1385 2429 quod
1428 2359 1661 2413 Verbum
1692 2374 1818 2414 caro

228 2442 427 2499 factum
456 2457 558 2512 est,
591 2457 646 2502 et
673 2450 934 2505 habitavit
976 2452 1263 2506 in'nobis?
1290 2451 1460 2507 Sicuti
1488 2466 1609 2507 cum
1642 2453 1818 2521 loqui-

226 2549 373 2604 mur,
397 2546 455 2592 ut
481 2539 534 2593 id
566 2540 706 2608 quod
731 2542 913 2597 animo
952 2545 1190 2613 gerimus
1214 2543 1267 2599 in
1289 2542 1555 2598 audientis
1579 2545 1814 2598 animum

224 2642 327 2697 per
354 2645 513 2687 aures
545 2648 774 2690 carneas
805 2636 1095 2693 illabatur:
1128 2637 1187 2693 fit
1217 2654 1382 2694 sonus
1410 2638 1634 2693 verbum
1672 2639 1814 2709 quod

223 2719 386 2775 corde
427 2732 724 2792 gestamus,
755 2736 809 2781 et
860 2727 1057 2783 locutio
1087 2735 1325 2795 vocatur,
1380 2743 1479 2785 nec
1536 2739 1713 2784 tamen
1759 2731 1812 2784 in

220 2813 472 2870 eumdem
521 2832 715 2873 sonum
761 2820 1013 2888 cogitatio
1061 2832 1241 2877 nostra
1296 2824 1661 2891 convertitur,
1718 2824 1811 2879 sed

219 2904 364 2973 apud
391 2921 449 2960 se
490 2922 717 2965 manens
746 2910 979 2978 integra,
1010 2913 1238 2970 formam
1269 2915 1416 2971 vocis
1445 2931 1548 2984 qua
1576 2932 1635 2972 se
1682 2916 1813 2972 insi-

219 3006 351 3053 nuet
379 3000 618 3066 auribus,
671 3001 786 3058 sine
815 3004 991 3075 aliqua
1046 3006 1166 3063 labe
1212 3023 1325 3078 sua:
1372 3009 1685 3064 mutationis
1727 3023 1812 3062 as-

217 3088 386 3143 sumit
431 3106 445 3143 :
501 3090 573 3145 ita
621 3092 843 3148 verbttm
904 3095 997 3150 Dei
1052 3112 1160 3151 non
1210 3107 1632 3163 commutatum,
1683 3113 1810 3153 caro

217 3191 399 3239 tamen
426 3182 627 3239 factum
654 3195 759 3252 est,
787 3197 843 3242 ut
868 3187 1139 3247 habitaret
1167 3192 1217 3246 itt
1243 3192 1419 3247 nobis.
1454 3192 1604 3247 Sicut
1625 3202 1806 3247 autem

1923 1976 2026 2029 Sed
2053 1992 2153 2032 nec
2179 1981 2361 2049 seipso
2388 1984 2613 2053 quisque
2638 1987 2739 2040 frui
2764 1988 2943 2053 debet,
2967 1993 3009 2045 si
3036 1993 3237 2062 liquide
3266 2000 3511 2059 advertas

1920 2070 2043 2138 quia
2070 2087 2169 2128 nec
2197 2074 2433 2141 seipsum
2457 2076 2617 2133 debet
2644 2090 2861 2149 propter
2882 2085 3117 2152 seipsum
3146 2089 3390 2160 diligere,
3417 2099 3510 2150 sed

1922 2173 2138 2229 prepter
2190 2165 2337 2220 illum
2372 2167 2547 2241 [illud]
2600 2186 2705 2240 quo
2753 2172 3036 2231 fruendum
3082 2189 3184 2234 est.
3242 2184 3389 2241 'l‘unc
3430 2200 3513 2243 est

1920 2254 2115 2324 quippe
2147 2258 2383 2324 optimus
2431 2260 2611 2325 homo,
2661 2279 2780 2317 cum
2816 2274 2922 2320 tota
2976 2270 3083 2322 vita
3133 2287 3227 2326 sua
3258 2280 3430 2347 pergit
3460 2281 3512 2335 in

1919 2343 2416 2404 incommutabilem
2449 2354 2634 2420 vitam,
2670 2366 2723 2409 et
2754 2366 2866 2411 toto
2904 2360 3096 2415 affectu
3129 2343 3508 2426 inhmretiilli:

1919 2434 1964 2489 si
1990 2445 2165 2492 autem
2190 2455 2249 2493 se
2280 2454 2498 2510 propter
2521 2459 2581 2499 se
2603 2445 2792 2515 diligit,
2821 2464 2926 2504 non
2949 2466 3010 2507 se
3033 2454 3198 2509 refert
3218 2458 3285 2511 ad
3313 2462 3503 2531 Deum,

1921 2528 2016 2581 sed
2070 2530 2134 2583 ad
2189 2532 2437 2615 seipsum.
2456 2550 2768 2604 conversus,
2805 2558 2909 2597 non
2961 2545 3024 2599 ad
3074 2528 3512 2613 incommutabile

1919 2621 2123 2691 aliquid
2175 2628 2505 2683 convertitur
2551 2648 2562 2682 :
2606 2642 2658 2685 et
2688 2645 2970 2702 propterea
3005 2640 3115 2707 jam
3147 2658 3268 2699 cum
3299 2648 3511 2705 delectu

1917 2713 2099 2783 aliquo
2129 2730 2188 2771 se
2217 2718 2411 2773 fruitur
2458 2738 2469 2773 :
2501 2722 2623 2791 quia
2656 2726 2848 2780 melior
2887 2740 2991 2795 est,
3020 2746 3141 2789 cum
3172 2745 3313 2790 totus
3343 2738 3509 2796 lueret

1925 2815 2091 2873 atque
2128 2812 2513 2880 constringitur
2542 2816 2963 2876 incommutabili
2995 2823 3158 2891 bono,
3201 2845 3356 2896 quam
3386 2846 3508 2888 cum

1917 2894 2042 2951 inde
2074 2900 2157 2954 vel
2186 2900 2250 2953 ad
2284 2904 2523 2973 seipsum
2566 2907 2854 2965 relaxatur.
2884 2914 2941 2969 Si
2973 2930 3100 2985 ergo
3143 2894 3367 2989 teipsum
3400 2940 3507 2979 non

1918 3000 2139 3055 propter
2189 2999 2238 3046 te
2269 2992 2431 3049 debes
2464 2996 2709 3066 diligere,
2758 3003 2851 3056 sed
2885 3017 3104 3074 propter
3136 3009 3283 3064 illum
3334 3014 3507 3088 [illud]

1917 3078 2003 3130 ubi
2034 3079 2341 3137 dilectionis
2370 3094 2474 3139 tute
2502 3091 2837 3147 rectissimus
2867 3094 2987 3148 linis
3012 3108 3115 3163 est,
3149 3116 3254 3155 non
3284 3078 3507 3161 succcn:

1916 3183 2033 3228 Scat
2060 3176 2195 3231 alius
2242 3179 2423 3247 homo,
2452 3182 2496 3236 si
2528 3185 2688 3239 etiam
2719 3188 2890 3255 ipsum
2926 3204 3141 3260 propter
3170 3195 3335 3251 Deum
3379 3201 3504 3255 dili-

216 3278 428 3330 curatio
458 3279 540 3332 via
571 3288 653 3334 est
680 3281 745 3333 ad
778 3284 1089 3349 sanitatem,
1122 3282 1200 3338 sic
1250 3285 1351 3339 ἰδία
1379 3284 1585 3339 curatio
1614 3299 1804 3354 ωορδ,
1836 3271 1883 3335 C
1913 3263 1995 3332 gis
2025 3283 2036 3316 :
2076 3268 2187 3322 haec
2211 3269 2353 3323 enim
2384 3272 2567 3341 regula
2601 3275 2903 3333 dilectionis
2934 3282 3187 3338 divinitus
3216 3290 3502 3345 constituta

219 3374 370 3422 tores
399 3370 671 3425 sanandos
699 3372 1126 3443 reﬁciendosque
1154 3376 1409 3443 suscepit.
1443 3375 1509 3430 Et
1548 3376 1807 3445 quemad-

216 3459 437 3514 modum
486 3462 701 3530 medici,
741 3478 865 3518 cum
914 3464 1136 3536 alligant
1180 3467 1423 3533 vulnera,
1456 3482 1561 3521 non
1605 3468 1809 3522 incom-

215 3554 391 3623 posite
418 3553 513 3607 sed
542 3564 664 3622 apte
696 3554 748 3609 id
780 3555 1002 3622 faciunt,
1038 3567 1095 3612 ut
1123 3559 1323 3613 vinculi
1351 3559 1634 3615 utilitatem
1665 3575 1809 3629 quae-

144 3704 149 3709 .
215 3645 343 3700 dam
390 3647 734 3715 pulchritudo
779 3650 940 3705 etiam
987 3662 1377 3722 consequatur;
1421 3656 1498 3709 sic
1546 3654 1807 3710 medicina

215 3739 524 3806 sapientiae,
555 3755 650 3810 per
676 3742 910 3798 hominis
936 3748 1356 3815 susceptionem,
1389 3748 1585 3803 nostris
1612 3757 1699 3803 est
1722 3763 1811 3803 ac-

216 3832 555 3885 commodata
606 3833 957 3904 vulneribus,
1018 3836 1086 3893 de
1145 3838 1465 3907 quibusdam
1523 3841 1807 3895 contrariis

217 3934 436 3985 curans,
466 3931 521 3976 et
560 3922 627 3978 de
665 3925 981 3993 quibusdam
1029 3926 1314 3984 similibus.
1347 3929 1498 3985 Sicut
1526 3932 1686 3985 etiam
1721 3932 1809 3987 ille

218 4011 313 4079 qui
343 4014 587 4068 medetur
620 4017 833 4071 vulneri
858 4022 1124 4088 corporis,
1154 4022 1376 4077 adhibet
1405 4022 1648 4091 quaedam
1680 4039 1808 4078 con-

221 4102 410 4169 traria,
452 4104 595 4158 sicut
640 4106 890 4175 frigidum
942 4110 1143 4175 calido,
1184 4112 1271 4166 vel
1314 4112 1533 4167 humido
1581 4115 1804 4177 siceum,

218 4192 304 4246 vel
332 4195 458 4262 quid
499 4195 645 4249 aliud
674 4196 973 4265 ejusmodi;
1007 4200 1227 4256 adhibet
1255 4203 1415 4257 etiam
1458 4204 1704 4273 quaadam
1731 4206 1807 4259 si-

216 4285 389 4353 milia,
441 4289 582 4344 sicut
622 4290 927 4358 linteolum,
959 4294 1043 4348 vel
1093 4297 1323 4351 rotundo
1362 4297 1571 4352 vulneri
1623 4310 1809 4356 rotun-

215 4379 367 4443 dum,
412 4382 497 4436 vel
546 4382 835 4453 oblongum
891 4386 1147 4458 oblongo,
1198 4389 1587 4459 ligaturarnque
1633 4394 1804 4461 ipsam

214 4491 325 4531 non
355 4478 599 4534 eamdem
644 4481 903 4535 membris
947 4484 1216 4550 omnibus,
1247 4486 1342 4539 sed
1383 4486 1611 4543 similem
1659 4490 1806 4543 simi-

214 4571 361 4626 libus
404 4580 619 4640 coaptat
650 4589 664 4626 :
714 4574 794 4629 sic
824 4576 1085 4645 sapientia
1119 4578 1233 4644 Dei,
1285 4579 1555 4636 hominem
1585 4597 1801 4652 curans,

1913 3368 1997 3410 εει
2043 3375 2056 3409 :
2102 3359 2320 3431 Diliges,
2356 3366 2551 3434 inquit,
2584 3369 2885 3436 proximum
2937 3383 3083 3429 tuum
3127 3386 3377 3449 tanquam
3424 3393 3504 3437 tc-
3562 3431 3569 3437 .

1914 3448 2112 3517 ipsum,
2145 3451 2314 3507 Deum
2345 3471 2477 3510 vero
2521 3472 2585 3511 ex
2630 3468 2744 3515 toto
2774 3463 2957 3529 corde,
2987 3474 3041 3520 et
3072 3482 3137 3521 ex
3163 3448 3269 3523 tota
3304 3474 3505 3541 animo,

1913 3550 1967 3595 et
1996 3556 2065 3595 ex
2116 3552 2227 3596 tota
2275 3554 2494 3601 mente:
2527 3556 2585 3601 ut
2626 3566 2813 3605 omnes
2862 3557 3211 3624 cogitationes
3266 3574 3403 3631 tuas,
3454 3579 3505 3623 et

1914 3649 2128 3689 omnem
2158 3637 2344 3702 vitam,
2385 3648 2441 3694 et
2468 3656 2682 3697 omnem
2729 3646 3056 3703 intellectum
3100 3653 3152 3706 in
3184 3655 3330 3710 illum
3373 3674 3502 3714 con-

1912 3720 2077 3787 feras,
2111 3741 2138 3777 a
2172 3742 2275 3807 quo
2306 3728 2470 3785 babes
2501 3746 2564 3785 ea
2596 3732 2709 3801 ipsa
2742 3753 2861 3806 qua:
2892 3740 3126 3797 confers.
3156 3746 3287 3801 Cum
3319 3761 3498 3808 autem

1910 3814 2003 3881 ait,
2034 3816 2167 3870 Toto
2197 3820 2378 3886 corde,
2415 3830 2520 3875 tota
2551 3826 2754 3894 anima,
2788 3837 2897 3885 tota
2923 3843 3123 3900 mente,
3147 3840 3346 3896 nullam
3379 3846 3499 3900 vita:

1911 3918 2110 3964 nostra:
2146 3923 2345 3979 partem
2380 3915 2601 3984 reliquit
2637 3935 2755 3990 quae
2796 3938 2987 3980 vacare
3015 3929 3230 3996 debeat,
3264 3944 3317 3989 et
3346 3942 3497 4003 quasi

1912 4001 2087 4055 locum
2116 4004 2247 4058 dare
2280 4015 2335 4059 ut
2376 4023 2433 4061 re
2459 4009 2564 4061 alia
2596 4010 2722 4064 velit
2750 4014 2891 4080 'frui,
2933 4020 3313 4091 sed'quidquid
3354 4001 3498 4085 aliud

1911 4091 2244 4163 diligendum
2278 4102 2486 4153 venerit
2534 4104 2584 4153 in
2634 4104 2891 4171 animum,
2942 4109 3066 4163 illuc
3115 4116 3351 4181 rapiatur
3393 4135 3498 4186 quo

1912 4193 2053 4238 totus
2076 4187 2383 4243 dilectionis
2428 4192 2662 4259 impetus
2689 4198 2873 4249 currit.
2906 4199 3155 4269 Quisquis
3183 4204 3309 4274 ergo
3353 4222 3497 4266 recte

1910 4276 2084 4345 diligit
2115 4281 2441 4348 proximum,
2475 4282 2575 4337 hoc
2601 4299 2719 4338 cum
2761 4301 2827 4341 eo
2855 4287 3016 4344 debet
3042 4306 3225 4362 agere,
3256 4306 3312 4350 ut
3334 4302 3493 4356 etiam

1909 4371 2027 4439 ipse
2069 4382 2179 4427 toto
2208 4376 2395 4443 corde,
2430 4386 2540 4431 tota
2572 4380 2770 4446 anima,
2804 4390 2909 4436 tota
2957 4396 3135 4442 mente
3180 4391 3363 4463 diligat
3396 4398 3498 4452 υο-

1910 4465 2113 4519 minum
2162 4466 2426 4540 [Deum]:
2473 4473 2551 4525 sic
2600 4473 2740 4527 enim
2792 4490 2911 4531 eum
2968 4478 3198 4550 diligens
3245 4495 3493 4557 tanquaru

1908 4559 2164 4627 seipsum,
2214 4568 2378 4614 totam
2422 4561 2762 4619 dilectionem
2812 4568 2895 4620 sui
2946 4578 3001 4624 et
3048 4571 3186 4628 illius
3230 4579 3396 4637 refert
3438 4587 3492 4639 in

211 4662 446 4731 seipsam
480 4664 730 4718 exhibui,
758 4666 822 4720 ad
864 4670 1186 4739 Smumdum,
1237 4672 1349 4739 ipsa
1391 4674 1655 4743 medicus,
1688 4678 1799 4748 ipsa
1830 4666 1885 4731 Ι)
1908 4652 2049 4707 illam
2078 4655 2420 4748 dilectionem
2446 4657 2559 4721 Dei,
2589 4671 2707 4727 quae
2734 4661 2935 4715 nullum
2969 4678 2998 4716 a
3030 4679 3088 4721 se
3111 4669 3341 4727 rivulum
3367 4677 3493 4734 duci

210 4753 504 4808 medicina.
529 4755 662 4823 Quia
686 4770 815 4827 ergo
843 4774 937 4828 per
960 4762 1263 4831 superbiam
1293 4766 1455 4820 homo
1484 4767 1665 4836 lapsus
1695 4782 1799 4838 est,

210 4849 572 4907 humilitatem
616 4852 863 4910 adhibuit
902 4858 969 4911 ad
1018 4862 1315 4916 sanandum
1351 4882 1363 4917 :
1410 4870 1673 4936 serpentis
1712 4885 1799 4924 sa-

210 4942 415 5011 pientia
436 4945 646 5014 decepti
670 4961 875 5014 sumus,
903 4949 994 5002 Dei
1024 4952 1249 5007 stultitia
1269 4955 1577 5013 liberamur.
1605 4961 1801 5029 Quem-

208 5033 498 5090 admodum
568 5047 747 5094 autern
820 5041 910 5095 illa
980 5044 1241 5113 sapientia
1301 5051 1633 5120 vocabatur,
1685 5066 1802 5111 erat

208 5137 393 5181 autem
421 5130 642 5185 stultitia
674 5137 1142 5191 contemnentibus
1183 5139 1370 5205 Deum,
1416 5145 1493 5198 sic
1536 5147 1635 5202 ista
1679 5166 1798 5218 qua)

206 5229 435 5274 vocatur
458 5224 700 5287 stultitia,
735 5228 997 5296 sapientia
1025 5241 1105 5285 est
1136 5230 1473 5293 vincentibus
1499 5239 1794 5300 diabolum.

207 5314 323 5371 Nos
365 5314 769 5375 immortalitate
820 5324 955 5379 male
986 5328 1066 5381 usi
1120 5343 1305 5384 sumus
1355 5342 1412 5387 ut
1439 5349 1794 5405 morerentur,

204 5404 457 5461 Christus
489 5409 811 5464 mortalitate
841 5413 978 5469 bene
1030 5432 1158 5472 usus
1204 5431 1307 5487 est,
1361 5432 1418 5478 ut
1466 5404 1792 5487 viveremus.

206 5497 481 5568 Corrupto
495 5501 675 5556 animo
698 5502 909 5560 femina:
933 5508 1202 5579 ingressus
1222 5523 1305 5569 est
1328 5519 1566 5587 morbus,
1588 5522 1795 5594 integro

205 5604 436 5659 corpore
464 5590 676 5648 feminae
703 5600 966 5665 processit
1003 5603 1167 5658 salus.
1202 5606 1279 5660 Ad
1311 5611 1497 5665 eadem
1529 5590 1795 5672 contraria

206 5682 464 5751 pertinet,
499 5686 640 5751 quod
688 5687 850 5741 etlam
898 5695 1145 5761 exemplo
1178 5697 1431 5755 virtutum
1483 5702 1620 5774 ejus,
1669 5709 1794 5765 vitia

209 5784 399 5831 nostra
432 5791 704 5834 curantur.
751 5781 867 5835 Jam
897 5799 1025 5841 vero
1052 5789 1267 5855 similia,
1302 5798 1453 5863 quasi
1484 5800 1791 5872 ligamenta,

98 5900 113 5903 —
207 5868 466 5924 membris
511 5881 565 5923 et
611 5874 925 5930 vulneribus
970 5882 1168 5936 nostris
1218 5883 1453 5945 adhibita
1507 5891 1590 5949 illa
1644 5868 1791 5966 sunt,

502 5969 765 6029 ΡΑτιιυι..
820 5974 1010 6037 LXII.

1906 4754 2055 4799 extra
2096 4746 2317 4815 patitur,
2352 4748 2506 4819 cujus
2555 4750 2889 4807 derivatione
2920 4758 3213 4815 minuatur.
3247 4765 3361 4820 Non
3392 4784 3493 4823 au-

1906 4846 2011 4893 tem
2042 4841 2241 4901 omnia,
2278 4843 2472 4910 quibus
2500 4844 2754 4899 utendum
2786 4857 2888 4911 est,
2920 4849 3191 4922 diligenda
3224 4871 3367 4925 sunt,
3395 4866 3491 4919 sed

1904 4945 1967 4985 ea
2014 4934 2124 4986 sola
2155 4948 2276 5002 quae
2316 4943 2410 4987 aut
2455 4935 2736 4991 nobiscum
2779 4943 3036 4999 societate
3080 4950 3308 5016 quadam
3347 4954 3493 5011 refe—

1905 5034 2096 5078 runtur
2124 5026 2177 5079 in
2208 5026 2398 5091 Deum,
2432 5028 2586 5083 sicuti
2615 5040 2698 5085 est
2726 5031 2887 5089 homo
2911 5038 2993 5090 vel
3033 5042 3277 5107 angelus,
3302 5055 3394 5099 aut
3424 5051 3489 5104 ad

1904 5130 2003 5171 nos
2034 5115 2222 5181 relata,
2249 5117 2514 5175 beneﬁcio
2548 5122 2640 5177 Dei
2677 5137 2773 5201 pe'r
2802 5140 2901 5181 nos
2928 5128 3188 5198 indigent,
3220 5134 3374 5191 sicuti
3407 5152 3492 5195 est

1902 5221 2117 5276 corpus.
2162 5209 2294 5265 Nam
2322 5210 2506 5283 utique
2539 5224 2804 5286 martyres
2836 5234 2940 5272 non
2982 5220 3288 5281 dilexerunt
3310 5232 3489 5288 scelus

1905 5306 2339 5373 persequentium
2381 5321 2463 5378 se,
2502 5323 2610 5378 quo
2650 5318 2829 5368 tamen
2876 5313 2959 5367 usi
3010 5327 3134 5371 sunt
3158 5320 3225 5375 ad
3268 5337 3487 5393 prome-

1899 5397 2127 5454 rendum
2160 5400 2350 5457 Deum.

2452 5475 2533 5531 CA
2546 5475 2583 5529 P
2596 5474 2686 5531 UT
2724 5474 2947 5533 CCLV].

1898 5557 2006 5630 43
2046 5559 2123 5615 De
2150 5562 2542 5642 rebusquotuor
2570 5567 2864 5637 diligendis,
2898 5579 2947 5623 et
2983 5573 3271 5633 ordinatam
3311 5582 3487 5642 haberi

1971 5645 2202 5719 oportere
2239 5636 2598 5719 dilectionem,
2643 5636 2691 5692 et
2721 5642 3171 5719 ‘cotrjunctioribus
3208 5668 3300 5719 pro

1971 5705 2339 5759 consulendum
2362 5726 2383 5775 ;
2413 5726 2475 5762 ea:
2501 5710 2679 5763 eodem
2696 5705 2866 5766 ‘libro.

1969 5820 2098 5874 Cum
2128 5836 2258 5890 ergo
2288 5831 2520 5891 quatuor
2548 5823 2655 5880 sint
2687 5824 2994 5897 diligenda:
3027 5847 3187 5889 unum
3221 5841 3363 5909 quod
3396 5859 3485 5899 su-

1898 5924 1992 5979 pra
2021 5926 2115 5967 nos
2145 5922 2255 5979 cst,
2285 5915 2510 5971 alterum
2546 5918 2683 5987 quod
2719 5934 2815 5973 nos
2844 5935 3030 5977 sumus
3050 5972 3062 5993 ,
3090 5930 3310 5988 tertium
3342 5940 3481 6005 quod

2943 6017 3019 6076 3i)
