3986 6382
1597 347 1661 410 D.
1705 350 2020 411 EUGYPPU
2062 349 2145 407 AB

2248 348 2350 408 TIS
2388 344 2710 405 AFRICANI
3709 350 3792 411 tm

536 488 687 559 tum
714 496 813 542 nos
851 489 968 551 est,
1008 487 1258 554 quartum
1296 472 1439 548 quod
1481 474 1622 530 infra
1661 484 1761 529 nos
1790 480 1907 539 est;
1940 472 2008 528 de
2039 484 2130 528 se~
2157 453 2377 535 A'dlnis
2403 466 2714 531 vinculum,
2744 458 2891 535 quod
2918 476 2949 520 ι
2990 467 3273 534 parentum
3311 462 3479 521 etiam
3520 469 3789 539 propagine

536 579 719 638 eundo
746 586 801 635 et
830 583 1026 647 quarto
1054 571 1196 628 nulla
1227 574 1495 639 praecepta
1524 566 1702 622 danda
1731 572 1918 629 erant,
1952 578 2123 634 quan-

460 718 463 721 ν
545 674 796 730 tumlibet
821 670 965 726 enim
994 666 1156 721 homo
1184 661 1400 721 excedit
1430 676 1461 716 a
1489 659 1741 724 veritate,
1773 664 2017 713 remanet
2047 650 2127 711 illi

544 767 761 824 dilectio
784 761 902 831 sui,
931 768 986 817 et
1009 756 1230 814 dilectio
1254 752 1497 825 corporis
1518 752 1624 808 sui.
1648 751 1829 820 Fugax
1855 748 1995 804 enim
2018 747 2132 802 ani-

542 872 695 923 mus,
716 855 785 913 ab
813 848 1241 912 incommutabili
1274 845 1478 902 lumine
1498 841 1737 899 omnium
1769 849 2054 911 regnatore
2077 837 2131 894 id

542 951 683 1021 agit,
707 950 764 1003 ut
792 946 909 1016 ipse
938 940 1039 999 sibi
1072 942 1261 1012 regnet
1284 947 1340 995 et
1366 937 1580 1005 corpori
1610 948 1729 991 suo.
1756 932 1880 991 Ideo
1907 948 2011 989 non
2039 948 2133 1005 po-

539 1049 647 1098 test
672 1040 776 1095 nisi
814 1045 869 1093 et
893 1052 953 1093 se
978 1044 1032 1091 et
1059 1045 1256 1103 corpus
1282 1044 1437 1087 suum
1463 1028 1704 1099 diligere.
1736 1025 1980 1097 Magnum
2004 1036 2134 1094 ergo

540 1128 741 1202 aliquid
778 1127 1031 1196 adeptum
1070 1138 1132 1181 se
1171 1128 1354 1193 putat,
1415 1120 1462 1174 si
1510 1118 1671 1173 etiam
1700 1117 1863 1172 sociis
1888 1157 1904 1184 ,
1955 1114 2007 1169 id
2052 1122 2135 1169 est

538 1231 665 1289 aliis
703 1227 1042 1291 hominibus,
1080 1222 1344 1280 dominari
1376 1218 1653 1293 potuerit:
1697 1214 1837 1269 inest
1872 1210 2016 1266 enim
2054 1206 2135 1262 vi-

544 1322 687 1379 tioso
713 1320 926 1384 animo,
959 1316 1015 1372 id
1041 1324 1123 1372 est
1152 1314 1322 1384 magis
1350 1319 1628 1382 appetere,
1662 1314 1712 1362 et
1746 1304 1848 1360 sibi
1879 1311 2135 1372 tanquam

548 1413 788 1472 debitum
827 1408 1103 1466 vindicare
1142 1406 1285 1474 quod
1323 1402 1418 1459 uni
1458 1398 1679 1473 proprie
1724 1396 1952 1452 debetur
2004 1394 2133 1447 Deo.

543 1506 693 1563 Talis
723 1511 903 1560 autem
946 1503 1029 1558 sui
1062 1500 1283 1558 dilectio
1314 1495 1509 1554 melius
1537 1492 1718 1549 odium
1752 1494 1996 1545 vocatur.
2027 1482 2135 1539 lni-

540 1611 705 1670 quum
746 1604 825 1652 est
855 1596 1029 1659 enim,
1058 1592 1181 1662 quia
1213 1590 1328 1646 vult
1358 1588 1463 1643 sibi
1492 1584 1702 1642 servire
1734 1580 1878 1651 quod
1908 1576 2046 1635 infra
2077 1589 2138 1633 se

542 1669 657 1755 est,
687 1701 812 1743 cum
841 1686 958 1757 ipse
983 1681 1249 1753 superiori
1276 1678 1481 1735 servire
1513 1674 1670 1732 nolit.
1700 1669 2137 1738 Rectissimeque

542 1783 747 1839 dictum
779 1786 866 1835 est
892 1796 906 1833 :
935 1777 1037 1846 Qui
1066 1784 1241 1830 autem
1273 1772 1448 1842 diligit
1475 1769 1815 1838 iniquitatem
1835 1810 1849 1833 ,
1877 1763 1991 1818 odit
2020 1760 2136 1815 ani-

2232 564 2617 629 inveteratum,
2645 570 2849 616 natura
2871 559 2987 631 lege
3011 559 3255 615 inolevit.
3280 559 3339 615 ld
3366 570 3500 631 ergo
3522 560 3633 631 agit
3654 563 3787 633 spiri-

2233 665 2324 713 tus
2352 658 2406 711 in
2439 655 2707 711 domanda
2733 666 2926 719 carne,
2951 662 3012 708 ut
3040 652 3217 709 solvat
3236 652 3393 708 male
3415 640 3789 713 consuetudiis

2232 748 2385 817 quasi
2416 757 2570 817 pacta
2601 757 2887 817 perversa,
2919 752 2975 800 et
3010 744 3107 798 ﬁat
3142 758 3248 815 pax
3287 745 3692 802 consuetudinis
3716 748 3787 804 bo-

2236 853 2340 894 naz.
2393 837 2626 909 Diliges,
2658 836 2864 907 inquit,
2906 834 3191 891 Dominum
3222 835 3392 893 Deum
3421 843 3580 892 tuum
3607 850 3667 893 ex
3704 846 3787 894 toto

2237 930 2401 987 corde
2444 940 2558 999 tuo,
2598 937 2656 987 et
2693 945 2759 986 ex
2799 937 2913 986 tota
2953 931 3137 985 anima
3166 937 3293 999 tua,
3323 939 3380 985 et
3404 945 3476 985 ex
3508 938 3619 985 tota
3645 941 3785 988 mente

2236 1032 2323 1078 tua
2344 1068 2359 1091 ,
2407 1032 2462 1079 et
2504 1022 2696 1093 diliges
2741 1023 3043 1092 proximum
3074 1029 3227 1077 tuum
3257 1032 3522 1093 tanquam
3556 1022 3781 1093 teipsum:

2235 1114 2289 1171 in
2342 1116 2426 1172 bis
2456 1116 2665 1172 duobus
2714 1116 2997 1186 praeceptis
3049 1123 3159 1171 tota
3199 1115 3311 1172 Lex
3350 1115 3561 1186 pendet
3595 1126 3646 1172 et
3682 1117 3782 1173 Pro-

2238 1209 2455 1279 phetas:
2502 1209 2625 1265 ﬁnis
2665 1210 2846 1279 itaque
2900 1209 3157 1279 praecepti
3212 1217 3297 1265 est
3349 1208 3608 1275 dilectio,
3658 1220 3701 1266 et
3737 1224 3780 1266 ea

2236 1302 2449 1372 gemina
2470 1342 2483 1368 ,
2514 1302 2568 1357 id
2599 1311 2682 1358 est
2714 1302 2807 1358 Dei
2835 1311 2889 1357 et
2920 1301 3173 1372 proximi.
3200 1300 3357 1369 Quod
3388 1303 3434 1357 si
3465 1312 3523 1358 te
3552 1310 3700 1358 totum
3724 1303 3779 1358 iu-

2241 1395 2484 1466 telligas,
2527 1394 2581 1450 id
2622 1402 2711 1450 est
2748 1394 2985 1449 animum
3028 1400 3084 1449 et
3110 1407 3312 1464 corpus
3340 1402 3533 1462 tuum,
3566 1404 3617 1450 et
3642 1396 3775 1465 pmi-

2236 1502 2385 1544 mum
2432 1497 2639 1555 totum,
2682 1487 2735 1542 id
2778 1494 2864 1543 est
2892 1487 3130 1542 animum
3162 1494 3219 1541 et
3242 1500 3451 1557 corpus
3480 1486 3603 1556 ejus
3629 1486 3775 1557 (homo

2246 1581 2390 1637 enim
2420 1593 2486 1636 ex
2514 1578 2697 1634 animo
2723 1587 2938 1634 constat
2963 1587 3021 1634 et
3042 1576 3347 1648 corpore),
3398 1578 3605 1633 nullum
3643 1592 3774 1632 rem

2234 1673 2627 1744 diligendarum
2652 1686 2821 1742 genus
2858 1672 2912 1726 in
2936 1670 3022 1725 his
3057 1670 3267 1727 duobus
3294 1669 3586 1740 preceptis
3608 1680 3773 1739 praeter

2245 1769 2471 1823 missum
2502 1776 2586 1822 est
2611 1782 2626 1821 :
2659 1781 2781 1822 cum
2806 1765 2951 1821 enim
2978 1773 3272 1835 praecurrat
3298 1764 3535 1819 dilectio
3552 1764 3639 1828 Dei,
3659 1763 3767 1831 ejus-

544 1891 689 1933 mam
718 1888 874 1930 suam
900 1890 914 1940 ;
944 1881 999 1928 et
1029 1870 1151 1927 ideo
1185 1869 1243 1923 iit
1274 1868 1519 1923 inﬁrmus
1544 1863 1787 1927 animus,
1818 1864 1874 1914 et
1900 1856 1967 1913 de
1995 1870 2135 1910 mor-
2164 1864 2214 1935 θ
2238 1875 2345 1931 que
2386 1858 2694 1914 dilectionis
2735 1858 2929 1913 tnodus
2970 1859 3325 1928 praescriptus
3365 1864 3603 1926 appareat
3632 1855 3687 1909 ita
3717 1861 3761 1908 ut

543 1969 641 2024 tali
673 1981 899 2038 corpore
931 1964 1231 2020 cruciatur:
1267 1973 1493 2016 necesse
1519 1965 1601 2012 est
1630 1954 1776 2010 enim
1805 1960 1863 2007 ut
1893 1949 2019 2004 illud
2047 1948 2133 2001 di-

546 2062 702 2133 ligat,
733 2068 787 2114 et
816 2060 933 2128 ejus
957 2056 1304 2126 corruptione
1334 2057 1721 2123 prmgravetur.
1758 2040 2136 2100 immortalitas

553 2149 696 2213 enim
726 2162 781 2210 et
808 2153 1141 2221 incorruptio
1172 2149 1417 2218 corporis
1447 2146 1514 2200 de
1545 2142 1772 2197 sanitate
1802 2137 1965 2193 animi
1998 2135 2137 2189 exis-

548 2252 636 2307 tit.
663 2250 879 2307 Sanitas
908 2256 1084 2302 autem
1117 2245 1275 2299 animi
1304 2249 1388 2298 est
1415 2239 1719 2295 ﬁrmissime
1747 2235 2013 2289 inhaarere
2044 2242 2139 2299 po-

551 2345 698 2413 tiori,
725 2343 828 2398 hoc
849 2352 934 2397 est
959 2336 1382 2396 incommutabili
1410 2336 1540 2390 Deo.
1564 2332 1698 2387 Cum
1720 2343 1851 2384 vero
1872 2325 2037 2382 etiam
2061 2322 2139 2379 eis

551 2442 641 2511 qui
682 2440 782 2496 sibi
826 2435 1139 2493 naturaliter
1167 2445 1323 2502 pares
1350 2439 1507 2491 sunt,
1544 2427 1644 2480 hoc
1680 2432 1763 2478 est
1795 2419 2137 2483 hominibus,

550 2532 819 2589 dominari
850 2530 1099 2592 affectat,
1130 2522 1488 2579 intolerabilis
1511 2520 1729 2573 omnino
1752 2513 2004 2584 superbia
2037 2519 2140 2565 est.

556 2624 730 2681 Nemo
759 2637 887 2694 ergo
914 2636 973 2676 se
1001 2620 1140 2685 odit,
1172 2626 1225 2672 et
1252 2615 1377 2669 hinc
1400 2613 1613 2683 quidem
1647 2608 1789 2663 nulla
1819 2621 1938 2661 cum
1969 2605 2145 2672 aliqua

559 2731 706 2777 seeta
728 2713 956 2789 quaestio
980 2711 1079 2767 fuit
1097 2754 1110 2775 ,
1138 2710 1231 2765 sed
1259 2722 1430 2777 neque
1453 2719 1647 2774 corpus
1680 2714 1832 2755 suum
1866 2696 2143 2765 quisquam

556 2813 705 2879 odit;
736 2824 922 2866 verum
954 2814 1036 2863 est
1061 2806 1202 2862 enim
1230 2801 1372 2873 quod
1396 2800 1468 2854 ait
1492 2794 1779 2868 Apostolus
1806 2808 1821 2847 :
1847 2790 2017 2846 Nemo
2044 2802 2145 2842 un-

551 2917 968 2977 quamcnrnem
1007 2914 1157 2954 suam
1192 2895 1313 2951 odio
1344 2892 1550 2947 habuit.
1612 2887 1679 2943 Et
1720 2884 1862 2956 quod
1906 2878 2146 2936 nonnulli

552 3000 770 3061 dicunt,
795 2994 953 3049 malle
974 3006 1033 3047 se
1053 2983 1322 3062 [omnino]
1346 2999 1465 3039 esse
1490 2982 1607 3037 sine
1630 2991 1863 3046 corpore
1883 3016 1896 3038 ,
1926 2970 2146 3027 omnino

554 3092 820 3145 talluntur
845 3129 858 3151 ,
895 3101 1001 3140 non
1032 3083 1174 3136 cnim
1202 3094 1397 3148 corpus
1423 3092 1581 3132 suum
1606 3118 1620 3140 ,
1649 3074 1743 3129 sed
1775 3068 2145 3138 corruptiones

561 3182 680 3253 ejus
707 3188 760 3237 et
799 3176 1010 3249 pondus
1040 3173 1308 3229 oderunt:
1342 3184 1447 3222 non
1480 3169 1661 3235 itaque
1690 3162 1892 3217 nullum
1922 3173 2138 3228 corpus,

2239 1960 2435 2006 caetera
2473 1951 2526 2005 in
2569 1950 2718 2005 illum
2763 1947 3069 2017 conﬂuant,
3115 1950 3185 2005 de
3222 1949 3527 2004 dilectione
3560 1959 3628 2002 tua
3661 1945 3763 2001 nihil

2239 2043 2437 2097 dictum
2480 2042 2725 2108 videtur;
2768 2043 2861 2097 sed
2902 2056 3025 2096 cum
3062 2041 3262 2096 dictum
3295 2048 3422 2098 est:
3470 2040 3641 2111 Diliges
3671 2054 3764 2109 prn-

2239 2136 2443 2190 ximum
2475 2143 2626 2190 tuum
2656 2144 2905 2206 tanquam
2938 2135 3168 2204 teipsum
3192 2174 3206 2203 ,
3240 2134 3409 2189 simul
3440 2143 3497 2190 et
3532 2135 3595 2189 tui
3627 2136 3700 2189 abl
3727 2142 3767 2189 te

2240 2230 2461 2286 dilectio
2508 2244 2615 2284 non
2667 2230 3031 2299 praetermissa
3079 2235 3183 2284 est.
3238 2228 3337 2283 llle
3372 2236 3555 2283 autem
3580 2228 3761 2297 jttstaet

2242 2332 2428 2379 sancte
2464 2322 2596 2377 vivit
2636 2323 2726 2390 qui
2770 2332 2951 2376 rerum
2995 2320 3203 2390 integer
3242 2321 3543 2376 aestimator
3564 2327 3647 2383 ett;
3673 2317 3762 2386 ipsa

2246 2424 2327 2471 est
2354 2430 2533 2472 autem
2566 2415 2655 2486 qui
2687 2414 2989 2469 ordinatam
3019 2414 3182 2468 habet
3211 2414 3585 2479 dilectionem,
3615 2424 3668 2467 ac
3698 2420 3763 2464 aut

2246 2510 2433 2581 diligat
2478 2508 2624 2577 quod
2671 2522 2776 2562 non
2816 2518 2900 2562 est
2939 2506 3273 2576 diligendum
3299 2547 3315 2573 ,
3360 2514 3458 2561 aut
3500 2521 3589 2561 non
3622 2504 3761 2571 diligat

2246 2604 2388 2676 quod
2419 2602 2747 2673 diligendum
2779 2608 2898 2665 est,
2932 2609 3023 2654 aut
3064 2600 3297 2669 amplius
3327 2600 3517 2670 diligat
3546 2598 3655 2668 quod
3685 2596 3759 2648 uti-

2250 2710 2351 2749 nus
2381 2692 2710 2762 diligendum
2739 2700 2857 2756 est,
2889 2699 2982 2745 aut
3007 2704 3159 2760 aeque
3199 2691 3394 2762 diligat
3431 2690 3557 2761 quod
3580 2688 3643 2742 vel
3674 2688 3751 2740 mi-

2252 2804 2352 2843 nus
2384 2788 2467 2841 vel
2499 2785 2732 2855 amplius
2763 2784 3094 2854 diligendum
3122 2792 3239 2851 est,
3270 2793 3370 2839 aut
3399 2785 3546 2839 minus
3567 2778 3630 2833 vri
3655 2789 3741 2831 ωδ

2250 2882 2390 2952 plins
2443 2880 2587 2951 quod
2632 2892 2786 2949 atque
2826 2878 3156 2949 diligendum
3188 2886 3298 2933 est.
3334 2878 3503 2933 Omnis
3536 2880 3739 2946 peccator,

2252 2977 2569 3043 inquantum
2601 2982 2853 3044 peccator
2880 2982 2999 3038 est,
3029 2988 3134 3028 non
3167 2982 3251 3027 est
3270 2972 3752 3042 diligendus-,etuta-

2251 3070 2333 3123 nis
2369 3069 2550 3133 homo,
2583 3068 2902 3137 inquantum
2929 3068 3089 3123 homo
3112 3075 3218 3133 est,
3242 3066 3543 3137 diligendus
3564 3072 3759 3131 estw)?

2240 3170 2336 3215 Vter
2363 3160 2531 3215 Deum
2554 3203 2569 3225 ,
2622 3161 2764 3215 Deus
2803 3175 2932 3216 vero
2973 3169 3194 3230 propter
3239 3159 3509 3229 seipsum,
3544 3154 3636 3211 etsi
3664 3153 3747 3206 tiens

557 3274 654 3333 sed
686 3273 1055 3339 incorruptum
1089 3275 1137 3320 ct
1173 3261 1511 3318 celerrimum
1543 3249 1995 3330 [intege‘rrimum]
2027 3262 2147 3304 cor-
2178 3267 2223 3332 ρ
2253 3251 2401 3305 omni
2428 3250 2650 3307 homine
2690 3251 2919 3321 amplius
2946 3250 3249 3321 diligendus
3287 3259 3412 3305 est:
3445 3243 3755 3317 ampliusque

557 3379 660 3437 pus
685 3362 874 3418 volunt
902 3357 1099 3413 habere
1120 3396 1134 3421 ,
1170 3352 1263 3409 sed
1298 3358 1487 3422 putant
1528 3347 1731 3403 nullum
1765 3358 1963 3414 corpus
1992 3354 2147 3407 esse,

557 3458 603 3514 si
634 3455 741 3513 tale
770 3453 962 3517 fuerit,
994 3448 1118 3521 quia
1149 3446 1255 3501 tale
1283 3440 1483 3513 aliquid
1508 3454 1629 3497 esse
1660 3438 1895 3493 animam
1927 3438 2145 3516 putant‘:

558 3549 703 3622 quod
732 3556 911 3602 autem
942 3539 1272 3598 continentia
1302 3535 1537 3608 quadam
1569 3541 1625 3587 et
1652 3528 1930 3585 laboribus
1961 3538 2149 3595 perse-

565 3617 658 3713 qui
683 3640 938 3695 videntur
966 3646 1194 3704 corpora
1227 3643 1321 3685 sua
1342 3671 1355 3695 ,
1388 3626 1479 3697 qui
1510 3625 1611 3679 hoc
1638 3630 1787 3677 recte
1816 3617 2014 3673 faciunt
2045 3629 2153 3669 non

562 3708 616 3787 id
646 3738 812 3799 agunt
841 3737 898 3781 ut
928 3738 1037 3779 non
1072 3723 1307 3776 habeant
1332 3730 1560 3786 corpus,
1584 3712 1679 3769 sed
1704 3721 1759 3766 ut
1781 3709 2011 3765 habeant
2035 3708 2155 3762 sub-

560 3798 808 3893 iugatum
851 3829 906 3872 et
947 3823 1188 3885 paratum
1220 3810 1288 3865 ad
1324 3821 1485 3875 Opera
1526 3801 1872 3865 necessaria;
1905 3798 2152 3853 libidines

560 3888 705 3971 enim
738 3909 878 3966 male
919 3915 1131 3961 utentes
1179 3913 1449 3971 corpore,
1500 3896 1554 3952 id
1601 3903 1685 3950 est
1733 3888 2151 3947 consuetudines

561 4017 615 4064 et
637 4002 1010 4061 inclinationes
1034 3997 1228 4052 animae
1250 3993 1316 4048 ad
1358 3989 1640 4046 fruendum
1670 3981 2035 4048 interioribus,
2062 3996 2154 4051 per

560 4099 733 4170 ipsius
782 4092 1025 4163 corporis
1064 4086 1389 4143 laboriosam
1429 4078 1715 4154 quamdam
1768 4074 2011 4131 militiam
2062 4084 2153 4127 ex-

562 4164 835 4261 stinguere
887 4184 1141 4241 affectant
1181 4197 1192 4231 :
1236 4193 1359 4233 nam
1411 4190 1517 4231 non
1566 4188 1625 4228 se
1679 4170 2025 4230 interimunt,
2059 4164 2155 4220 sed

566 4297 750 4341 curam
799 4294 910 4334 sua:
954 4271 1283 4331 valetudinis
1310 4275 1535 4340 gerunt;
1570 4264 1659 4334 qui
1690 4271 1867 4317 autem
1900 4271 2156 4331 perverse

565 4374 621 4428 id
648 4376 842 4441 agunt,
871 4366 1023 4437 quasi
1056 4361 1376 4418 naturaliter
1406 4354 1625 4410 inimico
1655 4367 1755 4407 suo
1787 4349 2004 4419 corpori
2036 4347 2154 4403 bel-

566 4436 1011 4531 lum'ingerdnt:
1058 4456 1115 4509 in
1166 4465 1273 4522 quo
1306 4446 1441 4502 fallit
1467 4459 1560 4501 eos
1589 4442 1729 4514 quod
1764 4443 1982 4513 legunt:
2017 4436 2154 4493 Caro

566 4546 897 4620 concupiscit
926 4546 1182 4601 adversus
1214 4540 1493 4610 spiritum,
1537 4544 1589 4590 et
1634 4533 1854 4602 Spiritus
1895 4532 2154 4585 adversus

567 4653 822 4703 carnem;
846 4636 961 4690 haec
984 4636 1126 4689 enim
1159 4630 1388 4685 invicem
1419 4625 1797 4680 adversantur.
1830 4620 2037 4673 Dictum
2069 4627 2155 4673 est

567 4733 711 4790 enim
746 4731 848 4783 hoc
876 4738 1088 4795 propter
1120 4720 1437 4777 indomitam
1483 4713 1753 4770 carnalem
1796 4709 2154 4765 consuetudi-

571 4838 731 4889 nem,
773 4818 1037 4872 adversus
1082 4826 1240 4882 quam
1274 4809 1494 4879 spiritus
1544 4801 1910 4873 concupiscit,
1952 4816 2063 4854 non
2098 4808 2157 4854 ut

566 4912 842 4971 interimat
867 4918 1086 4975 corpus,
1120 4901 1219 4957 sed
1265 4909 1320 4954 ut
1343 4895 1777 4967 concupiscentia
1817 4891 1956 4963 ejus,
1998 4890 2049 4945 id
2074 4904 2157 4946 eat

567 5000 959 5065 consuetudine
998 4995 1141 5050 mala
1170 4993 1437 5057 edomita,
1472 4990 1631 5045 faciat
1661 4984 1877 5057 spiritui
1905 4983 2156 5052 subjuga-

570 5115 681 5156 tum
703 5144 716 5168 ,
749 5094 894 5168 quod
925 5090 1190 5148 naturalis
1222 5087 1354 5143 ordo
1384 5085 1681 5141 desiderat.
1712 5081 1847 5148 Quia
1877 5078 2018 5134 enim
2053 5077 2154 5132 hoc

568 5195 671 5249 erit
700 5196 826 5261 post
853 5184 1309 5243 resurrectionem
1332 5218 1345 5242 ,
1382 5188 1439 5232 ut
1466 5188 1664 5245 corpus
1686 5170 2002 5228 omnimodo
2028 5184 2152 5225 cum

567 5287 749 5355 quiete
775 5292 982 5335 summa
1012 5272 1223 5345 spiritui
1253 5268 1525 5325 subditum
1556 5264 1934 5320 immortaliter
1956 5263 2153 5331 vigeat,

569 5352 671 5430 hoc
691 5374 851 5427 etiam
879 5370 931 5422 in
957 5368 1058 5421 hac
1083 5366 1183 5418 vita
1210 5358 1575 5416 meditandum
1602 5366 1707 5422 est,
1732 5363 1791 5409 ut
1808 5352 2155 5409 consuetudo

568 5466 801 5523 carnalis
838 5471 1072 5517 mutetur
1102 5460 1156 5511 in
1187 5454 1411 5519 melius,
1439 5466 1540 5506 nec
1568 5448 1889 5505 inordinatis
1918 5446 2154 5501 motibus

566 5561 785 5617 resistat
820 5554 1063 5626 Spiritui;
1097 5548 1239 5619 quod
1274 5547 1441 5601 donec
1480 5543 1612 5609 ﬁat,
1654 5556 1781 5596 caro
1820 5539 2153 5610 concupiscit

568 5650 826 5705 adversus
850 5643 1095 5715 spiritum
1114 5680 1129 5706 ,
1158 5646 1213 5692 et
1231 5637 1448 5705 spiritus
1470 5632 1730 5687 adversus
1756 5645 1971 5685 carnem
1996 5647 2011 5685 ;
2046 5643 2153 5685 non

570 5758 667 5813 per
692 5743 872 5798 odium
912 5738 1201 5793 resistente
1239 5730 1463 5801 spiritu,
1496 5727 1591 5784 sed
1626 5741 1720 5798 per
1760 5726 2116 5797 principatum
2138 5767 2152 5793 ,

574 5835 698 5906 quia
728 5834 897 5903 magis
927 5826 1070 5901 quod
1100 5827 1272 5895 diligit
1304 5825 1413 5879 vult
1446 5820 1720 5878 subditum
1750 5836 1868 5877 ess>
1906 5818 2113 5875 meliori
2138 5837 2153 5888 ;

576 5941 677 5986 nec
703 5940 797 5994 per
822 5923 1001 5980 odium
1034 5924 1319 5976 resistente
1354 5932 1547 5980 Carne,
1582 5915 1676 5971 sed
1720 5928 1817 5984 per
1859 5922 2152 5967 consuetu-

2255 3363 2361 3420 que
2394 3349 2561 3405 Deum
2593 3348 2753 3404 debet
2780 3348 3011 3419 diligere
3053 3361 3211 3417 quam
3249 3348 3517 3415 seipsum,
3553 3344 3661 3399 item
3690 3354 3764 3393 tn-

2255 3444 2397 3515 plius
2441 3445 2578 3498 alius
2621 3443 2785 3497 homo
2824 3440 3128 3512 diligendus
3166 3450 3249 3497 est
3274 3454 3436 3511 quam
3465 3454 3646 3508 corpus
3684 3448 3769 3489 nos-

2254 3545 2394 3592 trum
2420 3553 2434 3589 :
2467 3535 2590 3605 quia
2618 3542 2839 3603 propter
2865 3533 3032 3588 Deum
3062 3532 3245 3588 omnia
3273 3531 3376 3586 ista
3404 3528 3653 3600 diligenda
3672 3533 3776 3586 sunt.

2255 3635 2309 3682 et
2349 3636 2531 3698 potest
2571 3627 2853 3683 nobiscum
2899 3624 3038 3679 alius
3081 3624 3240 3678 homo
3282 3623 3392 3678 Deo
3431 3619 3649 3691 perfrui,
3676 3612 3784 3688 quod

2256 3737 2365 3778 non
2408 3728 2586 3791 potest
2625 3734 2820 3790 corpus
2846 3761 2860 3785 ,
2898 3719 3023 3784 quia
3062 3731 3257 3787 corpus
3296 3728 3389 3783 per
3425 3715 3643 3768 animam
3687 3709 3789 3765 vivit

2258 3830 2361 3887 qua
2392 3815 2619 3869 fruimur
2642 3814 2772 3869 Deo.
2798 3812 3003 3868 Omnes
3034 3822 3210 3867 autem
3234 3822 3370 3878 eque
3392 3804 3630 3876 diligendi
3658 3810 3792 3868 sunt,

2256 3907 2351 3963 sed
2382 3922 2505 3962 cum
2536 3906 2787 3961 omnibus
2815 3904 3079 3975 prodesse
3109 3918 3214 3958 non
3239 3902 3428 3973 possis,
3467 3899 3551 3953 his
3589 3896 3794 3967 potissi-

2256 4018 2399 4057 mum
2432 3999 2822 4057 consulendum
2848 4008 2963 4066 est,
2995 3998 3087 4069 qui
3118 4012 3217 4068 pro
3260 3998 3491 4052 locorum
3523 4001 3577 4049 et
3612 4000 3795 4060 tempo-

2258 4111 2377 4151 rum
2420 4094 2508 4150 vel
2548 4091 2909 4163 quarumlibet
2945 4105 3125 4148 rerum
3168 4088 3644 4161 opportunitatibus
3669 4095 3794 4139 cons-

2259 4189 2466 4245 trictius
2509 4188 2637 4254 tibi,
2681 4187 2833 4257 quasi
2878 4186 3108 4255 quadam
3155 4193 3302 4240 sorte
3339 4184 3649 4254 junguntur.
3681 4177 3793 4233 Sicut

2260 4281 2399 4336 enim
2432 4280 2476 4334 si
2506 4278 2600 4333 tibi
2628 4277 2928 4333 abundaret
2957 4274 3158 4346 aliquid
3186 4273 3329 4346 quod
3355 4274 3479 4330 dari
3507 4265 3790 4343 oporteretei

2259 4373 2347 4443 qui
2402 4386 2509 4427 non
2566 4371 2819 4436 haberet,
2852 4382 2950 4425 nec
2976 4367 3189 4422 duobus
3235 4365 3357 4421 dari
3417 4375 3626 4436 posset,
3658 4361 3694 4417 si
3724 4356 3788 4411 tibi

2259 4476 2608 4523 occurrerent
2648 4466 2793 4532 duo,
2844 4476 3070 4533 quorum
3128 4466 3318 4515 neuter
3372 4460 3551 4514 alium
3592 4455 3656 4509 rei
3683 4448 3778 4505 indi-

2261 4563 2465 4632 gentia,
2492 4559 2574 4613 vel
2599 4572 2724 4629 erga
2749 4567 2802 4613 te
2822 4554 2999 4625 aliqua
3024 4549 3441 4609 necessitudine
3463 4535 3773 4621 superaretur

2181 4662 2235 4724 ι)
2261 4626 2330 4709 hil
2361 4654 2561 4725 jnstius
2590 4626 2791 4705 faceres
2811 4691 2826 4714 ,
2859 4663 3016 4715 quam
3049 4653 3106 4701 ut
3137 4653 3284 4700 sorte
3325 4644 3554 4715 legeres
3593 4626 3789 4715 [eligeml

2262 4748 2347 4803 cui
2376 4746 2613 4801 dandum
2644 4750 2789 4799 esset
2817 4740 2960 4811 quod
2991 4739 3109 4794 dari
3139 4739 3355 4808 utrique
3392 4755 3511 4794 non
3542 4740 3725 4808 posset:
3745 4725 3797 4782 sit

2264 4844 2316 4898 in
2360 4841 2699 4909 hominibus,
2735 4840 2926 4910 quibus
2964 4835 3219 4892 omnibus
3260 4837 3566 4892 consulem
3594 4840 3799 4902 nequem

2265 4951 2360 5006 pro
2388 4944 2533 4991 sorte
2567 4932 2871 4989 habendum
2904 4939 3016 4998 est,
3052 4937 3211 4999 prout
3247 4928 3499 4999 quisque
3540 4927 3632 4983 tibi
3654 4931 3804 4989 tempo-

2262 5029 2445 5083 raliter
2469 5028 2766 5098 colligatius
2786 5023 3067 5080 adhaerere
3095 5021 3354 5092 potuerit.
3389 5023 3654 5077 Omnium
3682 5025 3807 5070 autem

2224 5128 2225 5131 ‘
2264 5120 2354 5189 qui
2386 5120 2661 5175 nobiscum
2692 5118 2797 5173 frui
2828 5126 3052 5186 possunt
3084 5115 3213 5181 Deo,
3240 5116 3458 5183 partim
3481 5129 3582 5172 eos
3601 5110 3814 5181 diligimus

2266 5228 2400 5283 quos
2428 5213 2527 5281 ipsi
2558 5211 2905 5281 adjuvamus,
2936 5207 3132 5278 partim
3172 5220 3272 5263 eos
3317 5220 3347 5259 a
3402 5208 3615 5278 quibus
3648 5203 3818 5271 adjun-

2267 5319 2409 5372 mur,
2436 5304 2630 5374 partim
2662 5301 2803 5378 [eos]
2833 5314 3059 5372 quorum
3090 5310 3141 5355 et
3171 5298 3497 5367 indigemus
3527 5294 3768 5371 adiutorio
3788 5300 3823 5343 el

2266 5403 2575 5472 indigentia:
2603 5402 2975 5465 subvenimus,
3008 5398 3201 5470 partim
3232 5396 3440 5466 quibus
3470 5412 3579 5453 nec
3612 5395 3705 5465 ipsi
3726 5402 3824 5444 eon-

2268 5495 2488 5551 ierimus
2519 5494 2719 5563 aliquid
2748 5494 3053 5561 commodi,
3087 5507 3186 5547 nec
3213 5490 3282 5544 ab
3310 5489 3395 5545 eis
3445 5501 3513 5546 ut
3550 5488 3704 5546 nobis
3734 5495 3827 5538 cur

2265 5588 2467 5644 feratur
2498 5576 2840 5643 attendimus.
2890 5585 3038 5642 Velle
3067 5594 3243 5639 tamen
3274 5582 3560 5639 debemus
3603 5592 3660 5638 ut
3685 5585 3831 5637 omnes

2262 5682 2536 5737 nobiscum
2566 5681 2790 5750 diligant
2818 5680 3019 5745 Deum,
3049 5686 3104 5734 et
3136 5685 3308 5733 totum
3336 5677 3503 5746 quod
3532 5692 3634 5735 eos
3661 5671 3740 5730 vel
3768 5665 3834 5724 ad-

2261 5774 2505 5845 iuvemus
2531 5774 2617 5829 vel
2646 5774 2961 5844 adiuvamur
2986 5772 3053 5828 ab
3081 5773 3157 5828 eis
3176 5812 3192 5837 ,
3216 5770 3282 5826 ad
3314 5784 3503 5828 unum
3536 5771 3692 5828 illum
3714 5766 3838 5823 tinem

2266 5866 2607 5924 referendum
2638 5877 2740 5924 est.
