3986 6382
225 398 305 457 9H
728 398 731 399 ⁷
1379 398 1815 457 TIIESAURUS.
1854 398 2010 455 CAP.
2050 394 2318 455 CCLVIII.

1807 514 1864 577 Α
1886 511 2219 583 dispensatio
2245 511 2579 583 temporalis,
2608 524 2712 582 qua
2738 509 3001 569 debemus
3027 509 3129 578 uti,
3158 524 3270 568 non
3313 510 3473 581 quasi

738 517 961 576 CAPUT
999 515 1245 573 CCLVII.

223 612 410 687 “De
453 611 705 685 principio
747 613 945 687 viarum
994 612 1270 687 secundum
1312 611 1680 680 Salomonem;
1717 627 1782 666 ex

818 686 994 741 eodem
1021 686 1171 740 libro.

283 794 406 851 Cum
430 794 649 867 homine
675 797 728 852 in
757 796 870 853 Deo
898 798 1113 863 frueris,
1140 796 1255 855 Deo
1282 798 1460 870 potius
1496 811 1656 869 quam
1688 796 1783 853 ho-

218 890 349 968 mine
387 891 612 957 frueris;
642 892 737 948 illo
762 893 906 949 enim
933 892 1129 948 frueris
1166 907 1273 963 quo
1301 892 1535 950 efﬁceris
1569 892 1779 961 beatus,

216 990 269 1039 et
291 981 351 1037 ad
379 998 500 1039 eum
530 995 586 1040 te
610 987 922 1055 pervenisse
952 984 1239 1052 laetaberis,
1281 985 1337 1040 in
1364 1000 1471 1056 quo
1501 1000 1651 1056 spem
1682 999 1782 1055 po-

215 1076 294 1131 nis
319 1086 370 1132 ut
397 1077 603 1133 venias.
634 1076 762 1133 lnde
785 1077 850 1132 ad
876 1078 1247 1135 Philemonem
1278 1079 1479 1134 Paulus
1504 1096 1517 1133 :
1544 1079 1641 1146 lta,
1672 1080 1782 1135 Ira-

212 1176 310 1236 ter,
340 1170 529 1240 inquit,
560 1186 660 1241 ego
682 1180 733 1225 te
760 1171 911 1226 fruar
934 1172 991 1226 in
1013 1170 1243 1227 Domino
1268 1189 1283 1239 ;
1313 1170 1455 1243 quod
1482 1174 1527 1227 si
1555 1187 1661 1228 non
1691 1172 1784 1228 ad-

212 1261 447 1330 didisset,
478 1264 531 1317 in
564 1263 813 1330 Domino,
858 1274 911 1320 et
933 1272 987 1320 te
1016 1265 1166 1320 fruar
1206 1274 1413 1321 tantum
1444 1266 1693 1334 dixisset,
1727 1266 1782 1323 in

206 1371 275 1414 eo
312 1356 674 1413 constituisset
703 1372 852 1428 spem
898 1360 1248 1416 beatitudinis
1289 1375 1419 1416 suae.
1466 1360 1781 1432 Quanquam

210 1453 360 1509 etiam
416 1453 745 1510 vicinissime
788 1453 984 1509 dicitur
1050 1454 1154 1510 frui
1201 1470 1322 1510 cum
1370 1456 1658 1511 dilectione
1706 1458 1780 1513 uti

208 1544 283 1619 [et
315 1544 675 1601 vicissitudine
720 1545 919 1601 dicitur
950 1545 1050 1601 frui
1098 1561 1219 1603 cum
1260 1546 1617 1604 delectatione
1646 1546 1780 1621 uti];

204 1652 320 1693 cum
361 1641 502 1692 enim
534 1638 688 1694 adest
715 1638 855 1709 quod
888 1639 1144 1719 diligitur,
1174 1641 1337 1696 etiam
1366 1641 1781 1697 delectationem

205 1745 378 1786 secum
416 1746 640 1787 necesse
688 1740 771 1788 est
822 1741 995 1802 gerat,
1048 1750 1144 1803 per
1192 1750 1350 1806 quam
1397 1736 1442 1791 si
1477 1736 1779 1806 transieris,

205 1836 419 1894 eamque
459 1825 525 1878 ad
574 1824 704 1878 illud
759 1824 847 1879 ubi
904 1827 1324 1894 permanendum
1373 1838 1458 1883 est
1497 1829 1769 1894 retuleris,

3366 392 3473 451 942

1886 608 2157 663 mansoria
2205 606 2435 678 quadam
2484 602 2771 662 dilectione
2827 612 2883 661 et
2932 602 3323 673 delectatione,
3370 601 3472 661 sed

1880 702 2193 758 transitoria
2235 703 2412 773 potius
2441 710 2692 772 tanquam
2736 698 2838 756 via:
2856 745 2872 770 ,
2902 708 3161 771 tanquam
3190 697 3471 756 vehiculo-

1878 808 2025 859 rum,
2055 794 2141 851 vel
2168 794 2398 852 aliomm
2425 793 2792 867 quorumlibet
2818 794 3343 862 instrumentorum;
3376 798 3472 849 aut

1876 885 1930 941 si
1961 885 2087 957 quid
2116 888 2501 960 congruentius
2542 885 2651 944 dici
2696 896 2897 958 potest,
2931 895 2991 942 ut
3015 901 3081 943 ea
3116 884 3315 957 quibus
3341 882 3472 942 feri-

1882 994 2024 1046 mur,
2079 990 2300 1052 propter
2360 980 2493 1037 illud
2520 978 2597 1036 'ad
2653 979 2797 1051 quod
2861 978 3107 1047 ferimur,
3161 977 3468 1047 diligamus.

1879 1071 2137 1143 Quisquis
2162 1074 2324 1144 igitur
2345 1071 2657 1144 Scripturas
2681 1073 2891 1129 divinas
2939 1071 3022 1129 vel
3050 1070 3349 1143 quamlibet
3379 1084 3470 1125 ea-

1883 1178 2003 1220 rum
2031 1175 2238 1237 partem
2264 1166 2607 1223 intellexisse
2636 1165 2739 1222 sibi
2762 1164 2997 1234 videtur,
3028 1165 3105 1221 ita
3131 1172 3191 1221 ut
3220 1176 3285 1219 eo
3313 1161 3471 1219 intel-

1882 1255 2028 1312 lectu
2058 1271 2165 1312 non
2193 1256 2421 1313 aediﬁcet
2448 1259 2606 1313 istam
2633 1258 2902 1330 geminam
2938 1256 3257 1313 charitatem
3288 1252 3383 1309 Dei
3412 1258 3469 1309 et

1886 1350 2137 1419 proximi,
2196 1350 2434 1406 nondum
2490 1350 2763 1407 intellexit
2792 1365 2810 1409 :
2835 1350 3077 1422 quisquis
3121 1363 3253 1406 vero
3305 1346 3470 1402 talem

1890 1444 2016 1501 inde
2041 1446 2365 1501 sententiam
2394 1444 2637 1513 duxerit,
2678 1454 2737 1501 ut
2774 1443 2901 1501 huic
2928 1443 3260 1501 aediﬁcandae
3292 1442 3471 1499 charis

1884 1540 1983 1595 tati
2014 1541 2084 1596 sit
2108 1541 2282 1609 utilis,
2316 1556 2416 1597 nec
2447 1551 2628 1597 tamen
2666 1540 2772 1595 hoc
2795 1540 2993 1597 dixerit
3021 1540 3166 1613 quod
3190 1540 3281 1596 ille
3310 1552 3473 1609 quem

1882 1636 2016 1705 legit
2069 1651 2135 1692 eo
2168 1635 2292 1693 loco
2338 1638 2575 1693 sensisse
2626 1635 2965 1707 probabitur,
3014 1651 3121 1692 non
3169 1634 3472 1707 perniciose

1885 1728 2108 1797 fallitur,
2140 1746 2240 1788 nec
2265 1730 2486 1789 omnino
2511 1732 2786 1786 mentitur.
2830 1729 2975 1787 Inest
3010 1732 3207 1801 quippe
3235 1728 3291 1785 in
3321 1744 3475 1785 mem

1884 1822 2054 1880 tiente
2085 1824 2336 1881 voluntas
2366 1822 2501 1880 falsa
2532 1823 2766 1889 dicendi,
2799 1830 2857 1879 et
2882 1821 3007 1877 ideo
3036 1823 3236 1878 multos
3266 1821 3471 1879 inveni-

200 1916 358 1971 uteris
375 1926 530 1983 ea,et
552 1917 792 1986 abusive,
818 1933 921 1973 non
945 1919 1182 1990 proprie,
1205 1920 1400 1977 diceris
1424 1920 1527 1977 frui
1549 1938 1562 1976 :
1584 1924 1627 1977 si
1649 1938 1776 1980 vero
1806 1904 1856 1966 Β
1885 1931 2003 1972 In“8
2038 1917 2126 1989 qui
2178 1916 2395 1973 ωεηιίΐῖ
2445 1916 2639 1983 velim»
2668 1916 2759 1987 (Ιυί
2804 1923 2983 1972 amem
3016 1913 3130 1971 tam
3172 1916 3467 1973 neminem-

199 2007 470 2065 inhteseris
499 2018 661 2080 atque
691 2014 1069 2079 permanseris,
1102 2014 1262 2069 tinem
1287 2014 1341 2071 in
1365 2031 1427 2072 ea
1456 2031 1662 2087 ponens
1685 2018 1780 2072 lte-

200 2104 325 2160 titite
353 2115 477 2167 tuae,
504 2115 628 2162 tunc
649 2122 776 2162 vere
798 2116 851 2161 et
875 2106 1087 2178 proprie
1111 2108 1212 2163 frui
1236 2108 1495 2167 dicendus
1518 2129 1611 2179 es;
1635 2112 1778 2183 quod

198 2215 301 2255 non
346 2200 648 2257 iaciendum
695 2214 794 2268 est,
843 2201 945 2259 nisi
997 2205 1050 2259 itt
1114 2206 1202 2261 illa
1243 2206 1535 2274 Trinitate,
1595 2208 1644 2262 id
1696 2218 1780 2265 est

198 2306 406 2348 summo
425 2305 481 2349 et
504 2294 931 2351 incommutabili
970 2299 1131 2352 bono.
1163 2298 1298 2354 Vide
1329 2300 1778 2370 quemadmodum

198 2399 313 2439 cum
348 2386 463 2455 ipsa
490 2385 703 2442 Veritas
749 2397 804 2443 et
844 2387 1105 2453 Verbum,
1168 2405 1264 2459 per
1303 2391 1448 2461 quod
1480 2393 1614 2446 iacta
1657 2401 1781 2446 sunt

201 2480 397 2544 omnia,
429 2494 555 2534 caro
586 2480 779 2535 factum
808 2491 890 2536 est
914 2490 971 2535 ut
1009 2481 1277 2539 habitaret
1306 2484 1357 2537 in
1387 2484 1564 2549 nobis,
1601 2492 1780 2540 tamen

198 2571 271 2624 ait
298 2572 587 2641 Apostolus
615 2592 627 2625 ε
658 2574 717 2628 Et
749 2574 791 2628 si
818 2589 1139 2629 noveramus
1179 2575 1456 2632 Christum
1486 2578 1779 2634 secundum

197 2675 432 2725 carnem,
464 2664 557 2719 sed
581 2679 722 2718 nunc
745 2663 857 2731 jam
885 2679 989 2720 non
1026 2666 1303 2732 novimus;
1342 2668 1432 2723 ille
1464 2669 1662 2739 quippe
1688 2670 1781 2740 qui

195 2769 300 2810 non
329 2755 503 2811 solum
552 2758 987 2827 pervenientibus
1027 2764 1451 2830 possessionem,
1494 2763 1589 2820 sed
1618 2764 1779 2821 etiam

192 2850 331 2905 viam
362 2864 425 2909 se
462 2854 701 2923 praebere
729 2853 899 2909 voluit
934 2854 1295 2921 venientibus,
1343 2857 1407 2909 ad
1440 2855 1541 2931 [se]
1578 2856 1779 2925 princi-

194 2947 341 3017 pium
393 2947 596 3002 viarum
649 2949 818 3003 voluit
864 2963 1084 3005 carnem
1129 2963 1424 3004 assumere.
1488 2948 1642 3005 Unde
1698 2958 1781 3005 est

192 3040 349 3094 etiam
376 3040 512 3095 illud
539 3060 550 3093 :
578 3040 835 3095 Dominus
868 3041 1071 3096 creavit
1096 3058 1183 3098 me
1218 3042 1540 3111 principium
1564 3043 1777 3098 viarum

182 3147 439 3197 suarum;
467 3143 523 3189 ut
553 3133 674 3189 inde
702 3134 1003 3203 inciperent
1032 3134 1121 3205 qui
1153 3135 1355 3190 vellent
1393 3137 1598 3191 venire.
1633 3134 1777 3206 Apo-

189 3228 361 3282 stolus
392 3229 568 3295 igitur,
595 3227 836 3297 quamvis
879 3229 1054 3284 adhuc
1083 3230 1381 3285 ambularet
1407 3230 1456 3283 in
1490 3231 1594 3295 via,
1625 3241 1678 3285 et
1706 3230 1771 3285 ad

1880 2007 2015 2065 Cum
2044 2010 2213 2083 igitur
2260 2010 2367 2066 hoc
2410 2010 2590 2067 sciens
2635 2009 2799 2064 homo
2820 2007 3010 2074 ‘Iaciat,
3044 2007 3177 2063 illud
3220 2009 3471 2065 nesciens

1882 2104 2140 2174 patiatur,
2194 2104 2326 2160 satis
2354 2112 2578 2175 apparet
2618 2103 2673 2157 in
2706 2116 2812 2157 una
2864 2101 3164 2171 eademque
3207 2115 3284 2167 re,
3319 2101 3470 2159 illum

1880 2198 1971 2267 qui
2002 2198 2204 2252 fallitur
2230 2212 2296 2253 eo
2323 2197 2414 2267 qui
2440 2196 2702 2253 mentitur
2732 2209 2852 2251 esse
2879 2194 3193 2259 meliorem;
3229 2193 3470 2264 quando-

1882 2291 2099 2360 quidem
2142 2292 2255 2361 pati
2307 2292 2503 2348 melius
2551 2298 2637 2345 est
2685 2290 3023 2359 iniquitatem
3066 2304 3225 2359 quam
3268 2288 3467 2346 facere.

1882 2383 2070 2439 Omnis
2113 2395 2292 2441 autem
2334 2384 2426 2457 qui
2475 2384 2753 2450 mentitur,
2803 2384 2985 2453 inique
3010 2383 3156 2450 facit,
3188 2393 3241 2438 et
3272 2383 3319 2438 si
3349 2383 3469 2439 cui-

1884 2492 2042 2547 quam
2071 2478 2282 2534 videtur
2314 2478 2445 2535 utile
2490 2479 2779 2549 aliquando
2818 2494 2941 2535 esse
2972 2479 3333 2547 mendacium,
3368 2495 3469 2550 po-

1886 2579 1990 2627 test
2019 2572 2189 2627 videri
2220 2572 2407 2628 utilem
2436 2572 2727 2644 aliquando
2755 2587 2877 2629 esse
2909 2574 3264 2644 iniquitatem.
3301 2574 3471 2632 Nemo

1884 2664 2025 2719 enim
2063 2666 2349 2733 mentiens,
2382 2666 2437 2722 in
2484 2681 2553 2722 eo
2584 2668 2725 2737 quod
2756 2667 3018 2723 mentitur
3045 2677 3227 2723 servat
3260 2667 3419 2724 ﬁdem
3453 2683 3469 2725 :

1886 2769 2010 2810 nam
2060 2755 2165 2812 hoc
2210 2757 2393 2829 utique
2421 2757 2533 2812 vult
2560 2765 2621 2814 ut
2639 2758 2725 2813 cui
2757 2759 3016 2814 mentitur
3046 2759 3207 2816 ﬁdem
3236 2760 3339 2817 sibi
3371 2761 3471 2819 ιη-

1880 2850 2028 2918 beat,
2061 2866 2220 2923 quam
2253 2863 2431 2908 tamen
2448 2853 2510 2908 ‘ei
2542 2852 2852 2908 mentiendo
2895 2868 3002 2908 non
3044 2862 3243 2910 servat.
3286 2853 3471 2911 Omnis

1885 2956 2073 3021 autem
2097 2946 2220 3001 lidei
2256 2948 2484 3002 violator
2522 2947 2738 3018 iniquus
2782 2956 2885 3003 est.
2929 2948 3038 3003 Aut
3066 2949 3231 3021 igitur
3276 2949 3473 3021 iniquis

1887 3046 1968 3091 tas
1999 3008 2282 3107 aliquando
2333 3048 2415 3093 est
2446 3008 2633 3105 utilis;
2654 3039 2797 3110 quod
2841 3039 2957 3095 ﬁeri
3002 3008 3117 3097 non
3142 3050 3338 3112 potest,
3370 3008 3475 3107 .aut

1883 3131 2222 3186 mendacium
2246 3147 2460 3203 semper
2488 3132 2675 3188 inutile
2705 3143 2809 3189 est.
2843 3133 2949 3191 Sed
2976 3137 3219 3206 quisquis
3242 3137 3303 3194 in
3330 3138 3473 3195 Scri-

1883 3224 2054 3292 pturis
2096 3224 2242 3279 aliud
2286 3225 2450 3281 sentit
2497 3241 2655 3295 quam
2699 3226 2793 3282 ille
2830 3228 2920 3297 qui
2965 3229 3179 3301 scripsit
3228 3230 3334 3288 illis
3362 3247 3472 3291 non

182 3319 423 3391 pglmam
480 3293 729 3391 ευβάηε
777 3324 1072 3377 vocationis
1130 3332 1446 3391 sequeretur
1494 3293 1774 3379 vagantem
1806 3293 1853 3357 Ο
1884 3318 2288 3383 mentientibus,
2326 3318 2547 3372 fallitur.
2601 3316 2707 3373 56d
2757 3328 2955 3386 tamen,
2992 3329 3049 3375 ιη
3078 3321 3262 3378 dicere
3298 3337 3473 3394 οωροε

189 3411 383 3481 Deum,
419 3421 597 3468 tamen
624 3429 690 3469 ea
724 3430 841 3483 quae
869 3426 1015 3469 retro
1038 3424 1163 3469 sunt
1184 3416 1531 3481 obliviscens,
1556 3426 1610 3471 et
1633 3419 1684 3471 in
1716 3432 1777 3471 ca

178 3517 311 3572 qua
365 3513 491 3558 ante
533 3513 659 3558 sunt
705 3514 974 3569 extentus,
1028 3506 1137 3573 jam
1195 3508 1518 3575 principium
1570 3509 1776 3562 viarum

187 3594 506 3660 transierat,
541 3595 643 3649 hoc
684 3605 776 3651 est
805 3611 871 3650 eo
920 3610 1025 3651 non
1065 3596 1332 3666 indigebat
1372 3612 1402 3652 a
1451 3604 1556 3668 quo
1598 3607 1777 3655 tamen

183 3690 608 3761 aggrediendum
649 3700 702 3746 et
735 3692 1121 3747 exordiendum
1150 3691 1252 3748 iter
1278 3704 1355 3747 e5t
1398 3693 1648 3749 omnibus
1690 3692 1779 3764 qui

182 3784 256 3839 ad
295 3785 574 3841 veritatem
607 3786 888 3855 pervenire
915 3795 970 3842 et
1003 3788 1057 3841 in
1089 3787 1193 3841 vita
1224 3797 1426 3842 aeterna
1460 3803 1778 3857 permanere

182 3876 536 3944 desiderant;
567 3880 641 3932 sic
665 3880 808 3934 enim
830 3880 907 3933 ait
934 3898 945 3933 :
975 3880 1085 3950 Ego
1112 3896 1228 3936 sum
1251 3882 1357 3946 via,
1390 3892 1443 3936 et
1475 3882 1692 3949 veritas,
1724 3891 1778 3937 et

182 3968 297 4021 vita
322 3985 335 4019 :
363 3969 463 4022 hoc
497 3979 601 4033 est,
637 3970 738 4024 Per
760 3985 846 4025 me
867 3973 1101 4037 venitur,
1140 3974 1205 4027 ad
1232 3989 1315 4027 me
1351 3975 1684 4043 pervenitur,
1724 3974 1777 4030 in

178 4071 284 4111 me
346 4070 716 4125 permanetur.
774 4064 909 4116 Cum
946 4063 1089 4117 enim
1131 4064 1198 4117 ad
1246 4064 1419 4133 ipsum
1471 4067 1778 4134 pervenitur

181 4144 378 4217 [etiam
398 4146 464 4201 ad
489 4148 663 4216 ipsum
698 4150 909 4205 Patrem
940 4153 1295 4225 pervenitur],
1330 4157 1453 4222 quia
1484 4172 1581 4226 per
1601 4172 1779 4227 aequa-

176 4238 298 4293 Iem
329 4240 419 4296 ille
442 4241 529 4295 cui
556 4252 640 4297 est
670 4243 893 4313 aqualis
926 4246 1260 4314 agnoscitur,
1289 4248 1560 4303 vinciente
1583 4258 1638 4303 et
1660 4257 1777 4302 tan-

174 4346 353 4400 quam
382 4334 749 4404 agglutinante
777 4351 874 4391 nos
902 4347 1089 4393 sancto
1112 4338 1331 4408 Spiritu,
1356 4356 1462 4411 quo
1489 4340 1541 4396 in
1569 4357 1779 4398 summo

165 4431 356 4493 atque
400 4427 820 4483 meummutubili
854 4431 994 4485 bono
1027 4448 1343 4501 permanere
1390 4436 1674 4505 possimus.
1703 4437 1779 4490 Ex

166 4531 300 4587 quo
329 4517 651 4590 intelligitur
676 4522 798 4591 quia
845 4524 994 4578 nulla
1036 4540 1121 4580 res
1154 4525 1209 4581 in
1238 4527 1321 4581 via
1351 4537 1532 4583 tenere
1560 4544 1657 4583 nos
1687 4528 1780 4583 de-

1882 3425 2020 3475 ram,
2055 3411 2099 3464 si
2122 3425 2182 3463 ea
2208 3411 2472 3465 sententia
2505 3410 2709 3466 fallitur
2737 3428 2839 3481 qua
2867 3413 3101 3469 aediﬁcet
3124 3416 3467 3489 charitatem,

1882 3517 2002 3571 quae
2050 3502 2171 3556 linis
2202 3505 2455 3572 praecepti
2503 3513 2606 3570 est,
2663 3505 2733 3558 ita
2782 3505 2979 3561 fallitur
3008 3522 3072 3563 ac
3111 3509 3155 3563 si
3188 3512 3472 3583 quisquam

1882 3609 2066 3650 errore
2096 3595 2353 3650 deserens
2400 3596 2564 3661 viam,
2596 3612 2661 3651 eo
2693 3606 2870 3654 tamen
2901 3614 2997 3668 per
3040 3616 3225 3673 agrum
3252 3614 3470 3679 pergat,

1881 3702 1988 3758 quo
2024 3689 2186 3743 etiam
2221 3688 2302 3742 via
2333 3688 2420 3743 illa
2450 3689 2699 3759 perducit
2727 3708 2742 3747 :
2774 3693 3128 3765 corrigendos
3153 3706 3237 3753 est
3266 3708 3468 3767 tamen,

1883 3790 1939 3835 et
1975 3794 2133 3850 quam
2186 3779 2257 3835 sit
2283 3779 2431 3835 utilis
2472 3782 2613 3837 viam
2660 3798 2768 3838 non
2807 3782 3062 3843 deserere
3092 3786 3472 3849 demonstran-

1880 3871 2003 3926 dum
2029 3882 2133 3937 est,
2167 3887 2235 3927 ne
2279 3872 2668 3931 consuetudine
2694 3874 3166 3946 deviandi,'etiam
3206 3881 3260 3936 in
3291 3888 3471 3942 trans-

1879 3982 2095 4022 versum
2129 3979 2221 4023 aut
2252 3984 2562 4039 perversum
2603 3971 2685 4027 ire
2709 3984 2954 4044 cogatur.
2986 3978 3295 4035 Asserendo
3322 3984 3469 4042 enim

1882 4067 2087 4117 temere
2116 4064 2257 4131 quod
2291 4064 2379 4119 ille
2423 4080 2534 4119 non
2564 4066 2735 4120 sensit
2777 4082 2935 4138 quem
2977 4071 3124 4139 legit,
3154 4073 3471 4147 plerumque

1883 4152 2110 4207 incurrit
2138 4154 2190 4207 in
2214 4154 2317 4209 alia
2342 4170 2459 4224 quae
2482 4155 2558 4209 illi
2582 4158 2870 4212 sententiae
2900 4170 3192 4219 contexere
3213 4178 3469 4233 nequeat.

1882 4244 2014 4310 Quae
2035 4245 2080 4301 si
2105 4260 2229 4302 vera
2260 4256 2316 4303 et
2345 4258 2493 4303 certa
2522 4262 2643 4304 esse
2674 4252 2962 4321 consentit,
3000 4253 3131 4311 illud
3163 4271 3269 4313 non
3294 4261 3475 4329 possit

1883 4354 2069 4394 verum
2094 4354 2217 4396 esse
2245 4343 2386 4411 quod
2415 4351 2682 4411 senserat,
2726 4344 2895 4417 Iitque
2920 4347 2972 4403 in
3001 4362 3067 4405 eo
3113 4352 3297 4409 nescio
3336 4368 3472 4424 quo-

1885 4429 2047 4486 modo
2081 4441 2139 4486 ut
2164 4433 2397 4489 amando
2442 4435 2767 4492 sententiam
2809 4452 2981 4509 suam,
3018 4441 3311 4512 Scriptum
3338 4446 3472 4505 inci-

1885 4522 1995 4591 piat
2027 4519 2286 4579 offensior
2332 4539 2453 4581 esse
2490 4542 2651 4597 quam
2691 4527 2798 4583 sibi
2824 4547 2837 4583 :
2861 4530 3005 4605 quod
3032 4533 3232 4591 malum
3263 4537 3307 4592 si
3348 4552 3468 4599 ser-

164 4610 355 4679 .beat,
389 4613 512 4682 quia
552 4613 823 4688 [Quando]
856 4633 953 4672 nec
983 4618 1100 4689 ipse
1143 4620 1401 4677 Dominus
1436 4622 1491 4676 in
1521 4626 1776 4693 quantum
1810 4684 1853 4696 __
1884 4626 2015 4685 pem
2036 4616 2239 4685 Siverit,
2271 4628 2550 4676 evertetur
2580 4638 2646 4676 ex
2669 4637 2734 4677 eo
2761 4640 2775 4690 ;
2798 4638 2898 4696 per
2925 4625 3088 4685 ﬁdem
3114 4629 3261 4691 enim
3278 4634 3473 4693 amhuq

172 4704 274 4758 via
330 4718 517 4760 nostra
547 4684 669 4763 esse
718 4684 969 4780 dignatus
1019 4721 1121 4779 est,
1158 4722 1344 4769 tenere
1382 4731 1483 4769 nos
1522 4684 1773 4783 voluerit,
1806 4684 1858 4743 Β
1883 4706 2073 4777 lamus;
2100 4725 2206 4766 ηυη
2239 4726 2333 4781 ρετ
2353 4714 2622 4782 ερθοίθίηί
2646 4716 2893 4772 ιίιυῦθδῖι
2915 4729 3092 4777 autem
3122 4722 3278 4794 ﬁdes.
3300 4727 3356 4785 ,εἰ
3387 4727 3471 4784 di-

162 4798 285 4855 σθίι
321 4801 573 4866 transire,
601 4817 667 4855 ne
696 4803 858 4858 rebus
878 4807 1289 4875 temporalibus,
1320 4810 1562 4878 quamvis
1592 4812 1661 4865 ab
1687 4812 1778 4867 illo

160 4904 293 4961 pro
325 4891 500 4946 salute
528 4901 711 4946 nostra
738 4897 1010 4964 susceptis
1040 4905 1094 4950 et
1125 4898 1312 4967 gestis,
1361 4901 1663 4956 haereamus
1694 4902 1777 4956 in-

164 4986 446 5051 ﬁrmiter,
477 4987 570 5041 sed
596 5004 698 5058 per
726 5004 817 5045 eas
862 4992 1048 5060 potius
1097 5007 1377 5048 curramus
1418 4995 1689 5064 alacriter,
1725 5005 1782 5053 ut

167 5076 253 5132 ad
276 5093 402 5131 em
424 5077 595 5148 ipsum
612 5081 701 5147 qui
729 5092 965 5136 nostram
995 5093 1238 5138 naturam
1262 5101 1288 5137 a
1314 5087 1701 5155 temporalibus
1723 5088 1782 5143 ii-

169 5173 406 5228 beravit
434 5185 488 5229 et
510 5176 815 5242 collocavit,
849 5177 915 5230 ad
939 5176 1215 5234 dexteram
1247 5178 1422 5235 Patris
1454 5180 1679 5249 provehi
1702 5190 1782 5235 at-

160 5283 297 5337 que
324 5270 619 5335 pervenire
661 5285 983 5327 mereamur.
1019 5273 1272 5329 Omnium
1304 5273 1463 5345 igitur
1491 5291 1611 5345 quat
1638 5291 1780 5346 prte-

164 5362 339 5417 dicta
372 5371 520 5429 sunt,
547 5378 613 5419 ex
640 5380 747 5433 quo
773 5366 842 5420 de
886 5366 1047 5422 rebus
1077 5376 1394 5433 tractamus,
1429 5368 1544 5425 haec
1573 5384 1782 5427 summa

160 5464 296 5522 est,
321 5463 381 5509 ut
420 5456 751 5525 intelligatur
778 5457 934 5527 Legis
963 5468 1019 5515 et
1045 5462 1283 5517 omnium
1315 5462 1614 5519 divinarum
1637 5462 1783 5520 Scri-

162 5559 474 5620 pturarum
524 5550 802 5619 plenitudo
847 5558 901 5605 et
950 5553 1070 5608 linis
1121 5569 1243 5609 esse
1289 5555 1507 5611 dilectio
1556 5557 1633 5611 rei
1676 5571 1781 5625 qua

154 5640 481 5696 fruendum
530 5649 634 5707 est,
665 5652 719 5697 et
764 5643 842 5697 rei
874 5658 993 5712 qua:
1048 5646 1324 5701 nobiscum
1366 5662 1428 5702 ea
1467 5663 1527 5702 re
1553 5646 1654 5702 l'rui
1686 5663 1779 5717 po-

62 5732 91 5775 ςίῖ
154 5739 330 5788 test:
360 5733 485 5802 quia
516 5740 576 5787 ut
602 5748 662 5788 se
690 5734 919 5803 quisque
949 5735 1158 5806 diligat,
1187 5750 1458 5809 praecepto
1508 5756 1611 5795 non
1642 5751 1777 5810 opus

148 5834 286 5881 est.
338 5824 454 5881 Hoc
500 5839 629 5896 ergo
678 5834 736 5880 ut
767 5841 1050 5884 nossemus
1083 5840 1242 5902 atque
1290 5847 1590 5903 possemus,
1637 5833 1773 5890 facta

148 5928 265 5990 cut
291 5927 409 5976 tota
448 5933 548 5992 pro
568 5928 751 5978 nostra
786 5923 960 5981 salute
988 5936 1085 5993 per
1114 5923 1347 5981 divinam
1376 5928 1771 5996 providentiam

1884 4802 2125 4859 vinarum
2156 4804 2552 4875 Scripturarum
2580 4809 2796 4867 vacillat
2818 4815 3134 4871 auctoritas.
3164 4817 3334 4874 Porro
3361 4820 3467 4877 [ide

1884 4893 2167 4961 titubante,
2199 4896 2435 4954 charitas
2472 4899 2635 4955 etiam
2665 4902 2781 4974 ipsa
2820 4902 3136 4979 languescit.
3173 4909 3308 4966 Nam
3348 4912 3395 4969 si
3430 4927 3466 4967 a

1885 4988 1991 5044 ﬁde
2011 4992 2132 5058 quis
2159 4992 2435 5060 ceciderit,
2470 5008 2497 5047 a
2531 4993 2793 5055 (maritate
2825 4999 2988 5059 etiam
3023 5018 3249 5059 necesse
3275 5013 3358 5060 est
3385 5020 3473 5060 ca-

1885 5082 1996 5139 dat.
2026 5086 2142 5140 Non
2171 5087 2313 5141 enim
2346 5098 2521 5158 potest
2546 5090 2773 5163 diligere
2802 5095 2944 5165 quod
2975 5110 3097 5152 esse
3127 5111 3237 5153 nou
3272 5098 3468 5156 credit.

1886 5178 2055 5235 Porro
2091 5180 2138 5235 si
2170 5188 2224 5235 et
2248 5182 2442 5248 credit,
2475 5192 2530 5239 et
2557 5184 2734 5255 diligit
2763 5187 2901 5243 bene
2926 5189 3156 5257 agendo,
3183 5198 3239 5246 et
3266 5204 3471 5260 praece-

1888 5276 1991 5346 ptis
2022 5292 2231 5332 morum
2260 5278 2525 5336 bonorum
2555 5281 3003 5351 obtemperando,
3027 5283 3197 5341 efﬁcit
3228 5296 3285 5343 ut
3306 5288 3470 5347 etiam

1886 5381 2066 5443 speret
2094 5388 2153 5428 se
2183 5372 2248 5428 ad
2272 5372 2322 5429 id
2346 5375 2489 5445 quod
2527 5376 2705 5447 diligit
2731 5390 2853 5431 esse
2874 5386 3178 5436 venturum.

2402 5478 2631 5535 CAPUT
2670 5477 2938 5535 CCLVIII.

1891 5568 2041 5636 Quod
2067 5570 2172 5641 ﬁde
2197 5580 2245 5646 et
2274 5587 2361 5646 spe
2381 5570 2663 5646 decedente
2710 5571 2933 5627 charitas
2980 5582 3207 5646 manus,
3242 5582 3301 5631 et
3330 5578 3471 5646 quod

1959 5642 2235 5714 temporale
2262 5644 2386 5713 quid
2423 5646 2623 5697 vilescat
2671 5660 2789 5697 cum
2826 5645 3031 5711 venerit,
3056 5654 3307 5702 aeternum
3341 5642 3470 5706 ’vero

1956 5716 2218 5770 ardentius
2248 5716 2535 5788 diligatur;
2562 5732 2627 5771 ea;
2647 5716 2826 5771 eodem
2853 5716 3005 5771 libro.

1955 5830 2134 5902 Itaque
2160 5829 2259 5885 tria
2300 5831 2414 5889 haec
2454 5841 2579 5887 sunt
2624 5833 2815 5904 quibus
2856 5841 2911 5888 et
2948 5833 3173 5891 scientia
3204 5834 3380 5895 omnis
3416 5848 3474 5895 et

1882 5926 2165 5998 prophetia
2209 5925 2445 5983 militat:
2477 5926 2633 5999 ﬁdes,
2685 5942 2830 5999 spes,
2877 5929 3135 5990 charitas.
3187 5931 3295 5992 Sed
3340 5932 3471 5993 ﬁdei
