3986 6382
563 470 670 527 9ιὸ

1650 460 1712 513 D.
1758 456 2079 515 EUGYPl’ll
2118 453 2411 511 ABBATIS
2451 451 2770 509 AFRICANI
3726 454 3807 511 9η

558 585 803 643 succedit
844 582 1054 655 species
1083 594 1242 652 quam
1272 576 1598 643 videbimus,
1646 583 1701 633 et
1748 577 1864 644 Spei
1918 573 2161 630 succedit
2187 576 2237 638 Α
2266 569 2461 625 mantis
2498 568 2702 634 audita,
2732 566 3071 623 aﬁectionem
3111 564 3275 621 animi
3316 564 3436 637 ejus
3462 565 3803 627 advertimus-

560 682 838 740 beatitudo
866 683 981 751 ipsa
1021 677 1090 733 ad
1115 692 1276 748 quam
1326 672 1636 745 perventuri
1665 684 1851 726 sumus
1881 686 1894 723 :
1920 669 2155 723 charitas

563 783 744 829 autem
774 773 937 829 etiam
966 770 1085 825 istis
1117 768 1502 824 decedentibus
1537 763 1824 835 augebitur
1872 763 2067 831 potius.
2100 760 2159 815 Si

564 867 717 931 enim
768 862 1040 921 credendo
1089 861 1365 933 diligimus
1416 859 1561 931 quod
1605 858 1843 913 nondum
1890 855 2153 923 videmus,

568 966 768 1029 quanto
810 956 981 1028 magis
1034 969 1159 1011 cum
1209 954 1393 1009 videre
1436 949 1799 1023 coeperimus?
1840 949 1906 1004 Et
1953 949 1997 1003 si
2039 962 2162 1016 spe-

570 1034 746 1109 rando
791 1050 1066 1120 diligimus
1114 1064 1222 1120 quo
1277 1048 1515 1103 nondum
1565 1044 1928 1118 pervenimus,
1959 1051 2161 1114 quanto

574 1142 749 1211 magis
779 1156 901 1196 cum
954 1138 1398 1210 pervenerimus?
1437 1139 1581 1193 Inter
1610 1136 1925 1207 temporalia
1965 1135 2162 1205 quippe

568 1243 733 1308 atque
761 1244 962 1291 aeterna
1008 1235 1111 1289 hoc
1159 1234 1406 1295 interest.
1451 1230 1593 1303 quod
1632 1230 1929 1301 temporale
1955 1227 2160 1299 aliquid

566 1331 690 1405 plus
743 1328 985 1398 diligitur
1027 1334 1315 1398 antequam
1372 1328 1670 1394 habeatur,
1720 1326 1930 1382 vilescit
1982 1332 2159 1380 autem

565 1438 689 1478 cum
720 1421 1022 1489 advenerit,
1077 1435 1185 1475 non
1237 1422 1381 1476 enim
1421 1421 1582 1476 satiat
1620 1419 1852 1476 animam
1881 1433 2000 1473 cum
2030 1416 2157 1489 [cui]

576 1528 705 1569 vera
746 1521 830 1568 est
859 1521 911 1568 et
949 1520 1099 1568 certa
1145 1512 1304 1569 sedes
1334 1513 1648 1577 aeternitas;
1698 1521 1955 1567 aeternum
1983 1518 2162 1567 autem

572 1610 856 1664 ardentius
878 1606 1122 1678 diligitur
1146 1606 1400 1676 adeptum
1424 1621 1582 1675 quam
1606 1605 1992 1661 desideratum.
2021 1602 2164 1658 Nulli

571 1703 716 1758 enim
746 1699 1077 1755 desideranti
1105 1698 1422 1755 conceditur
1463 1699 1585 1769 plus
1614 1696 1682 1753 de
1709 1696 1806 1752 illo
1850 1697 2165 1752 existimare

572 1807 735 1863 quam
772 1807 831 1847 se
861 1792 1045 1858 habet,
1085 1799 1142 1845 ut
1167 1790 1217 1845 ei
1245 1790 1473 1845 vilescat
1501 1805 1623 1845 cum
1669 1790 1851 1844 minus
1875 1789 2161 1857 invenerit,

574 1866 674 1940 ised
720 1893 978 1954 quantum
1010 1882 1237 1952 quisque
1284 1883 1511 1937 veniens
1558 1882 1869 1937 existimare
1908 1882 2159 1952 potuerit,

2259 672 2310 719 et
2343 662 2467 717 tuba
2495 669 2741 727 sonante,
2772 660 2965 714 milites
2996 658 3081 714 vel
3104 658 3377 729 progredi,
3416 658 3504 714 vel
3525 662 3745 729 regredi,
3766 674 3803 717 et

2258 756 2304 810 si
2326 755 2455 826 quid
2481 756 2623 810 aliud
2659 769 2834 824 pugna
2868 752 3124 823 postulat,
3152 760 3403 822 oportere
3435 755 3803 811 noveruntuSi-

2258 864 2485 920 gnorum
2514 850 2673 919 igitur
2696 848 2799 903 alia
2823 856 2949 902 sunt
2974 846 3254 914 naturalia,
3294 848 3400 901 alia
3436 846 3565 902 data
3592 865 3605 901 :
3630 858 3801 903 natura-

2260 942 2327 995 lia
2362 951 2507 1005 sunt,
2540 956 2659 1011 quae.
2690 941 2809 996 sine
2844 940 3119 995 voluntate
3147 950 3311 1010 atque
3350 940 3467 995 ullo
3498 941 3723 1011 appetitu
3750 945 3803 996 si-

2262 1031 2551 1103 gniﬁcandi
2577 1040 2771 1102 praeter
2798 1047 2859 1086 se
2882 1031 3077 1101 aliquid
3113 1031 3257 1086 aliud
3287 1045 3355 1086 ex
3394 1044 3459 1085 se
3493 1035 3724 1100 cognosci
3751 1032 3802 1085 ia-

2263 1130 2411 1182 ciunt
2442 1146 2452 1181 :
2483 1127 2639 1181 sicuti
2670 1135 2751 1181 est
2782 1126 2979 1192 fumus,
3005 1125 3317 1195 signiﬁcans
3339 1124 3527 1194 ignem
3549 1142 3563 1190 ;
3588 1140 3682 1179 non
3697 1125 3798 1179 enim

2264 1220 2453 1275 volens
2483 1218 2772 1288 signiﬁcari
2793 1218 2846 1272 id
2870 1218 3020 1281 facit,
3044 1216 3138 1272 sed
3162 1232 3343 1271 rerum
3367 1227 3704 1284 expertarum
3721 1220 3799 1270 aui-

2265 1309 2638 1365 madversione
2662 1319 2717 1364 et
2743 1311 3017 1364 notatione
3048 1310 3393 1378 cognoscitur
3416 1310 3594 1379 ignem
3612 1311 3795 1373 subesse,

2266 1404 2475 1457 etiamsi
2528 1403 2705 1456 fumus
2758 1403 2904 1457 solus
2960 1413 3217 1473 appareat
3260 1419 3274 1457 :
3313 1404 3410 1458 sed
3472 1412 3527 1458 et
3576 1406 3795 1473 vestigium

2269 1498 2596 1551 transeuntis
2635 1497 2923 1552 animantis
2952 1498 3018 1550 ad
3053 1498 3151 1551 hoc
3178 1512 3349 1567 genus
3379 1498 3634 1566 pertinet,
3664 1498 3794 1551 etvulo

2266 1596 2352 1641 tus
2405 1588 2524 1641 irati
2577 1603 2672 1642 seu
2726 1590 2896 1644 tristis
2952 1589 3291 1646 affectionem
3347 1590 3521 1643 animi
3574 1591 3791 1659 signiﬁcat,

2267 1678 2428 1732 etiam
2454 1679 2598 1732 nulla
2630 1679 2746 1748 ejus
2778 1680 3050 1736 voluntate
3088 1683 3177 1749 qui
3209 1693 3301 1735 aut
3348 1684 3525 1735 iratus
3554 1693 3633 1735 aut
3672 1683 3791 1735 tristis

2270 1779 2350 1824 est
2375 1786 2388 1835 ;
2420 1780 2510 1823 aut
2547 1772 2589 1823 si
2619 1771 2738 1839 quis
2766 1771 2907 1825 alius
2937 1782 3113 1827 motus
3135 1774 3297 1827 animi
3345 1774 3511 1827 vultu
3539 1775 3686 1828 indice
3705 1789 3789 1842 pro-

2269 1863 2433 1930 ditur,
2464 1865 2622 1919 etiam
2648 1865 2800 1919 nobis
2825 1879 2930 1919 non
2956 1865 3007 1919 id
3033 1866 3313 1936 agentibus
3339 1876 3400 1920 ut
3426 1867 3671 1935 prodatur.
3692 1866 3781 1919 Data

572 1978 699 2051 plus
716 1977 1037 2050 perveniens
1062 1976 1378 2032 inventurus
1409 1974 2019 2045 est.Homoitaque&.5
2038 1974 2164 2040 ﬁde,
2197 1964 2243 2023 B
2272 1971 2400 2051 ἵετο
2430 1956 2584 2051 δίει-ιιι
2614 1966 2759 2051 ἓυηῐ,
2792 1972 2912 2026 (illa?
2945 1957 3048 2051 sibi
3092 1974 3321 2028 (ιυωίιυθ
3351 1960 3587 2014 ﬂventia
3622 1959 3785 2013 Ῑηῖίεθω

574 2087 695 2143 spe,
746 2081 802 2127 et
845 2069 1110 2126 charitate
1139 2070 1431 2137 subnixus,
1475 2083 1645 2138 eaque
1692 2069 2011 2123 inconcusse
2042 2067 2167 2122 reti-

575 2177 736 2231 nens,
771 2178 879 2219 non
908 2161 1110 2231 indiget
1150 2162 1465 2231 Scripturis,
1498 2162 1603 2216 nisi
1632 2162 1700 2215 ad
1730 2161 1864 2215 alios
1892 2160 2167 2215 instruen-

579 2254 678 2310 dos
708 2272 719 2307 :
755 2254 933 2324 itaque
975 2236 1130 2309 mu'lti
1179 2269 1275 2324 per
1301 2253 1418 2309 haec
1456 2254 1555 2307 tria
1603 2255 1763 2309 etiam
1793 2252 1849 2307 in
1881 2252 2170 2307 solitudine

578 2348 696 2403 sine
727 2347 1003 2403 codicibus
1034 2348 1249 2411 vivunt;
1286 2346 1428 2401 unde
1457 2346 1509 2400 in
1549 2346 1651 2400 illis
1674 2346 1907 2401 arbitror
1929 2346 2039 2414 jam
2071 2346 2170 2398 im-

582 2441 789 2511 pletum
841 2456 960 2496 esse
994 2440 1138 2510 quod
1187 2439 1387 2494 dictum
1423 2448 1526 2507 est,
1569 2442 1682 2493 sive
1712 2439 2013 2508 prophetiae
2042 2454 2170 2494 eva-

576 2534 905 2598 cuabuntur,
934 2534 1049 2588 sive
1079 2533 1277 2603 linguae
1302 2535 1611 2599 cessabunt,
1647 2532 1763 2586 sive
1791 2534 2015 2588 scicntia
2044 2548 2167 2588 eva-

579 2628 827 2682 cuabitur
851 2624 1203 2698 [destruetur]
1233 2644 1244 2678 :
1274 2625 1466 2693 quibus
1493 2636 1669 2680 tamen
1700 2626 1853 2694 quasi
1883 2624 2166 2691 machinis,

577 2725 729 2774 tanta
762 2719 909 2783 ﬁdei,
942 2728 997 2774 et
1032 2720 1170 2789 spei,
1212 2727 1265 2774 et
1296 2719 1575 2773 charitatis
1615 2718 1667 2773 in
1696 2718 1773 2773 eis
1818 2719 2052 2774 surrexit
2088 2719 2173 2773 in-

579 2816 836 2883 structio,
866 2823 926 2869 ut
956 2814 1250 2884 perfectum
1281 2813 1481 2883 aliquid
1514 2820 1782 2880 tenentes,
1805 2828 1868 2868 ea
1897 2827 2019 2883 quae
2047 2821 2174 2868 sunt

579 2922 649 2963 ex
681 2918 833 2979 parte
863 2925 971 2965 non
1003 2919 1283 2980 quaerant:
1316 2896 1614 2980 perfectum
1637 2922 1788 2974 sane,
1816 2916 2074 2979 quantum
2115 2908 2171 2963 in

578 3002 682 3059 hac
710 3002 816 3059 vita
844 3012 1056 3074 potest;
1098 3018 1221 3057 nam
1271 3002 1323 3056 in
1354 3002 1759 3071 comparatione
1792 3001 1987 3057 futura:
2017 3003 2168 3069 vitae,

578 3094 780 3150 nullius
798 3094 930 3165 justi
962 3103 1017 3149 et
1045 3094 1216 3149 sancti
1245 3094 1457 3149 estvita
1488 3094 1589 3147 ista
1618 3093 1886 3163 perfecta;
1914 3093 2037 3149 ideo
2059 3109 2174 3148 ma-

578 3196 730 3255 nent,
781 3189 974 3256 inquit,
1006 3186 1163 3253 ﬁdes,
1193 3200 1340 3255 spes,
1384 3184 1642 3250 charitas,
1674 3184 1771 3239 tria
1824 3184 1961 3249 haec,
2000 3186 2172 3256 major

577 3290 759 3338 autem
806 3283 997 3336 horum
1027 3280 1283 3345 charitas,
1336 3279 1461 3350 quia
1508 3287 1709 3333 etcum
1742 3278 1967 3349 quisque
2002 3278 2069 3334 ad
2098 3295 2172 3350 ae-g

2274 2048 2425 2113 dant,
2479 2048 2544 2102 ad
2596 2048 3052 2104 demonstrandos
3096 2061 3357 2119 quantum
3415 2060 3623 2119 possunt
3662 2061 3786 2102 moui:

2270 2144 2432 2197 animi
2456 2144 2562 2208 sui,
2594 2143 2676 2196 vel
2706 2158 2862 2198 sensa
2895 2154 2986 2199 aut
3010 2146 3279 2201 intellecta
3310 2149 3573 2215 quaelibet.
3595 2146 3685 2201 Nec
3711 2148 3791 2199 ulla

2272 2252 2432 2292 causa
2460 2246 2539 2293 est
2574 2238 2732 2293 nobis
2762 2240 3119 2309 signiﬁcandi,
3152 2240 3201 2294 id
3244 2250 3331 2295 est
3362 2241 3494 2309 signi
3525 2241 3670 2303 dandi,
3704 2238 3789 2293 nisi

2272 2333 2339 2386 ad
2365 2333 2788 2402 depromendnm
2816 2344 2869 2388 et
2890 2334 3265 2403 trajiciendum
3301 2337 3354 2389 in
3385 2336 3575 2389 alterius
3591 2336 3786 2388 animum

2274 2424 2325 2479 id
2366 2425 2507 2493 quod
2558 2427 2736 2479 animo
2767 2427 2904 2496 gerit
2946 2428 3034 2496 qui
3066 2428 3276 2497 signum
3327 2428 3437 2481 dat.
3468 2428 3635 2481 Horum
3660 2427 3789 2495 igitur

2276 2518 2553 2587 signorum
2584 2533 2771 2585 genus,
2800 2528 3054 2587 quantum
3082 2520 3145 2575 ad
3175 2520 3428 2577 homines
3452 2521 3630 2587 attinet,
3656 2522 3787 2575 consi-

2274 2611 2464 2666 derare
2496 2625 2655 2681 atque
2690 2621 2921 2667 tractare
2944 2615 3231 2669 statuimus
3262 2634 3271 2666 :
3309 2616 3441 2684 quia
3469 2626 3516 2669 et
3541 2616 3660 2684 signa
3684 2613 3783 2666 diri-

2276 2704 2419 2758 nitus
2454 2704 2596 2771 data,
2633 2720 2752 2773 quae
2802 2704 3095 2774 Scripturis
3132 2707 3339 2761 sanctis
3371 2707 3678 2767 continentur,
3708 2719 3780 2773 per

2276 2793 2520 2849 homines
2552 2796 2708 2850 nobis
2748 2795 2983 2851 indicata
3015 2807 3140 2851 sunt
3178 2798 3271 2867 qui
3317 2814 3386 2853 ea
3418 2800 3765 2867 conscripserunt.

2841 2912 3069 2969 CAPUT
3095 2913 3299 2970 CCLX.

2280 3026 2431 3093 Quod
2478 3026 2613 3081 inter
2654 3027 2827 3081 omnia
2865 3028 3010 3096 signa
3054 3029 3465 3097 verbafteneant
3507 3029 3775 3101 principatus,

2345 3114 2459 3174 qua
2489 3107 2691 3174 propter
2720 3110 2982 3165 peccatum
3006 3102 3260 3174 superbire
3290 3119 3403 3156 non
3430 3112 3667 3174 potuerant
3698 3115 3781 3151 css-

2345 3169 2439 3222 ctis
2465 3170 2695 3239 gentibus
2720 3187 2824 3224 esse
2847 3173 3171 3238 communia;
3199 3190 3264 3226 ea:
3285 3169 3470 3228 eodem
3492 3176 3626 3228 libro.

2288 3270 2309 3279 λ’
2347 3289 2538 3345 Omnia
2572 3292 2722 3359 signa
2768 3293 2946 3347 verbis
2984 3304 3296 3363 comparata
3347 3296 3649 3366 paucissima
3674 3304 3781 3351 suat:

581 3385 734 3433 terna
762 3376 1092 3448 pervenerit,
1118 3375 1330 3431 duobus
1352 3374 1471 3430 istis
1499 3372 1911 3443 decedentibus,
1935 3375 2173 3431 charitas
2202 3358 2247 3422 (ἶ
2279 3382 2440 3439 verba
2465 3383 2607 3438 enim
2625 3358 2863 3453 prorsus
2894 3385 3033 3441 inter
3062 3358 3310 3443 homines
3335 3358 3665 3445 obtinuerunt
3696 3387 3787 3457 prin-

581 3472 790 3526 auctior
816 3478 871 3525 et
892 3471 1093 3527 certior
1116 3466 1475 3541 permanebit.
1506 3466 1845 3537 Quapropter
1874 3481 1995 3523 cum
2024 3471 2174 3540 quis-

580 3578 690 3635 que
722 3566 1036 3636 cognoverit
1064 3564 1226 3620 ﬁnem
1269 3563 1529 3634 praecepti
1570 3575 1691 3617 esse
1731 3560 2070 3629 charitatem,
2108 3563 2177 3618 de

583 3653 751 3710 cordo
778 3669 916 3723 puro
956 3664 1012 3709 et
1041 3655 1369 3710 conscientia
1418 3654 1581 3723 bona,
1633 3666 1687 3712 et
1730 3656 1837 3712 ﬁde
1876 3671 1986 3711 non
2028 3655 2174 3717 ﬁcta,

585 3760 802 3802 omnem
832 3746 1165 3801 intellectum
1201 3746 1507 3801 divinarum
1537 3748 1937 3818 Scripturarum
1978 3748 2044 3803 ad
2075 3749 2179 3802 ista

586 3840 693 3894 tria
720 3840 1013 3904 relaturus,
1046 3838 1114 3893 ad
1154 3838 1530 3895 tractationem
1560 3839 1777 3896 illorum
1806 3842 2066 3897 librorum
2095 3855 2180 3897 se-

585 3942 752 3989 curus
776 3930 996 3988 accedat
1026 3946 1184 3987 :cum
1215 3932 1361 3988 enim
1384 3933 1609 3999 diceret,
1639 3934 1895 4001 charitas,
1946 3936 2178 4003 addidit,

585 4023 657 4081 de
684 4025 848 4081 corde
884 4038 1043 4093 puro,
1082 4032 1143 4079 ut
1182 4023 1318 4079 nihil
1350 4023 1496 4080 aliud
1520 4041 1680 4098 quam
1704 4027 1759 4082 id
1783 4028 1927 4097 quod
1956 4028 2183 4098 diligen-

585 4119 715 4176 dum
764 4129 848 4176 est
882 4118 1159 4191 diligatur.
1195 4118 1597 4176 Conscientiam
1625 4136 1767 4194 .vero
1814 4122 2009 4177 bonam
2053 4123 2173 4177 sub-

585 4211 765 4283 junxit
800 4222 1022 4282 propter
1050 4225 1201 4282 spem
1230 4229 1241 4263 :
1268 4210 1362 4267 ille
1390 4213 1533 4268 enim
1564 4228 1623 4269 se
1651 4213 1717 4269 ad
1754 4214 1808 4269 id
1839 4214 1981 4285 quod
2008 4215 2185 4271 credit

584 4312 643 4359 et
669 4304 839 4372 diligit
882 4314 1262 4373 perventurum
1289 4319 1412 4360 esse
1432 4305 1704 4376 desperat,
1736 4307 1824 4362 cui
1862 4307 2020 4364 mala:
2050 4323 2180 4363 con-

586 4395 832 4451 scientiae
878 4398 1164 4468 scrupulus
1215 4399 1377 4453 inest.
1430 4397 1617 4455 Tertio
1651 4418 1663 4453 :
1697 4399 1765 4455 Et
1802 4400 1938 4466 ﬁde,
1986 4402 2179 4472 inquit,

589 4504 701 4545 non
742 4489 867 4546 ﬁcta
893 4508 907 4546 :
932 4494 977 4548 si
1017 4493 1161 4549 enim
1210 4494 1346 4550 ﬁdes
1379 4505 1561 4551 nostra
1604 4496 1886 4553 mendacio
1928 4499 2180 4568 caruerit,

588 4586 719 4635 tunc
748 4592 803 4637 et
843 4595 953 4638 non
994 4583 1269 4656 diligimus
1300 4586 1446 4657 quod
1486 4602 1592 4643 non
1627 4597 1712 4643 est
1741 4589 2097 4659 diligendum,
2132 4600 2186 4646 et

587 4682 740 4730 recte
762 4674 993 4731 vivendo
1017 4674 1074 4731 id
1095 4692 1375 4748 speramus
1397 4688 1457 4735 ut
1476 4679 1626 4735 nullo
1653 4679 1813 4736 modo
1849 4696 1974 4751 spes
1998 4690 2181 4739 nostra

588 4764 827 4822 tallatur.

1140 4864 1367 4922 CAPUT
1404 4864 1631 4924 CCLIX.

590 4953 673 5009 De
699 4953 860 5026 signis
893 4955 1239 5024 naturalibus,
1272 4966 1320 5012 et
1358 4959 1425 5013 de
1465 4962 1637 5028 datis;
1660 4977 1724 5017 ea:
1752 4962 1885 5018 libro
1917 4979 1951 5019 ιι
1983 4965 2049 5021 de
2080 4965 2185 5021 Do-

1135 5029 1301 5083 ctrina
1327 5029 1640 5087 Christiana.

610 5156 613 5161 ‘
665 5144 932 5212 Quoniam
956 5143 1023 5199 de
1046 5143 1209 5200 rebus
1238 5159 1361 5201 cum
1404 5148 1726 5216 scriberem,
1766 5153 1998 5221 prazmisi
2031 5168 2183 5209 com-

591 5249 821 5294 nonens
861 5251 930 5293 ne
958 5238 1080 5308 quis
1126 5239 1179 5294 in
1230 5238 1312 5294 eis
1353 5242 1679 5307 attenderet,
1712 5244 1815 5301 nisi
1846 5246 1988 5315 quod
2036 5255 2183 5317 sunt,

591 5339 697 5382 non
720 5328 881 5383 etiam
912 5326 958 5383 si
998 5326 1125 5398 quid
1155 5327 1300 5383 aliud
1332 5340 1528 5398 praeter
1558 5347 1619 5388 se
1648 5334 1986 5405 signiﬁcant;
2032 5339 2187 5394 vicis-

590 5417 695 5474 sim
724 5418 793 5473 de
818 5417 986 5490 signis
1022 5420 1318 5490 disserens,
1355 5421 1456 5478 hoc
1491 5424 1635 5491 dico,
1672 5442 1738 5481 ne
1772 5430 1894 5498 quis
1920 5431 1970 5483 in
2004 5432 2083 5486 eis
2106 5440 2187 5487 at-

590 5511 778 5569 tendat
800 5512 942 5582 quod
969 5524 1113 5583 sunt,
1142 5516 1235 5571 sed
1264 5518 1441 5587 potius
1471 5520 1611 5588 quod
1642 5521 1797 5592 signa
1833 5534 1981 5592 sunt,
2024 5526 2076 5581 id
2103 5536 2186 5583 est

589 5604 737 5680 quod
778 5604 1104 5677 signiﬁcant.
1137 5607 1359 5679 Signum
1390 5621 1474 5666 est
1515 5613 1659 5668 enim
1705 5630 1793 5670 res
1823 5626 2020 5683 praeter
2056 5635 2182 5689 spe-

589 5700 728 5757 ciem
752 5714 912 5768 quam
959 5697 1156 5770 ingerit
1194 5702 1467 5773 sensibus,
1498 5706 1641 5760 aliud
1685 5708 1885 5777 aliquid
1919 5725 1987 5765 ex
2021 5726 2079 5764 se
2109 5712 2187 5764 fa-

591 5790 742 5849 ciens
786 5791 840 5846 in
884 5792 1263 5863 cogitationem
1291 5794 1484 5850 venire
1510 5836 1525 5862 ,
1560 5796 1704 5852 sicut
1753 5800 1987 5869 vestigio
2043 5801 2180 5869 viso,

590 5882 853 5949 transisse
876 5884 1075 5938 animal
1115 5885 1267 5954 cujus
1292 5887 1577 5955 vestigium
1610 5896 1716 5956 est,
1757 5892 2096 5963 cogitamus;
2130 5904 2184 5950 et

592 5972 741 6031 tumo
770 5972 908 6041 viso,
934 5977 1111 6044 ignem
1135 5975 1357 6031 subesse
1382 5980 1761 6046 cognoscimus
1793 6000 1804 6035 :
1832 5991 1883 6038 et
1907 5997 2037 6037 voce
2070 5986 2181 6038 ani-

2211 4746 2266 4808 D

2280 3478 2517 3546 cipatum
2550 3478 2886 3548 signiﬁcandi
2936 3493 3269 3551 quaecunque
3323 3484 3502 3539 animo
3551 3482 3795 3551 concipiun-

2280 3577 2391 3632 tur,
2421 3570 2467 3623 si
2499 3585 2561 3625 ea
2607 3572 2835 3642 quisque
2862 3573 3092 3643 prodere
3121 3574 3276 3630 velit.
3302 3575 3436 3631 Nam
3482 3588 3535 3633 et
3560 3576 3707 3631 odore
3736 3588 3800 3627 nn-

2281 3660 2465 3731 guenti
2498 3661 2756 3717 Dominus
2778 3678 2887 3734 quo
2914 3664 3116 3732 perfusi
3138 3676 3267 3722 sunt
3294 3669 3450 3735 pedes
3476 3669 3606 3737 ejus,
3636 3669 3805 3738 signum

2282 3757 2504 3828 aliquod
2533 3758 2702 3827 dedit,
2743 3768 2800 3815 et
2846 3769 3188 3816 sacramento
3234 3764 3460 3831 corporis
3486 3772 3538 3817 et
3571 3761 3811 3828 sanguinis

2282 3851 2365 3906 sui
2398 3862 2706 3923 pergustato
2738 3853 3113 3926 [praegustato]
3156 3855 3452 3926 signiﬁcavit
3475 3853 3608 3923 quod
3642 3853 3816 3917 voluit,

2283 3949 2476 3998 etcum
2492 3943 2687 3999 mulier
2704 3946 2972 4016 tangendo
2989 3946 3260 4002 ﬁmbriam
3272 3947 3549 4002 vestimenti
3570 3946 3677 4014 eius
3690 3945 3814 3999 salva

2284 4036 2421 4089 facta
2456 4045 2560 4101 est,
2591 4036 2837 4092 nonnihil
2868 4039 3153 4107 signiﬁcat.
3176 4040 3280 4096 Sed
3309 4037 3694 4094 innumerabilis
3713 4036 3817 4090 mul-

2286 4127 2462 4181 titudo
2491 4130 2796 4198 signorum,
2836 4130 3033 4199 quibus
3073 4146 3200 4185 suas
3228 4132 3577 4203 cogitationes
3617 4129 3814 4183 homines

2286 4230 2534 4288 exerunt,
2568 4222 2623 4276 in
2640 4224 2816 4279 verbis
2843 4225 3133 4280 constituta
3162 4234 3280 4282 est:
3307 4242 3431 4281 nam
3464 4227 3553 4281 illa
3583 4226 3714 4295 signa
3732 4238 3814 4277 oui-

2288 4313 2395 4376 nia,
2457 4329 2684 4379 quorum
2750 4330 2944 4385 genera
2995 4317 3232 4373 breviter
3281 4320 3460 4389 attigi,
3520 4320 3652 4389 potui
3686 4314 3812 4370 verbis

2286 4408 2590 4474 enuntiare,
2627 4411 2786 4464 verba
2826 4425 2956 4466 vero
3008 4411 3115 4466 illis
3165 4412 3335 4482 signis
3382 4414 3538 4468 nullo
3579 4411 3811 4476 modopus-

2288 4513 2400 4554 sctn
2436 4518 2447 4553 :
2476 4502 2569 4556 sed
2613 4503 2736 4571 quia
2769 4504 3051 4559 verberato
3078 4519 3205 4560 aere
3233 4508 3423 4561 statim
3456 4514 3709 4565 transeunt,
3732 4510 3800 4551 nrt

2289 4592 2491 4648 diutius
2518 4603 2741 4648 manent
2768 4611 2927 4666 quam
2959 4607 3174 4664 sonant,
3199 4600 3449 4654 instituta
3482 4593 3806 4669 suntperlitte-

2289 4698 2377 4737 ras
2404 4684 2553 4754 signa
2612 4686 2921 4741 verborum.
2964 4688 3036 4742 Ita
3081 4704 3237 4746 voces
3279 4693 3463 4746 oculis
3516 4687 3814 4746 ostenduntur,

2290 4790 2396 4830 non
2448 4790 2542 4843 per
2589 4778 2820 4847 scipsas,
2854 4779 2947 4833 sed
2998 4794 3093 4848 per
3126 4782 3275 4850 signa
3320 4783 3587 4852 quaedam
3631 4775 3825 4836 suam

2292 4872 2441 4939 signa
2477 4869 2639 4938 igitur
2666 4888 2771 4925 non
2807 4883 3093 4941 potuerunt
3121 4878 3433 4931 communia
3481 4892 3606 4932 esse
3648 4871 3826 4931 οωυὶὶῖιῦ

2292 4959 2562 5028 gentibus,
2589 4971 2808 5031 peccato
2830 4964 3059 5032 quodam
3085 4965 3449 5023 dissensionis
3478 4968 3830 5030 humanam

2293 5052 2358 5106 ad
2390 5067 2447 5108 se
2476 5054 2706 5125 quisque
2742 5056 3098 5127 principatum
3137 5060 3296 5128 rapit,
3330 5062 3503 5131 cujus
3528 5055 3833 5132 superbissi-

2294 5160 2458 5214 gnum
2505 5156 2588 5200 est
2616 5158 2790 5202 erecta
2838 5149 2927 5203 illa
2959 5151 3118 5205 turris
3155 5152 3208 5206 in
3252 5152 3485 5221 malum,
3520 5155 3613 5209 ubi
3658 5151 3841 5208 homines

2297 5240 2447 5308 impii
2482 5255 2586 5295 non
2618 5242 2793 5295 solum
2837 5244 3069 5311 animos,
3124 5244 3220 5300 sed
3255 5247 3420 5301 etiam
3457 5263 3632 5304 voces
3658 5246 3843 5302 dissotns

2298 5332 2496 5388 habere
2540 5344 2874 5392 meruerunt.
2932 5335 3009 5391 Ex
3066 5352 3174 5407 quo
3221 5338 3423 5394 factum
3472 5351 3589 5409 est,
3644 5351 3703 5394 ut
3736 5338 3847 5394 etiam

2295 5428 2570 5497 Scriptura
2607 5432 2807 5497 divina,
2831 5448 2934 5503 qua
2963 5435 3124 5491 tantis
3151 5436 3355 5491 morbis
3395 5439 3760 5495 humanarum
3784 5448 3851 5486 τθι

2296 5522 2559 5578 luntatum
2613 5525 2950 5592 subvenitur,
2999 5530 3069 5583 ab
3114 5545 3217 5583 una
3264 5531 3450 5601 lingua
3496 5534 3856 5603 profectaﬁlm

2296 5626 2602 5684 opportune
2653 5621 2823 5687 potuit
2855 5635 2949 5691 per
2976 5624 3160 5678 orbem
3209 5633 3487 5681 terrarum
3539 5622 3857 5683 disseminati.

2294 5724 2393 5779 per
2423 5710 2600 5764 varias
2638 5713 2989 5784 interpretum
3022 5716 3230 5786 linguas
3260 5718 3415 5788 longe
3456 5721 3689 5791 lateque
3716 5716 3865 5773 ditius:

2294 5804 2658 5860 innotesceret
2686 5808 2935 5876 gentibus
2958 5812 3025 5864 ad
3055 5812 3305 5873 salutem.
3338 5827 3514 5882 quam
3552 5816 3791 5885 legentes
3814 5812 3867 5861 tti-

2295 5894 2371 5973 l_iil
2396 5896 2538 5948 aliud
2566 5908 2847 5969 appetunt,
2880 5916 3040 5971 quam
3069 5906 3421 5973 cogitationes
3450 5908 3874 5972 voluntatemque

2202 6046 2215 6063 ,
2294 5964 2507 6044 illorum
2541 6004 2567 6044 a
2599 5991 2793 6062 quibus
2815 5997 3117 6069 conscripta
3150 6007 3230 6052 est
3258 5998 3546 6063 invenire,
3578 6012 3637 6058 et
3672 6015 3765 6072 per
3786 5998 3873 6052 illis
