3986 6382
217 438 326 498 9δὸ

1410 429 1841 489 TIIESAURUS.
1882 432 2032 489 CAP.
2075 432 2338 494 CCLXIII.

3378 427 3483 487 936

218 558 543 612 voluntatem
588 554 703 617 Dei,
749 552 1044 609 secundum
1075 566 1233 622 quam
1269 552 1403 607 tales
1436 550 1680 606 homines
1720 549 1797 603 lo-
1823 550 1877 611 Α
1902 548 2220 618 gitationem
2252 549 2319 605 de
2351 556 2533 603 nostra
2562 546 2889 603 mortalitate
2917 554 2970 601 et
2993 547 3062 603 de
3093 545 3271 601 futura
3311 555 3487 601 morte

215 657 369 704 culos
397 644 563 719 [esse]
592 645 883 701 credimus.
941 644 1046 701 Sed
1091 644 1273 700 multis
1315 652 1366 698 et
1412 641 1797 711 multiplicibus

219 740 641 795 obscuritatibus
671 747 726 793 et
754 737 1189 807 ambiguitatibus
1218 734 1576 806 decipiuntur,
1610 734 1697 805 qui
1720 744 1799 789 te-

213 848 366 889 mere
410 832 593 901 legunt
637 833 778 887 aliud
823 847 919 899 pro
959 830 1064 886 alio
1114 829 1794 900 sentientes:quibusdam

212 934 397 981 autem
441 924 592 991 locis,
646 924 774 995 quid
816 925 895 980 vel
928 924 1060 979 falso
1110 922 1452 992 suspicentur
1501 937 1608 977 non
1651 923 1797 976 inve-

210 1017 394 1083 niunt,
427 1016 498 1072 ita
526 1018 752 1075 obscura
793 1019 933 1072 dicta
974 1016 1218 1087 quaedam
1257 1014 1634 1070 densissimam
1665 1000 1796 1069 eali-

210 1110 390 1179 ginem
422 1110 713 1176 obducunt,
744 1110 886 1181 quod
929 1119 1095 1165 totum
1127 1110 1401 1179 provisum
1452 1123 1574 1163 esse
1603 1107 1797 1163 divini-

211 1212 301 1257 tus
326 1218 431 1258 non
455 1203 663 1273 dubito,
690 1204 757 1257 ad
781 1202 1133 1259 edomandam
1158 1203 1341 1258 labore
1380 1202 1711 1271 superbiam,
1743 1210 1797 1255 et

208 1298 541 1354 intellectum
599 1314 629 1354 a
681 1298 895 1355 fastidio
950 1298 1345 1368 revocandum,
1392 1298 1477 1353 cui
1514 1297 1670 1354 facile
1716 1298 1797 1352 in-

208 1390 475 1462 vestigata
498 1391 817 1463 plerumque
841 1391 1127 1449 vilescunt.

755 1504 984 1563 CAPUT
1023 1504 1244 1562 CCLXI.

206 1617 362 1684 Quod
390 1636 453 1675 ea:
480 1622 658 1690 aliqua
687 1621 1023 1675 similitudine
1064 1621 1336 1687 Scriptura
1362 1621 1569 1674 suavius
1608 1620 1793 1675 excitet

277 1691 526 1763 animum,
560 1702 614 1745 ut
642 1693 774 1747 illud
805 1694 1019 1763 exempli
1042 1708 1201 1746 causa
1231 1692 1293 1745 de
1318 1691 1543 1746 Canticis
1565 1692 1795 1745 cantico-

276 1778 391 1888 1;be
420 1779 437 1816 :
464 1762 655 1820 Dentes
693 1765 767 1821 tui
791 1765 927 1820 sicut
954 1780 1079 1837 grex
1116 1764 1481 1830 detonsarum;
1525 1779 1587 1818 ea:
1614 1763 1794 1818 eodem

306 1850 323 1888 t
357 1850 432 1888 ro.

1904 657 2126 699 necesse
2147 656 2228 699 est
2261 645 2506 708 incutiat,
2538 653 2593 699 et
2620 644 2771 714 quasi
2802 645 3025 700 clavatis
3060 645 3333 709 carnibus,
3362 660 3486 699 om-

1903 751 1997 790 nes
2048 738 2314 804 superbite
2367 745 2544 792 motus
2591 737 2734 807 ligno
2792 737 2970 793 crucis
3021 736 3225 808 alligat.
3280 738 3486 795 Deinde

1903 831 2185 885 mitescere
2216 846 2349 901 opus
2380 840 2462 887 est
2494 831 2709 901 pietate,
2745 847 2918 902 neque
2945 832 3317 889 contradicere
3342 833 3486 890 Scri-

1900 932 2094 993 pturze,
2132 924 2244 979 sive
2272 924 2577 989 intellectae,
2612 924 2657 979 si
2689 926 2864 995 aliqua
2895 926 3023 980 vitia
3068 935 3251 981 nostra
3292 941 3485 996 percu-

1901 1014 2001 1079 tit,
2043 1014 2162 1070 sive
2213 1029 2317 1069 non
2364 1016 2666 1079 intellectae,
2713 1015 2872 1086 quasi
2910 1031 3011 1071 nos
3062 1016 3258 1071 melius
3296 1032 3490 1085 sapere

1901 1107 2201 1176 meliusque
2254 1108 2544 1175 praecipere
2576 1108 2885 1176 possimus:
2913 1106 3005 1161 sed
3046 1108 3281 1177 cogitare
3310 1106 3488 1177 potius

1899 1206 1953 1252 et
1993 1196 2214 1250 credere
2262 1195 2312 1249 id
2358 1210 2477 1250 esse
2520 1195 2713 1250 melius
2752 1205 2806 1249 et
2835 1194 3035 1259 verius,
3082 1196 3225 1267 quod
3254 1196 3325 1251 ibi
3355 1195 3489 1251 scri-

1902 1298 2049 1357 ptum
2077 1301 2177 1355 est,
2210 1288 2420 1344 etiamsi
2451 1288 2633 1355 lateat,
2667 1305 2823 1359 quam
2848 1290 2900 1344 id
2927 1289 3070 1359 quod
3103 1304 3200 1345 nos
3232 1306 3328 1360 per
3350 1304 3485 1345 nos-

1901 1384 2049 1453 ipsos
2093 1398 2285 1451 sapere
2327 1397 2634 1451 possumus.
2668 1382 2798 1437 Post
2827 1382 2958 1438 istos
3001 1381 3135 1437 duos
3184 1381 3380 1451 gradus
3423 1383 3486 1436 ti-

1902 1476 2069 1531 moris
2121 1486 2278 1545 atque
2329 1476 2563 1545 pietatis,
2617 1475 2683 1528 ad
2735 1475 2950 1530 tertium
2998 1476 3213 1531 venitur
3248 1475 3487 1531 scientia

1900 1569 2147 1641 gradum,
2174 1569 2241 1623 de
2270 1584 2375 1638 quo
2407 1584 2549 1624 nunc
2595 1582 2754 1637 agere
2783 1568 2990 1622 institui
3021 1585 3035 1622 :
3066 1585 3186 1623 nam
3233 1570 3285 1623 in
3331 1582 3396 1623 eo
3427 1582 3487 1623 se

1901 1672 2115 1718 exercet
2155 1662 2334 1717 omnis
2383 1662 2684 1716 divinarum
2740 1660 3139 1730 Scripturarum
3190 1661 3487 1725 studiosus,

1900 1753 2035 1808 nihil
2068 1754 2119 1807 in
2149 1754 2229 1809 eis
2258 1752 2403 1807 aliud
2433 1754 2748 1807 inventurus
2790 1750 3143 1824 [inveniens],
3171 1768 3331 1825 quam
3368 1753 3487 1809 dili-

1900 1846 2132 1918 gendum
2164 1860 2283 1901 esse
2331 1845 2521 1912 Deum,
2577 1854 2799 1915 propter
2846 1846 3033 1912 Deum,
3079 1854 3135 1901 et
3180 1847 3482 1916 proximum

283 1946 427 2016 Quid
455 1960 558 2015 est,
600 1964 810 2020 quzeso,
835 1949 979 2022 quod
1008 1950 1055 2005 si
1088 1949 1368 2021 quisquam
1398 1948 1543 2006 dicat
1572 1958 1789 2005 sanctos
1820 1942 1870 2005 B
1897 1947 2119 2010 propter
2148 1937 2340 2008 Deum,
2369 1946 2425 1993 et
2456 1938 2606 1992 illum
2633 1937 2845 2008 quidem
2873 1953 2937 1992 ex
2971 1946 3084 1992 toto
3112 1938 3295 2004 corde,
3337 1948 3392 1994 et
3420 1952 3489 1996 ex

203 2054 331 2096 esse
353 2040 600 2098 homines
640 2050 802 2113 atque
824 2042 1115 2114 perfectos,
1145 2057 1371 2113 quorum
1399 2044 1506 2097 vita
1536 2050 1592 2098 et
1621 2041 1791 2097 mori--

204 2134 309 2190 bus
336 2134 538 2194 Christi
582 2136 824 2193 Ecclesia
850 2136 920 2193 de
960 2119 1291 2208 quibuslibet
1320 2135 1792 2209 superstitionibus

203 2228 448 2299 praecidit
470 2243 563 2285 eos
606 2228 699 2301 qui
729 2230 798 2286 ad
830 2244 891 2286 se
920 2231 1164 2295 veniunt,
1211 2238 1267 2285 et
1296 2230 1596 2285 imitatione
1624 2228 1795 2283 bono-

203 2336 326 2376 rum
357 2320 574 2377 sibimet
602 2322 999 2393 quodammodo
1028 2323 1361 2390 incorporat,
1390 2322 1482 2392 qui
1508 2321 1634 2376 boni
1662 2320 1794 2375 fide-

205 2411 282 2467 les
314 2422 369 2467 et
391 2415 503 2469 veri
535 2415 631 2470 Dei
678 2417 841 2483 servi,
900 2418 1231 2481 deponentes
1274 2429 1440 2470 onera
1487 2414 1693 2481 saeculi,
1726 2413 1794 2467 ad

203 2514 453 2561 sanctum
502 2506 755 2576 baptismi
809 2507 1081 2562 lavacrum
1123 2514 1411 2572 venerunt,
1459 2512 1619 2573 atque
1669 2503 1794 2559 inde

202 2598 584 2665 ascendentes,
636 2600 997 2669 conceptione
1041 2597 1215 2653 sancti
1259 2597 1510 2668 Spiritus,
1564 2597 1795 2651 fructum

200 2690 333 2746 dant
360 2693 585 2762 geminae
621 2692 927 2759 charitatis,
958 2692 1011 2748 id
1048 2703 1131 2747 est
1158 2692 1255 2748 Dei
1286 2701 1341 2747 et
1373 2690 1619 2761 proximi.
1656 2690 1795 2758 Quid

198 2794 287 2841 est
310 2800 461 2856 ergo,
494 2785 636 2856 quod
664 2786 709 2840 si
752 2786 869 2841 haec
894 2786 1122 2856 quisque
1149 2784 1315 2852 dicat,
1347 2786 1525 2839 minus
1561 2784 1796 2840 delectat

196 2881 534 2948 audientem,
564 2896 725 2952 quam
776 2882 820 2936 si
851 2882 918 2936 ad
942 2881 1192 2937 eumdem
1240 2896 1457 2938 sensum
1505 2882 1682 2937 locum
1730 2881 1795 2935 il-

194 2974 311 3029 lum
341 2984 575 3044 exponat
603 2974 672 3029 do
698 2973 933 3030 Canticis
961 2976 1320 3042 canticorum,
1352 2975 1441 3029 ubi
1474 2975 1679 3029 dictum
1711 2983 1794 3029 est

194 3068 478 3134 Ecclesiae,
510 3068 620 3141 46
648 3085 767 3125 cum
802 3079 1052 3140 tanquam
1080 3070 1301 3141 pulchra
1324 3071 1568 3141 quaedam
1594 3071 1792 3127 femina

193 3164 513 3223 laudaretur
536 3181 549 3218 :
570 3164 765 3220 Dentes
792 3165 885 3231 tui,
916 3164 1054 3220 sicut
1074 3181 1204 3235 grex
1223 3166 1570 3221 detonsarum
1601 3180 1793 3221 ascen-

194 3263 337 3317 dens
368 3260 438 3317 de
467 3260 701 3327 lavacro,
732 3276 851 3331 quae
880 3275 1069 3316 omnes
1098 3262 1341 3331 geminos
1370 3271 1576 3326 creant,
1610 3269 1664 3315 et
1686 3271 1793 3316 ste-

1898 2043 2005 2089 tota
2036 2033 2237 2099 anima,
2268 2042 2323 2089 et
2363 2046 2427 2088 ex
2478 2042 2587 2088 tota
2618 2044 2819 2100 mente,
2866 2035 3166 2103 proximum
3207 2049 3335 2090 vero
3363 2042 3486 2089 tan-

1897 2141 2057 2197 quam
2082 2127 2342 2196 seipsnm,
2370 2125 2417 2179 id
2447 2136 2529 2181 est
2552 2135 2611 2180 ut
2637 2136 2745 2181 tOIa
2776 2127 3008 2196 proximi
3040 2126 3177 2183 sicut
3197 2125 3360 2181 etiam
3389 2142 3487 2181 no-

1898 2220 1997 2273 stri
2041 2220 2256 2274 dilectio
2300 2220 2563 2273 referatur
2590 2221 2640 2273 in
2685 2218 2891 2273 Deum:
2927 2220 2994 2275 de
3038 2220 3232 2289 quibus
3275 2218 3487 2273 duobus

1896 2313 2204 2381 prreceptis,
2235 2326 2355 2366 cum
2386 2312 2453 2365 de
2489 2311 2648 2365 rebus
2689 2324 2990 2379 ageremus,
3022 2309 3162 2363 libro
3202 2310 3487 2380 superiore

1898 2403 2265 2459 tractavimus.
2298 2404 2528 2459 Necesse
2573 2414 2653 2458 est
2684 2418 2832 2472 ergo,
2870 2412 2925 2457 nt
2957 2404 3131 2471 primo
3160 2418 3221 2458 se
3256 2404 3487 2472 quisque

1898 2498 1951 2552 in
1982 2498 2274 2567 Scripturis
2317 2500 2552 2555 inveniat
2594 2513 2775 2555 amore
2814 2498 2970 2567 hujus
3018 2498 3225 2563 saeculi,
3272 2496 3375 2550 hoc
3404 2507 3487 2551 est

1901 2592 2275 2661 temporalium
2329 2608 2507 2647 rerum
2562 2591 2915 2660 implicatum,
2973 2590 3129 2659 longe
3179 2588 3488 2656 seiunctum

1900 2699 2021 2739 esse
2063 2702 2091 2739 a
2139 2694 2287 2739 tanto
2334 2700 2519 2740 amore
2548 2683 2667 2751 Dei,
2697 2694 2749 2739 et
2803 2692 2947 2738 tanto
2996 2696 3183 2737 amore
3227 2680 3486 2752 proximi,

1898 2786 2156 2846 quantum
2212 2776 2485 2845 Scriptura
2532 2775 2645 2844 ipsa
2689 2774 2990 2845 praescribit
3025 2785 3178 2829 :tum
3229 2787 3359 2828 vero
3396 2771 3489 2828 ille

1900 2870 2061 2923 timor
2092 2883 2198 2939 qua
2225 2870 2423 2939 cogitat
2463 2871 2530 2925 de
2556 2870 2760 2939 judicio
2806 2870 2923 2937 Dei,
2967 2880 3022 2924 ct
3050 2868 3137 2922 illa
3171 2870 3341 2937 pietas
3382 2882 3487 2936 qua

1900 2980 2005 3019 non
2031 2976 2207 3034 potest
2240 2965 2337 3020 nisi
2362 2966 2583 3021 credere
2627 2975 2679 3020 et
2708 2964 2903 3020 cedere
2934 2963 3241 3018 auctoritati
3272 2971 3488 3016 sancto-

1899 3075 2015 3115 rum
2044 3060 2326 3123 librorum,
2360 3062 2500 3129 cogit
2540 3075 2660 3115 eum
2705 3061 2943 3130 seipsum
2978 3060 3159 3129 lugere
3187 3076 3197 3109 :
3229 3072 3350 3111 nam
3382 3056 3487 3109 ista
3578 3112 3589 3117 _

1898 3153 2121 3207 scientia
2152 3153 2303 3208 bona:
2334 3154 2448 3222 Spei
2486 3152 2756 3208 hominem
2802 3168 2907 3207 non
2959 3166 3017 3207 se
3043 3154 3359 3221 jactantem,
3392 3148 3486 3203 sed

1898 3249 2282 3304 lamentantem
2317 3248 2472 3313 facit;
2502 3266 2607 3320 quo
2637 3250 2829 3305 affectu
2865 3254 3115 3319 impetrat
3139 3248 3337 3304 sedulis
3360 3261 3487 3317 pre-

195 3352 319 3407 rilis
352 3367 457 3407 non
488 3353 649 3408 estin
679 3352 816 3417 illis;
848 3368 973 3407 num
1021 3352 1165 3408 aliud
1200 3352 1360 3408 homo
1406 3353 1584 3418 discit,
1628 3369 1788 3421 quam
1817 3326 1863 3388 (ἶ
1896 3341 2047 3396 Cibus
2100 3343 2526 3399 COHSOIalionem
2575 3344 2741 3398 divini
2788 3342 3064 3413 adjutorii,
3117 3357 3185 3397 ne
3230 3341 3486 3411 despera«

195 3456 325 3497 cum
368 3440 497 3495 illud
529 3440 857 3509 planissimis
890 3442 1087 3505 verbis,
1122 3443 1240 3495 sine
1288 3442 1657 3497 similitudinis
1694 3443 1793 3496 hu-

195 3534 291 3609 jus
334 3534 659 3589 adminiculo
688 3533 943 3588 audiret?
982 3544 1035 3588 et
1083 3544 1261 3589 tamen
1295 3537 1477 3589 nescio
1523 3537 1795 3604 quomodo

198 3625 423 3682 suavius
453 3625 665 3679 intueor
705 3633 937 3690 sanctos,
974 3638 1092 3678 cum
1149 3639 1243 3679 eos
1287 3627 1439 3695 quasi
1470 3625 1658 3679 dentes
1698 3625 1797 3679 Ec-

200 3718 388 3774 elesiae
416 3716 571 3773 video
607 3717 759 3787 quasi
790 3717 1085 3786 praecidere
1124 3718 1193 3771 ab
1221 3718 1497 3773 erroribus
1529 3720 1792 3789 homines,

204 3818 371 3878 atque
421 3810 471 3862 in
529 3809 647 3877 ejus
704 3824 900 3876 corpus
955 3808 1253 3883 [corpore]
1304 3813 1538 3868 emollita
1578 3813 1791 3880 duritia,

205 3900 356 3966 quasi
392 3898 670 3953 demersos
722 3916 1043 3971 mensesque
1077 3904 1392 3959 transferre.
1450 3907 1592 3961 Oves
1634 3908 1795 3962 etiam

207 3990 593 4058 jocundissime
614 4007 847 4060 agnosco
868 3994 1124 4047 detonsas
1142 3996 1395 4049 oneribus
1420 3998 1794 4065 saecularibus,

217 4090 471 4148 tanquam
502 4082 788 4136 velleribus
820 4084 1026 4150 positis,
1075 4096 1125 4139 et
1156 4088 1507 4143 ascendentes
1548 4090 1614 4143 de
1644 4090 1800 4143 lava-

211 4188 329 4238 cro,
363 4173 413 4227 id
443 4185 524 4228 est
571 4174 636 4229 de
676 4175 1027 4242 baptismate,
1076 4193 1265 4232 creare
1310 4195 1497 4235 omnes
1528 4183 1793 4251 geminos,

208 4264 318 4318 duo
371 4274 636 4333 praecepta
688 4265 1012 4330 dilectionis,
1056 4278 1111 4323 et
1150 4270 1349 4324 nullam
1404 4288 1525 4327 esse
1578 4275 1644 4327 ah
1694 4276 1798 4331 isto

206 4365 397 4411 sancto
439 4355 611 4412 fructu
644 4357 880 4411 sterilem
921 4358 1101 4413 video.
1136 4360 1239 4413 Sed
1282 4377 1447 4430 quare
1480 4366 1694 4418 suavius
1724 4366 1799 4419 vi-

206 4451 389 4519 deam,
421 4466 578 4519 quam
609 4450 654 4506 si
685 4452 826 4504 nulla
853 4450 918 4507 de
948 4452 1141 4507 divinis
1174 4453 1323 4508 libris
1353 4456 1470 4509 talis
1500 4456 1796 4514 similitudo

207 4553 573 4611 promeretur,
606 4560 724 4597 cum
760 4559 845 4597 res
886 4544 1073 4599 eadem
1107 4546 1176 4600 sit
1206 4546 1503 4616 cadentque
1538 4550 1793 4619 cognitio,

203 4634 429 4687 difficile
464 4646 545 4689 est
574 4636 777 4702 dicere,
812 4646 866 4691 et
904 4638 1005 4691 alia
1037 4640 1265 4707 quaestio
1294 4648 1395 4695 est.
1431 4640 1580 4695 Nunc
1617 4652 1795 4697 tamen

1899 3434 2043 3489 tione
2070 3435 2364 3505 frangatur.

2432 3547 2659 3602 CAPUT
2700 3548 2949 3605 CCLXII.

1898 3640 1976 3695 De
2004 3641 2161 3719 signis
2192 3642 2436 3719 prepriis_
2463 3653 2509 3696 et
2553 3644 2815 3697 translatis
2840 3662 3019 3719 agens,
3052 3647 3139 3700 dat
3170 3650 3481 3719 exemplum,

1970 3714 2107 3779 quod
2146 3713 2231 3765 bos
2262 3713 2467 3791 proprie
2498 3731 2650 3791 pecus
2686 3713 2932 3772 translate
2965 3713 3485 3791 Evangelista'moul

1972 3792 2159 3838 stretur
2179 3801 2196 3849 ;
2228 3800 2291 3838 ea:
2310 3784 2484 3839 eodem
2500 3784 2666 3841 libro.

1974 3897 2188 3952 Duabus
2227 3908 2403 3953 autem
2444 3903 2619 3957 causis
2648 3918 2752 3957 non
2784 3903 3157 3977 intelliguntur
3198 3924 3321 3977 qua:
3349 3910 3486 3965 scri-

1900 4004 1989 4061 pta
2022 4003 2164 4057 sunt,
2196 3994 2239 4046 si
2270 4002 2361 4047 aut
2388 3995 2583 4063 ignotis
2613 4006 2703 4050 aut
2733 3999 2998 4069 ambiguis
3029 4002 3199 4070 signis
3226 4002 3486 4071 obtegun-

1903 4094 2012 4139 tur.
2055 4086 2192 4141 Sunt
2244 4096 2423 4141 autem
2474 4088 2625 4155 signa
2657 4090 2740 4144 vel
2788 4093 3026 4161 propria,
3069 4093 3151 4147 vel
3184 4095 3486 4148 translata:

1902 4179 2119 4248 propria
2167 4178 2437 4245 dicuntur,
2465 4195 2587 4234 cum
2624 4181 2706 4235 his
2751 4184 2910 4239 rebus
2945 4185 3312 4256 significandis
3339 4184 3488 4238 adhi.

1904 4270 2116 4335 bentur,
2146 4281 2364 4341 propter
2394 4287 2526 4341 quas
2553 4282 2676 4328 sunt
2708 4275 2945 4331 instituta
2980 4294 2995 4331 :
3026 4278 3161 4332 sicut
3202 4292 3323 4331 cum
3356 4277 3487 4331 dici~

1906 4381 2023 4419 mus
2053 4366 2265 4433 bovem,
2308 4365 2655 4437 intelligimus
2688 4375 2873 4439 pec'us,
2905 4372 3046 4442 quod
3089 4388 3279 4429 omnes
3309 4372 3487 4428 nobis«

1904 4470 2025 4510 eum
2075 4457 2279 4512 Latina:
2319 4458 2511 4530 lingua:
2568 4461 2813 4518 homines
2864 4464 2966 4519 hoc
3014 4466 3235 4520 nomine
3273 4479 3486 4523 vocant.

1903 4549 2179 4604 Translata
2214 4562 2357 4619 sunt,
2390 4567 2508 4607 cum
2539 4562 2593 4609 et
2616 4554 2746 4624 ipsae
2775 4570 2864 4610 res
2886 4572 3016 4626 quas
3047 4559 3277 4627 propriis
3306 4561 3485 4616 verbis

1906 4645 2291 4712 significamus,
2334 4645 2399 4699 ad
2450 4647 2651 4717 aliquid
2702 4646 2847 4703 aliud
2883 4649 3290 4720 significandum
3339 4669 3487 4708 usur.

202 4741 369 4781 nemo
399 4726 641 4798 ambigit,
673 4740 724 4782 et
752 4744 849 4799 per
883 4730 1259 4785 similitudines
1284 4733 1533 4788 libentius
1572 4751 1798 4806 quaeque
1830 4710 1882 4771 D
1911 4710 2102 4804 patitur
2130 4756 2142 4791 :
2171 4738 2311 4793 sicut
2337 4710 2565 4794 dicimus
2589 4740 2806 4807 bovem,
2837 4750 2893 4796 et
2916 4710 3010 4812 per
3042 4743 3139 4798 has
3161 4744 3296 4802 duas
3323 4746 3488 4815 sylla-

200 4821 483 4887 cognosci,
536 4830 738 4875 etcum
788 4821 965 4891 aliqua
996 4825 1306 4880 difficultate
1348 4828 1573 4896 qumsita
1625 4830 1796 4884 multo

198 4912 412 4981 gratius
459 4912 711 4967 inveniri.
753 4914 854 4978 Qui
910 4917 1050 4969 enim
1097 4933 1316 4986 prorsus
1368 4935 1474 4974 non
1514 4921 1795 4976 inveniunt

197 5004 349 5075 quod
378 5014 645 5075 quzerunt,
692 5007 830 5061 fame
861 5006 1105 5063 laborant
1134 5027 1146 5063 :
1178 5011 1267 5079 qui
1294 5022 1473 5067 autem
1496 5029 1601 5069 non
1640 5033 1790 5086 qua:-

197 5106 354 5163 runt,
388 5099 511 5168 quia
544 5100 599 5153 in
632 5107 881 5169 promptu
912 5100 1135 5167 habent,
1166 5101 1381 5158 fastidio
1410 5120 1555 5175 saepe
1582 5123 1790 5164 marce-

196 5197 396 5248 scunt:
429 5191 483 5247 in
514 5201 740 5262 utroque
769 5203 946 5249 autem
978 5194 1202 5265 languor
1231 5196 1501 5251 cavendus
1540 5210 1644 5253 esr.
1678 5200 1790 5254 Ma-

197 5283 398 5353 gnifice
422 5282 582 5355 igitur
608 5292 662 5339 et
700 5286 989 5342 salubriter
1018 5286 1250 5356 Spiritus
1280 5297 1497 5343 sanctus
1532 5289 1602 5344 ita
1640 5289 1791 5345 Scri-

202 5383 391 5445 pturas
442 5383 653 5430 sanctas
702 5376 1076 5447 modificavit,
1134 5386 1193 5432 ut
1259 5378 1390 5434 locis
1428 5381 1791 5450 apertioribus

196 5466 338 5521 fami
361 5478 689 5532 occurreret,
724 5468 1126 5524 obscurioribus
1154 5478 1332 5526 autem
1366 5470 1574 5528 fastidia
1603 5473 1789 5529 deter-

196 5569 357 5631 geret
384 5577 396 5611 :
423 5559 555 5614 nihil
611 5559 755 5613 enim
789 5560 899 5614 fere
947 5560 1014 5615 de
1044 5560 1152 5615 illis
1189 5562 1599 5619 obscuritatibus
1640 5566 1787 5621 erui-

198 5662 317 5717 tur,
364 5651 506 5720 quod
557 5666 662 5706 non
711 5650 1023 5721 planissime
1060 5652 1261 5707 dictum
1306 5655 1433 5709 alibi
1467 5659 1786 5726 reperiatur.

194 5748 345 5803 Ante
374 5744 551 5799 omnia
586 5743 743 5813 igitur
782 5757 916 5813 opus
964 5751 1047 5798 est
1079 5743 1173 5800 Dei
1208 5747 1399 5800 timore
1443 5751 1685 5805 converti
1722 5751 1789 5805 ad

198 5844 638 5916 cognoscendam
669 5845 787 5915 ejus
819 5844 1172 5911 voluntatem,
1207 5846 1333 5917 quid
1357 5848 1509 5903 nobis
1533 5854 1790 5916 appeten-

199 5940 337 5997 dum
359 5939 774 6007 fugiendumque
802 5940 1102 6006 praecipiat.
1139 5938 1320 5999 Timor
1349 5950 1529 6001 autem
1555 5941 1668 6014 iste
1696 5953 1787 5997 co-

1906 4830 2003 4884 bas
2052 4829 2400 4897 intelligimus
2444 4846 2633 4900 pecus,
2668 4833 2810 4901 quod
2841 4834 2943 4888 isto
2986 4836 3202 4891 nomine
3231 4837 3487 4907 appellari

1905 4923 2079 4975 solet:
2114 4922 2207 4975 sed
2242 4936 2429 4976 rursus
2463 4938 2559 4991 per
2590 4924 2717 4977 illud
2750 4940 2913 4993 pecus
2946 4928 3292 4998 intelligimus
3319 4942 3486 4983 evan-

1900 5014 2172 5081 gelistam,
2205 5028 2365 5082 quem
2404 5015 2731 5083 significavit
2773 5017 3049 5087 Scriptura
3094 5021 3482 5089 interpretante

1904 5106 2162 5173 Apostolo
2209 5104 2477 5179 [dicens]:
2507 5107 2705 5164 Bovem
2758 5110 3105 5165 triturantem
3152 5126 3261 5167 non
3316 5110 3485 5168 infre-

1899 5196 2072 5253 nabis.

2424 5289 2648 5348 CAPUT
2686 5290 2957 5349 CCLXIII.

1900 5403 1978 5457 De
2014 5420 2180 5481 rerum
2209 5406 2527 5481 ignorantia,
2554 5422 2668 5476 qua:
2706 5408 2832 5481 facit
2857 5407 3098 5481 obscuras
3125 5409 3378 5481 ﬁguratas
3407 5413 3459 5467 lo

1970 5477 2224 5555 cutiones,
2253 5494 2368 5555 cum
2414 5478 2713 5547 ignoramus
2756 5478 2832 5531 vel
2877 5477 3201 5555 animaliutit,
3238 5483 3316 5537 vel
3361 5484 3485 5555 lapi-

1970 5548 2117 5614 dum,
2149 5550 2224 5600 vel
2252 5548 2522 5602 herbarum
2547 5557 2786 5613 naturas;
2815 5565 2878 5603 ea:
2905 5551 3083 5605 eodem
3119 5553 3268 5609 libro.

1969 5660 2169 5715 Rerum
2213 5669 2394 5715 autem
2436 5661 2739 5730 ignorantia
2785 5661 2911 5719 facit
2941 5665 3196 5725 obscuras
3232 5669 3486 5741 figuratas

1896 5751 2215 5817 locutiones,
2249 5766 2368 5807 cum
2402 5752 2717 5822 ignoramus
2760 5754 2843 5810 vel
2882 5755 3262 5827 animantium,
3294 5762 3375 5816 vel
3404 5762 3481 5818 la.

1897 5848 2100 5918 pidum,
2132 5849 2213 5903 vel
2239 5848 2524 5904 herbarum
2556 5857 2794 5918 naturas,
2824 5851 3123 5909 aliarumve
3152 5869 3330 5911 rerum
3363 5874 3483 5928 qua

1894 5940 2211 6013 plerumque
2239 5938 2295 6001 in
2320 5940 2618 6013 Scripturis
2642 5943 3015 6005 similitudinis
3050 5947 3274 6020 alicujus
3305 5952 3477 6019 gratia
