3986 6382
561 429 669 487 θιτ

1651 431 1713 486 D.
1756 428 2079 488 EUGYPPI!
2116 431 2407 490 ABBATIS
2444 432 2765 491 AFRICANI
3721 440 3802 499 9η

560 555 857 618 ponuntur.
907 545 1038 601 Nam
1066 552 1123 600 et
1149 542 1219 599 de
1248 552 1500 613 serpente
1529 543 1671 613 quod
1713 550 1897 599 notum
1930 553 2032 608 est,
2066 553 2148 598 to-
2174 551 2226 609 Α
2251 552 2371 615 pter
2398 545 2561 601 vitam
2594 557 2648 601 et
2673 560 2905 618 corpus;
2952 561 3075 603 nam
3102 557 3159 605 et
3185 551 3241 605 in
3267 548 3355 605 illa
3385 551 3489 605 tria
3522 561 3665 620 sunt,
3690 555 3803 612 Iade

495 642 502 675 ί
560 654 677 699 tum
727 655 921 712 corpus
967 654 1087 696 eum
1147 653 1246 710 pro
1303 638 1479 706 capite
1531 638 1765 709 objicere
1810 638 2147 705 ferientibus,

562 747 817 811 quantum
849 736 1077 791 illustrat
1104 747 1322 789 sensum
1357 733 1505 787 illum
1531 732 1670 801 quod
1696 732 2144 803 Dominusjubet,

562 843 770 889 astutos
802 846 898 886 nos
937 845 1057 886 esse
1089 830 1229 883 sicut
1255 836 1537 897 serpentes
1567 840 1662 882 :ut
1687 827 1894 884 scilicet
1931 842 2024 897 pro
2050 842 2143 881 ca-

560 928 672 1001 pite
694 934 900 991 nostro,
935 922 1076 994 quod
1110 930 1192 978 est
1230 921 1498 986 Christus,
1533 935 1728 990 corpus
1758 923 1933 991 potius
1961 936 2148 993 perse-

555 1021 841 1093 quentibus
886 1018 1193 1087 offeramus,
1253 1033 1320 1074 ne
1370 1017 1503 1073 fides
1538 1016 1842 1073 Christiana
1890 1026 2142 1090 tanquam

554 1122 779 1183 negetur
822 1112 1099 1187 [tanquam
1130 1121 1290 1183 caput
1340 1108 1585 1185 necetur]
1633 1112 1686 1168 in
1722 1111 1896 1180 nobis,
1941 1112 1986 1165 si
2019 1127 2143 1182 par-

552 1215 737 1261 centes
786 1205 998 1274 corpori
1040 1218 1295 1275 negemus
1322 1203 1492 1258 Deum
1522 1205 1534 1257 !
1568 1203 1662 1259 Vel
1698 1203 1831 1258 illud
1860 1204 2003 1275 quod
2046 1220 2144 1275 per

552 1313 800 1355 caverntc
823 1300 1096 1369 angustias
1117 1307 1444 1363 coarctatus,
1471 1297 1715 1367 deposita
1733 1306 1915 1353 vetere
1938 1300 2139 1366 tunica,

550 1393 697 1447 vires
746 1407 914 1447 novas
946 1391 1193 1459 accipere
1232 1390 1449 1459 dicitur,
1491 1398 1748 1466 quantum
1804 1390 2037 1445 concinit
2075 1391 2141 1446 ad

550 1483 865 1539 imitandam
910 1480 1123 1557 [ipsius]
1154 1482 1426 1553 serpentis
1474 1485 1751 1549 astutiam,
1800 1483 2136 1540 exuendum-

547 1593 651 1647 que
679 1578 852 1649 ipsum
881 1587 1117 1631 veterem
1144 1575 1440 1644 hominem,
1474 1575 1612 1630 sicut
1644 1576 1937 1646 Apostolus
1970 1577 2131 1644 dicit,
2198 1648 2203 1651 _

546 1681 606 1724 ut
641 1668 925 1724 induamur
968 1681 1129 1733 novo,
1161 1674 1215 1721 et
1246 1665 1549 1721 exuendam
1584 1681 1681 1737 per
1721 1668 2017 1738 angustias,
2053 1669 2138 1724 di-

545 1772 702 1821 cente
758 1761 1247 1820 Dominozlntrate
1300 1777 1395 1831 per
1441 1770 1720 1833 angustam
1773 1764 2028 1835 portam!
2072 1763 2138 1821 Ut

544 1874 674 1929 ergo
706 1858 898 1913 notitia
929 1867 1136 1912 naturae
1162 1858 1431 1927 serpentis
1463 1858 1693 1912 illustrat
1725 1857 1923 1914 multas
1954 1859 2137 1914 simili-

2252 636 2412 691 etiam
2437 645 2551 692 toto
2580 639 2760 705 corde,
2795 647 2905 695 tota
2936 640 3135 707 anima,
3189 650 3294 697 tota
3326 650 3517 700 mente
3545 644 3801 716 diligeadtu

2252 738 2335 785 est
2360 730 2499 788 Deus
2524 750 2538 786 :
2571 733 2625 788 in
2655 748 2883 805 corpore
2907 745 3107 803 autem,
3150 738 3589 794 manifestissima
3616 751 3800 811 quatuor

2248 834 2531 893 apparent,
2562 828 2755 898 quibus
2786 837 3019 898 constat,
3049 830 3335 886 elementa.
3366 832 3423 886 ln
3457 834 3562 888 hoc
3594 850 3708 907 ergo
3733 839 3799 892 de-

2248 917 2422 985 nario,
2448 918 2573 974 dum
2603 922 2972 992 temporaliter
2994 924 3148 981 nobis
3175 925 3502 990 insinuatur,
3530 927 3580 981 id
3602 936 3674 983 est
3696 946 3796 999 qna-

2248 1018 2330 1066 ter
2358 1012 2592 1082 ducitur,
2627 1024 2777 1073 caste
2806 1026 2857 1072 et
2889 1019 3227 1074 continenter
3257 1034 3285 1073 a
3326 1021 3696 1088 temporalium
3722 1022 3797 1077 dc-

2247 1103 2531 1163 lectatione
2557 1110 2760 1175 vivere,
2809 1110 2917 1167 hoc
2961 1121 3045 1167 est
3088 1113 3445 1182 quadraginta
3477 1114 3658 1170 diebus
3691 1115 3794 1185 jeju-

2245 1212 2376 1255 nare
2398 1199 2752 1274 [monemur]:
2783 1203 2885 1258 hoc
2906 1202 2988 1259 lex
3013 1205 3164 1273 cuius
3187 1220 3419 1274 persona
3453 1214 3539 1260 est
3563 1206 3614 1260 in
3637 1207 3790 1276 Moyse,

2246 1287 2347 1343 hoc
2390 1292 2667 1360 prophetia
2715 1292 2871 1363 cujus
2915 1308 3201 1363 personam
3243 1296 3384 1364 gerit
3436 1295 3601 1360 Eiias,
3642 1296 3729 1351 hoc
3756 1308 3791 1353 et

2246 1377 2403 1452 [ipse]
2437 1381 2693 1438 Dominus
2726 1392 2930 1449 monet,
2958 1384 3047 1453 qui
3079 1394 3331 1455 tanquam
3356 1386 3790 1441 testimonitush-

2243 1472 2375 1530 bens
2403 1489 2467 1530 ex
2498 1475 2613 1546 lege
2642 1486 2697 1532 et
2721 1478 3023 1549 prophetis,
3058 1478 3265 1537 medius
3289 1479 3441 1534 inter
3473 1479 3587 1533 illos
3610 1480 3655 1533 in
3681 1495 3786 1534 mon-

2246 1574 2320 1635 te,
2377 1569 2547 1625 tribus
2594 1570 2874 1641 discipulis
2922 1570 3231 1629 videntibus
3274 1580 3446 1642 atque
3486 1573 3783 1642 stupentibus,

2241 1660 2454 1717 claruit.
2505 1662 2707 1718 Deinde
2750 1665 3009 1734 quaeritur
3040 1663 3311 1734 quonme
3352 1664 3784 1735 quinquagenarias

2240 1753 2307 1810 de
2350 1754 2779 1828 quadragenario
2814 1772 3042 1814 numero
3093 1758 3290 1813 existat
3314 1798 3331 1823 ,
3375 1759 3480 1829 qui
3512 1774 3606 1813 non
3632 1759 3782 1813 rnedio-

2240 1847 2408 1903 criter
2439 1848 2493 1903 in
2523 1858 2703 1904 nostra
2736 1850 2995 1921 religione
3021 1862 3263 1907 sacratus
3292 1860 3378 1906 est
3409 1862 3621 1923 propter
3637 1852 3773 1907 Pente-

544 1955 758 2011 tudines
785 1970 903 2025 quae
934 1952 1112 2026 [quas]
1144 1952 1211 2007 de
1237 1954 1337 2007 hoc
1375 1952 1649 2008 animante
1694 1953 1969 2023 Scriptura
2002 1954 2124 2009 dare

2243 1942 2469 1995 costen?
2490 1950 2541 1995 et
2564 1943 2841 2012 quomodo
2872 1952 2955 1998 ter
2981 1943 3175 1997 ductus
3203 1954 3430 2013 propter
3458 1945 3557 1998 tria
3576 1955 3771 2013 impun,

544 2048 849 2116 consuevit,
906 2046 984 2101 sic
1026 2045 1322 2115 ignorantia
1376 2047 1751 2101 nonnullorum
1795 2047 2129 2113 animalium,

543 2158 664 2214 quae
696 2157 804 2197 non
845 2142 1021 2197 minus
1052 2156 1149 2211 per
1173 2140 1555 2196 similitudines
1586 2150 2002 2210 commemorat,
2033 2142 2133 2197 im-

541 2236 687 2305 pedit
718 2234 1009 2305 plurimum
1048 2234 1436 2289 intellectorem
1464 2251 1478 2287 :
1506 2232 1580 2289 sic
1609 2234 1871 2305 lapidum,
1903 2236 1981 2290 sic
2011 2234 2135 2291 her-

540 2330 753 2396 barum,
786 2330 869 2385 vel
902 2344 1127 2400 quzeque
1155 2326 1533 2403 [quaecunque]
1558 2335 1810 2383 tenentur
1836 2328 2127 2384 radicibus.

539 2422 673 2478 Nam
714 2430 770 2478 et
822 2420 1133 2477 carbunculi
1189 2418 1399 2484 notitia,
1427 2418 1569 2488 quod
1613 2419 1756 2475 lucet
1802 2418 1853 2474 in
1896 2420 2133 2476 tenebris

539 2515 707 2573 multa
738 2513 1010 2569 illuminat
1038 2513 1202 2569 etiam
1232 2513 1459 2568 obscura
1492 2512 1784 2582 librorum,
1827 2514 2129 2585 ubicunque

539 2617 763 2681 propter
784 2606 1191 2663 similitudinem
1235 2607 1489 2677 ponitur:
1522 2617 1577 2664 et
1606 2608 1907 2681 ignorantia
1938 2610 2127 2682 berylli

540 2704 625 2759 vel
650 2702 955 2758 adamantis
982 2701 1183 2757 claudit
1212 2701 1530 2773 plerumque
1560 2700 1936 2772 intelligentiae
1960 2703 2126 2759 fores.

537 2793 647 2850 Nec
677 2791 833 2848 aliam
880 2793 949 2849 ob
1003 2807 1221 2848 causam
1255 2792 1412 2847 facile
1460 2800 1546 2848 est
1577 2794 1905 2866 intelligere,
1940 2810 2124 2865 pacem

535 2897 852 2958 perpetuam
877 2887 1165 2959 significari
1193 2888 1327 2942 oleae
1356 2889 1586 2955 ramulo,
1620 2904 1780 2959 quem
1818 2890 2036 2946 rediens
2062 2892 2126 2945 ad

536 2996 718 3036 aream
750 2982 999 3036 columba
1036 2982 1277 3051 pertulit,
1325 2982 1427 3037 nisi
1456 2983 1580 3054 quia
1627 2987 1891 3048 novimus,
1927 2994 1981 3040 et
2020 2985 2126 3041 olei

537 3072 716 3127 lenem
742 3082 1050 3128 contactum
1068 3088 1176 3128 non
1202 3073 1357 3129 facile
1378 3075 1557 3130 alieno
1581 3075 1807 3130 humore
1829 3078 2123 3148 corrumpi,

537 3176 592 3221 et
620 3166 869 3223 arborem
912 3166 1083 3235 ipsam
1116 3166 1369 3223 frondere
1403 3170 1729 3237 perenniter.
1768 3170 1914 3224 Multi
1947 3180 2125 3226 autem

535 3269 761 3332 propter
815 3261 1173 3332 ignorantiam
1221 3261 1462 3332 hyssopi,
1511 3262 1635 3317 dum
1686 3262 1933 3320 nesciunt
1962 3280 2121 3337 quam

2239 2039 2364 2086 ante
2394 2033 2588 2103 legem,
2621 2034 2723 2090 sub
2754 2036 2891 2105 lege,
2924 2036 3026 2089 sub
3051 2036 3245 2105 gratia,
3279 2035 3367 2090 vel
3398 2046 3607 2105 propter
3628 2050 3775 2090 nomen

2238 2125 2435 2198 Patris,
2464 2138 2517 2184 et
2559 2129 2704 2196 Filii,
2730 2141 2781 2185 et
2814 2130 3044 2200 Spiritus
3074 2129 3270 2194 sancti,
3301 2129 3550 2198 adium-ta
3579 2130 3775 2185 eminea-

2210 2225 2342 2284 -tius
2366 2223 2481 2293 ipsa
2512 2224 2797 2288 Trinitate,
2828 2224 2893 2279 ad
2928 2225 3326 2292 purgatissima
3357 2226 3588 2281 Ecclesia
3608 2235 3777 2294 myste-

2242 2315 2383 2370 rium
2416 2317 2721 2371 referatur?
2762 2317 3144 2387 perveniatque
3193 2317 3260 2371 ad
3311 2327 3507 2372 ceruum
3546 2316 3772 2385 quinqua-

2235 2409 2380 2479 ginta
2413 2417 2520 2465 tres
2559 2410 2750 2479 pisces,
2791 2425 2927 2481 quos
2978 2411 3109 2465 retia
3133 2452 3147 2477 ,
3208 2420 3333 2481 post
3378 2410 3774 2465 resurrectionem

2240 2501 2471 2569 Domini,
2526 2503 2578 2558 in
2626 2503 2905 2559 dexteram
2955 2511 3163 2573 partem
3213 2505 3377 2558 missa
3422 2500 3774 2573 empernntJta

2234 2596 2420 2649 multis
2452 2596 2571 2651 aliis
2606 2604 2771 2667 atque
2803 2596 2922 2651 aliis
2955 2610 3303 2652 numerorum
3336 2596 3543 2662 formis,
3578 2596 3768 2667 quadam

2236 2689 2646 2745 similitudinum
2674 2692 2727 2745 in
2749 2691 2955 2748 sanctis
2982 2691 3135 2746 libris
3160 2701 3377 2748 secreta
3404 2702 3655 2761 ponuntur,
3675 2703 3765 2758 qua

2235 2791 2456 2850 propter
2506 2795 2851 2837 numerorum
2911 2782 3237 2849 imperitiam
3293 2783 3579 2855 legentibus
3616 2780 3753 2837 dum

2234 2880 2381 2926 sunt.

2771 2943 2999 3002 CAPUT
3040 2942 3294 3002 CCLXV.

2306 3054 2385 3113 De
2407 3074 2578 3113 rerum
2605 3059 2920 3115 musicorum
2945 3061 3284 3132 ignorantia;
3315 3077 3385 3116 es
3411 3062 3574 3118 eodem
3594 3057 3712 3114 fibra.

2305 3170 2419 3227 Non
2456 3188 2621 3242 pauca
2652 3176 2815 3230 etiam
2847 3175 3045 3230 claudit
3087 3186 3251 3245 atque
3293 3176 3502 3247 obtegit
3545 3172 3754 3228 nonnulla

2232 3280 2351 3320 rum
2403 3281 2582 3322 rerum
2631 3268 2957 3324 musicarum
2992 3269 3312 3339 ignorantia.
3350 3270 3485 3324 Nam
3513 3268 3647 3325 etde
3672 3264 3762 3337 pani

534 3331 640 3408 vim
674 3331 889 3419 habeat,
925 3354 1008 3409 vel
1056 3352 1122 3407 ad
1156 3352 1485 3425 purgandum
1540 3354 1871 3424 pulmonem,
1920 3331 2026 3422 vel,
2069 3366 2124 3413 ut
2150 3331 2201 3396 δ
2237 3360 2355 3415 terii
2389 3371 2443 3417 et
2471 3362 2695 3418 citharas
2734 3331 3039 3420 differentia
3088 3365 3307 3436 quidem
3354 3380 3463 3421 non
3511 3331 3768 3420 inconcinne

532 3446 749 3514 dicitur,
779 3446 845 3501 ad
876 3460 1002 3501 saxa
1034 3446 1306 3500 radicibus
1334 3446 1681 3515 penetranda,
1709 3461 1830 3502 cum
1862 3447 1929 3502 sit
1958 3448 2121 3504 herba

532 3540 715 3596 brevis
745 3549 907 3611 atque
939 3538 1182 3608 humilis,
1225 3540 1447 3595 omnino
1473 3539 1718 3597 invenire
1760 3557 1868 3596 non
1900 3550 2125 3612 possunt

532 3652 698 3707 quare
737 3638 806 3693 sit
846 3637 1051 3694 dictum
1083 3638 1389 3710 :Asperges
1429 3654 1516 3695 me
1566 3639 1822 3711 hyssopo,
1871 3649 1924 3699 et
1964 3656 2123 3697 mun-

532 3729 722 3788 dabor.

993 3844 1096 3917 (.7
1137 3843 1362 3901 CAPUT
1401 3844 1669 3902 CCLXIV.

530 3938 609 3997 De
629 3954 958 3995 numerorum
983 3940 1261 4011 imperitia,
1280 3957 1416 4017 quin
1425 3940 1593 4017 multa
1615 3941 1741 4011 facit
1760 3957 1859 3998 non
1883 3942 2121 4017 intelligi;

1101 4028 1167 4066 ea:
1193 4012 1371 4067 eodem
1399 4012 1550 4068 libro.

598 4124 955 4180 Numerorum
986 4124 1147 4181 etiam
1176 4124 1444 4196 imperitia
1470 4126 1635 4182 multa
1668 4125 1795 4181 facit
1824 4142 1931 4182 non
1964 4127 2122 4183 intel-

524 4220 616 4292 ligi
646 4222 904 4279 translate
929 4236 993 4277 ac
1030 4223 1257 4294 mystice
1306 4224 1474 4292 posita
1518 4224 1575 4277 in
1616 4221 1931 4293 Scripturis.
1975 4223 2122 4293 lnge-

524 4315 674 4371 nium
705 4318 933 4388 quippe,
975 4327 1033 4373 ut
1064 4316 1140 4372 ita
1170 4316 1420 4387 dixerim,
1465 4318 1752 4389 ingenuum
1797 4334 1904 4374 non
1946 4327 2122 4387 potest

524 4424 636 4464 non
663 4409 868 4465 moveri
907 4410 1034 4480 quid
1071 4408 1170 4465 sibi
1212 4409 1339 4465 velit
1371 4409 1513 4480 quod
1553 4418 1607 4464 et
1641 4410 1853 4481 Moyses
1886 4417 1941 4466 et
1972 4410 2121 4469 Elias

524 4509 579 4556 et
620 4499 733 4571 ipse
778 4500 1038 4561 Dominus
1085 4501 1437 4573 quadraginta
1488 4502 1676 4558 diebus
1713 4503 2118 4574 jejunaverunt,

523 4592 679 4663 cujus
701 4594 928 4651 actionis
956 4595 1216 4666 figuratus
1243 4596 1460 4665 quidam
1488 4595 1681 4666 nodus,
1707 4596 1805 4650 nisi
1834 4595 2000 4664 hujus
2023 4612 2121 4651 nu-

522 4685 661 4739 meri
680 4684 987 4753 cognitione
1002 4695 1058 4742 et
1084 4686 1521 4743 consideratione
1547 4702 1653 4741 non
1676 4688 1933 4742 solvitur:
1957 4688 2119 4743 habet

520 4777 666 4831 enim
691 4776 971 4833 denarium
999 4789 1191 4849 quater
1216 4790 1468 4850 tanquam
1487 4778 1846 4850 cognitionem
1874 4780 2110 4836 omnium

517 4886 699 4927 rerum
748 4871 1007 4926 intextam
1064 4873 1416 4941 temporibus.
1475 4871 1827 4940 Quaternario
1880 4887 2115 4943 namque

518 4957 764 5036 [quippe]
807 4976 1053 5030 numero,
1086 4970 1144 5018 et
1161 4963 1376 5031 diurna,
1406 4973 1460 5020 et
1486 4979 1661 5018 annua
1692 4963 1959 5020 curricula
1990 4980 2114 5035 per-

515 5066 783 5127 aguntur:
812 5055 1024 5121 diurna,
1050 5059 1327 5112 matutinis
1346 5066 1403 5113 et
1427 5057 1764 5124 meridianis,
1787 5059 2111 5127 vespertinis

516 5152 904 5223 nocturnisque
948 5151 1201 5207 horarum
1240 5152 1458 5220 spatiis;
1504 5167 1700 5218 annua,
1730 5152 1931 5218 vernis,
1960 5152 2107 5208 testi-

516 5246 631 5314 vis,
666 5245 1070 5301 autumnalibus
1098 5244 1525 5315 hiemalibusque
1560 5244 1856 5301 mensibus.
1890 5244 1934 5298 A
1980 5254 2112 5299 tem-

513 5354 703 5411 porum
737 5347 918 5395 autem
949 5338 1330 5406 delectatione,
1374 5338 1499 5392 dum
1539 5337 1591 5393 in
1625 5336 1952 5407 temporibus
1984 5336 2113 5391 vivi-

513 5449 656 5503 mus,
689 5444 911 5506 propter
940 5436 1325 5499 :eternitatem,
1371 5433 1424 5488 in
1461 5447 1564 5503 qua
1613 5431 1800 5488 vivere
1840 5432 2108 5495 volumus,

512 5528 893 5584 abstinendum
921 5534 979 5582 et
1002 5527 1353 5596 ieiunandum
1381 5532 1500 5580 est:
1533 5523 1781 5593 quamvis
1805 5531 2108 5593 temporum

513 5620 764 5681 cursibus
796 5622 909 5689 ipsa
955 5619 1113 5674 nobis
1154 5618 1455 5674 insinuetur
1485 5615 1726 5671 doctrina
1758 5625 2109 5671 contemnen-

515 5714 706 5767 dorum
723 5721 1025 5781 temporum
1051 5718 1106 5767 et
1131 5708 1553 5778 appetendorum
1575 5713 1921 5761 aeternorum.
1938 5705 2107 5761 Porro

515 5817 696 5861 autem
743 5804 995 5862 denarius
1043 5815 1302 5861 numerus
1348 5799 1623 5856 Creatoris
1661 5805 1819 5869 atque
1846 5808 2105 5855 creaturas

510 5897 781 5970 significat
828 5897 1131 5953 scientiam.
1199 5894 1334 5951 Nam
1388 5893 1626 5953 Trinitas
1673 5892 1945 5949 Creatoris
1997 5900 2099 5959 est,

514 5989 857 6065 septenarius
884 5996 1059 6049 autem
1088 6001 1348 6045 numerus
1376 5995 1677 6059 creaturam
1706 5986 1925 6056 indicat,
1976 6000 2102 6058 pro-

2233 3454 2441 3524 aiiquas
2472 3472 2648 3511 rerum
2680 3456 2877 3529 figuras
2916 3459 3153 3529 aperuit,
3201 3466 3255 3515 et
3283 3459 3472 3514 decem
3501 3458 3774 3514 chordarum

2230 3548 2567 3619 psalterium,
2613 3566 2718 3605 non
2769 3553 3073 3621 importune
3124 3552 3264 3606 inter
3313 3552 3497 3608 doctos
3544 3553 3777 3623 queritur,

2230 3651 2410 3697 utrum
2446 3642 2639 3698 habeat
2669 3644 2901 3716 aliquam
2940 3646 3158 3701 musicae
3187 3646 3381 3717 legent,
3425 3660 3542 3714 qua!
3588 3645 3651 3699 ad
3688 3655 3783 3698 tan-

2231 3748 2342 3793 tum
2376 3753 2664 3794 nervorum
2702 3753 2984 3794 numerum
3027 3752 3204 3810 cogat.
3237 3740 3313 3795 Au
3348 3754 3463 3795 vero
3493 3740 3541 3791 si
3568 3754 3674 3793 non
3706 3738 3787 3791 ha-

2229 3832 2339 3897 bet,
2374 3846 2439 3887 eo
2469 3832 2585 3902 ipso
2614 3834 2782 3904 magis
2813 3842 3021 3887 sacrate
3048 3833 3373 3905 accipiendos
3412 3831 3477 3885 sit
3524 3830 3641 3899 ipse
3692 3845 3791 3886 nu-

2231 3938 2431 3989 merus,
2463 3925 2545 3979 vel
2584 3934 2806 3994 propter
2837 3923 3152 3995 decalogum
3203 3925 3340 3995 legis.
3386 3922 3457 3977 De
3505 3936 3613 3992 quo
3667 3923 3793 3976 item

2229 4030 2457 4072 numero
2485 4018 2530 4071 si
2560 4026 2852 4087 qumratur,
2888 4032 2993 4071 non
3024 4018 3126 4072 nisi
3157 4018 3223 4072 ad
3256 4016 3555 4072 Creatorem
3599 4023 3795 4070 creatu-

2228 4124 2452 4181 ramque
2481 4108 2797 4165 referendus
2827 4116 2929 4176 est,
2962 4109 3045 4163 vel
3076 4120 3298 4179 pr0pter
3329 4108 3571 4179 superius
3602 4106 3795 4174 exposi-

2230 4211 2337 4256 tmn
2374 4203 2545 4272 ipsum
2578 4202 2872 4258 denarium.
2911 4202 2979 4257 Et
3014 4202 3105 4258 ille
3148 4219 3406 4259 numerus
3452 4202 3793 4258 aadificationls

2230 4293 2432 4362 templi,
2469 4295 2709 4364 quicum
2759 4304 3085 4349 memoratur
3128 4294 3179 4350 in
3223 4292 3552 4369 Evangelio,
3598 4295 3790 4366 quadra-

2227 4387 2375 4457 ginta
2406 4388 2613 4444 scilicet
2638 4398 2691 4443 et
2716 4403 2806 4445 sex
2840 4402 3125 4455 annorum,
3170 4390 3357 4447 nescio
3395 4392 3531 4462 quid
3573 4390 3787 4447 musicum

2227 4490 2404 4547 sonat,
2427 4492 2481 4536 et
2503 4483 2706 4537 relatus
2732 4483 2798 4537 ad
2827 4481 3081 4537 fabricam
3118 4483 3379 4539 Dominici
3412 4486 3653 4554 corporis
3668 4476 3778 4549 (pm-

2227 4584 2346 4643 pter
2375 4590 2534 4643 quam
2568 4576 2751 4644 templi
2776 4576 2978 4629 mentio
3007 4575 3145 4629 facta
3175 4578 3306 4645 est),
3348 4581 3515 4649 cogit
3553 4572 3775 4634 nonnullus

2229 4668 2508 4724 haereticos
2533 4668 2779 4725 confiteri
2811 4668 3003 4724 Filium
3034 4669 3146 4735 Dei,
3178 4684 3281 4724 non
3313 4669 3464 4727 falso
3500 4674 3598 4729 sed
3623 4684 3722 4724 vero
3750 4674 3789 4718 et

2226 4758 2460 4815 hmnano
2489 4775 2714 4829 corpore
2768 4760 3029 4815 indutum.
3078 4761 3143 4816 Et
3187 4770 3489 4817 numerum
3548 4764 3727 4834 quippe
3758 4767 3799 4812 et

2226 4855 2484 4908 musicam
2516 4854 2785 4925 plerisque
2816 4853 2945 4908 locis
2974 4853 3025 4908 in
3058 4854 3224 4908 sacris
3255 4853 3577 4922 Scripturis
3614 4857 3803 4909 boum

2222 4946 2401 5003 biliter
2423 4949 2593 5015 posita
2625 4947 2960 5012 invenimus;
2986 4962 3091 5001 non
3122 4947 3261 5001 enim
3289 4946 3576 5005 audiendi
3607 4958 3725 5006 sunt
3745 4960 3806 5002 er

2222 5054 2374 5095 rores
2411 5039 2689 5107 gentilium
2724 5038 3164 5109 superstitionum
3186 5080 3201 5106 ,
3236 5040 3327 5110 qui
3359 5056 3590 5100 novem
3625 5044 3809 5107 Musas,

2219 5134 2368 5191 lovis
2396 5144 2450 5189 et
2480 5134 2749 5190 Memoria:
2784 5133 2918 5188 filias
2966 5148 3088 5189 esse
3134 5135 3453 5191 finxerunt:
3518 5137 3815 5194 refellitens

2220 5227 2421 5295 Varro,
2454 5244 2558 5298 quo
2588 5228 2771 5283 nescio
2802 5237 2979 5281 utrum
3009 5227 3148 5295 apud
3178 5242 3272 5283 eos
3294 5227 3618 5302 quisquam
3662 5230 3816 5286 tabum

2220 5337 2400 5377 rerum
2429 5320 2635 5375 doctior
2666 5320 2746 5375 vel
2773 5318 3041 5376 curiosior
3069 5334 3189 5375 esse
3237 5319 3441 5389 possit.
3512 5322 3663 5379 Dicit
3706 5320 3821 5378 enim

2220 5417 2485 5473 civitatem
2514 5414 2690 5469 nescio
2717 5429 2898 5486 quam,
2931 5429 3034 5469 non
3066 5414 3209 5468 enim
3250 5428 3465 5470 nomen
3502 5419 3725 5480 recolo,
3767 5416 3827 5468 l0—

2218 5522 2372 5563 casse
2417 5507 2551 5577 apud
2584 5517 2691 5561 tres
2723 5505 2955 5561 artifices
3006 5512 3155 5560 terna
3192 5504 3505 5563 simulacra
3545 5510 3832 5571 Musarum.

2219 5618 2339 5673 qua:
2369 5602 2420 5656 in
2454 5600 2653 5671 templo
2677 5600 2943 5669 Apollinis
2972 5599 3169 5656 donum
3200 5611 3466 5674 poneret,
3512 5618 3583 5661 ut
3612 5604 3835 5678 quisquis

2216 5695 2478 5751 artificum
2516 5692 2820 5766 pulchriora
2880 5693 3194 5757 formasset,
3240 5693 3308 5747 ab
3348 5692 3452 5750 illo
3493 5699 3835 5769 potissimus:

2215 5794 2382 5849 electa
2414 5800 2619 5845 emeret
2649 5808 2661 5842 :
2705 5789 2777 5843 ita
2812 5788 3124 5859 contigisse,
3163 5796 3221 5842 ut
3258 5802 3427 5858 opera
3485 5806 3605 5847 sua
3643 5805 3844 5863 quoque

2213 5886 2287 5941 illi
2331 5884 2565 5939 artifices
2611 5898 2761 5955 atque
2796 5881 3012 5955 pulchra
3060 5882 3393 5953 explicarent
3447 5894 3523 5942 et
3581 5888 3849 5959 placuisse

2213 5980 2412 6037 civitati
2444 5994 2632 6036 omnes
2663 5992 2881 6046 novem,
2911 5986 3071 6049 atque
3101 5992 3288 6034 omnes
3318 5992 3452 6036 esse
3487 5994 3760 6056 emptas,
3808 5994 3854 6039 et
