3986 6382
239 394 346 455 989

1407 398 1844 474 THESAURUS.
1882 400 2037 465 CAP.
2076 401 2347 464 CCLXVI.

3404 414 3508 469 950

240 514 296 569 in
331 511 592 583 Apollinis
620 514 820 587 templo
847 516 1243 586 dedicarentur,
1273 518 1466 590 quibus
1490 529 1675 591 postea
1696 519 1815 577 dicit

1930 545 2196 618 gultienti,
2220 556 2280 603 ut
2307 547 2496 604 dextra
2526 562 2688 603 manu
2715 548 2994 605 sinistrum
3024 551 3273 621 pollicem
3298 561 3504 611 teneas.

240 608 533 665 Hesiodum
572 619 784 681 poetam
834 611 1157 681 imposuisse
1200 613 1481 669 vocabula.
1532 613 1647 669 Non
1696 626 1824 683 ergo

240 700 450 772 Jupiter
480 717 669 761 novem
700 702 875 761 Musas
901 705 1125 775 genuit,
1169 706 1265 761 sed
1309 715 1418 769 tres
1462 706 1597 761 fabri
1644 714 1824 762 ternas

240 804 585 850 creaverunt:
620 806 730 852 tres
759 808 934 853 autem
964 814 1070 854 non
1101 811 1381 870 propterea
1413 801 1500 855 illa
1531 801 1718 855 civitas
1745 802 1825 857 lo-

244 896 483 952 caverat,
509 887 632 957 quia
664 887 715 942 in
742 890 947 945 somnis
973 905 1065 946 eas
1089 891 1315 961 viderat,
1345 900 1437 947 aut
1464 901 1541 948 tot
1565 910 1623 949 se
1647 893 1827 964 cujus-

240 990 399 1046 quam
427 976 637 1032 illarum
666 980 835 1036 oculis
861 980 1382 1053 demonstraverant,
1404 985 1497 1040 sed
1522 988 1644 1055 quia
1669 988 1823 1041 facile

238 1075 361 1122 erat
402 1069 848 1138 animadvertere,
897 1088 1110 1129 omnem
1161 1091 1377 1143 sonum,
1424 1093 1541 1149 qua!
1571 1080 1823 1135 materies

237 1166 622 1221 cantilenarum
654 1178 755 1234 est,
784 1169 1078 1225 triformem
1102 1185 1221 1226 esse
1247 1180 1532 1242 naturam;
1562 1180 1653 1227 aut
1679 1173 1820 1228 enim

238 1273 373 1315 voce
399 1260 596 1328 editur,
625 1262 778 1318 sicuti
809 1277 993 1319 eorum
1024 1272 1106 1320 est
1149 1265 1238 1336 qui
1286 1266 1527 1321 faucibus
1578 1267 1693 1322 sine
1735 1282 1823 1322 or-

232 1368 375 1423 gano
396 1364 618 1422 canunt,
641 1365 732 1411 aut
761 1356 885 1411 ï¬‚atu
909 1358 1046 1413 sicut
1080 1359 1326 1414 tubarum
1357 1369 1411 1415 et
1438 1361 1708 1428 tibiarum,
1732 1372 1824 1420 aut

230 1451 389 1521 pulsu
434 1452 572 1506 sicut
617 1453 669 1507 in
714 1453 951 1525 cytbaris
979 1463 1031 1510 et
1062 1456 1353 1525 tympanis,
1396 1463 1451 1512 et
1497 1457 1824 1527 quibuslibet

232 1546 355 1600 aliis
387 1560 507 1616 quae
554 1547 906 1615 percutiendo
936 1563 1129 1603 canora
1162 1557 1323 1616 sunt;
1366 1548 1461 1605 sed
1492 1548 1602 1605 sive
1649 1550 1722 1606 ita
1764 1567 1823 1608 se

229 1637 429 1693 habent
453 1638 592 1708 quod
623 1638 797 1694 Varro
825 1640 1027 1707 retulit,
1068 1640 1181 1698 sive
1218 1656 1324 1696 non
1372 1643 1467 1710 ita,
1508 1658 1608 1699 nos
1639 1652 1820 1701 tamen

228 1740 337 1781 non
394 1736 613 1798 propter
671 1731 1108 1800 superstitionem
1164 1733 1509 1803 profanorum
1565 1736 1821 1793 debemus

228 1821 485 1877 musicam
522 1819 723 1893 fugere,
768 1822 813 1878 si
842 1823 971 1894 quid
1014 1823 1139 1879 inde
1176 1825 1305 1880 utile
1345 1826 1409 1880 ad
1446 1826 1819 1898 intelligendas

1926 636 2021 693 His
2040 641 2103 693 ad
2105 642 2400 712 junguntur
2415 642 2582 697 millia
2600 641 3030 699 inanissimarum
3044 645 3503 717 observationum,

1925 732 1969 785 si
2002 735 2299 789 membrum
2348 735 2562 806 aliquod
2595 736 2823 801 salierit,
2856 737 2900 791 si
2927 736 3151 806 junctim
3182 736 3509 793 ambulantis

1925 822 2025 877 bus
2052 826 2239 880 amicis
2262 827 2415 896 lapis,
2446 836 2536 882 aut
2560 828 2729 892 cauis,
2776 841 2867 882 aut
2899 843 3030 897 puer
3059 830 3266 885 medius
3319 829 3494 884 inter-

1924 917 2150 982 venerit,
2182 926 2342 987 atque
2369 919 2497 974 illud
2528 920 2671 991 quod
2700 920 2928 989 lapidem
2971 920 3202 988 caleant,
3250 931 3505 991 tanquam

1924 1007 2313 1080 diremptorem
2347 1010 2722 1083 [direptorem]
2772 1012 3044 1081 amicitias,
3076 1015 3252 1068 minus
3304 1014 3504 1070 moles-

1924 1105 2037 1154 tum
2060 1112 2145 1156 est
2174 1116 2333 1172 quam
2356 1116 2477 1158 cum
2523 1106 2862 1160 innocentem
2890 1120 3113 1175 puerum
3135 1104 3361 1176 colapho
3382 1120 3505 1177 per-

1924 1191 2150 1258 cutiunt,
2206 1192 2250 1247 si
2301 1195 2502 1262 pariter
2564 1197 2966 1252 ambulantibus
3023 1198 3377 1254 intercurrit:
3410 1197 3506 1254 sed

1925 1284 2122 1340 bellum
2148 1294 2248 1349 est,
2282 1286 2423 1356 quod
2448 1288 2733 1357 aliquando
2772 1291 2923 1358 pueri
2977 1288 3319 1345 vindicantur
3347 1304 3377 1345 a
3407 1304 3500 1344 ca-

1926 1377 2119 1442 nibus;
2150 1393 2270 1433 nam
2304 1378 2618 1449 plerumque
2660 1389 2766 1434 tam
2820 1380 3177 1451 superstitiosi
3210 1388 3336 1436 sunt
3388 1381 3506 1451 qui-

1925 1472 2070 1539 dam,
2100 1482 2154 1527 ut
2184 1472 2344 1528 etiam
2382 1488 2567 1529 canem
2589 1475 2677 1543 qui
2711 1473 2917 1531 medius
2946 1474 3296 1531 intervenerit
3339 1471 3506 1530 ferire

1927 1567 2157 1622 audeant
2189 1582 2294 1622 non
2328 1568 2566 1637 impune,
2622 1583 2854 1639 namque
2887 1585 2915 1623 a
2949 1584 3086 1625 vano
3106 1569 3346 1625 remedio
3396 1568 3505 1623 cito

1927 1660 2020 1714 ille
2048 1660 2314 1714 interdum
2346 1658 2717 1730 percussorem
2744 1676 2897 1716 suum
2920 1660 2988 1717 ad
3020 1677 3205 1718 verum
3235 1661 3505 1717 medicum

1924 1754 2108 1809 mittit.
2154 1754 2277 1810 Haec
2306 1764 2431 1810 sunt
2458 1756 2619 1809 etiam
2649 1755 2769 1821 illa;
2802 1756 2961 1809 limen
2991 1758 3200 1811 calcare
3227 1770 3349 1810 cum
3379 1760 3505 1811 ante

1925 1846 2143 1901 domum
2174 1861 2321 1903 suam
2350 1850 2568 1915 transit;
2601 1847 2778 1902 redire
2805 1846 2870 1901 ad
2904 1848 3121 1915 lectum,
3153 1848 3198 1904 si
3226 1848 3346 1919 quis
3374 1848 3501 1903 dum

229 1920 444 1967 sanctas
463 1911 771 1983 Scripturas
793 1928 983 1982 rapere
1011 1917 1363 1985 potuerimus,
1388 1932 1489 1973 nec
1514 1918 1580 1972 ad
1605 1918 1814 1975 illorum

1922 1952 1981 1992 se
2011 1937 2229 2003 calciat,
2269 1939 2685 2004 sternutaverit;
2718 1938 2897 1993 redire
2944 1939 3184 2007 domum,
3232 1939 3277 1993 si
3310 1952 3504 2009 proce-

228 2004 524 2062 theatricas
555 2020 723 2078 nugas
743 2006 1011 2073 converti,
1041 2007 1086 2060 si
1110 2007 1308 2076 aliquid
1338 2008 1403 2061 de
1429 2008 1649 2063 citharis
1672 2020 1725 2064 et
1751 2009 1819 2065 de

228 2098 465 2167 organis,
503 2097 643 2167 quod
669 2097 734 2151 ad
759 2096 1019 2167 spiritalia
1049 2098 1307 2172 capienda
1344 2100 1541 2164 valeat,
1572 2100 1818 2171 dispute-

228 2204 368 2246 mus.
401 2187 587 2259 Neque
617 2190 761 2243 enim
792 2196 848 2243 et
876 2190 1082 2245 litteras
1119 2189 1333 2246 discere
1360 2206 1467 2246 non
1509 2190 1813 2256 debuimus,

229 2283 352 2352 quia
380 2298 559 2338 earqu
593 2283 758 2337 Deum
804 2283 987 2339 dicunt
1023 2298 1142 2339 esse
1183 2284 1529 2351 Mercurium,
1568 2294 1660 2340 aut
1692 2287 1815 2355 quia

232 2374 460 2430 Iustitiae
490 2375 791 2446 Virtutique
820 2377 1015 2446 templa
1048 2376 1387 2443 dedicarunt,
1430 2384 1483 2433 et
1514 2392 1633 2447 quae
1656 2378 1817 2433 corde

231 2465 484 2535 gestanda
514 2475 638 2521 sunt
666 2468 718 2521 in
749 2467 1014 2537 lapidibus
1036 2467 1264 2523 adorare
1291 2469 1623 2536 maluerunt,
1656 2484 1818 2541 prop-

231 2565 376 2612 terea
408 2557 562 2612 nobis
587 2558 796 2628 justitia
825 2560 1099 2629 virtusque
1138 2560 1384 2631 fugienda
1416 2569 1519 2617 est.
1553 2562 1664 2616 lmo
1690 2577 1817 2618 vero

230 2650 472 2719 quisquis
495 2652 665 2705 bonus
696 2665 959 2722 verusque
988 2652 1315 2707 christianus
1340 2663 1423 2709 est
1442 2698 1455 2722 ,
1491 2652 1701 2709 Domini
1734 2656 1814 2710 sui

228 2754 348 2795 esse
376 2740 634 2809 intelligat
665 2740 969 2812 ubicunque
1000 2742 1265 2799 invenerit
1302 2743 1609 2815 veritatem,
1657 2761 1812 2817 quam

230 2830 517 2886 conferens
544 2840 598 2886 et
619 2846 934 2901 agnoscens,
959 2833 1121 2889 etiam
1145 2836 1196 2889 in
1220 2835 1412 2891 litteris
1434 2837 1601 2891 sacris
1628 2852 1814 2907 super-

227 2923 434 2977 stitiosa
461 2923 713 2994 ï¬gmenta
744 2924 1011 2994 repudiet,
1057 2926 1343 2998 doleatque
1388 2927 1635 2984 homines
1657 2938 1815 2999 atque

226 3023 419 3069 caveat
444 3016 533 3085 qui
562 3026 947 3086 cognoscentes
986 3014 1177 3087 Deum,
1222 3036 1329 3101 non
1364 3030 1421 3076 ut
1452 3021 1617 3077 Deum
1658 3021 1814 3093 glori-

225 3105 543 3176 ficaverunt,
575 3116 622 3161 et
652 3116 857 3163 cetera.

758 3218 983 3277 CAPUT
1020 3220 1293 3278 CCLXVI.

1925 2029 2060 2084 deus
2090 2028 2415 2094 offenderit;
2449 2046 2570 2084 eum
2600 2031 2765 2085 vestis
2794 2046 2823 2084 a
2853 2030 3117 2086 soricibus
3134 2030 3360 2097 roditur,
3383 2030 3502 2100 plus

1926 2132 2157 2175 tremere
2187 2122 2496 2191 suspicione
2528 2122 2690 2177 futuri
2724 2123 2869 2186 mali,
2898 2138 3056 2193 quam
3088 2138 3327 2192 praesens
3350 2123 3503 2178 dam-

1921 2226 2050 2267 num
2082 2211 2284 2266 dolere.
2306 2211 2460 2267 Unde
2483 2212 2612 2267 illud
2635 2213 2907 2282 eleganter
2926 2216 3127 2269 dictum
3147 2224 3229 2270 est
3250 2214 3499 2271 Catonis:

1920 2306 2165 2373 Quicum
2193 2316 2338 2361 esset
2353 2308 2630 2360 consultus
2660 2320 2691 2358 a
2719 2306 2952 2373 quodam
2982 2308 3071 2376 qui
3103 2307 3249 2380 [sibi]
3298 2322 3330 2362 a
3360 2307 3499 2363 sori-

1921 2401 2074 2455 cihus
2102 2413 2290 2455 erosas
2316 2399 2517 2469 caligas
2563 2398 2788 2464 diceret,
2815 2401 3110 2469 respondit,
3141 2399 3254 2455 Non
3280 2414 3401 2455 esse
3429 2400 3499 2453 il-

1921 2494 2009 2549 lud
2033 2504 2353 2563 monstrum,
2381 2494 2475 2549 sed
2493 2508 2620 2549 vere
2641 2504 2940 2550 monstrum
2970 2496 3274 2551 habendum
3307 2496 3491 2562 fuisse,

1920 2589 1962 2643 si
1995 2588 2198 2642 sorices
2228 2602 2258 2641 a
2288 2587 2470 2657 caligis
2491 2588 2834 2643 roderentur.
2881 2588 3063 2659 Neque
3087 2588 3159 2644 illi
3188 2590 3256 2643 ab
3285 2590 3386 2644 hoc
3409 2603 3501 2661 geâ€”

1920 2697 2051 2738 nere
2080 2682 2398 2753 perniciosre
2430 2683 2830 2753 superstitionis
2866 2683 3184 2754 segregandi
3234 2692 3383 2751 sunt,
3412 2680 3502 2751 qui

1919 2773 2259 2845 genethliaci,
2311 2782 2530 2844 propter
2560 2775 2818 2830 natalium
2854 2776 3061 2831 dierum
3119 2773 3502 2831 consideratio-

1920 2881 2041 2919 nem
2072 2909 2086 2935 ,
2150 2881 2293 2920 nunc
2342 2875 2517 2920 autem
2570 2868 2731 2936 vulgo
2782 2867 3146 2923 mathematici
3199 2876 3502 2923 vocantur:

1921 2973 2087 3028 quare
2119 2959 2232 3013 istae
2260 2975 2473 3029 quoque
2518 2961 2821 3029 opiniones,
2854 2960 3171 3029 quibusdam
3222 2974 3399 3015 rerum
3432 2959 3507 3016 si-

1919 3051 2058 3121 gnis,
2083 3050 2312 3105 humana
2334 3053 2751 3120 praesumptione
2775 3052 3054 3119 institutis,
3080 3051 3145 3105 ad
3171 3051 3357 3106 eadem
3386 3049 3499 3116 illa,

1920 3143 2069 3212 quasi
2093 3142 2335 3211 quaedam
2358 3157 2478 3195 cum
2501 3143 2839 3198 daemonibus
2860 3157 3012 3213 pacta
3037 3151 3091 3199 et
3113 3150 3394 3208 conventa,
3421 3156 3505 3198 reo

1922 3232 2157 3287 ferenda:
2186 3241 2327 3287 sunt.
2361 3232 2499 3288 llinc
2526 3234 2668 3289 enim
2701 3234 2760 3289 iit
2783 3246 2859 3300 ut,
2878 3236 3090 3291 occulto
3111 3235 3342 3305 quodam
3364 3234 3504 3301 iudi-

227 3309 307 3367 De
353 3311 510 3385 signis
558 3313 943 3395 superstitiosis,
977 3314 1157 3395 quibus
1198 3314 1483 3395 perniciose
1522 3315 1816 3375 dwmonam
1840 3318 1886 3381 C
1919 3326 2004 3381 cio
2029 3325 2231 3391 divino,
2263 3326 2440 3395 cupidi
2464 3326 2722 3382 malarum
2747 3343 2923 3382 rerum
2952 3328 3194 3383 homines
3224 3326 3504 3382 tradantur

493 3384 707 3439 societas
734 3394 1099 3453 comparatur;
1121 3401 1184 3439 ea:
1201 3384 1383 3439 codem
1412 3388 1561 3441 libro.

307 3497 423 3553 Duo
440 3509 559 3554 sunt
572 3513 768 3571 genera
782 3499 1139 3555 doctrinarum
1154 3516 1271 3570 quae
1285 3503 1335 3554 in
1353 3501 1638 3571 gentilibus
1653 3501 1814 3556 etiam

224 3592 468 3649 inor-ibus
479 3600 797 3649 exercentur
813 3611 824 3646 :
841 3604 1026 3661 unum,
1043 3609 1226 3649 eorum
1242 3610 1418 3651 rerum
1432 3610 1562 3667 quas
1583 3598 1820 3652 institue-

225 3694 354 3741 runt
381 3684 656 3753 homines;
680 3685 928 3751 alterum,
953 3700 1134 3741 earum
1166 3702 1297 3759 quas
1324 3687 1819 3745 animadverterunt

226 3778 336 3848 iam
372 3789 636 3848 peractas,
669 3788 761 3833 aut
794 3780 1048 3835 divinitus
1078 3780 1368 3839 institutas.
1399 3781 1531 3836 lllud
1560 3783 1701 3853 quod
1733 3794 1817 3840 est

227 3872 524 3927 secundum
578 3873 946 3930 institutiones
977 3872 1276 3940 hominum,
1319 3876 1512 3945 partim
1559 3879 1817 3948 supersti-

229 3960 428 4015 tiosum
458 3969 557 4029 est,
593 3964 788 4034 partim
824 3980 931 4018 non
956 3975 1038 4019 est
1063 3966 1516 4035 superstitiosum.
1546 3968 1816 4037 Supersti-

233 4050 428 4105 tiosum
459 4061 559 4117 est,
603 4054 861 4123 quidquid
906 4054 1205 4109 institutum
1257 4068 1336 4111 est
1365 4057 1430 4112 ab
1484 4059 1814 4126 hominibus,

233 4140 300 4195 ad
332 4141 568 4197 iacienda
600 4151 657 4198 et
683 4142 903 4198 colendi
938 4145 1076 4199 idola
1109 4147 1403 4215 pertinens,
1428 4148 1513 4202 vel
1547 4148 1611 4202 ad
1636 4150 1815 4205 colen-

232 4231 363 4287 dum
393 4235 530 4289 sicut
559 4233 728 4291 Deum
756 4244 1074 4304 creaturam,
1102 4248 1374 4307 partemve
1408 4239 1567 4294 ullam
1606 4251 1815 4296 creatu-

228 4338 328 4391 rae,
358 4326 442 4380 vel
488 4324 555 4381 ad
595 4326 1019 4383 consultationes
1061 4336 1115 4384 et
1145 4339 1294 4399 pacta
1329 4330 1570 4401 quaedam
1614 4334 1814 4404 signiï¬-

228 4417 500 4472 cationum
524 4432 644 4474 cum
691 4418 1028 4474 dzemonibus
1071 4419 1266 4491 placita
1311 4430 1471 4491 atque
1527 4422 1808 4495 fmderata,

226 4510 406 4581 qualia
422 4519 545 4567 sunt
564 4512 834 4567 molimina
858 4513 1184 4584 magicarum
1208 4515 1422 4583 artium,
1453 4532 1570 4599 quae
1593 4518 1808 4587 quidem

225 4603 339 4676 48
385 4619 809 4661 commemorare
856 4607 1061 4676 potius,
1112 4621 1271 4677 quam
1328 4608 1525 4665 docere
1572 4610 1810 4665 assolent

1922 3416 2175 3470 illudendi
2190 3425 2246 3471 et
2261 3417 2558 3487 decipiendi
2578 3435 2673 3487 pro
2691 3420 2896 3475 meritis
2910 3420 3242 3475 voluntatum
3259 3435 3499 3492 suarum,

1920 3507 2269 3561 illudentibus
2291 3524 2389 3564 eos
2410 3520 2569 3581 atque
2591 3512 2978 3580 decipientibus
2998 3514 3503 3582 pra-.varicatoribus

1920 3600 2148 3668 angelis,
2181 3601 2375 3670 quibus
2402 3602 2503 3657 ista
2558 3603 2742 3659 mundi
2779 3618 2903 3674 pars
2945 3607 3150 3673 intima,
3199 3608 3497 3663 secundum

1921 3691 2338 3762 pulcherrimum
2385 3694 2629 3751 ordinem
2659 3710 2864 3765 rerum,
2908 3698 3108 3755 divina:
3154 3701 3504 3771 providentiae

1922 3786 2062 3856 lege,
2088 3786 2327 3858 subjecta
2357 3798 2441 3843 est
2469 3808 2481 3842 :
2511 3789 2705 3859 quibus
2733 3790 3072 3849 illusionibus
3099 3802 3155 3850 et
3175 3795 3505 3867 deceptioni-

1919 3877 2020 3934 bus
2044 3878 2244 3947 evenit,
2271 3888 2329 3934 ut
2353 3880 2469 3936 istis
2516 3884 2902 3952 superstitiosis
2929 3894 2983 3939 et
3005 3884 3322 3955 perniciosis
3365 3888 3503 3944 divis

1919 3970 2195 4027 nationum
2263 3973 2551 4040 generibus
2579 4014 2595 4041 ,
2671 3976 2838 4031 multa
2886 3981 3153 4045 praeterita
3218 3990 3273 4036 et
3328 3982 3503 4037 iutura

1920 4061 2188 4128 dicantur,
2215 4077 2317 4117 nec
2338 4065 2492 4120 aliter
2530 4066 2773 4121 accidant
2824 4084 2982 4136 quam
3011 4070 3282 4140 dicuntur,
3312 4074 3505 4128 multa-

1919 4172 2023 4227 que
2098 4158 2510 4214 observantibus
2569 4163 2864 4216 secundum
2919 4164 3322 4222 observationes
3375 4182 3503 4225 suas

1920 4248 2194 4313 eveniant,
2220 4249 2415 4318 quibus
2461 4249 2719 4320 implicati
2766 4255 3092 4311 curiosiores
3122 4257 3270 4323 ï¬ant,
3297 4269 3351 4314 et
3377 4275 3501 4318 sese

1918 4337 2087 4408 magis
2118 4338 2397 4409 magisque
2435 4339 2684 4396 inserant
2741 4343 3123 4413 multiplicibus
3152 4348 3354 4418 laqueis
3382 4365 3505 4421 per-

1920 4428 2267 4486 tiiciosissimi
2296 4430 2513 4488 erroris.
2545 4432 2659 4491 Hoc
2693 4450 2861 4505 genus
2886 4436 3258 4496 fornicationis
3307 4442 3503 4499 anima:

1916 4522 2206 4577 salubriter
2235 4524 2416 4579 divina
2446 4526 2721 4596 Scriptura
2768 4544 2874 4585 non
2916 4532 3098 4599 tacuit,
3130 4549 3306 4604 neque
3340 4536 3410 4591 ab
3436 4551 3500 4592 ea

1916 4614 1995 4670 sic
2050 4616 2314 4672 deterruit
2370 4620 2627 4691 animam,
2688 4632 2749 4678 ut
2798 4636 3080 4695 propterea
3114 4629 3240 4685 talia
3279 4640 3504 4703 negaret

222 4706 401 4766 poeta:
436 4715 447 4750 :
481 4712 547 4752 ex
596 4712 700 4767 quo
752 4711 948 4767 genere
985 4710 1131 4767 sunt,
1180 4700 1272 4755 sed
1328 4702 1480 4771 quasi
1536 4700 1813 4758 licentiore
1842 4699 2038 4763 Desse
2082 4711 2358 4780 sectanda,
2388 4713 2511 4783 quia
2547 4713 2681 4769 falsa
2733 4715 2983 4773 dicuntur
3029 4734 3059 4774 a
3105 4699 3501 4792 professoribus

222 4787 478 4855 vanitate,
527 4788 828 4859 aruspicum
856 4797 911 4844 et
932 4805 1191 4864 augurum
1222 4792 1338 4847 libri
1376 4811 1388 4846 :
1414 4793 1480 4847 ad
1510 4793 1613 4849 boc
1641 4809 1811 4866 genus

223 4882 502 4951 pertinent
529 4894 720 4937 omnes
746 4881 904 4937 etiam
947 4882 1186 4951 ligatum
1216 4894 1377 4955 atque
1399 4887 1660 4953 remedia,
1690 4904 1809 4958 quae

219 4974 556 5030 medicorum
601 4989 812 5045 quoque
852 4973 1130 5045 disciplina
1178 4976 1540 5045 condemnat,
1593 4979 1707 5034 sive
1755 4980 1809 5034 in

220 5065 783 5137 praecantationibus,
840 5066 955 5121 sive
1009 5067 1060 5120 in
1116 5065 1431 5137 quibusdam
1463 5069 1625 5133 notis,
1680 5084 1809 5139 quas

216 5160 569 5215 characteres
598 5168 810 5225 vocant,
842 5160 954 5213 sive
998 5160 1050 5214 in
1083 5159 1379 5231 quibusque
1405 5161 1563 5216 rebus
1587 5176 1813 5231 suspenâ€”

223 5252 419 5306 dendis
448 5262 606 5321 atque
638 5250 926 5321 illigaudis,
955 5253 1040 5308 vel
1073 5252 1234 5308 etiam
1267 5254 1528 5309 saltandis
1555 5256 1813 5325 quodam-

226 5344 415 5409 modo,
472 5359 577 5398 non
633 5345 699 5398 ad
754 5346 1197 5414 temperationem
1255 5360 1564 5416 corporum,
1596 5348 1687 5402 sed
1743 5348 1810 5403 ad

231 5435 497 5506 quasdam
526 5435 959 5505 signiï¬cationes,
990 5448 1081 5492 aut
1105 5439 1360 5510 occultas,
1385 5448 1474 5493 aut
1505 5440 1661 5494 etiam
1691 5456 1807 5495 ma-

226 5528 495 5595 nifestas,
543 5544 661 5599 qua:
715 5530 926 5586 mitiore
972 5531 1188 5587 nomine
1243 5533 1460 5604 physica
1496 5545 1720 5589 vocant:
1754 5544 1811 5590 ut

224 5622 378 5690 quasi
411 5636 519 5675 non
543 5622 925 5689 superstitione
975 5624 1275 5694 impticare,
1302 5626 1393 5681 sed
1448 5637 1634 5681 natura
1686 5644 1808 5698 pro-

225 5714 387 5767 desse
416 5710 716 5779 videantur,
750 5714 885 5769 sicut
910 5724 1034 5769 sunt
1081 5719 1293 5773 inaures
1347 5720 1397 5773 in
1456 5735 1669 5776 summo
1711 5737 1807 5776 au-

224 5808 366 5862 rium
394 5806 745 5876 singularum:
765 5809 1284 5867 autdestructionum
1317 5813 1404 5887 [de
1428 5815 1809 5889 struthionum]

227 5898 444 5955 ossibus
487 5901 688 5955 ansulae
717 5903 769 5955 iu
800 5901 983 5975 digitis
1010 5920 1027 5955 Îµ
1062 5917 1153 5957 am
1186 5919 1306 5958 cum
1341 5906 1434 5960 tibi
1460 5907 1653 5963 dicitur
1700 5909 1812 5964 sin-

1914 4816 2126 4868 eorum,
2155 4803 2248 4858 sed
2279 4809 2440 4860 etiam
2474 4824 2487 4859 :
2520 4807 2575 4862 Si
2606 4806 2840 4865 dixerint
2878 4812 3050 4882 vobis,
3080 4812 3271 4884 inquit,
3317 4824 3375 4871 et
3427 4817 3501 4871 ita

1912 4895 2176 4961 evenerit,
2226 4910 2295 4951 ne
2367 4898 2597 4955 eruistis
2628 4899 2707 4956 eis
2739 4920 2752 4956 :
2782 4918 2889 4961 non
2937 4906 3081 4961 enim
3150 4908 3274 4978 quia
3323 4910 3499 4979 imago

1917 4988 2185 5045 Samuelis
2213 4992 2413 5047 mortui
2453 4992 2582 5049 Saul
2612 4996 2721 5066 regi
2750 5012 2878 5054 vera
2936 5004 3322 5069 pronuntiavit,
3372 5018 3499 5072 pro-

1917 5088 2101 5149 pterea
2128 5081 2252 5135 talia
2286 5085 2591 5158 sacrilegia,
2623 5090 2816 5160 quibus
2872 5092 3047 5163 imago
3103 5093 3195 5148 illa
3256 5110 3496 5165 prasen-

1924 5180 2026 5223 tata
2054 5180 2157 5237 est,
2184 5172 2360 5229 minus
2388 5180 2719 5236 exsecranda
2746 5194 2896 5248 sunt;
2918 5193 3012 5239 aut
3032 5185 3159 5255 quia
3188 5188 3241 5240 in
3274 5189 3497 5246 Actibus

1919 5263 2286 5329 apostolorum
2318 5270 2649 5341 ventriloqua
2679 5270 2877 5329 femina
2910 5290 3096 5330 verum
3130 5279 3494 5336 testimonium

1921 5356 2186 5424 perhibuit
2231 5363 2491 5430 aposmlis
2529 5365 2761 5432 Domini,
2813 5366 2934 5424 ideo
2970 5369 3169 5425 Paulus
3219 5375 3498 5443 apostolus

1922 5448 2160 5517 pepercit
2182 5450 2259 5506 illi
2294 5455 2525 5524 spiritui,
2564 5471 2628 5512 ac
2681 5474 2787 5513 non
2846 5462 3021 5529 potius
3051 5461 3305 5523 feminam
3352 5468 3495 5523 illius

1919 5538 2171 5596 daemonii
2220 5547 2564 5613 correptione
2609 5556 2769 5619 atque
2832 5552 3143 5611 exclusione
3199 5558 3493 5615 inundavit.

1918 5629 2115 5685 Omnes
2166 5632 2326 5702 igitur
2362 5646 2508 5694 artes
2540 5638 2864 5710 hujusmodi,
2920 5646 3005 5701 vel
3060 5650 3377 5718 nugatorias,
3400 5652 3495 5708 ,vel

1919 5725 2091 5779 noxia:
2141 5728 2569 5803 superstitionis,
2621 5748 2685 5788 ex
2741 5735 2969 5805 quadam
3014 5738 3265 5808 pestifera
3314 5743 3491 5798 socie-

1927 5824 2035 5872 tate
2062 5816 2338 5875 hominum
2370 5831 2423 5878 et
2453 5814 2779 5894 daemonum,
2814 5833 2965 5896 quasi
2992 5840 3139 5900 pacta
3191 5832 3420 5889 inï¬delis
3447 5845 3497 5899 et

1920 5910 2124 5968 dolosae
2155 5916 2407 5973 amicitia:
2434 5920 2749 5989 constituta,
2779 5923 2992 5993 penitus
3018 5933 3139 5988 sunt
3167 5927 3497 5997 repudianda
