3986 6382
535 402 635 459 931

532 530 589 578 et
623 520 872 591 fugienda
900 520 1206 577 Christiano
1230 538 1242 573 :
1274 534 1379 576 non
1402 518 1544 589 quod
1573 518 1773 574 idolum
1801 518 1869 573 sit
1890 516 2110 587 aliquid,
2142 524 2191 580 Α

534 612 613 668 ait
635 614 947 684 Apostolus,
974 613 1069 669 sed
1094 612 1214 682 quia
1242 627 1360 682 quae
1388 611 1686 676 immolant,
1714 610 1994 665 dmmoniis
2016 609 2115 663 im-

532 705 764 773 molant,
790 715 845 759 et
864 720 968 759 non
998 705 1108 758 Deo
1140 722 1150 757 :
1180 704 1303 759 nolo
1337 702 1556 775 [autem]
1588 717 1684 758 vos
1714 701 1891 757 socios
1917 699 2116 754 daemo-

533 799 750 853 niorum
782 797 918 851 fieri.
950 797 1102 864 Quod
1131 806 1310 852 autem
1333 798 1399 851 de
1421 796 1579 852 idolis
1601 804 1655 851 et
1692 796 1761 850 de
1792 793 2116 849 immolatio-

530 888 693 944 nibus
712 903 828 956 qua:
851 886 1044 943 honori
1064 904 1249 943 eorum
1274 889 1621 954 exhibentur,
1643 885 1778 943 dixit
1803 886 2113 956 Apostolus,

528 982 638 1036 hoc
664 979 731 1034 de
772 979 1020 1035 omnibus
1052 981 1379 1050 imaginariis
1407 981 1573 1051 signis
1626 977 1962 1034 sentiendum
2013 984 2117 1043 est,

532 1086 654 1141 qua:
683 1071 767 1125 vel
798 1072 864 1125 ad
894 1073 1096 1128 cultum
1125 1073 1413 1141 idolorum,
1444 1073 1526 1127 vel
1550 1071 1617 1127 ad
1639 1079 1938 1126 creaturam
1969 1068 2115 1137 ejus-

532 1181 637 1236 que
680 1174 860 1235 partes
886 1177 1136 1237 tanquam
1171 1168 1337 1223 Deum
1381 1166 1635 1223 colendas
1668 1167 1907 1229 trahunt,
1941 1161 2025 1218 vel
2050 1160 2117 1215 ad

532 1258 903 1315 remediorum
934 1260 1265 1329 aliarumque
1306 1260 1740 1316 observationum
1780 1269 1965 1309 curam
1992 1268 2118 1321 per-

536 1355 728 1419 tinent,
760 1368 879 1422 quae
908 1370 1012 1410 non
1045 1364 1170 1410 sunt
1192 1354 1446 1408 divinitus
1469 1351 1535 1406 ad
1565 1348 1908 1405 dilectionem
1942 1345 2034 1400 Dei
2066 1354 2120 1399 et

536 1451 769 1519 proximi
795 1463 1061 1519 tamquam
1104 1446 1312 1517 publice
1357 1445 1668 1507 constituta,
1699 1440 1794 1497 sed
1822 1455 1915 1509 per
1946 1439 2122 1508 priva-

534 1551 618 1598 tas
642 1544 1003 1615 appetitiones
1034 1558 1210 1597 rerum
1257 1539 1626 1610 temporalium
1654 1535 1816 1592 corda
1857 1533 2123 1603 dissipant

529 1639 879 1694 miserorum.
904 1639 961 1692 ln
986 1636 1237 1693 omnibus
1262 1650 1389 1705 ergo
1428 1632 1542 1689 istis
1573 1632 1855 1697 doctrinis,
1889 1628 2121 1684 societas

539 1734 845 1791 dazmonum
908 1732 1242 1789 formidanda
1273 1738 1432 1801 atque
1466 1728 1682 1784 vitanda
1708 1736 1812 1793 est,
1840 1725 1929 1796 qui
1988 1722 2121 1779 nihil

534 1845 656 1886 cum
676 1830 921 1901 principe
948 1843 1044 1884 suo
1068 1826 1302 1891 diabolo,
1330 1824 1429 1879 nisi
1459 1823 1687 1879 reditum
1712 1830 1953 1877 nostrum
1977 1819 2121 1872 clau-

534 1921 664 1977 dere
684 1932 846 1991 atque
872 1920 1130 1976 obserare
1159 1926 1442 1972 conantur.
1474 1916 1627 1973 Sicut
1648 1923 1822 1969 autem
1856 1912 1923 1967 de
1951 1908 2121 1965 stellis
2151 1923 2198 1984 Β

536 2028 670 2083 quas
692 2012 954 2081 condidit,
982 2021 1038 2067 et
1064 2008 1332 2065 ordinavit
1363 2009 1524 2074 Deus,
1566 2007 1835 2062 humanae.
1869 2003 2124 2071 decepto-

545 2106 641 2161 ria:
666 2105 991 2175 conjectura:
1013 2104 1080 2159 ab
1098 2102 1405 2158 hominibus
1428 2101 1681 2156 instituta:
1704 2106 1850 2161 sunt,
1869 2097 1946 2153 sic
1966 2094 2127 2149 etiam

546 2199 618 2254 de
642 2200 960 2269 quibusdam
983 2197 1348 2264 nascentibus,
1381 2195 1462 2251 vel
1502 2208 1716 2265 quoquo
1743 2191 1905 2247 modo
1935 2188 2129 2244 divinae

545 2290 899 2359 providentia:
920 2290 1385 2347 administratione
1404 2285 1756 2343 existentibus
1774 2284 1954 2350 rebus,
1979 2274 2131 2337 multi

538 2382 702 2436 multa
732 2381 985 2436 humanis
1030 2379 1427 2451 suspicionibus
1455 2376 1606 2447 quasi
1630 2374 1949 2446 regulariter
1994 2389 2126 2429 con-

535 2474 754 2547 jectata,
788 2474 982 2531 litteris
1009 2473 1403 2528 mandaverunt
1435 2488 1447 2523 :
1482 2471 1527 2525 si
1558 2469 1698 2525 forte
1723 2467 1956 2523 insolitae
1988 2464 2129 2520 acci-

534 2567 737 2632 derint,
771 2577 1019 2637 tanquam
1044 2564 1235 2639 [velut]
1261 2564 1306 2619 si
1338 2564 1485 2618 mula
1518 2562 1713 2632 pariat,
1761 2570 1852 2615 aut
1910 2557 2134 2613 fulmine

542 2660 741 2731 aliquid
771 2660 1126 2729 percutiatur;
1154 2673 1271 2729 qua:
1292 2657 1473 2713 omnia
1498 2662 1703 2709 tantum
1733 2652 1936 2716 valent,
1963 2664 2134 2721 quan-

548 2764 657 2807 tum
690 2751 1115 2822 praesumptione
1146 2752 1468 2814 animorum,
1502 2748 1653 2818 quasi
1679 2744 1953 2801 communi
2002 2757 2133 2811 qua-

544 2845 669 2900 dam
687 2844 864 2913 lingua
880 2859 1000 2899 cum
1016 2844 1352 2899 daemonibus
1373 2840 1629 2897 foederata
1642 2848 1765 2894 sunt
1782 2853 1796 2892 :
1815 2850 1933 2906 qua:
1958 2844 2134 2887 tamen

544 2939 704 3010 plena
717 2940 1029 2993 suntomnia
1046 2934 1673 3007 pestiferaecuriositatis,
1703 2930 1995 2987 cruciantis
2024 2926 2135 2982 sol-

544 3032 862 3098 licitudinis,
886 3032 1180 3087 mortiferas
1204 3031 1507 3096 servitutis;
1533 3044 1640 3084 non
1670 3026 1812 3080 enim
1840 3024 1964 3094 quia
1990 3023 2137 3077 vale-

549 3125 682 3179 bant
708 3124 1081 3179 animadversa
1112 3134 1257 3191 sunt,
1301 3124 1398 3179 sed
1441 3120 1918 3177 animadvertendo
1977 3125 2139 3185 atque

550 3215 815 3284 signando
858 3215 1053 3271 factum
1085 3222 1170 3271 est
1220 3224 1280 3269 ut
1334 3213 1693 3267 valerentzet
1741 3211 1861 3264 ideo
1909 3208 2138 3263 diversis

552 3308 781 3363 diversae
863 3309 1229 3377 proveniunt,
1306 3305 1600 3362 secundum
1662 3304 2011 3374 cogitationes
2090 3306 2218 3371 etc

555 3400 1012 3470 prtesumptiones
1042 3415 1189 3456 suas.
1217 3398 1297 3455 llli
1325 3399 1469 3454 enim
1493 3398 1715 3468 spiritus
1748 3397 1835 3467 qui
1895 3394 2147 3464 decipere

554 3497 760 3562 volunt,
786 3496 909 3551 talia
930 3505 1218 3566 procurant
1236 3494 1452 3565 cuique,
1468 3492 1715 3564 qualibus
1737 3506 1860 3546 eum
1883 3489 2150 3545 irretitum

557 3604 650 3654 per
679 3589 1020 3659 suspiciones
1043 3599 1097 3645 et
1146 3588 1531 3647 consensiones
1586 3587 1702 3655 ejus
1737 3584 1938 3639 vident.
1996 3582 2151 3637 Sicut

558 3685 726 3747 enim,
757 3684 907 3738 verbi
933 3685 1127 3753 gratia,
1151 3699 1256 3738 una
1277 3683 1446 3753 ﬁgura
1471 3684 1662 3736 litterae
1685 3680 1733 3734 Χ
1754 3694 1873 3749 quae
1893 3678 2149 3733 decussa-

560 3776 656 3829 tim
688 3786 923 3839 notatur,
955 3777 1098 3830 aliud
1145 3778 1283 3844 apud
1313 3776 1554 3843 Graecos,
1593 3773 1734 3828 aliud
1762 3773 1900 3843 apud
1930 3772 2150 3826 Latinos

560 3866 724 3931 valet,
755 3883 860 3922 non
893 3876 1102 3933 natura,
1132 3867 1225 3923 sed
1256 3867 1450 3934 placito
1472 3875 1525 3921 et
1554 3864 1911 3921 consensione
1939 3863 2151 3936 signiti-

561 3958 747 4024 candi;
782 3968 834 4014 et
856 3958 979 4013 ideo
1004 3958 1094 4029 qui
1117 3966 1398 4027 utramque
1428 3957 1661 4026 linguam
1695 3956 1861 4022 novit,
1890 3956 1935 4009 si
1967 3954 2145 4010 homi-

565 4051 619 4106 ni
647 4050 841 4106 Grmco
863 4050 1211 4120 velitaliquid
1255 4050 1564 4121 siguilicare
1595 4048 1905 4113 scribendo,
1957 4063 2061 4103 non
2098 4048 2152 4101 in

560 4160 625 4203 ea
646 4148 1039 4217 significatione
1087 4147 1236 4216 ponit
1282 4148 1419 4202 hanc
1464 4147 1717 4211 litteram,
1778 4144 1829 4199 in
1887 4158 1988 4213 qua
2032 4158 2152 4197 eam

564 4238 715 4308 ponit
764 4255 887 4293 cum
941 4238 1145 4293 homini
1196 4238 1383 4293 scribit
1442 4237 1674 4293 Latino:
1722 4245 1778 4292 et
1836 4236 1988 4299 ϐῆτα,
2048 4248 2153 4288 uno

563 4329 863 4399 eodemque
892 4344 1048 4393 sono,
1087 4330 1225 4399 apud
1252 4328 1468 4384 Graecos
1500 4331 1714 4396 litterae,
1762 4327 1903 4397 apud
1934 4327 2154 4381 Latinos

564 4421 731 4483 oleris
757 4437 952 4479 nomen
984 4431 1067 4479 est
1094 4440 1107 4478 :
1140 4434 1193 4478 et
1220 4438 1343 4477 cum
1365 4422 1506 4490 dico,
1539 4422 1675 4491 lege,
1708 4422 1759 4474 in
1817 4420 1899 4475 his
1945 4419 2152 4474 duabus

563 4514 783 4583 syllabis
811 4515 957 4570 aliud
979 4513 1223 4577 Grmcus,
1264 4514 1407 4570 aliud
1440 4514 1660 4570 Latinus
1690 4512 1938 4583 intelligit
1966 4528 1979 4564 :
2014 4512 2155 4565 sicut

564 4624 697 4678 ergo
725 4609 808 4664 ha:
858 4625 1046 4666 omnes
1102 4611 1543 4680 significationes,
1593 4622 1692 4678 pro
1731 4622 1843 4662 sua:
1894 4605 2153 4675 cujusque

569 4703 845 4757 societatis
874 4704 1247 4771 consensione,

566 4793 857 4869 consensio
906 4805 1011 4859 est,
1045 4795 1258 4852 diverse
1288 4806 1535 4862 movent;
1570 4810 1671 4851 nec
1699 4795 1822 4851 ideo
1852 4809 2148 4849 consense-

565 4898 693 4947 runt
715 4889 769 4944 in
801 4903 894 4944 eas
916 4889 1182 4959 homines,
1213 4892 1333 4960 quia
1360 4891 1475 4961 jam
1506 4889 1757 4945 valebant
1783 4888 1848 4944 ad
1879 4888 2150 4959 signiﬁca-

567 4986 791 5050 tionem,
824 4985 919 5040 sed
968 4984 1089 5040 ideo
1128 4984 1309 5040 valent
1337 4986 1457 5055 quia
1489 4994 1881 5042 consenserunt
1930 4982 1984 5037 in
2014 4996 2104 5037 eas
2136 4998 2148 5035 :

564 5079 645 5132 sic
671 5078 835 5133 etiam
890 5077 985 5132 illa
1031 5076 1203 5149 signa,
1258 5078 1449 5147 quibus
1499 5078 1799 5149 perniciosa
1848 5077 2153 5131 daemonum

566 5172 798 5227 societas
846 5182 1213 5242 comparatur,
1264 5186 1360 5240 pro
1408 5174 1667 5239 cujusque
1686 5170 2155 5228 observationibus

568 5262 779 5331 valent,
796 5264 938 5333 quod
966 5263 1405 5321 manifestissime
1443 5264 1679 5319 ostendit
1702 5265 1839 5320 ritus
1868 5278 2154 5335 augurum,

568 5359 660 5427 qui
689 5366 744 5415 et
774 5370 1060 5429 antequam
1091 5361 1402 5423 observent,
1424 5369 1478 5416 et
1496 5369 1842 5430 posteaquam
1862 5361 2156 5415 observata

568 5452 720 5522 signa
752 5452 1045 5519 tenuerint,
1098 5453 1151 5508 id
1191 5464 1375 5525 agunt,
1406 5468 1475 5508 ne
1522 5452 1737 5507 videant
1782 5454 2014 5518 volatus,
2066 5459 2160 5505 aut

570 5544 793 5605 audiant
832 5559 992 5601 voces
1048 5546 1247 5612 avium,
1293 5544 1415 5615 quia
1460 5544 1607 5599 nulla
1655 5545 1757 5601 ista
1808 5544 1959 5615 signa
2009 5551 2155 5611 sunt,

572 5636 676 5693 nisi
702 5651 997 5694 consensus
1023 5639 1361 5696 observantis
1389 5637 1629 5695 accedat.

1608 402 1670 457 D.
1716 395 2041 457 EUGYPPII
2089 393 2380 453 ABBATIS
2420 390 2742 452 AFRlCANl

3704 388 3795 442 933

2726 505 2950 564 CAPUT
2986 501 3283 561 CCLXVll.

2215 649 2324 721 49
2350 649 2425 702 De
2460 650 2675 721 scientia
2709 651 3067 721 sententiarum
3084 683 3098 706 ,
3121 641 3493 721 connexionuni
3513 679 3527 699 ,
3552 640 3796 721 definitio-

2300 710 2444 787 num,
2480 720 2787 773 divisionum
2816 728 2862 771 et
2890 716 3257 788 partitionum;
3289 727 3352 766 ea:
3379 711 3565 764 eodem
3594 710 3737 764 libro.

2288 858 2510 912 Restant
2537 873 2599 913 ea
2628 872 2746 926 quae
2776 870 2881 910 non
2913 854 2978 909 ad
3004 851 3249 920 corporis
3275 862 3496 914 sensus,
3522 846 3622 902 sed
3643 846 3705 899 ad
3726 863 3795 900 ra-

2218 953 2415 1006 tionem
2440 950 2603 1003 animi
2637 949 2930 1017 pertinent,
2956 944 3044 999 ubi
3074 941 3361 1010 disciplina
3391 947 3597 1008 regnat
3635 936 3792 1006 dispu-

2221 1044 2441 1098 tationis
2484 1052 2538 1096 et
2576 1040 2805 1095 numeri.
2839 1038 2944 1093 Sed
2989 1034 3370 1104 disputationis
3414 1030 3701 1100 disciplina
3738 1031 3791 1083 ad

2219 1135 2399 1190 omnia
2446 1148 2641 1206 genera
2691 1131 3046 1202 qumstionum
3091 1142 3211 1197 qua:
3261 1127 3312 1181 in
3371 1124 3577 1179 litteris
3624 1123 3791 1196 sanctis

2220 1235 2347 1282 sunt
2373 1224 2701 1296 penetranda
2732 1232 2787 1279 et
2812 1219 3151 1278 dissolvenda
3178 1217 3470 1288 plurimum
3502 1214 3680 1269 valet:
3702 1223 3789 1267 tan.

2222 1330 2331 1374 tum
2362 1319 2435 1374 ibi
2464 1318 2703 1373 cavenda
2733 1324 2817 1371 est
2847 1312 3014 1369 libido
3044 1309 3289 1374 rixandi,
3328 1321 3384 1363 et
3415 1305 3649 1378 puerilis
3675 1318 3789 1374 que-

2220 1412 2341 1465 dam
2385 1410 2675 1466 ostentatio
2717 1405 3021 1476 decipiendi
3067 1401 3463 1459 adversarium.
3499 1398 3639 1455 Sunt
3676 1399 3787 1453 enim

2223 1503 2391 1558 multa
2412 1518 2530 1572 qua:
2558 1501 2895 1571 appellantur
2920 1498 3241 1571 σοφίσματα,
3266 1495 3416 1549 falsa:
3445 1492 3787 1549 conclusiones

2224 1593 2495 1649 rationum
2514 1633 2530 1658 ,
2555 1600 2612 1647 et
2640 1593 2956 1662 plerumque
2996 1590 3068 1642 ita
3109 1600 3265 1642 veras
3295 1585 3609 1650 imitantes,
3634 1592 3685 1637 ut
3706 1597 3788 1636 non

2222 1686 2396 1741 solum
2437 1684 2639 1749 tardos,
2666 1681 2761 1739 sed
2805 1692 2860 1737 et
2904 1680 3212 1751 ingeniosos
3260 1678 3453 1739 etiam,
3483 1676 3659 1731 minus
3691 1675 3785 1728 dili-

2222 1785 2412 1847 genter
2451 1783 2719 1835 attentos.
2752 1773 3040 1843 decipiant.
3073 1771 3361 1840 Proposuit
3408 1770 3563 1825 enim
3610 1767 3783 1837 quidam

2227 1871 2413 1928 dicens
2442 1870 2492 1926 ei
2519 1886 2640 1926 cum
2665 1886 2771 1940 quo
2800 1867 3116 1938 loquebatur
3140 1882 3155 1918 :
3182 1864 3339 1932 Quod
3364 1878 3474 1934 ego
3502 1877 3615 1916 sum
3640 1870 3779 1914 tunon

2227 1979 2317 2029 es;
2352 1972 2406 2017 at
2437 1963 2526 2018 ille
2556 1962 2860 2025 consensit,
2893 1974 3077 2015 verum
3107 1957 3252 2012 enim
3283 1964 3407 2012 erat
3434 1970 3503 2010 ex
3541 1950 3781 2023 parte,vel

2231 2069 2296 2109 eo
2325 2054 2442 2124 ipso
2467 2054 2610 2123 quod
2644 2054 2745 2107 iste
2774 2050 3097 2117 insidiosus,
3126 2050 3214 2103 ille
3242 2048 3477 2115 simplex
3504 2056 3611 2101 erat
3648 2061 3660 2097 :
3695 2054 3783 2097 tum

2233 2152 2335 2205 iste
2360 2149 2565 2204 addidit
2590 2167 2601 2202 :
2630 2148 2739 2218 Ego
2768 2154 2949 2202 autem
2973 2145 3136 2199 homo
3164 2158 3318 2208 sum;
3348 2142 3451 2196 hoc
3475 2153 3668 2209 quoque
3684 2152 3786 2192 cum

2233 2243 2300 2298 ab
2328 2243 2418 2297 illo
2446 2240 2764 2308 accepisset,
2790 2238 3055 2294 conclusit
3079 2236 3270 2291 dicens
3298 2252 3314 2289 ε
3340 2233 3412 2288 Tu
3438 2234 3586 2300 igitur
3610 2245 3704 2284 non
3728 2242 3782 2283 es

2237 2335 2418 2389 homo.
2450 2333 2604 2401 Quod
2641 2346 2811 2402 genus
2850 2331 3212 2399 captiosarum
3253 2324 3622 2380 conclusionum
3649 2319 3783 2375 Scri-

2237 2438 2410 2496 ptura,
2441 2436 2701 2496 quantum
2730 2424 2999 2489 existimo,
3033 2424 3337 2476 detestatur
3360 2418 3449 2472 illo
3480 2417 3594 2470 loco
3612 2415 3697 2468 ubi
3717 2412 3786 2466 di-

2236 2510 2380 2574 ctum
2412 2528 2493 2573 est
2518 2536 2531 2571 :
2558 2518 2659 2584 Qui
2690 2516 2980 2585 s0pliistice
3007 2513 3266 2584 loquitur,
3288 2511 3501 2566 odibilis
3524 2517 3617 2564 est.
3638 2506 3785 2573 Quan-

2238 2626 2396 2677 quam
2438 2609 2600 2665 etiam
2645 2621 2824 2663 sermo
2866 2621 2972 2661 non
3012 2606 3306 2676 captiosus,
3336 2603 3434 2658 sed
3464 2612 3623 2655 tamen
3647 2600 3782 2653 aban-

2238 2705 2452 2759 dantius
2479 2717 2640 2772 quam
2669 2701 2986 2771 gravitatem
3015 2700 3169 2755 decet
3193 2699 3487 2753 verborum
3526 2703 3775 2751 ornamenta

2240 2804 2575 2861 consectans,
2603 2793 2931 2862 sophisticus
2962 2791 3174 2846 dicitur.
3203 2790 3347 2846 Sunt
3372 2790 3534 2843 etiam
3555 2797 3766 2840 verecun-

2241 2892 2501 2948 nexiones
2542 2888 2969 2944 ratiocinationis
3017 2885 3179 2939 falsas
3222 2884 3494 2939 habentes
3520 2878 3757 2940 sententias,

2242 2996 2363 3052 qua:
2413 2988 2819 3048 consequuntur
2861 2990 3101 3032 errorem
3144 2974 3287 3029 illius
3330 2989 3461 3028 cum
3499 2986 3581 3042 quo
3614 2970 3766 3038 agitur.

2246 3075 2376 3143 Qum
2405 3083 2583 3128 tamen
2614 3072 2679 3125 ad
2712 3071 2812 3125 hoc
2841 3069 3142 3124 inferuntur
3170 3081 3202 3120 a
3231 3066 3382 3121 bono
3414 3075 3470 3120 et
3494 3065 3632 3119 docto
3648 3058 3781 3114 homi-

2246 3184 2337 3232 ne,
2368 3178 2425 3221 ut
2465 3167 2518 3221 in
2561 3165 2645 3220 his
2684 3163 3012 3219 erubescens
3050 3160 3143 3215 ille
3181 3159 3339 3229 cujus
3383 3171 3616 3214 errorem
3646 3165 3771 3207 conse-

2254 3266 2515 3329 quuntur,
2540 3256 2790 3312 eumdem
2819 3239 3131 3324 relinquant.
3144 3266 3415 3313 errorem,
3444 3251 3566 3319 quia
3593 3247 3635 3303 si
3661 3248 3705 3301 in
3723 3258 3777 3299 es»

2249 3352 2370 3408 dem
2403 3366 2624 3406 manere
2648 3348 2895 3413 voluerit,
2927 3360 3154 3402 necesse
3180 3354 3263 3400 est
3292 3342 3398 3416 [ut]
3426 3347 3583 3398 etiam
3609 3341 3684 3395 illa
3706 3350 3785 3407 qs:

2257 3448 2475 3500 damnat
2524 3455 2708 3500 tenere
2767 3452 3006 3512 cogatur.
3056 3440 3170 3494 Non
3220 3438 3365 3493 enim
3414 3454 3535 3493 vera
3582 3433 3793 3490 intersint

2256 3537 2543 3609 Apostolus
2573 3550 2695 3590 cum
2731 3534 2931 3588 diceret
2974 3550 2987 3586 :
3030 3532 3214 3601 Neque
3242 3531 3485 3585 Christus
3521 3528 3797 3587 resurrexit;

2257 3642 2311 3689 et
2340 3633 2422 3686 illa
2455 3631 2560 3684 alia
2587 3646 2601 3682 :
2638 3628 2813 3682 Inanis
2842 3637 2924 3682 est
2955 3625 3263 3694 praedicatio
3305 3636 3510 3689 nostra,
3546 3624 3710 3677 inanis
3745 3628 3804 3675 est

2256 3737 2311 3783 et
2343 3728 2474 3781 fides
2502 3732 2683 3779 vestra
2726 3738 2742 3777 :
2789 3730 2844 3779 et
2888 3721 3146 3790 deinceps
3192 3721 3292 3775 alia
3322 3736 3434 3790 qua:
3458 3718 3672 3773 omnino
3698 3716 3809 3769 falsa

2256 3827 2413 3883 sunt,
2444 3817 2565 3886 quia
2595 3826 2648 3871 et
2677 3815 2924 3870 Christus
2954 3815 3275 3876 resurrexit,
3302 3822 3350 3866 et
3376 3825 3476 3865 non
3504 3819 3618 3865 erat
3646 3808 3817 3861 inanis

2259 3912 2571 3983 praedicatio
2613 3924 2801 3966 eorum
2850 3909 2943 3977 qui
2995 3910 3098 3962 hoc
3150 3903 3534 3969 annuntiabant,
3564 3915 3663 3955 nec
3692 3901 3819 3955 fides

2256 4020 2441 4062 eorum
2469 4004 2559 4074 qui
2594 4002 2698 4057 hoc
2735 3999 3075 4055 crediderant
3104 4015 3118 4053 :
3150 3999 3247 4054 sed
3276 3997 3375 4052 ista
3401 3996 3531 4050 falsa
3556 3994 3817 4050 verissime

2256 4098 2718 4157 conuectebantur
2767 4094 2842 4149 illi
2895 4093 3211 4157 sententiae,
3244 4107 3349 4162 qua
3396 4089 3695 4153 dicebatur,
3722 4086 3814 4141 Non

2256 4208 2379 4248 esse
2410 4188 2861 4246 resurrectionem
2906 4195 3244 4241 mortuorum
3280 4202 3292 4237 :
3328 4183 3445 4240 istis
3486 4193 3664 4237 autem
3700 4179 3815 4235 falsis

2257 4283 2578 4355 repudiatis,
2634 4282 2887 4352 quoniam
2918 4295 3046 4336 vera
3090 4287 3248 4334 erant
3301 4278 3348 4333 si
3379 4278 3579 4333 mortui
3622 4290 3715 4332 non
3751 4288 3813 4328 re-

2255 4387 2499 4448 surgunt,
2518 4389 2854 4445 consequens
2873 4374 2977 4430 erit
2997 4373 3320 4429 resurrectio
3344 4382 3693 4429 mortuorum.
3712 4369 3809 4427 Cum

2256 4485 2385 4539 ergo
2411 4471 2521 4525 sint
2543 4483 2688 4524 verae
2713 4466 3097 4532 connexiones,
3124 4479 3229 4521 non
3260 4464 3441 4520 solum
3465 4480 3712 4524 verarum,
3732 4461 3802 4515 sed

2256 4563 2419 4621 etiam
2445 4562 2702 4616 falsarum
2724 4558 3130 4621 sententiarum,
3152 4556 3304 4612 facile
3329 4566 3413 4612 est
3434 4560 3797 4615 veritatemm

2258 4656 2547 4711 nexionum
2577 4653 2737 4707 etiam
2782 4654 2834 4705 in
2876 4650 3073 4706 scholis
3101 4649 3206 4703 illis
3235 4650 3480 4714 discere,
3527 4666 3641 4722 qua
3665 4655 3808 4719 prata

1276 4705 1485 4759 animos
1512 4713 1749 4768 movent,
1784 4703 1905 4772 quia
1934 4702 2148 4757 diversa
2258 4702 2547 4763 ’ῖ””“⁷”,““”
2584 4702 2735 4707 ”’“””
2876 4702 2929 4706 ”“
2958 4702 3023 4755 ’f‘
3057 4702 3069 4705 '
3108 4702 3111 4703 ⁷
3144 4702 3154 4703 '
3188 4702 3199 4703 ’
3274 4702 3405 4705 ""’
3429 4702 3439 4704 '
3465 4702 3480 4714 '
3532 4702 3640 4722 "“
3669 4702 3681 4719 ³
3785 4742 3792 4751 ,

1491 4806 1500 4812 ,
1623 4810 1664 4812 ,_
1801 4810 1812 4812 Α
2178 4730 2229 4790 Ῑ)
2257 4750 2551 4805 Εροιεδιειιη
2573 4755 2729 4812 sunt;
2757 4754 3145 4801 sententiarum
3167 4753 3346 4800 autem
3367 4747 3816 4803 veritasinsancts

2256 4842 2407 4897 libris
2464 4838 2851 4895 ecclesiasticis
2901 4836 3210 4907 vestiganda
3264 4847 3349 4892 est
3398 4835 3817 4911 [investigandi-1;.

2258 4936 2378 5005 Ipsa
2413 4942 2590 4987 tamen
2619 4931 2818 4987 veritas
2858 4930 3252 4985 connexionum
3305 4944 3412 4985 non
3476 4930 3823 4997 instituta,setl

2259 5024 2631 5079 animadversa
2678 5031 2763 5077 est
2809 5020 2879 5074 ab
2930 5020 3235 5074 hominibus
3281 5030 3335 5075 et
3386 5034 3624 5089 notata,
3656 5037 3709 5080 ut
3740 5038 3826 5078 eam

2262 5117 2467 5185 possint
2495 5112 2579 5168 vel
2605 5111 2817 5167 discere
2837 5110 2923 5165 vel
2950 5109 3182 5166 docere:
3210 5125 3332 5165 nam
3364 5122 3457 5167 est
3490 5114 3553 5170 in
3586 5130 3831 5172 rerumn-

2260 5212 2406 5265 tione
2440 5216 2704 5287 perpetua
2733 5215 2787 5261 et
2817 5205 3075 5261 divinitus
3108 5204 3369 5260 instituta.
3400 5207 3575 5266 Sicut
3621 5214 3751 5267 enim
3772 5212 3833 5281 qui

2261 5309 2446 5357 narrat
2474 5299 2716 5356 ordinem
2748 5308 3070 5368 temporum,
3097 5313 3203 5352 non
3246 5313 3369 5354 eum
3398 5299 3536 5367 ipse
3568 5305 3837 5375 componit,

2262 5406 2317 5452 et
2341 5395 2578 5450 locorum
2609 5393 2767 5457 situs,
2786 5400 2877 5446 aut
2905 5400 3123 5447 naturas
3144 5390 3492 5459 animalium,
3511 5398 3605 5452 vel
3636 5398 3840 5466 stirpim

2263 5486 2680 5565 [serpentium],
2724 5486 2809 5540 vel
2863 5484 3097 5554 lapidum
3143 5484 3235 5555 qui
3282 5489 3581 5557 ostendit,
3639 5506 3743 5547 non
3782 5501 3846 5543 τε

2263 5581 2501 5637 ostendit
2529 5579 2597 5634 ab
2628 5577 2932 5633 hominibus
2960 5577 3229 5633 institutas
3256 5594 3272 5633 :
3303 5589 3357 5633 et
3386 5579 3492 5636 ille
3526 5586 3630 5656 qui
3659 5586 3850 5640 demon-

2265 5680 2405 5727 strat
2429 5670 2607 5725 sidera
2631 5683 2923 5738 eorumque
2950 5677 3146 5735 motus,
3167 5683 3275 5724 non
3302 5684 3333 5724 a
3362 5685 3425 5727 se
3452 5675 3551 5728 vel
3580 5677 3655 5731 ab
3677 5675 3853 5730 homine

2266 5764 2446 5833 aliquo
2475 5776 2591 5818 rem
2623 5762 2921 5817 institutam
2949 5760 3282 5817 demonstrat
3314 5779 3330 5816 :
3363 5767 3445 5820 sic
3478 5770 3666 5825 etiam
3695 5771 3777 5838 qui
3801 5769 3859 5821 di-

2271 5856 2343 5911 cit
2370 5870 2491 5909 cum
2522 5854 2714 5910 falsum
2755 5864 2837 5908 est
2865 5854 3007 5924 quod
3036 5854 3420 5922 consequitur,
3447 5874 3701 5917 necesse
3726 5870 3801 5916 est
3823 5868 3863 5912 ut
3944 5880 3945 5889 ι

2273 5950 2468 6009 falsum
2497 5951 2733 6019 sitquod
2761 5948 3336 6021 praecedit,vcrissime
3362 5950 3541 6017 dicit;
3576 5972 3757 6028 neque
3783 5957 3868 6023 ipse
