3986 6382
232 374 339 430 955

1392 365 1827 425 THESAURUS.
1867 367 2028 427 CAP.
2067 367 2386 426 CCLXVIII.

3421 373 3524 434 θδι

228 490 364 546 facit
392 500 448 547 ut
477 492 548 547 ita
577 491 673 558 sit,
702 489 797 546 sed
834 494 1039 545 tantum
1083 488 1159 543 ita
1203 500 1325 543 esse
1354 486 1707 541 demonstrat.
1743 484 1823 539 Ex
1855 490 1904 551 Α
1930 503 2043 543 ram
2065 490 2415 553 sententiam,
2440 488 2578 542 male
2601 500 2660 541 se
2681 495 3048 554 contemnunt,
3074 488 3199 558 quia
3229 490 3371 561 leges
3396 506 3525 548 con-

229 581 337 637 hac
366 582 549 653 regula
578 581 707 636 illud
730 591 812 637 est
836 580 977 650 quod
1007 580 1076 635 de
1101 578 1357 648 Apostolo
1385 576 1827 633 commemoravi-

230 690 358 730 mus
401 690 413 732 :
450 674 717 747 praecedit
789 675 931 730 enim
982 692 993 726 :
1040 673 1154 729 Non
1204 687 1326 728 esse
1374 672 1826 727 resurrectionem

226 779 568 826 mortuorum
589 812 606 838 ,
637 770 779 840 quod
808 770 1058 826 dicebant
1087 768 1161 823 illi
1202 782 1429 837 quorum
1460 782 1701 822 errorem
1733 767 1827 823 de-

226 871 445 916 struere
489 860 707 916 volebat
749 859 1060 929 Apostolus.
1102 856 1271 914 Porro
1317 857 1462 912 illam
1506 858 1826 913 sententiam

225 954 648 1023 praecedentem,
682 969 784 1023 qua
809 954 1078 1018 dicebant,
1101 966 1204 1006 non
1228 966 1350 1007 esse
1373 951 1825 1008 resurrectionem

220 1054 593 1111 mortuorum,
624 1045 931 1101 necessario
962 1046 1221 1113 sequitur,
1254 1042 1436 1113 Neque
1466 1042 1705 1098 Christus
1734 1058 1824 1098 re-

219 1148 460 1193 surrexit
491 1156 504 1191 :
535 1140 635 1192 hoc
660 1147 838 1193 autem
868 1136 1008 1207 quod
1040 1137 1281 1206 sequitur
1307 1134 1498 1189 falsum
1527 1141 1630 1201 est,
1660 1133 1823 1189 Chri-

219 1240 341 1286 stus
367 1230 509 1285 enim
540 1230 870 1296 resurrexit;
905 1230 1094 1283 falsum
1125 1238 1207 1283 est
1236 1242 1363 1297 ergo
1388 1224 1485 1299 [et]
1515 1227 1657 1296 quod
1687 1242 1824 1296 pra:-

220 1323 402 1388 cedit;
436 1320 691 1393 praecedit
720 1322 865 1377 enim
897 1318 1154 1393 [autem],
1179 1318 1294 1375 Non
1325 1332 1444 1374 esse
1473 1320 1823 1374 resurrectio-

220 1428 350 1471 nem
392 1423 748 1471 mortuorum.
778 1414 873 1470 Est
911 1414 1073 1485 igitur
1113 1411 1437 1469 resurrectio
1466 1421 1822 1472 mortuorum.

219 1505 373 1573 Quod
406 1515 575 1561 totum
606 1506 841 1562 breviter
872 1506 944 1560 ita
975 1504 1196 1571 dicitur,
1228 1503 1287 1560 Si
1329 1517 1435 1558 non
1463 1511 1546 1558 est
1581 1517 1824 1557 resurre-

221 1597 336 1653 ctio
360 1607 716 1664 mortuorum,
741 1611 917 1667 neque
942 1596 1186 1652 Christus
1214 1594 1513 1652 resurrexit
1538 1611 1551 1647 :
1575 1591 1824 1650 Christus

221 1700 404 1747 autem
434 1693 763 1759 resurrexit,
791 1702 874 1748 est
904 1692 1066 1761 igitur
1095 1690 1423 1747 resurrectio
1464 1698 1820 1744 mortuorum.

219 1783 335 1839 Hoc
363 1799 491 1855 ergo
521 1794 600 1854 ut,
632 1784 983 1854 consequenti
1007 1783 1205 1849 ablato,
1232 1780 1507 1838 auferatur
1536 1782 1695 1837 etiam
1728 1795 1824 1836 ne-

1933 580 2194 637 clusionis
2221 581 2470 651 ignorant
2500 596 2515 633 :
2547 595 2666 633 cum
2699 579 2889 634 melior
2912 580 2982 635 sit
3004 582 3092 650 qui
3123 590 3271 637 nom
3296 597 3415 639 esse
3440 600 3525 641 re-

1931 670 2322 725 surrectionem
2352 677 2709 736 mortuorum,
2737 684 2893 738 quam
2924 669 3012 724 ille
3042 671 3130 740 qui
3159 672 3305 728 novit
3333 688 3525 729 conse-

1931 776 2100 830 quens
2129 776 2251 816 esse
2298 770 2377 827 ut,
2436 763 2480 817 si
2525 763 2850 817 resurrectio
2891 771 3223 818 mortuorum
3270 781 3377 819 non
3419 775 3521 833 est,

1930 870 2108 923 neque
2152 855 2397 911 Christus
2446 856 2823 912 resurrexerit.
2856 855 2985 911 Item
3014 856 3233 912 scientia
3268 857 3524 914 definien-

1929 948 2007 1014 di,
2036 948 2307 1004 dividendi
2337 960 2496 1019 atque
2528 949 2813 1019 partiendi,
2837 965 3140 1021 quanquam
3177 952 3335 1007 etiam
3366 952 3521 1009 rebus

1930 1040 2079 1096 falsis
2124 1041 2436 1111 plerumque
2479 1042 2818 1107 adhibeatur,
2848 1041 2963 1110 ipsa
3014 1053 3187 1098 tamen
3241 1044 3371 1096 lalsa
3415 1059 3521 1097 non

1928 1144 2011 1195 eat
2031 1179 2044 1202 ,
2075 1150 2250 1205 neque
2284 1136 2349 1190 ab
2377 1135 2683 1191 hominibus
2716 1137 2983 1201 instituta,
3012 1138 3106 1191 sed
3139 1137 3191 1191 in
3223 1152 3402 1191 rerum
3433 1153 3520 1190 ra-

1932 1229 2077 1285 tione
2105 1238 2410 1298 comperta;
2446 1244 2552 1285 non
2600 1231 2744 1287 enim
2775 1232 2898 1301 quia
2929 1240 2983 1285 et
3014 1230 3205 1287 fabulis
3249 1233 3359 1287 suis
3403 1247 3522 1287 eam

1929 1332 2124 1393 poetae,
2154 1333 2207 1379 et
2234 1323 2583 1395 opinionibus
2610 1327 2811 1381 erroris
2840 1326 2920 1381 sui
2957 1326 3039 1380 vel
3071 1326 3187 1380 falsi
3217 1325 3522 1395 philosophi

1928 1417 2012 1473 ve’l
2048 1417 2208 1473 etiam
2241 1418 2500 1487 haeretici,
2527 1417 2629 1473 hoc
2658 1427 2741 1473 est
2772 1418 2888 1473 falsi
2925 1415 3237 1484 Christiani,
3266 1417 3523 1475 adhibere

1931 1520 2346 1575 consueverunt,
2394 1519 2679 1580 propterea
2724 1510 2914 1565 falsum
2947 1520 3028 1565 est
3068 1526 3243 1582 neque
3286 1512 3339 1566 in
3385 1511 3522 1566 defi-

1927 1601 2168 1667 niendo,
2213 1616 2390 1671 neque
2435 1603 2486 1656 in
2535 1600 2822 1657 dividendo
2862 1612 2952 1657 aut
2999 1604 3278 1672 partiendo
3321 1603 3522 1675 aliquid

1931 1693 2397 1763 complectendum
2430 1709 2550 1749 esse
2579 1694 2718 1765 quod
2749 1694 2817 1749 ad
2848 1710 2961 1749 rem
2996 1696 3166 1765 ipsam
3210 1712 3313 1753 non
3353 1696 3522 1767 perti-

1930 1794 2045 1852 net,
2074 1794 2167 1841 aut
2206 1786 2407 1857 aliquid
2454 1786 2599 1857 quod
2649 1788 2898 1857 pertinet,
2931 1790 3379 1857 praetereundum.
3411 1789 3523 1847 Hoc

222 1878 464 1933 cessario
504 1878 644 1946 quod
698 1877 973 1947 praecedit,
1003 1891 1111 1931 non
1158 1876 1508 1931 instituerunt
1553 1874 1817 1941 homines,
1851 1884 1897 1944 Β
1927 1894 2110 1934 verum
2156 1887 2269 1944 est,
2306 1878 2517 1934 etiamsi
2566 1895 2628 1935 ea
2677 1894 2795 1950 quae
2836 1878 3163 1935 definiuntur
3204 1890 3297 1937 aut
3340 1881 3522 1936 distri-

216 1971 315 2026 sed
345 1971 698 2027 ostenderunt
724 1989 736 2025 :
761 1979 815 2027 et
837 1970 951 2026 haec
978 1970 1157 2041 regula
1191 1970 1421 2039 pertinet
1446 1969 1513 2023 ad
1535 1967 1818 2023 veritatem

215 2063 637 2128 connexionum,
672 2077 776 2117 non
823 2062 891 2116 ad
939 2062 1217 2117 veritatem
1267 2060 1678 2115 sententiarum.
1711 2057 1820 2115 Sed

213 2153 270 2211 in
301 2154 401 2208 hoc
427 2154 546 2209 loco
575 2154 643 2209 de
672 2154 1074 2210 resurrectione
1102 2166 1223 2207 cum
1255 2161 1523 2222 ageretur,
1553 2160 1608 2207 et
1635 2150 1820 2221 regula

214 2247 570 2302 connexionis
597 2262 721 2302 vera
763 2256 877 2313 est,
911 2258 965 2301 et
994 2246 1107 2314 ipsa
1138 2244 1192 2298 in
1221 2243 1570 2299 conclusione
1600 2251 1820 2297 senten-

214 2339 313 2394 tia.
362 2339 419 2393 ln
467 2338 616 2393 falsis
660 2348 841 2394 autem
891 2337 1197 2403 sententiis,
1230 2335 1581 2392 connexionis
1620 2334 1821 2388 veritas

213 2440 319 2498 est,
371 2432 637 2486 istomodo
670 2449 683 2485 :
715 2431 994 2485 Faciamus
1040 2430 1271 2499 aliquem
1320 2429 1655 2483 concessisse
1699 2444 1714 2481 :
1760 2427 1819 2482 Si

212 2522 417 2576 animal
448 2532 530 2577 est
558 2522 796 2588 cochlea,
817 2536 1004 2575 vocem
1033 2520 1193 2575 habet
1221 2538 1234 2573 :
1264 2520 1367 2575 hoc
1395 2531 1673 2582 concesso,
1695 2532 1818 2573 cum

218 2614 504 2683 probatum
536 2614 698 2670 fuerit
726 2627 913 2669 vocem
944 2612 1221 2668 cochleam
1266 2625 1373 2665 non
1414 2609 1634 2674 habere,
1680 2624 1816 2678 quo-

209 2707 359 2761 niam
392 2706 745 2775 consequenti
776 2706 974 2771 ablato,
1007 2705 1135 2759 illud
1167 2704 1315 2775 quod
1358 2701 1613 2773 praecedit
1642 2700 1819 2756 aufer-

216 2811 325 2868 tur,
358 2801 699 2855 concluditur
745 2818 758 2854 :
805 2799 922 2855 Non
950 2814 1072 2855 esse
1116 2798 1313 2853 animal
1357 2797 1658 2851 cochleam.
1689 2794 1818 2861 Qus

210 2894 482 2949 sententia
515 2893 647 2947 falsa
679 2901 795 2958 est;
826 2892 919 2946 sed
951 2906 1021 2946 ex
1056 2905 1311 2946 concesso
1341 2889 1505 2954 falso,
1539 2903 1661 2943 vera
1690 2903 1819 2944 con-

208 2985 471 3040 clusionis
499 2984 785 3039 connexio.
821 2983 1028 3038 Veritas
1072 2984 1251 3052 itaque
1293 2980 1575 3037 sententia:
1620 2994 1713 3050 per
1758 2995 1819 3036 se

206 3081 382 3148 ipsam
414 3077 554 3132 valet
583 3094 597 3132 :
633 3077 830 3131 veritas
866 3085 1042 3131 autem
1072 3074 1422 3130 connexionis
1451 3088 1515 3129 ex
1546 3072 1660 3142 ejus
1690 3087 1813 3127 cum

205 3185 317 3240 quo
358 3169 530 3240 agitur
571 3168 827 3237 Opinione
868 3166 952 3221 vel
1000 3165 1347 3222 concessione
1391 3163 1657 3218 consistit.
1686 3162 1812 3219 Ideo

204 3273 411 3332 autem,
444 3272 503 3318 ut
540 3278 701 3333 supra
744 3261 1000 3329 diximus,
1032 3260 1260 3316 infertur
1300 3275 1430 3315 vera
1476 3260 1809 3317 connexione
1842 3264 1888 3330 C

208 3357 355 3429 quod
388 3358 578 3411 falsum
610 3366 714 3424 est,
738 3365 797 3411 ut
823 3371 947 3411 eum
972 3355 1124 3424 cujus
1154 3369 1391 3410 errorem
1420 3353 1692 3422 corrigere
1714 3368 1811 3408 vo-

205 3451 407 3514 Iumus,
425 3447 1023 3518 pteniteatconcessisse
1044 3446 1421 3516 praecedentia,
1438 3461 1819 3521 quorum'con-

204 3541 833 3613 sequentiatnvidetesse
847 3539 1224 3609 respuendum.
1245 3537 1361 3592 Jam
1380 3538 1820 3609 hinciutelligere

208 3636 373 3692 facile
403 3640 487 3692 est
518 3636 658 3690 sicut
683 3634 737 3688 in
768 3633 917 3688 falsis
947 3630 1226 3687 sententiis
1255 3644 1438 3696 veras,
1470 3631 1549 3685 sic
1587 3629 1639 3682 in
1674 3631 1815 3685 veris

206 3731 493 3789 sententiis
540 3730 701 3785 falsas
746 3726 1117 3784 conclusiones
1162 3739 1280 3782 esse
1320 3738 1497 3794 posse.
1528 3724 1633 3779 Fac
1673 3725 1816 3778 enim

206 3826 450 3895 aliquem
482 3824 827 3895 pronosuisse
853 3840 866 3877 :
899 3820 954 3878 Si
976 3822 1154 3893 justus
1181 3831 1265 3875 est
1290 3818 1402 3887 ille,
1427 3819 1601 3875 bonus
1623 3829 1734 3887 est;
1763 3827 1820 3877 et

206 3934 334 3975 esse
364 3916 909 3983 concessum;deinde
938 3913 1300 3980 assumpsisse
1329 3929 1343 3965 :
1374 3910 1490 3966 Non
1523 3920 1607 3966 est
1634 3921 1813 3966 autem

209 4012 426 4081 justus;
459 4023 565 4077 quo
595 4008 721 4061 item
749 4022 1032 4072 concesso,
1064 4004 1306 4059 intulisse
1348 4004 1749 4058 conclusionem
1795 4018 1812 4059 :

209 4102 330 4158 Ntm
363 4110 443 4155 εει
470 4097 630 4169 igitur
665 4098 859 4151 bonus.
885 4095 1017 4163 Quae
1047 4093 1261 4149 tametsi
1293 4107 1418 4147 vera
1460 4094 1569 4147 sint
1612 4093 1811 4162 omnia,

210 4210 320 4249 nou
356 4200 440 4248 est
468 4200 647 4247 tamen
675 4205 801 4245 vera
848 4188 1032 4259 regula
1079 4185 1441 4241 conclusionis
1476 4204 1487 4238 :
1522 4200 1629 4240 non
1670 4186 1814 4241 enim

206 4285 357 4342 sicut
403 4285 582 4339 ablato
627 4280 973 4351 consequenti
1022 4277 1263 4333 aufertur
1311 4278 1614 4334 necessario
1672 4277 1815 4347 quod

206 4376 489 4447 praecedit,
514 4373 590 4428 ita
611 4374 771 4428 etiam
796 4371 976 4427 ablato
1006 4367 1332 4440 praecedenti
1359 4367 1599 4423 aufertur
1624 4383 1813 4424 neces-

202 4468 356 4525 sario
386 4467 529 4538 quod
571 4465 849 4534 sequitur;
883 4462 1006 4533 quia
1040 4477 1227 4517 verum
1257 4470 1342 4517 est
1372 4476 1493 4516 cum
1525 4461 1753 4519 dicimus
1794 4480 1811 4519 :

203 4560 272 4616 Si
302 4568 484 4614 orator
514 4568 616 4624 est,
648 4558 810 4611 homo
836 4565 918 4611 est
946 4572 961 4609 :
992 4570 1057 4610 ex
1087 4569 1189 4624 qua
1222 4556 1593 4625 pr0positione
1638 4555 1681 4610 si
1726 4570 1811 4612 as-

200 4664 486 4707 sumamus
515 4666 527 4702 :
560 4647 675 4703 Non
705 4655 789 4701 est
816 4656 995 4701 autem
1036 4654 1220 4699 orator
1270 4663 1282 4699 :

200 4759 404 4816 quens,
434 4757 555 4796 cum
586 4739 830 4795 intuleris
862 4754 877 4793 :
910 4738 1026 4792 Non
1054 4746 1139 4793 est
1168 4736 1330 4807 igitur
1360 4738 1537 4792 homo.
1564 4737 1808 4807 Quapro-

208 4847 336 4907 pter
363 4833 506 4889 aliud
535 4841 615 4889 est
642 4846 805 4886 nosse
833 4829 1041 4898 regulas
1072 4830 1485 4893 connexionum,
1514 4828 1658 4882 aliud
1686 4844 1811 4883 sen-

217 4929 506 4985 tentiarum
533 4926 812 4982 veritatem
847 4941 860 4977 :
892 4923 947 4978 in
976 4922 1081 4977 illis
1107 4922 1328 4976 discitur
1355 4921 1480 4990 quid
1518 4923 1587 4975 sit
1619 4936 1808 4977 conse-

208 5035 404 5092 quens,
429 5018 553 5090 quid
585 5033 692 5073 non
718 5030 1079 5085 consequens,
1098 5014 1226 5083 quid
1256 5027 1584 5083 repugnans.
1608 5011 1811 5068 Conse-

210 5128 386 5187 quens
412 5122 514 5181 est,
539 5113 595 5168 Si
626 5120 809 5167 orator
836 5119 938 5176 est,
964 5108 1125 5163 homo
1150 5115 1234 5163 est
1262 5124 1275 5160 :
1311 5108 1725 5175 inconsequens,
1752 5106 1808 5161 Si

210 5210 380 5263 homo
405 5212 508 5269 est,
537 5211 721 5259 orator
746 5209 831 5257 est
862 5218 877 5256 :
906 5213 1211 5269 repugnans
1239 5212 1256 5253 :
1286 5197 1343 5254 Si
1371 5197 1532 5253 homo
1558 5207 1661 5261 est,
1685 5210 1814 5265 qua-

205 5299 413 5366 drupes
442 5304 545 5351 est.
571 5292 671 5348 Hic
701 5307 829 5363 ergo
868 5292 937 5349 de
964 5291 1079 5361 ipsa
1109 5290 1445 5345 connexione
1475 5287 1683 5342 dicatur
1713 5286 1815 5359 [ju-

206 5388 473 5460 dicatur].
499 5389 554 5442 In
579 5386 805 5441 veritate
831 5393 1011 5440 autem
1039 5382 1447 5448 sententiarum,
1472 5382 1600 5450 ipsa:
1632 5396 1727 5449 per
1755 5394 1815 5437 se

211 5481 526 5548 sententize,
557 5494 663 5535 non
708 5492 893 5532 earum
932 5479 1198 5532 connexio
1235 5473 1625 5531 consideranda
1673 5480 1756 5529 est
1796 5490 1811 5529 :

217 5574 321 5631 sed
353 5574 497 5627 veris
528 5572 796 5639 certisque
822 5568 1103 5624 sententiis
1128 5584 1252 5624 cum
1283 5570 1502 5624 incertae
1530 5581 1654 5622 vera
1685 5582 1812 5622 con-

210 5666 451 5725 nexione
488 5664 804 5734 junguntur,
837 5660 998 5715 etiam
1039 5659 1168 5729 ipsae.
1216 5668 1375 5714 certae
1417 5659 1548 5713 fiant
1591 5670 1816 5713 necesse

210 5768 319 5817 est.
396 5756 621 5824 Quidam
671 5761 851 5808 autem
896 5752 973 5807 sic
1019 5765 1079 5807 se
1121 5750 1345 5821 jactant,
1376 5766 1498 5805 cum
1529 5750 1814 5806 veritatem

223 5852 625 5911 connexionum
672 5848 987 5914 didicerint,
1010 5846 1161 5917 quasi
1199 5848 1577 5903 sententiarum
1608 5849 1719 5917 ipsa
1747 5846 1819 5903 sit

224 5948 463 6011 veritas;
493 5952 549 6003 et
577 5957 765 6004 rursus
794 5941 1012 6014 quidam
1043 5942 1355 6011 plerumque
1400 5944 1694 6001 retinentes
1725 5956 1817 5999 ve-

1927 1972 2164 2028 buuntur
2196 1988 2320 2027 vera
2355 1987 2462 2027 non
2492 1974 2617 2028 sint.
2652 1972 2785 2028 Nam
2816 1984 2868 2028 et
2896 1972 3070 2044 ipsum
3102 1973 3290 2030 falsum
3322 1975 3519 2031 defini-

1929 2074 2036 2132 tur,
2060 2080 2181 2120 cum
2210 2064 2439 2121 dicimus
2462 2064 2649 2120 falsam
2677 2080 2797 2122 esse
2818 2066 3257 2136 significationem
3286 2067 3388 2133 rei,
3412 2082 3520 2123 non

1923 2158 1993 2212 ita
2022 2172 2081 2212 se
2114 2157 2361 2213 habentis
2390 2168 2447 2213 ut
2469 2160 2819 2229 significatur,
2848 2159 2963 2215 sive
2990 2160 3096 2214 alio
3122 2162 3299 2228 aliquo
3322 2161 3517 2228 modo;

1923 2265 2041 2319 qua:
2070 2250 2318 2306 definitio
2346 2267 2471 2306 vera
2512 2262 2614 2320 est,
2647 2254 2893 2322 quamvis
2936 2252 3127 2308 falsum
3166 2270 3349 2309 verum
3394 2269 3520 2311 esse

1923 2354 2029 2394 non
2072 2341 2259 2409 possit.
2311 2340 2604 2397 Possumus
2650 2342 2811 2397 etiam
2855 2342 3098 2398 dividere
3138 2344 3377 2400 dicentes
3414 2344 3521 2401 duo

1924 2449 2043 2490 esse
2066 2450 2261 2506 genera
2287 2436 2405 2491 falsi
2428 2454 2443 2493 :
2468 2453 2652 2503 unum,
2670 2453 2855 2493 eorum
2881 2454 2999 2509 qua:
3024 2440 3243 2495 omnino
3268 2456 3389 2498 esse
3414 2441 3522 2513 50

1923 2543 2027 2582 non
2061 2538 2317 2598 possunt;
2340 2529 2586 2597 alterum,
2610 2546 2797 2586 eorum
2817 2547 2936 2602 quae
2966 2547 3071 2587 non
3100 2542 3243 2601 sunt,
3277 2536 3521 2603 quamvis

1922 2637 2041 2679 esse
2084 2626 2312 2693 possint.
2338 2626 2470 2680 Nam
2503 2626 2593 2696 qui
2622 2626 2750 2681 dicit
2777 2635 2982 2697 septem
3025 2638 3079 2683 et
3113 2628 3214 2684 tria
3260 2628 3507 2685 undecim

1922 2732 2063 2783 esse,
2096 2717 2147 2771 id
2180 2717 2308 2773 dicit
2332 2718 2476 2789 quod
2506 2720 2727 2775 omnino
2756 2736 2876 2776 esse
2908 2737 3011 2777 non
3054 2729 3249 2790 potest.
3276 2720 3377 2788 Qui
3418 2737 3517 2777 au-

1924 2818 2031 2863 tem
2080 2809 2231 2871 dicit.
2262 2810 2522 2875 calendis,
2551 2810 2700 2866 verbi
2748 2808 2940 2881 gratia,
2971 2811 3237 2866 Januariis
3284 2812 3509 2882 pluisse,

1924 2900 2136 2954 tametsi
2164 2899 2359 2955 factum
2391 2916 2497 2955 non
2526 2901 2625 2968 sit,
2654 2901 2705 2955 id
2737 2910 2912 2956 tamen
2945 2902 3072 2956 dicit
3108 2902 3248 2973 quod
3275 2902 3386 2958 fieri
3417 2918 3512 2973 po-

1923 2990 2103 3045 tuerit.
2139 2990 2386 3046 Definitio
2416 3007 2541 3062 ergo
2584 3000 2639 3047 et
2667 2992 2862 3047 divisio
2893 2993 3143 3048 falsorum
3189 3004 3363 3063 potest
3391 3009 3514 3050 esse

1924 3080 2223 3147 verissima,
2248 3082 2490 3151 quamvis
2513 3081 2645 3137 falsa
2675 3082 2786 3151 ipsa
2816 3083 3001 3153 utique
3027 3097 3151 3139 vera
3176 3099 3280 3139 non
3308 3084 3435 3140 sint.

2421 3220 2645 3278 CAPUT
2682 3219 3001 3277 CCLXVIII.

1930 3332 2000 3388 Ut
2025 3351 2115 3408 nec
2137 3335 2201 3390 de
2228 3337 2518 3405 eloquentia
2546 3353 2599 3389 se
2622 3337 2876 3406 quispiam
2898 3339 3058 3407 jactet
3083 3352 3199 3408 quae
3224 3355 3325 3393 non
3351 3348 3405 3393 ut
3431 3340 3515 3393 in-

1994 3406 2284 3474 telligamus
2312 3408 2401 3461 sed
2424 3416 2479 3460 ul
2498 3408 2755 3463 intellecta
2779 3406 3103 3477 proferamus
3125 3409 3424 3476 adhibetur;
3454 3425 3515 3465 ea

1994 3480 2171 3531 eodem
2198 3477 2350 3533 libro.

1993 3613 2129 3667 Sunt
2154 3612 2314 3665 etiam
2337 3610 2582 3681 quaedam
2609 3620 2875 3682 praecepta
2903 3612 3167 3667 uberioris
3195 3612 3514 3682 disputatio-

1924 3706 2028 3775 nis,
2055 3720 2176 3776 qua“:
2199 3706 2303 3774 jam
2330 3705 2634 3776 eloquentia
2664 3706 2992 3771 nominatur,
3020 3721 3139 3776 qua:
3166 3705 3515 3762 nlhilominus

1922 3814 2049 3855 vera
2082 3809 2227 3867 sunt,
2254 3799 2502 3869 quamvis
2530 3800 2610 3856 eis
2640 3801 2851 3869 possint
2875 3801 3037 3855 etiam
3063 3798 3198 3855 falsa
3228 3800 3514 3868 persuade

1926 3891 1973 3945 ri
2021 3908 2034 3945 :
2079 3891 2172 3945 sed
2202 3892 2321 3959 quia
2351 3900 2405 3945 et
2432 3905 2555 3945 vera
2586 3905 2707 3950 esse
2740 3900 2981 3961 possunt,
3014 3907 3120 3947 non
3162 3899 3247 3948 est
3286 3892 3513 3949 facultas

1921 3982 2035 4051 ipsa
2063 3982 2371 4051 culpabilis,
2397 3982 2492 4037 sed
2536 3983 2676 4038 male
2717 3982 2977 4037 utentium
3009 3985 3349 4052 perversitas.
3376 3983 3509 4038 Nam

1922 4089 2095 4144 neque
2123 4075 2225 4129 hoc
2257 4077 2324 4129 ab
2353 4076 2661 4131 hominibus
2694 4077 2991 4132 institutum
3024 4087 3125 4141 est,
3151 4086 3209 4131 ut
3235 4078 3513 4133 charitatis

1920 4166 2199 4234 expressio
2226 4166 2480 4221 conciliet
2509 4166 2841 4235 auditorem,
2871 4176 2962 4222 aut
2987 4177 3044 4222 ut
3074 4168 3225 4223 facile
3252 4169 3395 4239 quod
3427 4170 3509 4224 iu-

1918 4256 2093 4312 teudit
2124 4257 2361 4312 insinuet
2406 4258 2584 4313 brevis
2616 4268 2669 4314 et
2697 4270 2880 4330 aperta
2910 4262 3166 4326 narratio,
3197 4268 3253 4316 ct
3280 4261 3512 4317 varietas

1917 4348 2033 4418 ejus
2061 4349 2179 4404 sine
2210 4347 2428 4403 fastidio
2471 4359 2650 4405 teneat
2690 4352 2953 4415 intentos,
2981 4361 3036 4405 et
3072 4360 3282 4406 caetera:
3324 4350 3511 4420 hujus-

1917 4445 2060 4501 tnodi
2090 4444 2523 4510 observationes,
2555 4460 2676 4515 qua:
2705 4445 2818 4499 sive
2847 4446 2898 4500 in
2932 4444 3111 4510 falsis,
3140 4445 3254 4500 sive
3284 4444 3337 4498 in
3368 4444 3513 4499 veris

1914 4542 2086 4598 causis
2106 4558 2245 4596 verm
2261 4552 2384 4597 sunt
2403 4558 2416 4596 :
2436 4550 2611 4597 tamen
2631 4540 2685 4595 in
2700 4549 2953 4610 quantum
2980 4540 3066 4595 vel
3091 4538 3215 4593 sciri
3248 4537 3331 4593 vel
3360 4536 3509 4593 credi

1326 4661 1434 4701 non
1475 4646 1579 4700 erit
1622 4661 1811 4702 ροηδε-
1839 4666 1891 4730 D
1914 4637 2115 4707 aliquid
2131 4639 2345 4703 faciunt,
2363 4639 2529 4692 autad
2546 4636 2909 4705 expetendum
2923 4632 3512 4705 fugiendumveanimos

1920 4738 2153 4794 movent,
2181 4740 2233 4785 et
2265 4730 2495 4784 inventae
2523 4728 2703 4798 potius
2730 4727 2873 4797 quod
2904 4727 2974 4782 ita
3007 4741 3064 4781 se
3094 4724 3324 4781 habeant
3349 4740 3509 4794 quam

1920 4833 1975 4880 ut
2001 4826 2068 4879 ita
2100 4839 2156 4879 se
2183 4823 2439 4877 haberent
2467 4822 2740 4877 institutae.
2768 4820 2873 4877 Sed
2906 4821 3019 4875 haec
3048 4832 3170 4889 pars
3196 4833 3317 4872 cum
3348 4816 3510 4871 disci-

1920 4926 2036 4978 tur.
2068 4916 2235 4987 magis
2282 4924 2337 4969 ut
2385 4914 2716 4982 proferamus
2760 4928 2821 4968 ea
2865 4928 2984 4982 quae
3031 4911 3300 4967 intellecta
3349 4915 3506 4973 sunt,

1921 5025 2080 5080 quam
2108 5020 2166 5063 ut
2190 5009 2548 5077 intelligamus
2569 5006 2864 5061 adhibenda
2888 5014 2987 5061 est.
3010 5004 3105 5059 Illa
3129 5017 3257 5058 vero
3285 5000 3506 5055 conclu-

1918 5103 2149 5164 sionutn,
2173 5110 2227 5156 et
2248 5099 2642 5165 definitionum,
2664 5109 2717 5153 et
2737 5098 3193 5161 distributionum,
3219 5093 3505 5163 plurimum

1920 5194 2310 5249 intellectorem
2341 5192 2580 5263 adjuvat,
2607 5201 2808 5245 tantum
2840 5189 2980 5244 absit
3003 5201 3174 5255 error,
3194 5199 3302 5255 quo
3323 5184 3508 5239 viden-

1922 5296 2006 5341 tur
2034 5287 2135 5343 sibi
2168 5286 2409 5342 homines
2455 5290 2624 5355 ipsam
2666 5283 2837 5339 heatte
2878 5282 3004 5334 vita:
3045 5278 3321 5334 veritatem
3366 5275 3508 5331 didi-

1919 5381 2090 5443 cisse,
2118 5394 2238 5434 cum
2271 5379 2369 5435 ista
2400 5377 2706 5433 didicerint.
2733 5374 3044 5441 Quanquam
3075 5370 3391 5441 plerumque
3417 5381 3507 5423 ac-

1918 5473 2059 5529 cidat
2078 5514 2095 5541 ,
2122 5481 2180 5527 ut
2209 5472 2419 5527 facilius
2447 5470 2693 5526 homines
2734 5482 2824 5522 res
2853 5479 2946 5521 eas
2974 5472 3348 5534 assequentur,
3384 5476 3507 5531 pro-

1918 5577 2037 5637 pter
2075 5581 2204 5636 quas
2252 5564 2615 5635 assequendas
2653 5562 2753 5617 ista
2794 5561 3090 5628 discuntur,
3118 5573 3276 5628 quam
3317 5557 3503 5613 talium

1921 5666 2311 5729 praeceptorum
2346 5656 2732 5711 nodosissimas
2756 5662 2810 5710 et
2838 5652 3236 5723 spinosissimas
3263 5650 3503 5719 discipli-

1919 5766 2034 5806 nas.
2060 5750 2332 5817 Tanquam
2363 5748 2406 5801 si
2436 5747 2702 5816 quispiam
2730 5745 2859 5801 dare
2888 5746 3071 5801 volens
3102 5752 3369 5815 praecepta
3394 5756 3504 5798 am-

1919 5843 2157 5907 bulandi,
2186 5848 2401 5897 moueat
2426 5855 2532 5895 non
2570 5854 2691 5896 esse
2719 5838 2999 5895 levandum
3031 5837 3378 5909 posteriorem
3411 5852 3503 5907 pe-

1922 5940 2068 6005 dem,
2098 5937 2199 5994 uisi
2228 5950 2347 5992 cum
2380 5933 2623 6003 posuerit
2647 5933 2878 6005 priorem
2912 5951 2922 5989 :
2953 5932 3149 5992 deinde
3179 5930 3502 6000 minutatim,
