3986 6382
1613 357 1679 415 D.
1720 351 2045 414 IUGYPPII
2084 347 2378 408 ABBATIS
2416 344 2739 406 spuicam

3720 349 3799 403 θῑς

537 478 990 553 quemadmodum
1046 478 1394 535 articulorum
1448 485 1505 533 et
1562 476 1823 547 poplitum
1879 473 2127 531 cardines
2155 470 2206 534 Α
2231 464 2387 537 quasi
2411 464 2657 536 quadam
2685 467 2840 533 pacta
2885 466 3048 531 atque
3091 466 3379 526 convertis,
3420 460 3703 532 repudient
3731 480 3797 534 pe-

537 582 785 642 Oportest
833 587 1070 636 movere,
1100 571 1368 627 describat
1418 591 1432 627 :
1482 584 1607 625 vera
1655 571 1799 626 enim
1846 569 1997 636 dicit,
2032 583 2129 623 nec

540 671 702 726 aliter
731 668 985 723 ambulari
1015 675 1214 737 potest,
1245 666 1339 720 sed
1382 664 1588 719 facilius
1630 664 1873 718 homines
1912 662 2027 718 haec
2055 663 2130 716 la-

538 766 737 820 cieudo
762 762 1059 825 ambulant,
1089 776 1249 831 quam
1280 759 1715 814 animadvertunt
1743 773 1863 813 cum
1898 757 2126 821 faciunt,

546 868 639 910 aut
683 854 983 924 intelligunt
1032 868 1153 907 cum
1205 852 1459 917 audiunt;
1509 852 1599 921 qui
1630 860 1809 906 autem
1848 850 2127 905 ambulare

538 965 643 1003 non
678 956 920 1015 possunt,
952 946 1123 1001 multo
1154 946 1327 1000 minus
1351 960 1411 1000 ea
1444 954 1655 1013 curant,
1684 960 1803 1015 quae
1834 959 1933 999 nec
1957 958 2124 1014 espe-

536 1040 723 1094 riendo
754 1049 979 1109 possunt
1010 1039 1309 1095 attendere.
1330 1039 1401 1093 Ita
1428 1040 1749 1109 plerumque
1776 1038 1936 1093 citius
1976 1038 2124 1107 inge-

535 1138 719 1190 niosus
767 1135 913 1190 videt
958 1151 1065 1190 non
1112 1150 1234 1190 esse
1275 1146 1445 1190 ratam
1494 1134 1925 1197 conclusionem,
1966 1146 2124 1203 quam

534 1240 801 1301 praecepta
834 1229 953 1300 ejus
978 1229 1123 1297 capit
1154 1245 1167 1283 :
1200 1228 1383 1282 tardus
1426 1236 1602 1283 autem
1654 1242 1758 1279 non
1801 1240 1918 1280 eam
1958 1224 2126 1291 videt,

533 1322 630 1376 sed
662 1321 831 1375 multo
863 1322 1039 1375 minus
1079 1320 1221 1389 quod
1261 1321 1329 1374 de
1368 1319 1459 1373 illa
1502 1318 1826 1389 prmcipitur,
1855 1316 2126 1386 magisque

2238 560 2382 614 nitus
2407 569 2465 614 et
2495 559 2856 622 detestentur;
2887 555 3124 611 alieneet
3151 555 3315 611 etiam
3342 553 3580 611 studium
3627 555 3694 629 [a]
3733 576 3795 614 su-

2200 650 2450 722 rpertiuis
2487 658 2546 707 et
2586 648 2874 705 luxuriosis
2919 648 3193 703 hominum
3241 649 3531 703 institutis.
3565 648 3655 703 illa
3698 667 3795 707 veru

2241 743 2481 799 instituta
2513 741 2814 806 hominum,
2839 756 2957 811 qua:
2985 740 3050 796 ad
3079 742 3394 797 societatem
3424 743 3793 798 conviventiun

2233 842 2435 909 valent,
2464 856 2563 913 pro
2604 842 2720 909 ipsa
2764 840 2889 895 vitae
2936 840 3095 911 hujus
3140 842 3463 897 necessitate
3512 859 3620 897 non
3662 848 3791 914 negli-

2231 942 2358 1003 gant
2394 950 2408 987 :
2442 934 2494 988 in
2525 933 2737 988 ueteris
2768 941 2948 987 autem
2978 932 3239 988 doctrinis
3281 949 3403 1002 quae
3450 935 3601 1003 apud
3645 948 3789 1004 gentes

2231 1026 2602 1090 inveniuntur,
2635 1034 2832 1095 preter
2878 1025 3155 1081 historiam
3199 1041 3403 1091 rerum,
3436 1026 3530 1081 vel
3580 1031 3786 1095 prae-riu

2231 1118 2491 1186 temporis
2525 1117 2610 1174 vel
2640 1116 2944 1187 pressantis,
2970 1116 3036 1173 ad
3065 1131 3255 1173 sensus
3285 1118 3543 1188 corporis
3569 1120 3785 1186 pertinen-

2230 1212 2363 1267 tium
2385 1256 2399 1279 ,
2430 1211 2624 1281 quibus
2652 1212 2814 1269 etiam
2844 1209 3053 1265 utilium
3098 1210 3292 1265 artium
3335 1211 3692 1279 corporalium
3715 1227 3783 1266 et.

2230 1304 2527 1374 perimenta
2569 1311 2625 1357 et
2667 1302 2992 1371 conjecturas
3038 1311 3487 1366 annumerantur,
3539 1310 3593 1355 et
3636 1312 3779 1370 praeter

536 1416 593 1470 in
627 1416 708 1470 his
737 1416 982 1469 omnibus
1015 1417 1131 1485 ipsa
1172 1413 1476 1483 spectacula
1520 1414 1759 1468 veritatis
1801 1427 1944 1483 saepe
1982 1412 2127 1466 dele-

2244 1396 2493 1451 rationem
2523 1393 2902 1463 disputationis
2927 1402 2981 1448 et
3012 1394 3242 1458 numeri,
3268 1392 3403 1448 nihil
3437 1392 3575 1447 utile
3600 1408 3701 1447 esse
3716 1407 3779 1449 ar-

536 1517 704 1575 ctant,
736 1523 895 1576 quam
930 1524 993 1563 ex
1034 1509 1112 1562 eis
1156 1508 1209 1562 in
1254 1508 1577 1577 disputando
1605 1516 1693 1560 aut
1717 1505 2005 1575 iudicando
2032 1505 2127 1559 ad-

535 1600 781 1671 iuvamur
806 1618 818 1654 :
854 1600 954 1653 nisi
990 1601 1122 1654 forte
1152 1600 1292 1670 quod
1323 1599 1692 1655 exercitatiora
1721 1599 1951 1654 reddunt
1978 1599 2126 1668 inge-

535 1694 645 1758 nia,
674 1694 717 1746 si
757 1692 918 1747 etiam
951 1692 1264 1761 maligniora
1304 1702 1395 1746 aut
1436 1692 1702 1745 inﬂatiora
1732 1706 1839 1745 non
1869 1690 2123 1757 reddant,

538 1787 641 1840 hoc
670 1796 750 1839 est
783 1793 840 1838 ut
870 1793 960 1839 aut
989 1784 1241 1853 decipere
1268 1785 1545 1840 verisimili
1573 1799 1823 1839 sermone
1850 1794 2011 1852 atque
2041 1785 2125 1838 in-

2228 1487 2401 1542 bitror
2445 1505 2460 1542 :

2511 1488 2563 1542 in
2608 1486 2803 1557 quibus
2840 1486 3085 1541 omnibus
3125 1485 3415 1540 tenendum
3457 1495 3568 1549 est,
3596 1500 3654 1540 its
3693 1500 3781 1549 ocis

2233 1600 2398 1649 Nlllﬁ,
2429 1593 2482 1640 et
2509 1585 2742 1639 maxime
2771 1584 2825 1638 in
2858 1582 2945 1639 his
2970 1598 3090 1651 quas
3118 1582 3183 1637 ad
3210 1581 3462 1652 corporis
3486 1597 3665 1638 sensus
3688 1597 3778 1651 perv

2231 1677 2452 1733 tinentia
2475 1677 2765 1733 volvuntur
2787 1676 3114 1743 temporibus
3142 1684 3198 1730 et
3223 1677 3574 1732 eontinentnr
3599 1676 3723 1733 locis.

2766 1769 2997 1825 CAPUT
3035 1767 3290 1824 CCLXX.

536 1878 986 1947 terrogationibus
1025 1886 1226 1939 ament,
1254 1887 1344 1932 aut
1384 1876 1579 1947 aliquid
1624 1892 1870 1947 magnum
1914 1890 2022 1946 quo
2065 1889 2126 1932 se
2154 1855 2203 1921 ³
2232 1863 2384 1947 Ωιιρά
2428 1861 3589 1947 νεῦσε,ρξξςεριῠῃαιηρθίιριορῆρτκυιηριῇιρ
3620 1860 3770 1925 ωηεν

472 2047 479 2054 _
537 1973 690 2028 bonis
741 1981 898 2042 atque
947 1972 1318 2027 innocentibus
1361 1979 1707 2041 anteponant,
1741 1984 1801 2026 se
1846 1981 2123 2027 asaecutos

536 2073 725 2136 putant
754 2066 841 2135 qui
874 2065 975 2119 ista
1001 2065 1308 2119 didicerint.

1068 2177 1295 2235 CAPUT
1324 2176 1595 2233 CCLXIX.

540 2295 698 2369 Quod
720 2294 918 2353 numeri
936 2295 1214 2369 disciplina
1244 2310 1343 2369 non
1372 2298 1434 2349 sit
1462 2296 1525 2348 ab
1555 2292 1844 2369 hominibus
1872 2292 2126 2369 instituta,

609 2367 699 2421 sed
732 2369 897 2435 potius
928 2368 1175 2436 indagata
1205 2376 1250 2417 et
1288 2368 1520 2425 inventa,
1549 2376 1593 2419 et
1623 2366 1691 2418 ad
1732 2364 1827 2418 Dei
1865 2364 2070 2418 laudem
2098 2381 2129 2418 a

608 2454 712 2508 quo
738 2453 856 2492 vera
887 2448 978 2500 est,
1007 2438 1275 2507 referenda
1300 2438 1386 2505 sit,
1415 2453 1477 2491 ea:
1504 2439 1679 2491 eodem
1708 2438 1856 2491 libro.

610 2556 726 2612 Jam
777 2571 905 2609 vero
954 2555 1161 2610 numeri
1206 2554 1519 2626 disciplina,
1562 2552 1783 2608 cuilibet
1828 2552 2131 2607 tardissimo

540 2648 741 2704 clarum
780 2659 884 2714 cst,
916 2648 1055 2718 quod
1095 2663 1199 2702 non
1231 2649 1300 2701 sit
1325 2648 1394 2702 ab
1421 2648 1724 2702 hominibus
1751 2646 2007 2711 instituta,
2037 2645 2131 2700 sed

541 2742 720 2813 potius
752 2741 1000 2811 indagata
1044 2748 1100 2797 et
1145 2741 1382 2794 inventa.
1417 2739 1527 2795 Non
1571 2740 1711 2794 enim
1742 2738 1876 2793 sicut
1906 2738 2131 2809 primam

541 2834 803 2909 syllabam
838 2834 1025 2896 Italiae.
1056 2850 1213 2904 quam
1243 2834 1459 2889 brevem
1494 2834 1969 2904 pronuntiaverunt
1992 2842 2135 2888 vete-

543 2944 661 2998 res,
690 2928 854 2983 voluit
883 2927 1133 3000 Virgilius
1164 2938 1216 2983 et
1248 2928 1403 3000 longa
1447 2928 1584 2983 facta
1615 2938 1725 2993 est,
1752 2927 1823 2984 ita
1856 2928 2134 2999 quisquam

548 3030 727 3091 potest
757 3021 993 3088 efticere,
1022 3036 1138 3074 cum
1167 3021 1412 3085 voluerit,
1437 3031 1492 3076 ut
1518 3032 1597 3077 ter
1621 3030 1769 3075 terna
1790 3030 1882 3075 aut
1904 3036 2005 3075 non
2031 3019 2140 3076 sint

545 3131 763 3179 novem,
792 3124 883 3168 aut
914 3129 1018 3168 nou
1052 3117 1257 3183 possint
1285 3114 1500 3169 efﬁcere
1536 3113 1851 3184 quadratam
1893 3114 2137 3182 ﬁguram,

546 3217 639 3262 aut
666 3224 773 3262 non
804 3210 868 3261 ad
899 3208 1193 3263 ternarium
1223 3224 1503 3263 numerum
1535 3207 1686 3276 tripla
1721 3208 1848 3273 sint,
1875 3206 1940 3259 ad
1972 3220 2131 3260 sena-

547 3306 683 3358 rium
724 3304 992 3373 scscupla,
1039 3304 1107 3361 ad
1147 3304 1356 3363 nullum
1396 3300 1579 3372 dupla,
1612 3302 1732 3371 quia
1781 3298 2132 3371 intelligibilis

545 3396 752 3451 numeri
796 3398 1075 3451 semissem
1116 3411 1223 3451 non
1264 3394 1484 3451 habent.
1512 3395 1635 3450 Sive
1677 3409 1806 3465 ergo
1844 3395 1899 3450 in
1943 3394 2133 3465 “ipsis

548 3491 989 3554 considerentur,
1028 3490 1141 3545 sive
1185 3490 1251 3543 ad
1302 3490 1584 3559 ﬁgurarum
1633 3498 1719 3543 aut
1767 3490 1833 3543 ad
1882 3502 2135 3544 sonorum

546 3584 838 3641 aliarumve
880 3586 1176 3641 motionum
1217 3585 1363 3652 leges
1404 3583 1609 3643 numeri
1646 3581 2023 3648 adhibeantur,
2050 3581 2135 3636 in-

546 3676 957 3731 cummutabiles
1002 3674 1213 3741 regulas
1261 3674 1478 3737 habent,
1510 3688 1684 3743 neque
1729 3671 1839 3727 ullo
1880 3670 2043 3729 modo
2072 3672 2138 3727 ab

550 3766 863 3825 hominibus
913 3764 1221 3828 institutas,
1267 3763 1363 3818 sed
1406 3765 1802 3833 ingeniosorum
1852 3762 2139 3832 sagacitate

553 3866 881 3925 Compertas.
908 3857 1036 3923 Quae
1070 3864 1248 3911 tamen
1284 3857 1462 3911 omnia
1491 3856 1734 3925 quisquis
1766 3855 1835 3910 ita
1866 3856 2135 3922 dilexerit,

552 3959 605 4007 ut
629 3948 838 4017 jactare
864 3962 924 4002 se
950 3948 1089 4002 inter
1110 3945 1386 4014 imperitos
1408 3945 1555 4009 velit,
1577 3954 1630 3999 et
1657 3960 1764 4000 non
1796 3946 1972 4014 potius
1996 3960 2141 4015 qute-
2174 3998 2175 4001 η

553 4056 676 4097 rere
709 4040 853 4099 unde
882 4040 990 4095 sint
1020 4053 1146 4095 vera
1176 4054 1293 4109 qua:
1327 4039 1692 4093 tantummodo
1720 4053 1844 4095 vera
1871 4053 1993 4097 esse
2020 4055 2140 4111 per-

550 4131 803 4199 senserit,
828 4144 878 4186 et
907 4130 1047 4185 unde
1073 4133 1316 4201 quaedam
1349 4146 1455 4185 non
1485 4130 1659 4186 solum
1688 4146 1831 4198 vera,
1858 4131 1951 4189 sed
1978 4132 2139 4189 etiam

552 4225 1038 4291 incommutabilis,
1056 4239 1176 4293 quat
1200 4224 1653 4281 incommutabilis
1676 4238 1796 4280 esse
1823 4221 1975 4297 [non]
1997 4240 2143 4289 com-

553 4320 901 4391 prehenderit
933 4337 946 4372 :
979 4333 1042 4374 ac
1092 4319 1171 4375 sic
1208 4319 1276 4373 ab
1321 4318 1504 4387 specie
1548 4333 1832 4388 corporum
1878 4334 2047 4390 usque
2076 4318 2142 4376 ad

556 4413 841 4469 humanam
882 4420 1116 4467 mentem
1161 4411 1502 4480 perveniens,
1532 4426 1653 4469 cum
1691 4420 1746 4466 et
1775 4412 1941 4480 ipsam
1974 4420 2145 4467 muta-

558 4506 719 4562 bilem
764 4506 1051 4572 invenerit,
1083 4503 1226 4575 quod
1259 4518 1400 4559 nunc
1429 4502 1608 4569 docta,
1641 4517 1781 4558 nunc
1824 4501 2037 4559 indocta
2074 4502 2145 4557 sit

557 4597 880 4663 constituta,
927 4608 1103 4652 tamen
1156 4596 1296 4652 inter
1340 4594 1829 4653 incommutabilem
1879 4609 2040 4664 supra
2086 4608 2147 4649 se

2306 1946 2547 2003 tanquam
2570 1935 2775 1991 diuitias
2803 1934 2866 1989 de
2895 1932 3125 2003 Egypto
3165 1934 3362 1998 exiens,
3385 1930 3680 1988 Christianus
3702 1949 3773 1985 ss-

2308 2008 2435 2061 ’erre
2464 2006 2663 2072 debeat,
2696 2006 2825 2059 velut
2856 2021 2935 2058 res
2965 2004 3178 2058 dominii
3206 2003 3291 2057 sui
3318 2004 3369 2056 in
3400 2020 3558 2057 usum.

2303 2098 2615 2168 υὴὶιοεοριιί
2646 2108 2822 2154 autem
2866 2098 2952 2169 qui
2994 2108 3275 2160 vocantur,
3306 2099 3350 2151 si
3389 2113 3486 2169 qua
3517 2096 3641 2151 forte
3668 2110 3773 2151 vera

2233 2201 2287 2249 et
2319 2192 2439 2247 lidei
2471 2202 2669 2247 nostra:
2700 2189 3105 2245 accommodata
3137 2190 3401 2255 dixerunt,
3431 2192 3638 2243 maxime
3662 2188 3770 2242 Pla-

2234 2282 2426 2355 tonici,
2452 2296 2556 2336 non
2591 2280 2766 2336 solum
2802 2280 3132 2335 formidanda
3177 2295 3284 2334 non
3324 2290 3451 2346 sunt,
3478 2279 3563 2335 sed
3602 2279 3661 2333 ab
3697 2278 3767 2333 eis

2240 2375 2399 2431 etiam
2420 2415 2434 2441 ,
2471 2385 2723 2444 tanquam
2756 2374 2824 2428 ab
2855 2373 3063 2444 injustis
3112 2372 3527 2444 possessoribus,
3552 2373 3603 2425 in
3635 2385 3771 2427 usum

2238 2477 2482 2529 nostrum
2511 2465 2847 2523 vindicanda.
2875 2466 3025 2521 Sicut
3056 2466 3197 2521 enim
3230 2464 3461 2538 {Egyptii
3485 2481 3579 2518 non
3603 2472 3771 2519 tantum

2238 2560 2379 2615 idola
2414 2559 2681 2617 habebant
2708 2569 2761 2615 et
2789 2574 2952 2612 onera
2993 2558 3207 2630 gravia,
3236 2574 3358 2629 qua:
3400 2557 3611 2628 populus
3645 2555 3767 2610 lsrael

2241 2655 2600 2711 detestaretur
2641 2661 2697 2707 et
2741 2653 2968 2723 fugeret,
3000 2651 3092 2706 sed
3123 2649 3282 2709 etiam
3319 2665 3452 2704 vasa
3482 2661 3620 2718 atque
3646 2663 3763 2704 orna-

2240 2752 2418 2799 menta
2453 2743 2519 2797 de
2549 2758 2681 2797 auro
2707 2752 2761 2797 et
2788 2752 3030 2814 argento,
3060 2752 3113 2797 et
3146 2750 3381 2807 vestem,
3412 2757 3528 2813 qua:
3553 2741 3617 2795 ille
3636 2754 3754 2811 pope-

2238 2836 2323 2893 lus
2352 2835 2536 2892 exiens
2566 2837 2631 2889 de
2661 2835 2892 2907 Aigypto
2930 2835 3033 2890 sibi
3079 2835 3252 2906 potius
3283 2844 3537 2904 tanquam
3563 2833 3612 2887 ad
3638 2846 3743 2885 usum

2242 2930 2518 2986 meliorem
2542 2929 2787 2984 clanculo
2802 2929 3108 2994 vindicavit,
3124 2944 3227 2982 non
3248 2931 3565 2983 auctoritate
3579 2927 3747 2995 propria,

2244 3022 2335 3076 sed
2362 3031 2625 3093 prtecepto
2650 3020 2764 3089 Dei,
2786 3022 2914 3090 ipsis
2933 3020 3195 3093 Egyptiis
3218 3024 3529 3077 nescienter
3545 3034 3760 3076 accommo-

2243 3114 2493 3172 dantibus
2514 3130 2575 3170 ea
2600 3115 2790 3184 quibus
2821 3130 2924 3171 non
2951 3115 3086 3171 bene
3112 3114 3409 3169 utebantur
3435 3132 3451 3170 :
3480 3117 3553 3170 sic
3577 3114 3755 3169 doctrin:

2244 3222 2431 3264 omnes
2451 3210 2750 3279 gentilium,
2776 3224 2881 3265 non
2907 3209 3078 3265 solum
3107 3210 3359 3263 simulata
3390 3220 3446 3264 et
3471 3210 3759 3280 superstitisa

2239 3304 2489 3375 figmenta
2549 3320 2847 3381 gravesque
2906 3306 3142 3360 sarcinas
3199 3306 3584 3376 supervacanei
3632 3304 3767 3359 latinis

2239 3395 2462 3463 habent,
2495 3411 2611 3466 quae
2655 3397 3018 3469 unusquisque
3063 3403 3305 3450 nostrum
3348 3395 3485 3451 duce
3526 3392 3777 3451 Christodt

2240 3492 2500 3551 societate
2544 3492 2823 3561 gentilium
2871 3491 3087 3558 exiens,
3127 3488 3289 3544 debet
3338 3488 3627 3544 abominari
3662 3497 3780 3556 atque

2239 3584 2433 3652 vitare,
2460 3582 2554 3638 sed
2596 3581 2754 3636 etiam
2801 3582 3050 3639 liberales
3094 3581 3406 3653 disciplinas
3445 3584 3559 3635 usui
3587 3580 3786 3636 veritatis

2241 3676 2499 3743 aptiores,
2518 3682 2571 3729 et
2602 3674 2845 3745 qumdam
2877 3690 3085 3729 morum
3116 3683 3382 3745 praecepta
3406 3690 3520 3744 qua:
3542 3673 3789 3727 utilissima

2243 3765 2541 3831 continent,
2558 3764 2734 3834 deque
2762 3765 2880 3836 ipso
2910 3783 3016 3821 uno
3046 3766 3154 3822 Deo
3178 3766 3390 3821 colendo
3415 3765 3657 3819 nonnulla
3681 3776 3795 3820 vera

2245 3859 2349 3931 51
2368 3857 2707 3914 inveniuntur
2734 3862 2871 3929 apud
2902 3876 3016 3928 eos,
3049 3861 3189 3929 quod
3228 3876 3395 3919 eorum
3424 3867 3667 3927 tanquam
3694 3871 3793 3911 au-

2244 3964 2363 4004 rum
2400 3958 2455 4004 et
2481 3959 2786 4023 argentum,
2818 3952 2962 4022 quod
2992 3968 3097 4008 non
3126 3955 3225 4026 ipsi
3255 3947 3718 4015 instituerunt,sed
3740 3947 3797 4003 de

2244 4040 2559 4109 quibusdam
2601 4044 2751 4114 quasi
2789 4045 3018 4100 metallis
3057 4047 3251 4103 divina:
3296 4046 3667 4119 providentia,
3700 4057 3797 4113 qua!

2244 4132 2441 4202 ubique
2496 4134 2667 4189 infusa
2725 4146 2809 4191 est
2858 4148 3132 4205 eruerant,
3185 4151 3240 4196 et
3296 4155 3403 4213 quo
3456 4151 3696 4210 perverse
3736 4144 3798 4189 st-

2247 4240 2349 4296 que
2404 4226 2658 4295 injuriose
2711 4228 2777 4281 ad
2831 4216 3089 4300 obsequia
3152 4231 3462 4287 daemonum
3524 4232 3794 4291 abutuntur,

2250 4330 2371 4371 cum
2399 4315 2467 4371 ab
2495 4332 2680 4373 eorum
2723 4318 2919 4374 misera
2948 4321 3206 4380 societate
3244 4338 3370 4379 sese
3398 4324 3583 4378 animo
3606 4327 3792 4391 separat.

2252 4406 2407 4462 debet
2431 4409 2499 4463 ab
2521 4410 2598 4463 eis
2618 4409 2830 4466 auferre
2852 4410 3187 4469 Christianus
3207 4414 3273 4469 ad
3298 4431 3463 4470 usum
3485 4416 3675 4485 justum
3695 4426 3789 4479 psa-

2254 4501 2464 4557 dicandi
2513 4504 2811 4571 Evangelii.
2862 4505 3077 4563 Vestem
3127 4524 3340 4580 quoque
3389 4511 3630 4571 illorum,
3664 4507 3778 4559 idest

2258 4594 2532 4651 hominum
2563 4598 2777 4667 quidem
2804 4596 3065 4665 instituta,
3097 4599 3190 4655 sed
3224 4610 3410 4656 tamen
3446 4596 3789 4658 accommodata

561 4645 880 4663 --η---φη
929 4645 1103 4652 --.-----
1340 4645 1828 4653 ὠμῇ-πψτη----
1881 4645 2040 4664 ητ.--
2087 4645 2143 4649 --
2566 4645 3065 4667 ηψπ.-.
3098 4645 3190 4655 η-
3225 4645 3410 4656 ._...-..
3446 4645 3766 4658 ..ηνμμπν

561 4690 840 4747 veritatem
872 4699 921 4745 et
956 4690 1228 4746 mutabilia
1269 4688 1403 4745 infra
1431 4704 1517 4755 se,
1548 4698 1741 4744 caetera
1770 4687 1834 4744 ad
1865 4689 2023 4743 unius
2054 4687 2147 4743 Dei
2174 4645 2230 4708 Β
2257 4686 2504 4743 humanm
2537 4689 2805 4757 societati,
2836 4706 2937 4762 qua
2968 4691 3018 4744 in
3055 4694 3151 4746 hac
3176 4692 3285 4746 vita
3308 4707 3514 4748 carere
3540 4708 3640 4747 non
3659 4702 3800 4761 possu-

561 4784 774 4840 laudem
803 4792 962 4853 atque
991 4783 1335 4841 dilectionem
1369 4792 1560 4841 cuncta
1605 4789 1951 4844 convertere,
1984 4795 2016 4835 a
2043 4797 2149 4852 quo

562 4885 753 4934 cuncta
782 4891 904 4931 esse
932 4876 1225 4946 cognoscit,
1254 4876 1443 4930 doctus
1472 4874 1641 4930 videri
1680 4880 1877 4943 potest,
1904 4886 2023 4928 esse
2052 4887 2148 4926 au-

563 4980 670 5027 tem
715 4970 963 5039 sapiens,
993 4966 1139 5022 nullo
1184 4968 1364 5023 modo.
1395 4966 1751 5034 Quamobrem
1782 4963 1991 5021 videtur
2021 4963 2150 5021 mihi

562 5062 817 5121 studiosis
857 5072 911 5118 et
953 5056 1242 5127 ingeniosis
1282 5058 1731 5124 adolescentibus,
1759 5064 1815 5111 et
1844 5056 2153 5112 timentibus

566 5155 775 5219 Deum,
839 5152 1158 5218 beatamque
1214 5148 1376 5203 vitam
1442 5148 1806 5218 quaerentibus
1868 5147 2156 5204 salubriter

566 5245 823 5317 praecipi,
875 5256 932 5301 ut
980 5243 1155 5299 nullas
1214 5239 1486 5299 doctrinas
1539 5254 1657 5309 qua:
1720 5246 1914 5308 praeter
1974 5237 2155 5292 Eccle-

569 5341 706 5399 siam
740 5340 938 5397 Christi
974 5346 1314 5405 exercentur,
1350 5344 1597 5404 tanquam
1638 5332 1706 5389 ad
1745 5333 1953 5389 beatam
1992 5332 2155 5387 vitam

576 5432 986 5502 capessendam.
1012 5446 1200 5486 secure
1233 5427 1386 5498 sequi
1427 5425 1660 5482 audeant
1690 5442 1704 5481 :
1735 5424 1829 5480 sed
1860 5437 1951 5479 eas
1978 5422 2157 5478 sobrie

570 5524 961 5593 diligenterque
988 5520 1304 5593 dijudicent,
1326 5526 1380 5577 et
1408 5518 1450 5573 si
1478 5531 1610 5593 quas
1639 5517 1942 5571 invenerint
1970 5515 2036 5569 ab
2064 5513 2159 5570 ho-

574 5614 809 5675 minibus
838 5614 1108 5671 institutas
1136 5614 1332 5683 varias,
1368 5620 1585 5683 propter
1614 5610 1880 5667 diversam
1908 5609 2159 5664 volunta-

582 5692 691 5762 tem
739 5706 1160 5773 instituentium,
1192 5714 1248 5760 et
1291 5703 1533 5775 ignotas,
1560 5712 1780 5777 propter
1826 5701 2159 5771 suspiciones

580 5800 899 5868 errantium,
924 5798 1159 5856 maxime
1188 5798 1233 5854 si
1267 5797 1462 5863 habent
1487 5800 1647 5857 etiam
1678 5812 1797 5854 cum
1829 5795 2159 5852 daemonibus

575 5890 769 5959 initam
809 5892 1159 5963 societatem,
1183 5907 1279 5972 per
1318 5892 1669 5975 quarumdam
1714 5889 2157 5969 signiﬁcationum

2253 4794 2398 4845 mus,
2423 4779 2672 4850 accipere
2695 4790 2857 4861 atque
2885 4780 3085 4839 habere
3115 4781 3327 4837 licuerit
3350 4783 3599 4857 [lieebit]
3623 4786 3669 4837 in
3689 4793 3804 4835 usum

2254 4873 2616 4929 convertenda
2659 4873 3042 4933 Christianum.
3075 4873 3204 4929 Nam
3236 4875 3364 4946 quid
3394 4878 3560 4931 aliud
3612 4877 3809 4931 iecerunt

2256 4964 2409 5019 multi
2450 4963 2576 5018 boni
2618 4963 2801 5019 lideles
2841 4965 3047 5019 nostri?
3078 4964 3266 5020 Nonne
3309 4968 3626 5036 aspicimus
3664 4974 3817 5036 quanto

2257 5068 2408 5121 auro,
2440 5063 2493 5108 et
2540 5063 2781 5128 argento,
2826 5063 2883 5109 et
2928 5065 3081 5112 veste
3124 5055 3522 5113 suffarcinatus
3567 5055 3742 5113 exierit
3775 5052 3819 5105 de

2261 5148 2494 5221 Egypto
2547 5151 2866 5225 Cyprianus,
2916 5150 3106 5205 doctor
3147 5150 3517 5207 suavissimus
3574 5165 3629 5208 et
3669 5160 3824 5220 martyr

2260 5244 2635 5300 beatissimus?
2658 5245 2867 5314 Quanto
2889 5241 3234 5299 Lactantius?
3261 5243 3493 5313 Quanto
3528 5246 3827 5303 Victorinus,

2262 5336 2526 5407 Optatius,
2560 5338 2831 5393 Hilarius?
2859 5347 2913 5392 ut
2940 5337 3008 5393 de
3029 5338 3161 5391 vivis
3190 5347 3427 5405 taceam,
3461 5350 3680 5409 quanto
3708 5340 3830 5392 innu-

2265 5431 2553 5486 merabiles
2584 5428 2791 5485 Gratci?
2823 5428 2971 5505 Quod
3005 5430 3153 5501 prior
3196 5429 3307 5499 ipse
3356 5429 3732 5486 ﬁdelissimus
3766 5424 3835 5479 Dei

2262 5523 2493 5580 famulus
2534 5524 2744 5595 Moyses
2772 5522 2995 5589 fecerat,
3036 5522 3104 5577 de
3134 5537 3240 5593 quo
3281 5521 3569 5591 scriptum
3603 5534 3707 5593 est,
3730 5517 3841 5593 quod

2264 5616 2507 5673 eruditus
2543 5614 2701 5670 fuerit
2743 5616 2888 5670 omni
2912 5614 3174 5685 sapientia
3217 5613 3648 5684 Egyptiorum.
3676 5614 3842 5680 Quibus

2266 5708 2517 5763 omnibus
2543 5708 2671 5762 viris
2708 5708 3076 5779 superstitiosa
3105 5706 3381 5787 gentilium
3406 5706 3788 5772 consuetudo,
3811 5712 3847 5757 et

2265 5798 2498 5854 maxime
2531 5798 2634 5852 illis
2678 5798 3009 5868 temporibus
3048 5813 3167 5853 cum
3217 5794 3418 5853 Christi
3459 5794 3849 5865 decutiensju-

2267 5906 2422 5971 gum,
2472 5888 2802 5983 Christianos
2853 5889 3294 5984 persequebatur,
3354 5887 3704 5971 disciplinas
3748 5900 3851 5961 φιν
