3986 6382
178 411 290 472 957

184 646 343 688 usum
366 629 574 685 colendi
602 629 757 683 unius
788 629 904 696 Dei,
937 644 1044 698 quo
1069 645 1238 685 vanus
1281 629 1547 683 idolorum
1588 626 1766 681 cultus

185 723 551 787 scinderetur,
580 736 897 777 conversum
931 722 995 776 iri
1021 723 1421 791 suspicarentur
1447 740 1459 774 :
1495 719 1588 776 sed
1611 718 1775 773 dede-

184 829 315 873 runt
347 832 559 881 aurum,
604 826 657 870 οι
687 825 993 887 argentum,
1032 824 1087 871 et
1116 826 1317 872 vestem
1366 831 1520 870 suam
1560 813 1774 869 exeunti

186 910 261 965 de
299 910 531 980 Egypto
572 909 768 978 populo
812 909 929 973 Dei,
978 910 1278 963 nescientes
1324 906 1775 978 quemadmodum

186 1003 283 1057 illa
311 1018 430 1072 quae
460 1001 656 1055 dabant
698 1002 749 1055 in
793 1001 992 1056 Christi
1037 1001 1352 1070 obsequium
1396 999 1775 1055 redderentur.

188 1099 329 1154 Illud
352 1098 492 1153 enim
526 1097 576 1151 in
606 1096 790 1151 Exodo
818 1096 1010 1151 factum
1041 1097 1160 1151 sine
1178 1097 1340 1150 dubio
1363 1096 1645 1167 ﬁguratum
1674 1103 1775 1162 est,

186 1202 254 1247 ut
277 1192 377 1246 hoc
402 1190 749 1260 prmsignaret
771 1189 911 1260 quod
938 1189 1055 1243 sine
1084 1188 1395 1258 praeiudicio
1417 1187 1663 1253 alterius,
1691 1192 1782 1238 aut

188 1286 363 1357 paris,
405 1294 495 1337 aut
543 1283 779 1337 melioris
818 1282 1181 1353 intelligentia:
1233 1282 1485 1337 dixerim.
1528 1280 1633 1336 Sed
1680 1279 1781 1334 hoc

188 1376 356 1431 modo
416 1375 705 1429 instructus
763 1374 1063 1428 divinarum
1124 1374 1524 1443 Scripturarum
1579 1372 1781 1426 studio-

192 1488 310 1536 sus,
355 1486 474 1525 cnm
517 1471 582 1523 ad
628 1485 720 1524 eas
772 1469 1187 1539 perscrutandas
1236 1469 1492 1523 accedere
1536 1467 1781 1534 (φρει-ῆι,

190 1564 324 1622 illud
350 1564 702 1633 apostolicum
751 1563 991 1633 cogitare
1025 1577 1130 1616 non
1162 1573 1339 1617 cesset
1384 1580 1398 1617 :
1442 1560 1675 1615 Scictttia
1703 1560 1783 1611 in-

192 1657 310 1726 ﬂat,
344 1655 576 1712 ebaritas
604 1655 851 1711 aediﬁcat.
885 1654 959 1709 ita
990 1655 1134 1710 enim
1182 1656 1401 1721 sentiet,
1431 1655 1674 1724 quamvis
1718 1652 1784 1707 de

194 1751 432 1823 Egypto
460 1751 611 1806 dives
637 1760 812 1817 exeat,
846 1762 1023 1805 tamen
1056 1751 1156 1806 nisi
1198 1750 1398 1805 Pascha
1452 1750 1638 1819 egerit,
1683 1746 1785 1800 sal-

192 1860 321 1900 vam
354 1859 414 1900 se
444 1858 564 1899 esse
591 1860 695 1898 non
725 1860 905 1914 posse.
936 1844 1139 1901 Pascha
1184 1854 1363 1899 autem
1410 1854 1650 1898 nostrum
1680 1840 1782 1894 im-

1346 408 1782 472 THBBAIJRUS.
1822 409 1978 470 CAP.
2019 412 2198 473 σοι]
2207 412 2297 474 χι.

183 538 345 595 utiles
413 535 649 591 habebat
698 518 981 606 nunquam.
1030 534 1431 601 commodaret,
1484 533 1530 589 si
1577 546 1672 588 eas
1719 532 1773 586 in
1802 531 1858 592 Α

2402 530 2637 590 CAPUT
2668 529 2947 589 CCLXXI.

1877 663 1956 729 De
1981 667 2139 739 signis
2189 677 2358 721 autem
2402 666 2652 737 ambiguis
2687 673 2733 739 et
2772 665 3201 739 distinctionib_us,
3249 662 3470 739 essentpli

1947 735 2132 808 gratia,
2190 739 2331 806 ponit
2390 735 2610 808 qualiter
2672 738 3068 806 distinguatur:
3103 735 3166 789 In
3215 737 3471 807 principio

1947 820 2056 864 erat
2092 809 2336 869 Verbum,
2368 820 2411 863 et
2441 809 2576 863 illud
2598 810 2853 881 Apostoti,
2882 808 3018 873 Quid
3038 810 3225 880 eligam
3253 810 3469 881 ignoro;

1948 898 2012 939 ea:
2037 881 2167 938 libro
2197 897 2257 937 ut
2293 883 2355 940 de
2380 881 2628 937 Doctrina
2658 880 2973 939 Christiana.

1950 1016 2049 1084 Qui
2078 1031 2143 1072 eo
2172 1017 2290 1071 loco
2336 1016 2498 1071 animi
2530 1024 2613 1072 est
2653 1024 2713 1072 ut
2739 1032 2836 1086 per
2881 1030 2981 1072 nos
3034 1015 3227 1070 instrui
3259 1015 3455 1083 valeat,

1882 1112 2019 1167 sciat
2045 1112 2444 1182 ambiguitatem
2477 1110 2773 1181 Scriptura;
2810 1121 2901 1166 aut
2938 1112 2990 1165 in
3029 1111 3210 1166 verbis
3240 1110 3470 1179 propriis

1883 1220 2025 1271 esse,
2053 1214 2145 1259 aut
2182 1205 2233 1258 in
2265 1204 2572 1259 translatis:
2603 1218 2723 1272 qua:
2743 1218 2939 1273 genera
2979 1202 3035 1257 in
3062 1202 3300 1255 secundo
3333 1201 3469 1255 libro

1884 1297 2399 1353 demonstravimus.
2429 1295 2534 1350 Sed
2557 1310 2679 1349 cum
2705 1296 2864 1350 verba
2889 1296 3103 1363 propria
3129 1293 3329 1347 iaciunt
3356 1309 3467 1348 am-

1886 1389 2098 1457 biguam
2148 1386 2491 1458 scripturam,
2551 1387 2723 1453 primo
2771 1386 3062 1440 videndum
3101 1395 3183 1440 e-t
3227 1400 3294 1439 ne
3340 1386 3478 1441 male

1888 1480 2294 1535 diStinxerimus
2321 1491 2413 1533 aut
2444 1477 3141 1549 pronuntiaverimus.Cum
3165 1491 3296 1545 ergo
3326 1476 3478 1530 adhi-

1889 1573 1995 1628 bita
2029 1573 2251 1626 intentio
2292 1571 2549 1626 incertum
2596 1584 2718 1625 esse
2756 1570 3045 1639 perviderit
3084 1568 3355 1639 quomodo
3392 1567 3475 1621 di-

1891 1666 2271 1734 stinguendum
2318 1672 2411 1718 aut
2440 1663 2710 1733 quomodo
2745 1662 3197 1732 pronuntiandum
3228 1662 3317 1725 sit,
3348 1674 3477 1716 con-

1890 1760 2030 1813 sulat
2056 1758 2287 1827 regulam
2318 1757 2440 1811 ﬁdei
2483 1771 2641 1826 quam
2671 1756 2737 1810 de
2768 1754 3167 1823 Scripturarum
3217 1752 3472 1823 planiori—

1892 1850 1990 1905 bus
2028 1851 2159 1905 locis
2190 1861 2242 1905 et
2287 1849 2545 1905 Ecclesia:
2594 1849 2915 1903 auctoritate
2960 1848 3235 1917 percepit:
3265 1847 3332 1901 de
3378 1860 3482 1913 qua

194 1939 427 1994 molitus
480 1947 562 1993 est
620 1938 893 2005 Christus;
957 1938 1197 2010 nihilque
1251 1939 1419 2009 magis
1486 1936 1783 1992 lmtnolatio
1820 1939 1868 2001 B
1894 1945 2024 1999 satis
2052 1945 2281 2014 egimus,
2312 1959 2434 1999 cum
2474 1942 2542 1998 de
2565 1942 2728 1997 rebus
2776 1944 2828 1997 in
2857 1941 2996 1997 libri)
3027 1944 3199 2012 primo
3241 1942 3484 2012 loquere.

194 2035 401 2092 Christi
432 2051 532 2091 nos
568 2036 741 2099 docet,
770 2052 927 2106 quam
959 2037 1086 2090 illud
1129 2035 1270 2106 quod
1302 2036 1414 2104 ipse
1441 2034 1639 2089 clamat
1666 2042 1784 2085 tan-

197 2144 361 2199 qnam
408 2128 474 2183 ad
504 2144 597 2183 eos
624 2143 758 2199 quos
804 2129 856 2183 in
886 2128 1123 2200 Algypto
1172 2128 1271 2183 sub
1315 2127 1593 2183 Pharaone
1644 2125 1792 2181 videt

200 2222 447 2277 laborare
474 2241 485 2274 :
520 2221 711 2278 Venite
736 2223 801 2276 ad
836 2238 943 2288 me,
973 2224 1062 2293 qui
1094 2222 1352 2277 laboratis
1386 2230 1439 2276 et
1469 2219 1677 2275 onerati
1705 2234 1789 2276 es-

201 2315 290 2380 tis,
325 2324 377 2370 et
406 2330 505 2387 ego
538 2331 631 2370 vos
672 2316 932 2371 reﬁciam.
969 2315 1165 2371 Tollite
1193 2315 1379 2385 iugum
1407 2329 1583 2372 meum
1632 2326 1792 2381 super

200 2421 322 2473 v0s,
348 2417 401 2462 et
428 2408 619 2463 discite
650 2425 676 2460 a
703 2424 789 2464 me
820 2409 1072 2479 quoniam
1107 2407 1253 2461 mitis
1301 2422 1440 2466 sum,
1475 2414 1526 2459 et
1573 2403 1794 2458 humilis

206 2499 398 2564 corde,
426 2509 480 2555 et
528 2499 807 2555 invenietis
849 2499 1089 2570 requiem
1140 2498 1422 2552 animabus
1451 2495 1676 2550 vestris:
1705 2492 1793 2562 ju-

201 2609 330 2664 gum
359 2593 502 2648 enim
528 2608 703 2648 meum
735 2592 854 2648 lene
881 2591 1093 2665 [suave]
1127 2601 1232 2659 est,
1256 2601 1310 2647 et
1338 2592 1547 2647 sarcina
1577 2606 1691 2644 mea
1719 2588 1795 2643 ie-

201 2689 285 2743 vis
332 2698 434 2744 est.
469 2688 673 2755 Quibus
734 2688 834 2743 nisi
892 2688 1111 2742 mitibus
1160 2696 1212 2740 et
1266 2686 1556 2741 humilibus
1608 2685 1791 2751 corde,

200 2796 339 2853 quos
368 2796 472 2836 non
502 2781 651 2835 inﬂat
678 2780 900 2835 scientia
928 2780 1022 2834 sed
1056 2780 1294 2834 charitas
1319 2778 1587 2832 :ediﬁeat?
1612 2778 1792 2832 Memi-

199 2876 381 2931 nerint
410 2889 537 2941 ergo
579 2889 765 2928 eorum
797 2873 886 2944 qui
914 2872 1117 2926 Pascha
1165 2873 1253 2926 illo
1285 2880 1525 2941 tempore
1556 2886 1647 2937 per
1675 2886 1794 2923 um-

198 2965 419 3023 brarum
463 2964 769 3035 imaginaria
812 2963 1179 3030 celebrabant,
1221 2978 1340 3017 cum
1387 2960 1583 3031 signari
1618 2970 1795 3029 postes

199 3059 464 3130 sanguine
494 3057 614 3128 agni
642 3057 981 3127 iuberentur,
1010 3056 1245 3126 hyssopo
1292 3053 1458 3109 fuisse
1500 3053 1743 3123 signatos
1779 3070 1791 3105 :

200 3153 369 3209 herba
422 3152 537 3207 haec
586 3151 798 3206 humilis
827 3159 880 3204 et
912 3148 1057 3203 mitis
1100 3160 1201 3216 eat,
1233 3156 1288 3203 et
1340 3146 1473 3201 nihil
1508 3146 1695 3201 fortius
1741 3154 1793 3199 et

200 3246 590 3318 penetrabilins
620 3244 738 3312 eius
768 3242 1062 3311 radicibus,
1090 3251 1150 3296 ut
1174 3242 1227 3295 in
1258 3241 1517 3295 charitate
1567 3239 1787 3294 radicati

1894 2053 2033 2093 mur.
2063 2037 2215 2105 Quod
2248 2037 2293 2091 si
2319 2036 2493 2091 amba:
2527 2035 2611 2092 vel
2653 2037 2809 2090 etiam
2839 2049 3050 2100 omnes,
3081 2033 3126 2089 si
3156 2034 3337 2105 plures
3368 2034 3483 2089 lue-

1892 2134 1999 2189 rint
2027 2141 2204 2201 partes
2232 2131 2614 2202 ambiguitatis,
2644 2129 2935 2185 secundum
2976 2128 3134 2183 ﬁdem
3165 2128 3467 2192 sonuerint,

1896 2236 2075 2282 textus
2098 2228 2211 2295 ipse
2258 2225 2544 2289 sermonis,
2576 2240 2603 2277 a
2632 2223 3060 2293 prmcedentibus
3083 2229 3138 2276 et
3158 2235 3488 2291 consequen-

1901 2322 2043 2377 tibus
2072 2319 2314 2389 partibus
2344 2333 2465 2388 quae
2493 2316 2892 2386 ambiguitatem
2926 2314 3070 2368 illam
3102 2314 3154 2367 in
3180 2312 3357 2367 medio
3393 2326 3488 2381 po-

1898 2423 2152 2480 suerunt,
2204 2420 2369 2467 restat
2413 2410 2775 2465 consulendus
2820 2415 2879 2463 ut
2922 2407 3225 2468 videamus,
3270 2407 3481 2461 cuinam

1899 2507 2202 2572 sementim,
2234 2506 2300 2560 de
2332 2505 2575 2576 pluribus
2612 2519 2734 2576 quae
2771 2518 2830 2559 se
2858 2502 3169 2571 ostendunt,
3206 2501 3345 2555 lerat
3373 2496 3489 2555 sul-

1899 2602 2154 2670 l'ragium,
2187 2615 2417 2669 eamque
2471 2598 2573 2653 sibi
2629 2596 2844 2653 contexi
2899 2598 3151 2666 patiatur.
3183 2594 3300 2650 iam
3351 2608 3492 2649 nunc

1898 2696 2144 2765 exempla
2175 2693 2473 2749 considera.
2505 2692 2597 2746 llla
2630 2690 2880 2745 heretica
2910 2687 3185 2744 distinctio
3216 2706 3229 2739 :
3257 2687 3311 2741 In
3344 2686 3492 2757 prin-

1898 2789 2040 2859 cipio
2063 2798 2179 2845 erat
2211 2786 2470 2851 Verbum,
2515 2793 2570 2840 et
2595 2784 2831 2840 Verbum
2871 2791 2988 2838 erat
3031 2781 3170 2851 apud
3201 2779 3394 2847 Deum,
3433 2786 3492 2835 et

1900 2883 2043 2938 Deus
2073 2890 2205 2945 erat,
2232 2888 2291 2934 ut
2316 2879 2454 2933 alius
2482 2878 2550 2931 sit
2590 2891 2781 2931 sensus
2812 2894 2827 2931 :
2860 2874 3098 2930 Verbum
3144 2874 3247 2927 hoc
3291 2877 3409 2926 erat
3437 2873 3493 2925 in

1901 2973 2166 3045 principio
2197 2972 2336 3041 apud
2391 2972 2577 3036 Deum,
2609 2985 2712 3023 non
2752 2967 2864 3022 vult
2891 2966 3057 3023 Deum
3100 2964 3336 3021 Verbum
3366 2978 3495 3019 con-

1904 3069 2059 3122 ﬁteri.
2087 3067 2191 3121 Sed
2228 3066 2328 3120 huc
2354 3064 2535 3136 regula
2565 3064 2686 3117 ﬁdei
2729 3062 3087 3119 refellendum
3129 3070 3231 3124 est,
3255 3075 3360 3131 qua
3394 3074 3491 3115 no-

1904 3161 1983 3215 bis
2010 3159 2076 3215 de
2100 3158 2379 3213 Trinitatis
2402 3158 2709 3227 aequalitate
2735 3155 3120 3225 praescribitur,
3142 3162 3200 3208 ut
3225 3153 3491 3219 dicamus,

1904 3251 1969 3306 Et
2001 3251 2142 3306 Dens
2169 3260 2283 3305 erat
2301 3250 2564 3315 Verbum;
2592 3248 2782 3303 deinde
2805 3247 3193 3318 subiungamus
3218 3245 3361 3300 :lloc
3374 3254 3490 3299 erat

200 3348 256 3393 et
290 3337 514 3407 fundati,
550 3351 829 3405 possemus
878 3334 1340 3405 comprehendere
1379 3349 1499 3387 cum
1541 3329 1793 3385 omnibus
1825 3325 1870 3388 ε
1904 3346 1955 3399 in
1999 3343 2259 3413 principio
2286 3344 2422 3411 apud
2459 3342 2649 3397 Deum,
2683 3342 2774 3395 Illa
2810 3355 2940 3395 vero
2973 3338 3340 3393 distinctionis
3385 3352 3496 3391 am.

204 3431 431 3496 sanctis,
456 3445 575 3499 quae
611 3430 681 3483 sit
721 3427 971 3495 latitudo,
1018 3436 1072 3482 et
1102 3426 1401 3496 longitudo,
1449 3433 1503 3479 et
1542 3424 1794 3489 altitudo,

201 3534 261 3581 et
290 3522 627 3594 profundum,
662 3522 711 3575 id
762 3532 841 3576 est
873 3535 1086 3575 crucem
1136 3519 1372 3573 Domini.
1408 3517 1506 3571 Est
1551 3520 1710 3572 etiam
1744 3517 1795 3569 in

202 3619 444 3692 bySSOpo
472 3618 552 3670 vis
585 3614 915 3685 purgatoria,
946 3627 1035 3677 ne,
1072 3611 1293 3665 inﬂante
1338 3610 1583 3675 scientia,
1618 3608 1684 3663 de
1715 3607 1797 3663 di-

202 3714 352 3771 vitiis
366 3714 431 3768 ab
445 3712 679 3783 Egypto
695 3710 887 3765 ablatis
904 3708 1133 3780 superbe
1150 3705 1347 3777 aliquid
1369 3705 1547 3775 pulmo
1566 3702 1800 3758 tumidus

202 3809 454 3863 anhelet:
476 3807 745 3877 ASperges
786 3820 894 3869 me,
914 3802 1106 3872 inquit,
1133 3802 1364 3872 hyssopo
1399 3807 1454 3853 et
1476 3796 1797 3862 mundabor,

205 3901 414 3957 iuvabis
445 3916 550 3963 me,
592 3907 647 3952 et
680 3912 842 3967 super
884 3896 1061 3950 nivem
1089 3892 1403 3947 dealhabor.
1433 3889 1648 3945 Auditui
1680 3904 1800 3943 meo

208 3993 363 4048 dabis
392 3990 804 4045 exsultationem
843 3997 896 4042 et
936 3987 1197 4041 laetitiam.
1226 3984 1427 4041 Deinde
1458 3997 1797 4051 consequen-

210 4096 300 4142 tcr
345 4084 603 4147 annectit,
646 4090 703 4138 ut
738 4068 1007 4135 ‘ostendat
1061 4079 1425 4149 purgationem
1471 4091 1499 4129 a
1551 4076 1800 4143 superbia

208 4175 501 4247 signiﬁcari
561 4175 794 4246 hyssopo
840 4190 851 4226 :
907 4170 1268 4227 Exsultabnnt
1324 4184 1443 4224 ossa
1496 4168 1796 4223 hnmiliata.

209 4273 426 4339 Quanto
455 4277 632 4325 autem
664 4268 843 4322 minor
884 4275 966 4322 est
992 4265 1131 4332 auri,
1161 4263 1367 4334 argenti
1400 4264 1674 4331 vestisque
1711 4277 1800 4316 co-

209 4363 323 4435 pia,
352 4375 509 4431 quam
539 4359 607 4414 de
638 4358 871 4428 [Egypto
921 4371 1102 4411 secum
1147 4354 1234 4409 ille
1284 4355 1510 4424 populus
1556 4353 1799 4419 abstulit,

212 4457 271 4511 in
298 4453 698 4523 comparatione
724 4449 1028 4504 divitiarum
1047 4462 1179 4518 quas
1201 4456 1384 4517 postea
1414 4445 1815 4517 Hierosolyma:

209 4556 534 4605 consecutus
565 4557 668 4612 est,
698 4561 816 4615 qum
840 4546 1081 4599 maxime
1112 4543 1209 4617 [in]
1241 4543 1529 4599 Salomone
1552 4558 1678 4615 rege
1709 4557 1800 4598 os-

208 4640 529 4698 tenduntur.
566 4639 737 4694 Tanta
770 4638 825 4693 ﬁt
854 4646 1043 4693 cuncta
1069 4637 1312 4701 scientia,
1341 4652 1459 4707 quae
1485 4636 1697 4704 quidem
1722 4645 1802 4692 est

1904 3434 2132 3503 bigut'tas
2161 3441 2346 3486 neutra
2381 3442 2533 3501 parte
2556 3431 2759 3485 resistit
2790 3430 2935 3496 ﬁdei,
2975 3437 3030 3485 et
3051 3429 3176 3484 ideo
3204 3418 3497 3498 textu‘ipso

1902 3524 2167 3578 sermonis
2194 3523 2533 3591 diiudicanda
2565 3532 2667 3587 est,
2701 3522 2788 3576 ubi
2821 3522 2892 3576 ait
2920 3521 3214 3590 Apostolus
3245 3538 3259 3574 :
3285 3521 3350 3575 Et
3371 3522 3497 3590 quid

1903 3619 2101 3685 eligam
2130 3618 2343 3686 ignoro,
2379 3616 2677 3686 compellor
2715 3623 2894 3671 autem
2927 3630 2991 3668 ex
3026 3613 3236 3668 duobus
3263 3630 3275 3666 :
3304 3628 3500 3669 concu-

1901 3713 2216 3781 piscentiam
2270 3710 2474 3764 habens
2525 3707 2751 3763 dissolvi
2806 3716 2862 3763 et
2912 3721 3038 3762 esse
3081 3719 3206 3759 cum
3260 3704 3496 3775 Christo,

1903 3809 2070 3863 multo
2104 3807 2247 3861 enim
2282 3806 2449 3876 magis
2491 3806 2748 3875 Optimum
2795 3816 3015 3857 manere
3072 3805 3133 3858 in
3179 3799 3363 3866 ca'l'ne,
3400 3814 3497 3855 ne-

1904 3901 2197 3955 cessarium
2239 3909 2457 3969 promer
2488 3913 2584 3952 vos
2623 3915 2637 3951 :
2684 3897 2947 3952 incertum
2999 3905 3085 3951 est
3122 3896 3270 3950 enim
3321 3902 3499 3949 utrum

1906 4012 1972 4051 ex
2017 3995 2251 4057 duobus,
2274 3992 2768 4062 concupiscentiam
2820 3990 3045 4056 habens,
3080 4004 3171 4053 an,
3204 3987 3501 4056 compellor

1905 4098 2081 4144 autem
2107 4103 2171 4142 ex
2193 4087 2422 4153 duobus,
2461 4097 2517 4141 ut
2546 4086 2675 4141 illud
2704 4086 3046 4154 adiungatur,
3097 4082 3498 4152 Conenpiscen-

1906 4183 2032 4239 tiam
2062 4182 2266 4235 habens
2296 4180 2519 4235 dissolvi
2571 4188 2626 4234 et
2655 4194 2776 4234 esse
2799 4194 2918 4233 cum
2952 4178 3171 4232 Christo
3202 4194 3215 4229 :
3248 4176 3343 4231 sed
3370 4190 3499 4243 quo-

1907 4278 2050 4333 niam
2084 4275 2355 4346 sequitur,
2405 4274 2575 4328 Mnlto
2602 4271 2744 4327 enim
2773 4271 2943 4341 magis
2966 4269 3247 4340 optimum,
3281 4276 3501 4337 apparet

1906 4387 2027 4427 eum
2059 4370 2175 4439 ejus
2206 4369 2395 4439 optimi
2430 4366 2614 4422 dicere
2655 4382 2713 4422 se
2744 4366 2942 4421 habere
2980 4362 3496 4433 concupiscentiam,

1906 4475 1964 4521 ut
2002 4480 2120 4520 rum
2149 4480 2214 4520 ex
2247 4464 2452 4518 duobus
2492 4462 2848 4532 compellatur
2870 4502 2883 4525 ,
2915 4459 3144 4515 alterius
3185 4468 3365 4511 tamen
3402 4454 3500 4509 ha-

1905 4565 2029 4620 beat
2055 4562 2564 4633 concupiscentiam,
2600 4558 2821 4614 alterius
2850 4556 3221 4612 necessitatem
3254 4570 3266 4607 :
3299 4566 3503 4607 concu-

1907 4655 2219 4727 piscentiam
2262 4656 2465 4711 scilicet
2510 4668 2629 4708 esse
2683 4666 2805 4707 cum
2836 4649 3070 4713 Christo,
3102 4646 3498 4706 necessitatem,

209 4733 362 4788 utilis
392 4733 613 4788 collecta
641 4732 707 4787 de
734 4731 887 4786 libris
912 4731 1172 4801 gentium,
1203 4730 1246 4785 si
1276 4728 1577 4785 divinarum
1612 4728 1797 4800 Scrip-
1828 4720 1884 4781 D
1909 4720 2127 4805 inanem
2178 4750 2231 4803 in
2261 4764 2445 4817 came,
2491 4748 2621 4813 Qua,
2662 4744 2981 4817 ambiguitas
3017 4755 3124 4795 υηο
3153 4739 3499 4809 οοηεεφιεηιί

214 4834 454 4879 turarum
499 4824 739 4879 scientiae
782 4831 1146 4892 comparetur.
1178 4822 1308 4877 Nam
1342 4823 1597 4895 quidquid
1641 4824 1805 4879 homo

212 4929 366 4976 extra
408 4918 674 4984 didicerit,
705 4918 749 4971 si
784 4918 999 4970 noxium
1030 4924 1132 4981 est,
1165 4916 1234 4970 ibi
1261 4916 1576 4981 damnatur;
1608 4916 1653 4971 si
1676 4917 1806 4972 utile

211 5020 321 5079 est,
349 5012 417 5065 ibi
442 5011 738 5076 invenitur;
768 5018 822 5066 et
843 5007 1055 5080 cum‘ibi
1084 5009 1310 5080 quisque
1336 5009 1599 5085 invenerit
1628 5010 1804 5065 omnia

216 5122 340 5177 qum
367 5105 563 5160 utiliter
583 5104 706 5158 alibi
725 5104 978 5171 didicerit
991 5101 1242 5176 [didicit],
1268 5104 1434 5157 multo
1451 5103 1809 5159 abundantius

216 5200 292 5255 ibi
327 5199 626 5253 invenietea
652 5214 770 5269 quae
794 5212 1053 5267 nusquam
1083 5196 1303 5250 omnino
1333 5196 1583 5257 alibi,sed
1608 5196 1659 5250 in
1689 5196 1809 5251 illa-

215 5307 338 5346 rum
360 5290 722 5345 tantummodo
754 5290 1146 5359 Scripturarum
1181 5288 1412 5344 mirabili
1448 5284 1729 5345 altitudine
1755 5298 1808 5346 et

218 5384 452 5440 mirabili
479 5382 779 5438 humilitate
800 5383 1100 5439 discuntur.
1131 5382 1241 5438 Hac
1273 5382 1432 5452 igitur
1459 5382 1810 5440 instructions

218 5479 503 5550 pricditum
532 5492 652 5533 cum
684 5476 831 5545 signa
866 5476 1135 5546 incognita
1154 5476 1407 5532 lectorem
1430 5490 1538 5530 non
1559 5475 1809 5546 impedie-

218 5574 351 5637 rint,
382 5571 563 5624 mitem
605 5580 657 5623 et
707 5569 957 5623 humilem
1000 5568 1184 5635 corde,
1228 5569 1566 5639 subiugatum
1622 5568 1811 5624 leniter

218 5663 441 5719 Christo
456 5671 800 5717 eloneratum
823 5661 1028 5716 sarcina
1065 5662 1187 5729 levi,
1208 5661 1485 5717 fundatum
1515 5670 1568 5719 et
1602 5663 1818 5718 radica-

224 5767 363 5822 tnm,
397 5766 445 5811 et
462 5756 777 5811 aediﬁcatum
808 5756 859 5809 in
887 5755 1167 5823 charitate,
1189 5771 1348 5823 quem
1374 5757 1599 5813 scientia
1627 5757 1816 5815 inﬂare

221 5864 332 5909 non
360 5849 809 5919 possit,accedat
832 5848 897 5903 ad
916 5847 1164 5923 ambigua
1222 5850 1371 5923 signa
1422 5851 1475 5907 in
1521 5852 1817 5924 Scrii‘turis

223 5944 615 6003 consideranda
638 5953 691 6001 et
715 5942 1071 6009 discutienda.

1909 4845 2075 4899 verbo
2120 4842 2449 4913 diiudicatur
2486 4838 2627 4911 quod
2678 4841 2909 4910 positum
2953 4845 3055 4903 εει,
3104 4835 3283 4897 Enim;
3342 4846 3500 4902 quam

1914 4934 2224 5004 particulam
2265 4934 2353 5003 qui
2396 4933 2734 4986 abstulerunt
2782 4930 3123 4999 interpretes,
3182 4926 3271 4980 illa
3328 4924 3502 4993 potius

1913 5026 2191 5082 sententia‘
2213 5025 2358 5080 ducti
2392 5033 2539 5090 sunt,
2573 5032 2629 5079 ut
2665 5039 2770 5078 non
2800 5023 2972 5077 solum
3002 5017 3255 5089 compelli
3284 5031 3347 5070 ex
3376 5016 3503 5069 duo-

1916 5123 2034 5187 bus,
2066 5120 2159 5175 sed
2192 5121 2351 5175 etiam
2384 5120 2610 5174 duorum
2652 5118 2852 5173 habere
2888 5109 3383 5183 concupiscentiam
3429 5110 3504 5161 vi-

1914 5214 2149 5268 deretur.
2181 5212 2269 5268 Sic
2298 5227 2428 5283 ergo
2459 5210 2901 5281 distinguendum
2929 5216 3045 5261 est:
3081 5204 3144 5258 Et
3164 5202 3288 5273 quid
3309 5201 3501 5270 eligam

1915 5307 2122 5377 ignoro,
2140 5308 2436 5378 compellor
2456 5316 2632 5361 autem
2659 5321 2723 5360 ex
2744 5306 2954 5359 duobus
2973 5318 2987 5357 :
3003 5313 3162 5369 quam
3197 5294 3501 5351 distinctio-

1916 5416 2038 5455 nem
2092 5400 2354 5471 sequitur,
2393 5396 2884 5468 concupiscentiam
2937 5392 3146 5448 habens
3191 5387 3419 5444 dissolvi
3451 5396 3507 5441 et

1922 5510 2044 5552 esse
2081 5510 2200 5550 cum
2251 5494 2507 5551 Christo:
2542 5502 2594 5548 et
2646 5501 2898 5559 tanquam
2955 5492 3289 5557 quaereretur
3341 5496 3506 5552 quare

1920 5590 2081 5660 huius
2137 5590 2212 5645 rei
2265 5588 2440 5659 potius
2507 5587 2700 5641 haheat
2764 5581 3256 5653 concupiscentiam
3293 5596 3307 5632 :
3341 5575 3506 5631 multo

1922 5684 2063 5741 enim
2121 5681 2291 5751 magis
2344 5682 2626 5751 optimum,
2686 5678 2875 5747 inquit.
2908 5676 3017 5731 Cur
3066 5688 3194 5743 ergo
3229 5687 3259 5727 e
3299 5669 3505 5725 duobus

1923 5774 2306 5850 compellitur?
2334 5774 2457 5845 quia
2486 5782 2568 5829 est
2604 5772 2853 5827 manendi
2904 5767 3197 5826 necessitas
3243 5779 3402 5836 quam
3434 5763 3504 5816 ita

1920 5870 2185 5941 subiect:
2215 5869 2429 5925 Manere
2456 5868 2506 5922 in
2540 5882 2703 5925 carne
2732 5863 3094 5922 necessarium
3126 5868 3342 5932 propter
3384 5870 3510 5913 vos.

1930 5964 2032 6041 Ubi
2064 5974 2240 6035 autem
2271 5976 2444 6038 neque
2472 5962 2576 6043 52
2612 5962 2927 6045 praescripto
2951 5956 3098 6031 ﬁdei,
3126 5969 3299 6043 neque
3339 5951 3508 6040 ipsius
