3986 6382
553 389 661 450 959

1622 394 1688 451 D.
1729 392 2056 453 EUGYPPII
2094 392 2387 451 ABBATIS
2425 393 2750 452 AFRICANI

3735 396 3830 451 960

554 509 822 565 sermonis
869 516 1021 567 textu
1071 509 1391 582 ambiguitas
1441 511 1699 581 explicari
1747 520 1956 581 potest,
2011 508 2144 564 nihil
2170 509 2225 570 Α
2252 508 2344 563 Est
2372 508 2534 564 etiam
2576 510 2893 580 ambiguitas
2924 508 2976 563 in
3020 521 3153 563 sono
3179 506 3341 563 dubio
3382 507 3753 579 syllabarum,
3781 519 3825 564 et

554 600 731 668 obest,
766 602 1058 657 secundum
1088 602 1384 671 quamlibet
1412 616 1597 658 earum
1629 618 1749 672 quas
1784 602 2141 659 ostenduntur

554 695 873 748 sententiam
903 694 1258 763 distinguere,
1295 695 1458 749 veluti
1490 704 1571 749 est
1594 694 1684 749 illa
1706 694 1771 749 ad
1794 694 2140 749 Corinthios:

556 785 665 841 Has
703 800 831 856 ergo
876 786 1262 855 promissiones
1303 786 1583 853 habentes,
1625 786 1954 852 cbarissimi,
1983 801 2141 840 mun-

560 879 752 934 demus
780 892 877 933 nos
904 879 972 933 ah
995 882 1137 934 omni
1166 882 1602 951 coinquinatione
1627 882 1802 936 carnis
1828 890 1882 934 et
1901 880 2142 948 spiritus,

558 971 893 1040 perﬁcientes
935 973 1415 1029 sanctiﬁcationem
1468 974 1519 1027 in
1570 976 1765 1028 timore
1812 972 2145 1042 Deizcapite

555 1078 654 1117 nos
682 1080 695 1117 :
726 1064 928 1119 nemini
976 1067 1277 1121 nocuimus.
1307 1066 1533 1120 Dubium
1581 1067 1778 1137 quippe
1820 1074 1921 1132 est,
1965 1075 2144 1120 utrum

552 1158 871 1214 mundemus
898 1175 994 1214 nos
1025 1160 1091 1215 ab
1114 1162 1261 1215 omni
1289 1161 1659 1231 inquinatione
1688 1162 1867 1216 carnis
1896 1170 1950 1215 et
1976 1160 2143 1229 Spiri-

556 1258 663 1316 tus,
693 1252 989 1306 secnndum
1020 1253 1164 1307 illam
1193 1254 1534 1320 sententiam,
1564 1262 1620 1307 ut
1644 1255 1715 1308 sit
1742 1263 1925 1307 sancta
1948 1262 2001 1307 et
2024 1266 2147 1306 cor-

557 1358 687 1412 pore
714 1354 769 1399 et
799 1346 1033 1415 spiritu;
1066 1363 1132 1401 an
1167 1350 1484 1403 mundcmus
1514 1364 1610 1403 nos
1637 1348 1705 1401 ab
1726 1349 1874 1403 omni
1896 1347 2142 1416 coinqui-

550 1441 774 1495 natione
800 1442 1005 1508 carnis,
1036 1450 1095 1495 ut
1115 1442 1255 1497 alius
1283 1444 1353 1497 sit
1388 1457 1601 1509 sensus,
1635 1452 1689 1497 et
1729 1443 1949 1512 spiritus
1982 1443 2143 1511 perti-

552 1534 762 1588 cientes
800 1536 1309 1600 sanctiﬁcationem,
1343 1536 1395 1591 in
1444 1535 1636 1590 timore
1669 1534 1762 1591 Dei
1804 1534 1980 1604 capite
2023 1550 2142 1590 nos.

552 1623 709 1681 Tales
748 1626 910 1697 igitur
935 1629 1340 1687 distinctionum
1399 1628 1771 1700 ambiguitates
1802 1629 1853 1683 in
1881 1637 2146 1700 potestate

550 1718 783 1789 legentis
814 1730 962 1775 sunt.

1048 1810 1278 1868 CAPUT
1337 1811 1641 1869 CCLXXII.

2252 602 2365 657 haec
2390 605 2570 673 utique
2590 604 2657 660 ad
2684 604 3169 673 pronuntiationem
3193 602 3472 672 pertinens
3502 619 3516 655 :
3548 618 3675 656 nam
3700 606 3823 672 quod

2252 698 2511 766 scriptum
2542 706 2625 751 est
2652 740 2665 763 ,
2720 712 2826 750 non
2861 703 2943 749 est
2970 694 3339 749 absconditum
3378 709 3409 747 a
3443 700 3501 749 te
3531 708 3595 747 os
3628 710 3824 757 meum,

2249 789 2392 857 quod
2422 788 2595 845 fecisti
2627 790 2681 843 in
2709 788 3057 852 abscondito,
3090 792 3196 843 non
3226 788 3408 843 elucet
3437 787 3642 856 legenti
3668 798 3822 841 utrum

2250 890 2497 950 correpta
2523 896 2584 936 os
2614 882 2791 936 littera
2822 882 3158 951 pronuntiet,
3188 897 3256 935 an
3289 879 3580 950 producta.
3614 879 3672 934 Si
3701 881 3821 935 enim

2249 976 2532 1045 corripiat,
2567 977 2633 1031 ab
2664 990 2730 1032 eo
2761 976 2903 1046 quod
2931 985 3054 1030 sunt
3077 990 3232 1043 ossa,
3263 976 3311 1031 si
3339 984 3529 1030 autem
3560 976 3819 1045 producat,

2250 1071 2319 1125 ab
2348 1086 2415 1127 eo
2444 1073 2586 1143 quod
2619 1083 2744 1127 sunt
2773 1087 2868 1125 ora
2897 1072 3213 1142 intelligitur
3241 1084 3506 1125 numerus
3538 1070 3819 1137 singularis.

2249 1163 2354 1219 Sed
2388 1165 2509 1219 talia
2535 1165 2731 1235 linguae
2763 1163 3115 1233 praecedentis
3140 1164 3485 1232 inspectione
3513 1162 3819 1231 iudicantur.

2250 1254 2382 1309 Nam
2404 1255 2455 1309 in
2481 1256 2669 1310 Graeco
2690 1270 2795 1310 non
2814 1256 2985 1326 στόμα
3001 1253 3097 1309 sed
3111 1255 3285 1309 ὀστέον
3305 1254 3549 1321 positum
3571 1263 3677 1307 est.
3695 1252 3821 1307 [nde

2252 1348 2568 1418 plerumque
2619 1348 2867 1418 loquendi
2898 1346 3234 1402 consuetudo
3258 1347 3509 1417 vulgaris
3558 1346 3737 1400 utilior
3759 1354 3822 1399 at

2250 1440 2616 1509 signiﬁcandis
2639 1441 2821 1508 rebus,
2842 1454 3000 1508 quam
3033 1440 3311 1509 integritas
3337 1439 3610 1493 litterata.
3643 1439 3818 1493 Mallem

2250 1532 2445 1602 quippe
2475 1546 2597 1587 cum
2646 1531 2982 1587 barbarismo
3014 1530 3120 1585 dici
3153 1546 3166 1583 :
3201 1530 3317 1585 Non
3353 1540 3441 1585 est
3470 1532 3819 1587 absconditum

2250 1641 2280 1681 a
2311 1635 2365 1682 te
2393 1642 2576 1682 ossum
2608 1641 2785 1681 meum
2809 1668 2823 1693 ,
2856 1639 3019 1696 quam
3049 1634 3107 1679 ut
3136 1624 3258 1680 ideo
3299 1633 3455 1679 esset
3482 1624 3666 1680 minus
3693 1641 3822 1694 aper-

2252 1727 2386 1785 tum,
2418 1719 2543 1789 quia
2574 1720 2743 1790 magis
2774 1718 3023 1773 Latinum
3053 1727 3153 1773 est.
3186 1716 3293 1772 Sed
3325 1717 3627 1787 aliquando
3654 1718 3819 1773 dubius

2250 1813 2473 1884 syllabae
2516 1827 2701 1877 sonus,
2754 1812 2915 1868 etiam
2945 1811 3120 1867 vicino
3142 1811 3312 1866 verbo
3338 1811 3408 1865 ad
3437 1810 3685 1867 eamdem
3704 1826 3813 1865 sen-

550 1920 627 1979 Ds
664 1925 914 1993 ambiguis
960 1926 1465 1993 pronuntiationibus
1504 1927 1650 1995 ponit
1718 1912 1939 1994 exempli
1985 1943 2133 1981 causa

2248 1907 2469 1962 tentiam
2504 1906 2804 1976 pertinente
2828 1904 3153 1977 dijudicatur
3177 1912 3208 1970 ;‘_
3232 1906 3394 1960 sicuti
3427 1913 3518 1961 est
3545 1905 3670 1961 illud
3688 1906 3814 1973 Apo-

622 1996 882 2066 quomodo
911 1998 1349 2067 pronuntiandum
1379 1999 1444 2051 sit
1476 2015 1494 2053 :
1525 1998 1653 2066 Quis
1676 1999 1934 2053 accusabit
1962 1999 2143 2053 adver-

622 2083 708 2120 sus
730 2066 917 2122 electos
946 2066 1081 2122 Dei?
1105 2086 1169 2123 ea:
1193 2069 1370 2123 eodem
1395 2070 1547 2124 libro.

622 2182 962 2254 Quaecunque
991 2193 1171 2241 autem
1201 2185 1268 2241 de
1298 2187 1560 2255 ambiguis
1591 2186 2021 2245 distinctionibus
2048 2188 2139 2242 di-

550 2276 745 2340 ximus,
774 2276 963 2333 eadem
995 2278 1335 2333 observanda
1365 2289 1490 2334 sunt
1529 2289 1583 2335 et
1627 2280 1679 2335 in
1720 2280 1985 2350 ambiguis
2015 2296 2138 2351 pro-

551 2372 978 2428 nuntiationibus
1010 2390 1023 2425 :
1052 2388 1174 2428 nam
1201 2383 1255 2428 et
1284 2374 1414 2443 ipsa:
1435 2416 1449 2440 ,
1485 2374 1589 2429 nisi
1616 2376 1831 2430 lectoris
1874 2375 2035 2429 nimia
2062 2374 2140 2431 vi-

550 2463 754 2520 tientur
804 2465 1037 2534 incuria,
1070 2475 1162 2520 aut
1210 2466 1405 2535 regulis
1458 2466 1574 2521 ﬁdei
1626 2468 2003 2536 corriguntur,
2048 2475 2141 2521 aut

551 2557 905 2625 prtecedentis
935 2558 1017 2614 vel
1046 2557 1427 2630 consequentis
1451 2560 1786 2615 connexione
1828 2560 2096 2614 sermonis
2119 2601 2134 2627 ,

548 2658 641 2703 aut
684 2650 730 2704 si
760 2658 1007 2706 neutrum
1042 2651 1233 2706 horum
1278 2652 1563 2706 adhibetur
1604 2650 1670 2705 ad
1702 2654 2091 2707 correctionem
2118 2693 2134 2718 ,

559 2741 908 2797 nihilominus
951 2742 1123 2798 dubia:
1196 2743 1570 2808 remanebunt,
1604 2753 1659 2797 ut
1697 2743 1931 2813 quolibet
1979 2744 2139 2798 modo

553 2833 722 2889 lector
754 2835 1202 2904 pronuntiaverit,
1237 2851 1343 2891 non
1371 2837 1443 2891 sit
1471 2836 1523 2889 in
1554 2837 1709 2905 culpa
1737 2854 1747 2888 :
1778 2835 1878 2890 nisi
1902 2836 2045 2891 enim
2076 2837 2139 2890 ﬁ-

550 2928 646 2982 des
675 2938 891 2984 revocet
914 2945 1016 2998 qua
1034 2931 1302 2986 credimus
1324 2931 1606 2985 Dominum
1633 2946 1737 2986 non
1765 2940 2136 2985 accusaturum

549 3021 810 3076 adversus
840 3022 1043 3078 electos
1071 3040 1219 3089 suos,
1267 3034 1322 3078 et
1350 3023 1624 3079 Christum
1671 3042 1779 3080 non
1810 3027 2139 3080 condemna-

551 3118 727 3167 turum
771 3114 974 3168 electos
1018 3130 1145 3168 suos
1172 3155 1186 3180 ,
1223 3125 1397 3184 pntest
1447 3117 1577 3171 illud
1611 3119 1690 3172 sic
1737 3120 2070 3186 pronuntiari
2119 3135 2134 3173 :

549 3206 680 3270 Quis
724 3206 997 3261 accusabit
1026 3207 1284 3263 adversus
1323 3209 1526 3263 electos
1562 3210 1693 3264 Dei?
1722 3220 1779 3265 ut
1805 3210 1943 3264 hanc
1971 3212 2137 3266 inter-

2248 2002 2373 2057 stoli
2409 2016 2424 2055 :
2455 2000 2586 2068 Quae
2619 2000 2852 2068 praadico
2893 2000 3048 2055 vobis
3094 2000 3235 2056 sicut
3282 2000 3536 2069 praedixi,
3590 1998 3812 2067 quoniam

2244 2092 2331 2163 qui
2366 2091 2488 2145 talia
2554 2100 2715 2161 agunt
2767 2106 2989 2160 regnum
3040 2091 3134 2147 Dei
3187 2105 3299 2146 non
3348 2091 3721 2160 possidebunt.
3770 2089 3814 2145 Si

2248 2184 2617 2238 tantummodo
2664 2181 2935 2248 dixisset,
2972 2196 3091 2251 qua:
3122 2181 3360 2250 przedico
3411 2181 3597 2246 vobis,
3655 2195 3814 2249 neque

2242 2274 2616 2344 subjunxisset
2642 2314 2657 2340 ,
2705 2276 2844 2328 sicut
2876 2273 3101 2341 praedixi
3131 2313 3147 2338 ,
3180 2288 3288 2327 non
3317 2273 3411 2327 nisi
3454 2274 3521 2327 ad
3571 2272 3814 2327 codicem

2246 2355 2600 2438 praecedentis
2630 2368 2824 2437 linguae
2856 2368 3240 2423 recurrentium
3267 2377 3421 2429 esset,
3445 2375 3502 2420 ut
3526 2382 3816 2439 cognosce-

2243 2472 2461 2525 remus,
2494 2467 2675 2513 utrum
2727 2456 2793 2525 in!
2822 2473 2887 2513 eo
2916 2458 3059 2527 quod
3108 2458 3263 2524 dixit,
3318 2458 3578 2527 przedico,
3635 2458 3814 2529 produ-

2242 2550 2409 2606 cenda
2432 2567 2502 2605 an
2535 2551 2882 2619 corripienda
2913 2561 3057 2606 esset
3085 2551 3291 2620 syllaba
3318 2552 3494 2605 media
3526 2569 3542 2605 :
3570 2567 3707 2605 nunc
3732 2567 3810 2605 au-

2243 2655 2350 2700 tem
2382 2644 2721 2701 manifestum
2774 2655 2859 2701 est
2908 2644 3312 2714 producendam
3359 2660 3484 2701 esse
3507 2687 3523 2707 ,
3556 2662 3659 2701 non
3688 2647 3804 2700 enim

2243 2740 2316 2793 ait
2345 2738 2485 2794 sicut
2516 2740 2825 2807 praedicavi,
2857 2738 2953 2793 sed
2977 2780 2990 2801 ,
3027 2739 3162 2793 sicut
3210 2738 3467 2808 praedixi.
3498 2738 3611 2793 Non
3659 2741 3796 2792 solum

2241 2841 2420 2885 autem
2454 2830 2594 2897 istae,
2627 2832 2721 2884 sed
2750 2832 2914 2885 etiam
2947 2830 3051 2884 illa:
3080 2829 3470 2901 ambiguitates
3500 2847 3608 2901 qua
3627 2848 3712 2885 non
3731 2832 3786 2885 ad

2242 2925 2639 2980 distinctionem
2670 2924 2751 2980 vel
2784 2924 2851 2979 ad
2885 2926 3383 2993 pronuntiationem
3421 2929 3660 2996 pertinent
3684 2965 3695 2988 ,
3719 2924 3781 2977 si-

2240 3019 2442 3073 militer
2470 3018 2877 3072 considerandae
2922 3026 3046 3071 sunt
3076 3036 3088 3070 :
3122 3018 3299 3086 qualis
3333 3018 3429 3072 illa
3466 3028 3547 3073 est
3573 3018 3631 3071 ad
3651 3018 3789 3070 ἶὶιςεο

2240 3109 2607 3165 salunicenses
2640 3128 2653 3163 :
2708 3109 2998 3178 Propterea
3031 3111 3295 3164 consolati
3342 3128 3539 3166 sumus
3572 3113 3786 3166 fratresfu

2240 3202 2415 3255 vobis.
2450 3202 2676 3256 Dubium
2710 3202 2835 3275 [est]
2868 3204 3009 3258 enim
3050 3212 3251 3270 utrum,
3284 3220 3319 3258 ο
3352 3204 3554 3259 fratres
3576 3248 3591 3269 ,
3623 3205 3776 3269 ambos

546 3300 876 3367 rogationem
905 3298 1058 3369 quasi
1106 3300 1389 3371 responsio
1431 3311 1789 3371 consequatur
1819 3320 1831 3355 ε
1869 3302 2011 3359 Deus
2164 3305 2211 3369 (ς
2245 3291 2457 3347 fratres.
2485 3292 2741 3348 Neutrum
2771 3305 2949 3349 autem
2970 3294 3159 3349 horutu
3190 3309 3272 3351 Bal
3303 3306 3498 3351 contra
3534 3296 3782 3359 fiderit,sed

543 3393 827 3463 justilicat;
856 3402 913 3448 et
942 3394 1139 3448 iterum
1168 3395 1529 3465 interrogetur
1560 3412 1574 3449 :
1608 3396 1741 3462 Quis
1770 3406 1851 3451 est
1881 3398 1969 3466 qui
1998 3412 2132 3452 con-

544 3487 799 3542 demnet?
841 3496 896 3541 et
943 3487 1336 3554 respondeatur
1365 3505 1378 3541 :
1410 3486 1659 3543 Christus
1686 3488 1843 3544 Jesus
1872 3490 1964 3559 qui
1991 3506 2137 3545 mor-

544 3589 665 3636 tuus
694 3590 796 3636 est.
828 3582 980 3648 Quod
1011 3583 1235 3638 credere
1263 3587 1385 3653 quia
1414 3584 1879 3641 dementissimum
1922 3594 2026 3654 est,
2060 3586 2133 3641 ita

546 3675 999 3744 pronuntiabitur,
1033 3689 1091 3731 ut
1130 3678 1399 3744 praecedat
1444 3679 1846 3745 percunctatio,
1877 3689 2133 3747 sequatur

545 3767 915 3836 interrogatio.
948 3768 1091 3822 lnter
1124 3770 1623 3837 percunctationem
1668 3780 1849 3826 autem
1886 3781 1942 3827 et
1966 3773 2133 3827 inter-

544 3860 877 3927 rogationem
910 3861 1011 3914 lioc
1040 3872 1251 3915 veteres
1283 3864 1547 3917 interesse
1590 3864 1865 3930 dixerunt,
1893 3866 2035 3933 quod
2066 3870 2130 3923 ad

546 3952 1041 4019 percunctationem
1074 3954 1239 4008 multa
1263 3956 1579 4024 reSponderi
1599 3968 1837 4024 possunt,
1871 3960 1935 4013 ad
1964 3960 2128 4015 inter-

541 4046 874 4115 rogationem
905 4063 1034 4103 vero
1063 4058 1153 4103 aut
1185 4063 1315 4118 non,
1352 4059 1442 4103 aut
1463 4050 1646 4105 etiam.
1689 4050 2133 4110 Pronuntiabitur

544 4154 673 4210 ergo
702 4140 769 4195 ita
794 4181 809 4205 ,
868 4150 924 4196 ut
950 4182 965 4207 ,
1021 4151 1142 4211 post
1172 4144 1666 4209 percunctationem
1715 4160 1817 4214 qua
1849 4146 2080 4202 dicimus
2111 4164 2128 4203 :

541 4232 672 4300 Quis
709 4235 986 4291 accusabit
1027 4236 1287 4293 adversus
1314 4240 1516 4293 electos
1550 4239 1679 4292 Dei?
1712 4239 1842 4294 illud
1876 4244 2017 4311 quod
2043 4259 2131 4300 se-

541 4325 725 4393 quitur
754 4340 887 4383 sono
916 4328 1301 4399 interrogantis
1330 4333 1643 4388 enuntietur
1678 4351 1691 4387 :
1740 4337 1880 4391 Deus
1902 4336 1989 4407 qui
2011 4337 2129 4406 jus-

546 4415 751 4471 tiﬁcat?
800 4428 855 4473 ut
898 4422 1057 4476 tacite
1098 4424 1510 4493 respondeatur,
1563 4426 1679 4481 Non
1711 4444 1723 4480 :
1754 4436 1809 4482 et
1863 4429 1988 4483 item
2022 4444 2133 4498 per-

540 4518 897 4567 cuncteinur:
928 4513 1061 4582 Quis
1094 4525 1179 4571 est
1207 4517 1297 4587 qui
1328 4519 1695 4574 condemnat?
1720 4536 2014 4592 rursusque
2046 4524 2129 4578 in-

542 4608 875 4671 terrogemus
908 4621 923 4658 :
970 4604 1222 4664 Christus
1248 4607 1407 4664 Jesus
1436 4610 1525 4678 qui
1552 4620 1794 4666 mortuus
1825 4622 1926 4680 est,
1960 4616 2129 4685 magis

2236 3384 2427 3441 Graeca
2460 3387 2637 3458 lingua
2670 3388 2766 3444 hos
2796 3406 2953 3445 casus
2996 3406 3151 3460 pares
3198 3405 3303 3446 non
3360 3393 3561 3455 habet.
3612 3403 3660 3447 et
3706 3394 3789 3445 ideo

2234 3481 2325 3535 illa
2353 3481 2593 3550 inspecta
2625 3494 2961 3538 renuntiatur
2993 3484 3289 3549 vocativus,
3328 3485 3380 3539 id
3414 3498 3520 3551 est,
3555 3501 3589 3540 ο
3618 3486 3795 3540 fratres.

2233 3573 2385 3639 Quod
2416 3574 2461 3626 si
2493 3574 2746 3629 voluisset
2799 3575 3063 3645 interpres
3088 3576 3269 3631 dicere
3304 3593 3317 3629 :
3353 3576 3652 3647 Propterea
3698 3595 3799 3632 conc

2234 3666 2556 3721 solutionem
2584 3667 2891 3732 habuimus,
2919 3667 3132 3733 fratres,
3160 3670 3215 3723 in
3246 3669 3420 3735 vobis,
3451 3673 3628 3725 minus
3653 3670 3804 3725 servi-

2242 3765 2353 3810 tum
2380 3768 2523 3811 esset
2552 3758 2729 3813 verbis
2754 3799 2769 3823 ,
2804 3758 2898 3813 sed
2932 3761 3109 3814 minus
3161 3760 3228 3815 de
3259 3763 3515 3815 sententia
3547 3761 3811 3815 dubitare-

2235 3860 2340 3915 tur,
2372 3862 2463 3905 aut
2491 3860 2637 3906 certe
2668 3853 2709 3906 si
2738 3852 3050 3921 adderetur,
3084 3856 3258 3909 nOStri
3279 3898 3292 3919 ,
3329 3870 3472 3908 nemo
3499 3855 3641 3909 enim
3696 3857 3814 3912 fere

2232 3949 2529 4018 ambigeret
2579 3952 2882 4005 vocativum
2933 3968 3116 4007 casum
3171 3970 3335 4020 esse,
3388 3970 3504 4009 cum
3550 3957 3808 4011 audiret:

2232 4042 2525 4112 Pr0pterea
2557 4047 2818 4102 consolati
2851 4062 3039 4101 sumus
3088 4048 3284 4104 fratres
3317 4051 3485 4104 nostri
3529 4051 3583 4104 in
3634 4052 3807 4113 vobis;

2232 4136 2325 4190 sed
2350 4135 2461 4205 jam
2495 4138 2596 4191 hoc
2620 4140 2975 4208 periculosius
3020 4142 3368 4210 permittitur.
3410 4143 3484 4195 lla
3516 4142 3709 4196 factum
3738 4153 3809 4195 e~t

2231 4229 2283 4282 in
2317 4230 2407 4284 illa
2453 4231 2518 4284 ad
2570 4231 2884 4288 Corinthios
2908 4274 2925 4301 ,
2958 4249 3079 4288 cum
3110 4234 3183 4289 ait
3213 4238 3503 4303 Apostolus
3532 4255 3545 4289 :
3579 4237 3809 4304 Quotidie

2238 4323 2443 4377 morior
2468 4339 2563 4392 per
2584 4333 2818 4379 vestiam
2849 4326 3095 4394 gloriam,
3124 4330 3349 4392 fratres,
3382 4344 3542 4398 quam
3576 4330 3738 4382 habeo
3762 4328 3805 4379 in

2232 4413 2450 4470 Christo
2476 4418 2627 4471 Jesu.
2661 4417 2752 4471 Ait
2783 4422 2927 4472 enim
2956 4420 3172 4488 quidam
3225 4422 3499 4489 interpres
3534 4440 3546 4474 :
3576 4422 3803 4487 Quotidie

2231 4509 2451 4571 morior,
2488 4523 2583 4575 per
2628 4520 2863 4563 vestram
2910 4509 3035 4579 juro
3079 4512 3339 4581 gloriam;
3373 4514 3505 4582 quia
3544 4515 3596 4573 in
3638 4514 3798 4567 Gram

2231 4614 2337 4653 vox
2360 4598 2593 4665 jurantis
2625 4606 2683 4659 νή
2715 4602 2998 4656 manifesta
3043 4614 3144 4667 est,
3194 4604 3312 4658 sine
3364 4607 3619 4675 ambiguo
3658 4618 3797 4657 sono.

540 4702 717 4750 autem
750 4696 839 4764 qui
869 4700 1183 4765 resurrexit,
1216 4700 1306 4769 qui
1337 4711 1422 4757 est
1453 4701 1507 4757 in
1533 4702 1753 4758 dextera
1787 4704 1880 4759 Dei
1905 4749 1920 4774 ,
1951 4706 2041 4775 qui
2072 4715 2128 4762 ει
2160 4686 2208 4747 D
2236 4690 2531 4746 Rarissime
2558 4694 2719 4763 igitur
2747 4702 2801 4749 et
2830 4694 3143 4751 dilﬁcillime
3186 4695 3419 4751 inveniri
3454 4706 3634 4765 potest
3658 4694 3809 4749 ambi-

542 4787 854 4858 interpellat
880 4805 977 4859 pro
1004 4792 1269 4847 nobisiut
1298 4793 1496 4864 ubique
1525 4796 1685 4851 tacite
1712 4797 2124 4866 respondeatur,

538 4880 678 4937 Non.
702 4881 775 4937 At
795 4897 923 4938 vero
947 4882 1041 4937 illo
1064 4884 1118 4938 in
1140 4885 1260 4940 loco
1286 4885 1376 4941 ubi
1399 4885 1476 4940 ait
1500 4904 1511 4940 :
1541 4887 1679 4953 Quid
1697 4903 1825 4957 ergo
1852 4889 2128 4944 dicemus?

539 4976 664 5045 quia
677 4984 898 5046 agentes
919 4990 1040 5046 quae
1057 4992 1163 5032 non
1186 4978 1535 5035 sectabantur
1548 4980 1806 5050 justitiam
1824 4982 2129 5051 apprehen-

539 5068 720 5125 derint
737 5068 1024 5140 justitiam,
1040 5072 1139 5126 nisi
1158 5082 1277 5142 post
1293 5076 1783 5141 percunctationem
1803 5091 1903 5145 qua
1923 5076 2126 5134 dictum

539 5169 673 5219 est:
722 5162 861 5231 Quid
908 5178 1039 5236 ergo
1087 5164 1370 5221 dicemus?
1418 5168 1697 5237 responsio
1742 5168 2057 5239 subjiciatur
2109 5185 2123 5225 :

537 5256 671 5325 Quia
702 5267 921 5328 gentes,
952 5275 1070 5330 qua:
1097 5275 1206 5315 non
1238 5261 1585 5317 sectabantur
1610 5262 1897 5332 justitiam,
1926 5278 2125 5334 appre-

538 5352 844 5407 henderunt
862 5353 1149 5425 justitiam,
1183 5364 1362 5410 textus
1391 5370 1730 5425 consequens
1753 5372 1857 5412 non
1884 5358 2127 5413 coluere-

538 5442 636 5499 bit.
665 5443 919 5511 Qualibet
964 5458 1143 5501 autem
1198 5461 1330 5503 voce
1385 5450 1760 5517 pronuntietur
1806 5450 1935 5506 illud
1982 5452 2125 5521 quod

537 5539 830 5594 Nathanael
858 5538 992 5595 dixit
1020 5539 1095 5595 :A
1111 5540 1375 5597 Nazareth
1403 5551 1577 5611 potest
1604 5545 1802 5614 aliquid
1824 5545 1946 5600 boni
1970 5560 2118 5611 esse,

539 5630 655 5686 sive
682 5629 1033 5702 al'ﬁrmantis,
1063 5641 1120 5688 ut
1159 5634 1287 5690 illud
1319 5634 1492 5691 solum
1533 5638 1598 5689 ad
1645 5635 2121 5707 interrogationem

539 5722 824 5790 pertineat,
856 5724 997 5792 quod
1025 5724 1139 5787 ait,
1184 5729 1227 5781 A
1272 5725 1579 5784 Nazareth?
1630 5730 1744 5784 sive
1794 5738 1959 5783 totum
1998 5744 2121 5786 cum

539 5814 872 5871 dubitatione
894 5816 1296 5889 interrogantis,
1324 5837 1428 5877 non
1455 5823 1610 5879 video
1636 5823 1905 5893 quomodo
1918 5823 2124 5881 discer-

538 5914 743 5960 natur:
778 5914 1004 5977 uterque
1048 5919 1225 5967 autem
1270 5929 1461 5972 sensus
1504 5917 1661 5974 ﬁdem
1712 5934 1817 5973 non
1874 5917 2115 5988 impedit.

2230 4784 2403 4854 guitas
2438 4785 2492 4839 in
2520 4785 2753 4855 pr0priis
2782 4786 2993 4855 verbis,
3022 4796 3280 4857 quantum
3310 4789 3376 4843 ad
3420 4790 3598 4845 libros
3625 4790 3810 4843 divina-

2234 4893 2349 4931 rum
2380 4878 2780 4946 Scripturarum
2817 4890 3052 4946 spectat,
3101 4895 3259 4949 quam
3293 4895 3399 4934 non
3450 4891 3547 4935 aut
3598 4882 3811 4935 circuiu-

2229 4970 2426 5022 stantia
2458 4968 2571 5039 ipsa
2621 4970 2894 5028 sermonis
2946 4986 3047 5040 qua
3096 4971 3441 5041 cognoscitur
3496 4973 3813 5041 scriptorum

2228 5060 2476 5128 intentio,
2510 5071 2603 5116 aut
2654 5062 3008 5131 interpretum
3037 5063 3254 5120 collatio
3276 5106 3292 5133 ,
3326 5074 3417 5119 aut
3467 5062 3818 5134 precedentis

2230 5154 2424 5225 lingua:
2452 5154 2630 5212 solvat
2660 5155 2949 5223 inspectio.

2727 5270 2956 5330 CAPUT
2984 5270 3303 5330 CCLXXI".

2229 5382 2309 5439 De
2340 5385 2757 5461 ambiguitatibus
2804 5389 3069 5442 verborum
3119 5388 3515 5456 translatorum,
3558 5393 3619 5447 in
3652 5390 3827 5461 quibus

2298 5458 2582 5531 cavendum
2604 5468 2882 5531 praemonet
2911 5476 2973 5512 ne
3009 5462 3232 5531 ﬁgurata
3260 5463 3451 5517 locutio
3480 5464 3551 5517 ad
3608 5458 3828 5517 (iitum

2300 5528 2620 5597 accipiatur;
2649 5546 2713 5584 ex
2741 5530 2917 5584 eodem
2946 5528 3101 5588 libro.

2299 5642 2403 5699 Sed
2426 5642 2709 5699 verborum
2742 5646 3124 5701 translatorum
3153 5646 3535 5717 ambiguitates
3555 5692 3578 5717 ,
3616 5649 3695 5705 de
3724 5648 3835 5717 qui-

2227 5738 2326 5794 bus
2353 5737 2610 5808 deinceps
2634 5740 2958 5809 loquendum
2985 5752 3088 5811 est,
3122 5756 3229 5797 non
3269 5743 3621 5801 mediocrem
3647 5756 3835 5800 cura:

2225 5831 2652 5902 industriamque
2681 5834 2990 5891 desiderant
3036 5855 3048 5889 :
3080 5852 3202 5891 nam
3237 5838 3291 5892 in
3324 5838 3609 5909 principio
3644 5853 3840 5895 eavea-

2223 5923 2350 5978 dum
2383 5931 2465 5981 est
2509 5939 2575 5982 ne
2603 5926 2884 5996 ﬁguratam
2927 5929 3253 5990 locutionem
3285 5931 3353 5985 ad
3398 5931 3659 5988 litteram
3694 5932 3838 5987 acci-
