3986 6382
216 356 321 412 961

1356 344 1795 404 THESAURUS.
1834 343 1990 402 CAP.
2033 343 2357 402 CCLXX“.

3398 342 3505 399 962

211 479 356 550 pias,
402 482 458 529 et
498 470 564 528 ad
594 470 698 527 hoc
740 468 881 526 enim
909 466 1142 541 pertinet
1171 466 1311 538 quod
1356 467 1431 522 ait
1459 466 1751 537 Apostolus
1781 478 1795 517 :
1827 465 1883 525 Α
1919 464 2092 520 mines
2120 465 2425 535 vituperare
2468 468 2631 531 atque
2672 457 2930 515 damnare
2971 466 3398 522 consueverunt;
3446 467 3500 514 et

215 567 423 623 Littera
455 564 653 621 occidit
679 604 696 631 ,
727 562 944 634 spiritus
991 570 1171 618 autem
1199 558 1454 616 viviﬁeat.
1488 561 1621 616 Cum
1662 559 1809 615 enim

217 663 449 733 ﬁgurate
488 658 691 713 dictum
718 658 796 713 sic
820 656 1085 727 accipitur
1104 665 1356 725 tanquam
1379 652 1595 724 proprie
1607 650 1807 706 dictum

216 758 293 813 sit
320 754 611 812 carnaliter
632 754 861 823 sapitur.
903 751 1087 822 Neque
1124 750 1233 805 ulla
1275 763 1423 805 mors
1460 748 1653 803 animm
1682 762 1810 802 con-

216 849 498 920 gruentius
527 846 852 917 appellatur,
883 856 1045 914 quam
1072 857 1193 899 cum
1228 840 1278 895 id
1311 842 1471 895 etiam
1503 838 1719 909 quodin
1744 852 1807 893 ea

221 942 414 997 bestiis
444 938 759 1004 antecellit,
792 938 895 993 hoc
920 944 1005 993 est
1032 934 1385 1005 intelligentia
1415 972 1432 998 ,
1460 933 1610 988 carni
1639 930 1809 1001 subji-

218 1035 384 1100 citur,
408 1032 682 1102 sequendo
703 1030 959 1085 litteram.
992 1028 1092 1095 Qui
1114 1029 1256 1083 enim
1284 1027 1527 1097 sequitur
1550 1026 1803 1093 litteram,

228 1127 493 1183 translata
523 1126 687 1181 verba
718 1125 859 1180 sicut
876 1124 1087 1194 propria
1112 1130 1281 1188 tenet,
1305 1135 1479 1192 neque
1505 1118 1635 1175 illud
1667 1117 1807 1188 quod

158 1250 168 1259 ο
222 1224 449 1294 proprio
477 1222 644 1276 verbo
665 1218 1018 1290 signiﬁcatur,
1044 1216 1210 1272 refert
1240 1215 1306 1269 ad
1348 1214 1507 1269 aliam
1543 1212 1810 1281 signiﬁca-

214 1316 421 1371 tionem
454 1332 466 1367 :
498 1314 591 1368 sed
624 1313 669 1367 si
698 1312 977 1367 sabbatum
1008 1310 1259 1373 audierit,
1292 1309 1441 1363 verbi
1473 1307 1670 1377 gratia,
1700 1320 1808 1360 non

216 1407 477 1477 intelligit
522 1405 623 1459 nisi
655 1419 818 1459 unum
869 1403 1010 1457 diem
1038 1403 1107 1456 de
1156 1410 1363 1469 septem
1419 1403 1507 1469 qui
1552 1398 1812 1453 continuo

217 1502 497 1556 volumine
534 1507 869 1568 repetuntur.
904 1497 1120 1552 Etcum
1152 1494 1386 1549 audierit
1432 1491 1763 1547 sacriﬁcium
1792 1529 1809 1556 ,

217 1609 332 1649 non
364 1592 579 1649 excedit
601 1591 933 1661 cogitatione
977 1588 1110 1643 illud
1162 1588 1307 1658 quod
1338 1587 1455 1641 ﬁeri
1484 1586 1551 1640 de
1579 1583 1814 1639 victimis

217 1702 478 1757 pecorum
505 1684 841 1752 terrenisque
882 1681 1143 1737 fructibus
1172 1680 1335 1735 solet.
1372 1679 1444 1732 Ea
1487 1677 1704 1732 demum
1734 1683 1818 1729 est

220 1780 555 1837 miserabilis
587 1778 780 1834 anima:
804 1775 1055 1841 servitus,
1081 1776 1229 1846 signa
1244 1788 1342 1844 pro
1366 1774 1527 1828 rebus
1546 1772 1816 1840 accipere,

1914 571 1976 612 ea
2010 566 2213 611 tantum
2243 553 2512 626 probanda
2539 561 2698 622 atque
2720 551 2984 607 laudanda
3011 567 3129 622 qua:
3160 550 3497 607 consuetudo

1914 662 2101 703 eorum
2131 664 2250 703 cum
2278 646 2475 719 quibus
2498 644 2634 699 vivit
2671 644 2907 699 admittit
2936 661 2950 699 :
2993 659 3164 713 eoque
3202 644 3498 713 contingit,

1912 746 1970 794 ut
1999 740 2044 794 si
2074 738 2198 808 quid
2228 739 2504 808 Scriptura
2529 737 2614 792 vel
2650 738 2965 807 praeceperit
2996 736 3139 804 quod
3181 736 3441 791 abhorret
3470 753 3500 790 a

1912 832 2304 888 consuetudine
2348 832 2720 898 audientium,
2780 832 2860 887 vel
2906 832 3045 901 quod
3095 847 3200 886 non
3247 832 3505 887 abhorret

1910 925 2223 995 culpaverit,
2259 923 2304 978 si
2343 925 2578 978 animum
2629 938 2815 979 eorum
2844 924 2956 994 jam
2997 925 3146 979 verbi
3196 925 3378 993 junxit
3408 941 3505 979 au-

1910 1019 2168 1080 ctoritas,
2204 1018 2479 1087 figuratam
2537 1017 2862 1071 locutionem
2896 1024 3104 1086 putent.
3152 1015 3268 1071 Non
3323 1026 3501 1072 autem

1913 1110 2157 1179 praecipit
2186 1108 2461 1177 Scriptura
2495 1108 2594 1161 nisi
2644 1107 2988 1173 charitatem,
3022 1124 3123 1164 nec
3166 1110 3349 1173 culpat
3398 1110 3506 1166 nisi

1915 1202 2258 1271 cupiditatem
2287 1246 2300 1269 ,
2335 1210 2390 1255 et
2419 1216 2483 1258 eo
2514 1202 2674 1255 modo
2704 1202 2962 1257 informat
2989 1217 3168 1258 mores
3198 1202 3502 1261 hominum.

1922 1294 2054 1349 Item
2086 1295 2129 1348 si
2155 1294 2393 1348 animum
2421 1296 2812 1363 prmoccupavit
2839 1293 3065 1365 alicujus
3080 1295 3280 1350 erroris
3302 1296 3507 1365 Opinio,

1916 1384 2174 1455 quidquid
2206 1384 2361 1438 aliter
2390 1384 2683 1438 asseruerit
2734 1385 3007 1454 Scriptura
3040 1428 3054 1451 ,
3103 1387 3381 1456 ﬁguratum
3415 1388 3508 1441 ho-

1918 1477 2089 1531 mines
2116 1476 2474 1539 arbitrantur;
2509 1490 2616 1529 non
2642 1483 2817 1530 autem
2840 1479 3035 1533 asserit
3056 1478 3156 1531 nisi
3184 1478 3507 1533 catholicam
3590 1468 3598 1477 ’

1920 1566 2102 1631 ﬁdem,
2127 1565 2287 1619 rebus
2317 1565 2605 1635 praeteritis
2636 1606 2650 1629 ,
2683 1574 2737 1619 et
2766 1566 2961 1622 futuris
2985 1608 2999 1631 ,
3024 1576 3078 1622 et
3107 1570 3460 1636 prresentibus
3491 1588 3505 1623 :

1920 1659 2322 1714 Przeteritorum
2365 1657 2604 1712 narratio
2634 1666 2738 1723 est,
2773 1658 3069 1713 futurorum
3103 1663 3505 1730 prmnuntiatio,

1928 1753 2271 1822 prmsentinm
2292 1751 2703 1806 demonstratio.
2729 1751 2837 1806 Sed
2855 1753 3033 1808 omnia
3053 1754 3166 1809 hmc
3183 1755 3247 1809 ad
3265 1758 3509 1811 eamdem

219 1882 278 1927 et
298 1886 460 1941 supra
475 1880 777 1927 creaturam
803 1882 1117 1937 corpoream
1147 1867 1360 1921 oculum
1375 1865 1573 1921 mentis
1589 1865 1654 1918 ad
1684 1864 1815 1917 hau-

1933 1846 2241 1900 charitatem
2285 1843 2621 1898 nutriendam
2654 1852 2813 1913 atque
2860 1845 3239 1913 roborandam,
3276 1858 3331 1903 et
3364 1851 3511 1920 cupi-

219 1968 471 2024 riendum
503 1976 760 2022 :clernutn
794 1966 974 2021 lumen
1005 1966 1186 2021 levare
1212 1981 1319 2020 non
1348 1980 1504 2035 posse
1537 1982 1549 2017 :
1584 1978 1702 2033 quae
1730 1970 1809 2016 ta-

222 2077 348 2117 men
379 2061 611 2117 servitus
656 2060 709 2115 in
750 2059 937 2115 Judaeo
986 2061 1180 2131 populo
1229 2060 1383 2129 longe
1432 2074 1462 2113 a
1492 2066 1809 2113 exterarum

221 2156 461 2227 gentium
499 2170 649 2209 more
676 2153 937 2220 distabat,
990 2153 1423 2224 quandoquidem
1482 2153 1641 2207 rebus
1673 2161 1810 2206 tem-

224 2250 504 2320 poralibus
535 2250 605 2302 ita
628 2248 921 2319 ,subjugati
973 2258 1130 2305 erant
1154 2290 1171 2314 ,
1203 2258 1263 2303 ιιι
1301 2264 1438 2303 unus
1471 2247 1576 2317 53
1624 2246 1705 2300 eis
1756 2246 1813 2298 in

225 2343 483 2396 omnibus
512 2342 982 2397 commendaretur
1030 2342 1201 2402 Deus:
1236 2352 1290 2397 et
1318 2354 1620 2410 quanquam
1663 2339 1815 2407 signa

228 2446 413 2486 rerum
438 2432 761 2501 spiritalium
811 2447 907 2501 pro
938 2433 1070 2501 ipsis
1102 2434 1262 2487 rebus
1290 2433 1666 2495 observarent,
1694 2445 1817 2485 nes-

228 2521 439 2576 cientes
460 2538 566 2591 quo
591 2521 926 2590 referuntur,
957 2523 1011 2577 id
1044 2532 1222 2579 tamen
1252 2523 1471 2578 insitum
1510 2523 1815 2592 habebant,

227 2613 378 2681 quod
406 2613 497 2668 tali
527 2616 786 2668 servitute
816 2616 907 2669 uni
935 2615 1175 2670 omnium
1218 2631 1376 2686 quem
1425 2630 1532 2671 non
1562 2615 1820 2670 videbant

227 2703 508 2774 placerent
538 2706 669 2770 Deo,
700 2722 858 2776 quam
882 2707 1205 2773 custodiam,
1239 2718 1490 2778 tanquam
1517 2709 1617 2764 sub
1641 2708 1821 2778 paeda-

227 2810 368 2865 gogo
413 2798 762 2865 paruulorum
806 2801 1007 2866 fuisse,
1042 2802 1229 2856 scribit
1270 2802 1584 2871 Apostolus.
1612 2802 1679 2857 Et
1702 2802 1822 2858 ideo

226 2889 321 2957 qui
355 2888 551 2945 talibus
581 2892 749 2961 signis
795 2893 1146 2961 pertinaciter
1185 2895 1554 2963 inlizeserunt,
1582 2904 1824 2952 contem-

228 2992 449 3038 nentem
478 2985 581 3039 ista
607 2985 915 3055 Dominum,
951 3002 1072 3043 cum
1093 2989 1204 3059 jam
1226 2998 1440 3060 tempus
1479 2992 1824 3047 revelationis

226 3089 418 3130 eorum
464 3078 745 3147 venisset,
801 3081 940 3136 ferre
990 3096 1095 3135 non
1130 3090 1461 3152 potuerunt;
1510 3093 1669 3155 atque
1701 3084 1826 3141 inde

227 3158 530 3225 calumnias
559 3170 703 3241 quod
747 3171 972 3229 sabbato
1012 3183 1231 3230 curaret
1259 3175 1429 3229 moliti
1475 3186 1599 3231 sunt
1630 3177 1825 3247 princi-

1912 1943 2133 1997 ditatem
2156 1941 2474 1996 vincendam
2498 1951 2658 2009 atque
2680 1941 3123 2010 exstinguendam
3150 1942 3326 1996 valent
3350 1960 3363 1995 :
3384 1943 3513 1997 cha-

1914 2037 2127 2091 ritatem
2149 2049 2282 2089 voco
2300 2042 2505 2087 motum
2533 2032 2696 2087 animi
2738 2033 2803 2087 ad
2829 2032 3113 2089 fruendum
3151 2033 3261 2089 Deo
3293 2044 3513 2105 propter

1913 2127 2111 2197 ipsum,
2146 2136 2200 2180 et
2252 2140 2311 2180 se
2340 2126 2587 2195 proximo
2628 2133 2847 2195 propter.
2891 2135 3048 2195 atque
3102 2126 3298 2191 Deum;
3353 2127 3504 2194 cupi-

1915 2220 2135 2275 ditatem
2182 2230 2380 2283 autem,
2423 2229 2626 2274 motum
2679 2220 2839 2273 animi
2894 2220 2960 2273 ad
3016 2219 3298 2274 fruendum
3353 2236 3411 2275 se
3457 2229 3512 2276 et

1917 2313 2184 2384 proximo,
2220 2324 2275 2367 et
2334 2313 2573 2381 quolibet
2618 2327 2866 2381 corpore,
2920 2328 3026 2367 non
3068 2324 3287 2382 pr0pter
3319 2313 3512 2369 Deum.

1918 2406 2071 2473 Quod
2098 2404 2320 2478 [autem]
2344 2404 2450 2475 agit
2482 2406 2739 2459 indomita
2776 2404 3044 2473 cupiditas
3068 2405 3134 2459 ad
3165 2419 3517 2475 corrumpen-

1919 2500 2046 2553 dum
2080 2499 2318 2552 animum
2365 2506 2420 2552 et
2449 2511 2649 2565 corpus
2699 2512 2854 2552 suum
2880 2537 2897 2561 ,
2946 2496 3202 2567 ﬂagitium
3241 2507 3465 2551 vocatur
3500 2515 3513 2552 :

1921 2592 2064 2661 quod
2096 2600 2275 2647 autem
2306 2591 2415 2661 agit
2442 2600 2502 2645 ut
2531 2591 2685 2647 alteri
2722 2601 2935 2655 noceat,
2970 2592 3175 2646 facinus
3201 2592 3400 2648 dicitur
3426 2634 3440 2657 ,
3469 2600 3521 2648 ct

1924 2684 2041 2740 haec
2072 2693 2198 2738 sunt
2236 2684 2340 2739 duo
2372 2698 2571 2755 genera
2600 2684 2841 2739 omnium
2890 2696 3267 2756 peccatorum,
3301 2687 3395 2741 sed
3426 2687 3522 2741 fla-

1923 2778 2054 2847 gitia
2087 2776 2265 2847 priora
2304 2786 2449 2832 sunt.
2492 2777 2625 2844 Quae
2661 2790 2783 2831 cum
2814 2777 3213 2832 exinaniverint
3257 2778 3519 2846 animum,

1926 2869 2074 2925 etad
2106 2868 2404 2939 quamdam
2438 2877 2729 2939 egestatem
2764 2870 3152 2939 perduxerint,
3204 2872 3258 2925 in
3289 2871 3525 2928 facinora

1929 2962 2233 3016 transilitur
2278 2958 2670 3033 [prosilitur],
2721 2976 2828 3031 quo
2867 2971 3252 3018 removeantur
3303 2963 3527 3032 impedi-

1930 3064 2114 3109 mento
2142 3053 2501 3125 flagitiorum,
2534 3061 2629 3109 aut
2674 3055 2985 3123 adjumenta
3028 3063 3357 3125 qumrantur.
3395 3055 3527 3112 Item

1930 3148 2076 3218 quod
2104 3149 2215 3215 agit
2240 3146 2478 3202 ebaritas
2511 3162 2618 3216 quo
2659 3148 2762 3202 sibi
2792 3149 2985 3216 prosit,
3012 3149 3216 3203 utilitas
3243 3157 3347 3212 est,
3384 3149 3531 3219 quod

229 3274 331 3331 pes
351 3276 535 3315 eorum
564 3238 591 3329 ,⁷
625 3264 960 3335 populusque
983 3306 1000 3333 ,
1033 3266 1202 3337 signis
1230 3267 1335 3323 illis
1380 3238 1644 3338 tanquam.
1663 3269 1825 3327 rebus
1855 3269 1902 3334 C
1933 3249 2113 3293 autem
2141 3240 2251 3338 “si?
2285 3246 2343 3291 ⁸η
2383 3238 2559 3338 Ρηῗξξί
2585 3239 2835 3338 Ρτίξξίωθ
2858 3282 2875 3307 ν
2906 3240 3261 3338 υθξιεσεεηιῖε
3290 3242 3533 3297 "omina"

229 3354 506 3419 astrictus,
535 3369 641 3409 non
672 3356 928 3412 credebat
959 3358 1125 3413 Deum
1157 3374 1277 3415 esse
1308 3362 1389 3417 vel
1421 3375 1451 3413 a
1473 3361 1585 3418 Deo
1615 3362 1829 3419 venisse

229 3448 325 3518 qui
353 3463 414 3503 ea
460 3448 601 3503 sicut
630 3449 836 3506 Judacis
862 3451 1294 3509 observabantur
1326 3457 1496 3511 nollet
1520 3458 1825 3513 attendere.

232 3541 344 3598 Sed
372 3542 459 3611 qui
491 3541 876 3611 crediderunt,
906 3560 973 3601 ex
1016 3547 1209 3617 quibus
1234 3547 1369 3602 facta
1397 3557 1480 3604 est
1510 3550 1679 3619 prima
1728 3552 1832 3605 Ec-

234 3633 403 3689 clesia
434 3633 959 3707 Hierosolymitana,
1012 3639 1144 3695 satis
1190 3640 1574 3711 ostenderunt,
1635 3653 1832 3712 quanta

234 3725 442 3783 utilitas
472 3725 633 3783 fuerit
678 3741 744 3783 eo
775 3728 937 3784 modo
983 3730 1084 3785 sub
1136 3732 1427 3804 paedagogo
1456 3733 1734 3797 custodiri,
1777 3742 1837 3789 ιιι

234 3818 392 3889 signa
425 3834 545 3887 qua
576 3822 942 3889 temporaliter
970 3821 1221 3893 imposita
1262 3834 1441 3891 erant,
1473 3827 1835 3882 servientibus

237 3910 309 3965 ad
338 3911 494 3965 unius
540 3912 635 3968 Dei
674 3915 874 3969 cultum
903 3956 917 3981 ,
967 3917 1058 3985 qui
1099 3916 1226 3972 fecit
1262 3919 1458 3975 coelum
1506 3928 1559 3974 et
1590 3927 1789 3975 terram
1817 3959 1833 3987 ,

241 4005 553 4073 opinionem
585 4008 987 4064 observantium
1021 4014 1330 4082 religarent.

752 4119 980 4175 CAPUT
1009 4120 1333 4178 CCLXXIV.

258 4205 661 4292 Hunc‘modum
691 4214 911 4292 prie/Egit
938 4215 1257 4292 invenienda;
1276 4221 1550 4274 locutionis
1564 4223 1842 4292 prapriaue

317 4296 386 4333 an
414 4282 750 4359 ﬁguratnsit,
782 4282 1117 4356 ut'quidquid
1142 4290 1195 4342 in
1222 4291 1510 4359 Scripturis
1540 4282 1731 4346 δὶευιὶηι
1752 4305 1843 4349 aut

321 4356 469 4426 quasi
500 4354 813 4425 ﬂagitiosum
840 4373 903 4410 ea:
938 4354 1157 4426 persona
1185 4360 1277 4414 Dei
1313 4354 1392 4415 vel
1419 4373 1716 4417 sanctorum
1746 4367 1842 4419 im-

318 4425 494 4545 pegitis
524 4428 740 4549 rigetur,
773 4428 883 4481 sine
906 4425 1063 4483 dubio
1092 4431 1374 4504 ﬁguratum
1394 4435 1753 4506 intelligatur;
1781 4454 1845 4491 ea:

322 4511 381 4548 eo
423 4512 499 4547 em
544 4513 558 4547 ι
596 4512 675 4549 ro.

322 4511 499 4548 eoaem
524 4511 675 4552 noro.

326 4580 785 4648 Demonstrandus
809 4603 891 4650 est
918 4594 1081 4665 igitur
1111 4600 1259 4667 prius
1283 4600 1472 4658 modus
1506 4603 1840 4661 invenienda:

245 4686 540 4742 locutionis
570 4690 856 4759 propriane
884 4709 951 4747 an
981 4693 1203 4762 ﬁgurata
1246 4697 1315 4752 sit
1347 4715 1358 4749 :
1393 4709 1446 4754 et
1493 4699 1594 4755 iste
1621 4702 1843 4757 omnino

248 4777 449 4834 modus
478 4788 563 4834 est
581 4824 594 4849 ,
630 4789 685 4834 ut
707 4783 962 4853 quidquid
987 4788 1039 4840 in
1062 4800 1311 4843 sermone
1327 4789 1514 4846 divino
1539 4832 1554 4856 ,
1586 4808 1757 4863 neque
1774 4793 1843 4849 ad

250 4885 471 4925 morum
495 4870 855 4942 honestatem,
891 4890 1063 4945 neque
1085 4879 1150 4933 ad
1176 4879 1299 4935 ﬁdei
1331 4882 1613 4938 veritatem
1630 4886 1843 4955 pr0prie

254 4962 451 5018 referri
493 4974 708 5033 potest,
757 4968 1040 5038 ﬁguratum
1092 4985 1215 5027 esse
1265 4987 1583 5044 cognoscas.
1636 4980 1841 5035 Morum

252 5056 547 5122 honestas,
577 5058 644 5113 ad
683 5060 1010 5131 diligendum
1058 5064 1231 5120 Deum
1270 5076 1324 5122 et
1356 5071 1684 5140 proximum,
1721 5075 1842 5131 ﬁdei

258 5146 461 5201 veritas
491 5149 556 5203 ad
601 5155 1034 5221 cognoscendum
1068 5156 1233 5212 Deum
1263 5167 1317 5214 et
1344 5163 1646 5230 proximum
1683 5170 1849 5235 perti-

261 5247 358 5293 net
390 5256 403 5292 :
436 5254 559 5310 spes
601 5253 780 5299 autem
810 5261 907 5301 sua
948 5250 1141 5319 cuique
1170 5252 1330 5307 estin
1363 5257 1691 5313 conscientia
1722 5275 1849 5330 pro-

259 5332 411 5402 pria,
440 5336 891 5401 quemadmodum
913 5356 971 5395 se
1011 5343 1174 5397 sentit
1209 5346 1276 5399 ad
1308 5347 1648 5405 dilectionem
1673 5353 1768 5409 Dei
1795 5362 1851 5410 et

262 5426 495 5495 proximi
539 5433 1005 5505 c0gnitionemque
1037 5439 1320 5505 proﬁcere.
1353 5442 1430 5497 De
1450 5444 1639 5513 quibus
1671 5448 1850 5503 omni-

258 5520 364 5573 bus
394 5521 567 5590 primo
600 5524 734 5579 libro
765 5527 966 5584 dictum
995 5538 1097 5585 est.
1146 5533 1254 5589 Sed
1303 5538 1557 5605 quoniam
1607 5543 1850 5610 proclive

258 5622 350 5669 est
382 5612 671 5669 humanum
702 5631 869 5686 genus
900 5635 1004 5674 non
1037 5638 1101 5677 ex
1149 5630 1439 5683 momentis
1468 5631 1634 5698 ipsius
1664 5635 1848 5691 libidi-

262 5706 353 5762 nis
378 5751 393 5775 ,
423 5709 519 5765 sed
544 5711 716 5778 potius
748 5728 857 5767 sum
882 5718 1284 5776 consuetudinis
1313 5726 1581 5783 :estimare
1611 5739 1850 5799 peccata,

266 5802 329 5854 fit
358 5803 695 5875 plerumque,
724 5816 780 5864 ut
818 5812 1046 5880 quisque
1087 5813 1359 5872 hominum
1402 5835 1464 5875 ea
1492 5829 1695 5877 tantum
1742 5826 1857 5880 cul-

265 5895 441 5966 panda
474 5899 781 5965 arbitretur,
815 5918 931 5974 qua:
956 5918 1067 5959 suae.
1088 5907 1361 5977 religionis
1394 5920 1445 5968 et
1473 5917 1730 5986 temporis
1764 5918 1859 5974 hoc

1936 3340 2023 3385 tur
2055 3347 2069 3383 :
2105 3338 2158 3383 et
2192 3329 2278 3383 hic
2307 3323 2565 3399 praecedit
2609 3332 2844 3399 utilitas,
2893 3333 3017 3401 quia
3064 3324 3225 3387 nemo
3266 3342 3444 3403 potest
3470 3348 3536 3389 ex

1933 3436 2000 3477 eo
2021 3421 2166 3492 quod
2198 3436 2307 3475 non
2331 3421 2494 3475 habet
2518 3422 2775 3490 prodesse
2796 3425 2969 3478 alteri.
2987 3424 3198 3490 Quanto
3220 3435 3400 3480 autem
3427 3441 3536 3481 ma-

1934 3512 2018 3581 gis
2064 3525 2291 3580 regnum
2322 3509 2633 3579 cupiditatis
2674 3511 2970 3567 destruitur
2996 3556 3012 3582 ,
3066 3523 3213 3569 tanto
3260 3514 3539 3572 charitatis

1937 3610 2180 3673 augetur.
2198 3600 2469 3672 Quidquid
2493 3617 2623 3673 ergo
2641 3618 2891 3674 asperum
2921 3614 2975 3660 et
2997 3606 3148 3675 quasi
3166 3621 3367 3661 saevum
3392 3608 3535 3664 facto

1938 3694 2193 3764 dictuque
2247 3695 2301 3749 in
2360 3697 2564 3751 sanctis
2616 3696 2910 3768 Seripturis
2956 3699 3143 3771 legitur
3193 3714 3259 3756 ex
3308 3716 3538 3771 persona

1938 3786 2034 3842 Dei
2064 3786 2149 3841 vel
2187 3796 2493 3845 sanctorum
2526 3788 2642 3859 ejus
2667 3830 2683 3858 ,
2715 3790 2785 3846 ad
2817 3792 3130 3863 cupiditatis
3159 3808 3383 3864 regnum
3414 3796 3540 3851 des-

1944 3880 2229 3935 truendum
2256 3881 2417 3938 valet.
2449 3882 2601 3951 Quod
2640 3885 2684 3940 si
2715 3887 2997 3956 perspicue
3028 3897 3203 3958 sonat,
3236 3905 3342 3945 non
3365 3898 3448 3946 est
3472 3890 3541 3946 ad

1942 3971 2089 4026 aliud
2118 3972 2462 4028 referendum
2485 3975 2637 4043 quasi
2669 3976 2897 4047 ﬁgurate
2925 3979 3125 4033 dictum
3151 3980 3243 4046 sit,
3276 3981 3433 4035 sicuti
3457 3991 3542 4036 est

1944 4061 2079 4117 illud
2118 4063 2406 4131 Apostoli:
2448 4065 2806 4120 Thesaurizas
2850 4068 2945 4122 tibi
2986 4069 3118 4123 iram
3146 4071 3199 4123 in
3251 4070 3338 4125 die
3369 4071 3459 4125 ira:
3490 4079 3544 4128 et

1946 4156 2295 4210 revelationis
2320 4155 2453 4225 justi
2496 4157 2682 4226 judicii
2716 4159 2848 4223 Dei,
2881 4161 2973 4229 qui
3017 4161 3209 4216 reddet
3257 4162 3545 4232 unicuique

1948 4246 2242 4301 secundum
2265 4261 2431 4316 opera
2460 4262 2553 4301 sna
2583 4266 2594 4301 :
2622 4249 2705 4303 his
2734 4250 2953 4318 quidem
2985 4252 3073 4321 qui
3103 4252 3400 4308 secundum
3424 4268 3545 4309 sus-

1950 4340 2228 4393 tinentiam
2260 4339 2385 4394 boni
2434 4341 2652 4409 operis,
2684 4342 2911 4413 gloriam
2941 4384 2955 4409 ,
2984 4351 3040 4398 et
3069 4345 3351 4411 honorem,
3380 4356 3436 4401 et
3462 4347 3545 4401 in-

1949 4434 2349 4501 corruptionem
2377 4445 2667 4504 quaerunt,
2700 4437 2863 4491 vitam
2897 4446 3151 4493 aaternam
3188 4456 3201 4493 :
3235 4439 3321 4495 his
3360 4453 3540 4497 autem

1950 4526 2038 4595 qui
2070 4542 2137 4582 ex
2160 4528 2508 4584 contentione
2536 4538 2682 4596 sunt,
2714 4538 2771 4585 et
2799 4530 3052 4586 difﬁdunt
3071 4533 3302 4600 veritati,
3322 4535 3547 4593 credunt

1889 4626 2130 4697 Bautem
2190 4619 2502 4691 iniquitati,
2556 4624 2656 4688 ira,
2687 4633 2741 4678 et
2789 4625 3106 4697 indignatio.
3156 4626 3455 4685 Tribulatio
3496 4639 3549 4687 et

1949 4716 2281 4787 angustiain
2310 4732 2529 4773 omnem
2552 4720 2816 4774 vanimam
2853 4721 3085 4777 hominis
3116 4726 3394 4791 cperantis
3429 4740 3545 4779 ma.

1950 4807 2057 4862 lum
2085 4850 2099 4873 ,
2135 4807 2307 4863 Judaei
2338 4807 2569 4877 primum
2597 4818 2651 4865 et
2680 4810 2872 4867 Graeci.
2904 4812 3008 4867 Sed
3047 4812 3148 4868 hoc
3182 4814 3247 4868 ad
3276 4829 3387 4879 eos,
3422 4830 3547 4871 cum
3626 4859 3631 4865 .

1950 4899 2145 4968 quibus
2177 4900 2438 4954 evertitur
2469 4900 2583 4969 ipsa
2615 4902 2882 4971 cupiditas
2918 4905 3007 4973 qui
3039 4921 3158 4960 eam
3210 4906 3426 4961 vincere
3454 4920 3547 4961 vo-

1952 4992 2183 5044 luerunt.
2229 4991 2362 5045 Cum
2396 5005 2571 5047 autem
2622 4994 2675 5048 in
2731 4996 2950 5051 homine
2995 4998 3083 5052 cui
3133 4997 3552 5054 dominabuntur

1952 5098 2113 5152 regna
2139 5084 2451 5153 cupiditatis
2466 5087 2873 5153 subvertuntur,
2902 5090 2989 5144 illa
3010 5098 3289 5158 estaperta
3319 5091 3550 5149 locutio:

1955 5175 2052 5241 Qui
2087 5185 2264 5230 autem
2295 5175 2423 5232 Jesu
2468 5176 2669 5235 Christi
2716 5192 2861 5248 sunt,
2894 5197 3110 5237 carnem
3157 5181 3355 5254 [suam]
3382 5186 3551 5239 cruei-

1957 5266 2195 5323 ﬁxerunt
2219 5284 2341 5324 cum
2383 5273 2722 5339 passionibus
2752 5273 2943 5345 [vitiis]
2974 5284 3028 5328 et
3066 5276 3551 5346 concupiscentiis;

1958 5360 2059 5416 nisi
2091 5364 2212 5432 quia
2244 5373 2301 5419 et
2330 5366 2417 5419 hic
2460 5367 2706 5435 quaedam
2753 5368 2915 5422 verba
2947 5368 3203 5425 translata
3233 5379 3551 5440 tractantur,

1958 5455 2119 5509 sicuti
2148 5466 2252 5521 est,
2308 5456 2387 5511 ira
2420 5457 2534 5523 Dei,
2590 5468 2663 5523 et,
2712 5458 3097 5515 cruciﬁxerunt
3128 5478 3143 5514 :
3175 5462 3272 5518 sed
3304 5478 3410 5517 non
3444 5473 3552 5519 tam

1960 5546 2130 5602 multa
2158 5558 2303 5613 sunt,
2346 5550 2429 5604 vel
2463 5550 2532 5603 ita
2568 5551 2737 5619 posita
2769 5560 2827 5605 ιιι
2855 5552 3114 5623 obtegant
3142 5570 3363 5611 sensum
3391 5568 3446 5613 et
3470 5560 3549 5614 al—

1958 5637 2215 5709 legoriam
2236 5641 2317 5696 vel
2346 5643 2572 5713 aenigma
2607 5643 2821 5711 faciant,
2853 5661 3013 5716 quam
3035 5649 3251 5720 proprie
3275 5650 3554 5723 ﬁguratam

1961 5732 2287 5789 locutionem
2322 5750 2477 5792 voco.
2530 5736 2682 5803 Quod
2734 5750 2914 5794 autem
2960 5741 3246 5799 Hieremiae
3288 5745 3487 5802 dicitur
3534 5764 3551 5805 :

1966 5829 2101 5885 Ecce
2129 5830 2386 5885 constitui
2439 5837 2491 5882 te
2534 5831 2693 5888 hodie
2724 5849 2889 5904 super
2916 5847 3103 5905 gentes
3143 5849 3194 5892 ct
3239 5854 3403 5909 regna
3435 5881 3450 5906 ,
3498 5850 3556 5897 ut

1966 5926 2185 5991 exellas,
2220 5933 2270 5980 et
2304 5924 2546 5982 destruas
2573 5965 2586 5991 ,
2637 5935 2691 5982 et
2717 5928 2998 5999 disperdas
3026 5972 3040 5999 ,
3067 5941 3117 5988 ct
3151 5933 3411 6005 dissipes;
3448 5948 3554 5991 non
