3986 6382
528 342 634 414 963

1593 348 1658 405 D.
1701 336 2026 405 EUGYPPII
2068 334 2361 405 ABBA'NS
2402 337 2727 404 AFRICANI
3720 343 3804 403 961

528 470 751 528 dubium
776 468 901 542 quin
955 468 1175 540 ﬁgurata
1207 464 1403 523 locutio
1431 470 1542 519 tota
1584 466 1654 519 sit
1692 464 1757 519 ad
1793 480 1916 519 eum
1951 464 2111 519 ﬁnem
2143 464 2197 527 Α
2220 463 2419 519 locutio
2445 470 2549 532 est,
2574 471 2665 517 aut
2692 460 2950 531 ﬂagitium
2974 465 3069 514 aut
3092 455 3299 515 facinus
3325 464 3540 524 vetans,
3568 470 3665 517 aut
3690 466 3812 519 utili-

528 565 810 622 telerenda
841 579 996 629 quem
1022 558 1273 617 diximus.
1308 562 1438 627 Quae
1461 567 1635 614 autem
1666 558 1815 626 quasi
1846 555 2109 626 ﬂagitiosa

528 659 792 728 ἰηιριιτίῑὶε
844 657 1126 721 videntur,
1160 667 1273 723 sive
1319 660 1526 706 tantum
1573 651 1736 720 dicta,
1788 649 1902 705 sive
1949 648 2110 704 etiam

528 753 670 810 facta
702 765 842 817 sunt,
876 751 957 807 vel
987 767 1055 805 ex
1088 749 1181 805 Dei
1206 763 1454 819 persona,
1487 747 1568 801 vel
1592 760 1656 801 ex
1688 745 1961 799 hominum
1984 757 2115 814 quo-

529 864 645 902 rum
681 845 835 901 nobis
864 844 1126 898 sanctitas
1144 839 1575 906 commendatur,
1592 847 1703 893 tota
1728 837 1945 908 ﬁgurata
1966 846 2111 904 sunt,

526 955 753 1011 quorum
770 937 833 992 ad
851 935 1132 992 charitatis
1154 945 1364 1005 pastum
1388 931 1718 988 enucleanda
1736 937 1942 985 secreta
1968 935 2110 983 sunt.

526 1033 779 1103 Quisquis
807 1043 986 1087 autem
1016 1030 1176 1085 rebus
1210 1026 1657 1095 praetereuntibus
1686 1024 1988 1082 reStrictius
2014 1023 2117 1079 uti—

524 1136 610 1183 tur
633 1143 791 1197 quam
816 1140 936 1181 sese
960 1123 1163 1179 habent
1185 1136 1363 1176 mores
1391 1137 1575 1176 eorum
1603 1134 1723 1174 cum
1752 1116 1945 1188 quibus
1966 1115 2111 1183 vivit,

521 1231 614 1281 aut
648 1233 954 1291 temperans
982 1228 1074 1275 aut
1120 1216 1530 1287 superstitiosus
1557 1222 1658 1269 est.
1712 1212 1965 1280 Quisquis
1989 1225 2118 1265 vero

522 1315 603 1371 sic
629 1315 708 1369 eis
730 1315 915 1379 utitur,
944 1316 1002 1366 ut
1033 1320 1202 1366 metas
1234 1304 1638 1363 consuetudinis
1681 1302 1946 1357 bonorum
1981 1302 2119 1355 inter

522 1422 659 1479 quos
690 1416 972 1473 versatur,
1006 1401 1256 1471 excedat,
1286 1410 1378 1455 aut
1421 1397 1625 1468 aliquid
1672 1394 1938 1467 signiﬁcat
1966 1434 1981 1461 ,
2028 1401 2118 1448 aut

524 1495 823 1569 ﬂagitiosus
866 1505 969 1552 est.
1021 1495 1079 1550 lu
1109 1494 1358 1548 omnibus
1402 1493 1545 1548 enim
1594 1490 1785 1546 talibus
1831 1502 1935 1543 non
1990 1499 2119 1542 usus

523 1603 729 1658 rerum,
760 1586 854 1643 sed
887 1584 1054 1642 libido
1084 1580 1335 1659 [utentis]
1378 1586 1429 1639 in
1470 1583 1625 1653 culpa
1656 1591 1758 1639 est.
1790 1580 1974 1651 Neque
2009 1579 2119 1634 ullo

524 1682 687 1739 modo
712 1684 992 1752 quisquam
1026 1678 1240 1734 sobrius
1271 1677 1562 1733 crediderit
1592 1675 1802 1730 Domini
1850 1672 2013 1746 pedes
2048 1673 2118 1727 ita

526 1786 802 1847 unguento
840 1775 1080 1846 pretioso
1137 1789 1167 1828 a
1214 1774 1440 1828 muliere
1471 1770 1744 1841 perfusos,
1778 1779 1835 1823 ut
1882 1766 2121 1823 luxurio-

2217 564 2379 615 tatem
2403 568 2493 615 aut
2516 558 2920 615 beneﬁcentiam
2955 555 3179 627 jubens,
3223 571 3328 610 non
3356 566 3441 611 est
3476 557 3739 628 ﬁgurata;
3769 562 3807 619 si

2215 662 2390 707 autem
2414 652 2670 722 ﬂagitium
2699 660 2791 706 aut
2816 650 3021 706 facinus
3050 649 3263 706 videtur
3282 648 3504 720 jubere,
3537 660 3637 705 aut
3678 653 3808 707 utili-

2216 750 2381 801 tatem
2435 757 2490 802 et
2542 743 2951 803 beneﬁcentiam
3007 756 3211 811 vetare,
3277 745 3511 816 ﬁgurata
3556 758 3665 803 est.
3710 748 3805 804 Nisi

2220 840 2696 907 mandueaveritis,
2724 841 2918 911 inquit,
2940 853 3161 896 cantem
3187 838 3302 894 Filii
3326 840 3599 901 hominis,
3622 850 3677 896 et
3704 856 3807 896 saa-

2219 936 2432 1003 guinem
2460 935 2727 1002 biberitis,
2757 950 2868 990 non
2906 934 3176 990 habebitis
3222 935 3386 989 vitam
3417 935 3472 989 in
3510 936 3692 990 vobis.
3722 936 3804 992 Fac

2223 1027 2377 1081 cinus
2403 1028 2487 1082 vel
2534 1026 2792 1097 ﬂagitium
2823 1027 3036 1082 videtur
3060 1028 3251 1095 jubere
3284 1044 3300 1082 :
3344 1026 3527 1097 ﬁgura
3568 1042 3694 1100 ergo
3715 1040 3798 1097 est,

2223 1120 2537 1190 prtecipiens
2566 1120 2869 1189 passionem
2896 1117 3183 1194 [passioni]
3232 1120 3446 1174 Domini
3506 1134 3636 1177 esse
3675 1135 3795 1177 eota-

2235 1211 2643 1280 municandum,
2688 1221 2746 1268 et
2774 1212 3012 1268 suaviter
3060 1223 3224 1282 atque
3272 1214 3483 1268 utiliter
3536 1214 3801 1270 reconden-

2223 1306 2351 1362 dum
2382 1307 2436 1361 in
2465 1309 2726 1363 memoria
2764 1307 2908 1377 quod
2938 1318 3036 1377 pro
3065 1307 3221 1362 nobis
3249 1321 3380 1362 caro
3408 1305 3464 1360 ei
3492 1306 3739 1362 cruciﬁxa
3758 1316 3801 1364 et

2225 1404 2506 1458 vulnerata
2539 1403 2632 1459 sit.
2684 1404 2772 1458 Ait
2814 1401 3142 1473 Scriptura:
3196 1400 3253 1457 Si
3288 1400 3561 1456 esuries-it
3585 1402 3796 1457 inimicas

2228 1503 2367 1564 tuus,
2401 1495 2517 1552 ciba
2546 1496 2731 1562 illum;
2764 1495 2807 1551 si
2838 1496 2972 1562 sitit,
3002 1502 3189 1565 potum
3226 1493 3297 1548 da
3340 1494 3421 1549 illi
3459 1512 3472 1547 :
3543 1494 3630 1548 hic
3674 1495 3790 1549 nullo

2226 1587 2503 1644 dubitante
2546 1588 2964 1644 beneficentiam
3016 1588 3290 1658 praecipit;
3339 1587 3443 1643 sed
3471 1588 3619 1656 quod
3656 1589 3795 1657 sequi-

2227 1689 2311 1736 tur
2342 1700 2355 1736 ε
2389 1681 2500 1738 Hoc
2526 1682 2673 1737 enim
2705 1681 2927 1750 faciens,
2969 1682 3234 1738 carbones
3264 1682 3408 1751 ignis
3434 1696 3695 1753 congem
3716 1697 3793 1737 sn-

2228 1788 2322 1844 per
2348 1784 2510 1846 caput
2553 1776 2693 1846 ejus,
2744 1776 3136 1833 malevolentia:
3164 1777 3375 1833 facinus
3429 1788 3591 1849 putes
3622 1779 3784 1849 juberi.

525 1884 708 1927 eorum
758 1880 811 1925 et
843 1883 1071 1938 nequam
1114 1864 1397 1921 hominum
1449 1866 1663 1930 solent,
1722 1876 1950 1934 quorum
1998 1862 2123 1915 talia
2154 1866 2203 1931 Β
2229 1866 2306 1922 Ne
2341 1868 2503 1939 igitur
2524 1868 2853 1925 dubitaveris
2884 1869 3109 1939 ﬁgurate
3152 1869 3377 1937 dictum,
3412 1879 3474 1926 et
3518 1885 3633 1926 cum
3659 1874 3787 1941 possit

524 1962 768 2019 convivia
801 1960 1135 2016 detestamur
1164 1973 1183 2013 ι
1215 1959 1350 2014 odor
1381 1957 1522 2013 enim
1572 1958 1747 2011 bonus
1781 1956 1921 2010 fama
1979 1954 2118 2010 bona

523 2064 626 2123 est,
680 2070 838 2126 quam
893 2054 1117 2123 quisque
1166 2052 1320 2108 bona:
1349 2050 1473 2105 vita:
1526 2050 1780 2119 Operibus
1830 2047 2119 2116 habuerit,

523 2150 651 2208 dum
678 2149 898 2219 vestigia
926 2131 1424 2217 Christisequitur,
1458 2145 1609 2216 quasi
1645 2142 1819 2213 pedes
1856 2142 1979 2213 ejus
2004 2157 2123 2212 pre-

527 2244 824 2300 tiosissimo
854 2243 1023 2297 odore
1057 2238 1352 2311 perfundit.
1387 2240 1460 2295 Ita
1485 2234 1629 2310 quod
1654 2239 1706 2292 in
1735 2237 1857 2291 aliis
1878 2237 2121 2307 personis

524 2334 840 2407 plerumque
861 2333 1123 2405 ﬂagitium
1144 2342 1247 2397 est,
1266 2334 1317 2387 iu
1346 2331 1523 2387 divina
1544 2333 1629 2387 vel
1656 2331 1969 2402 prophetica
1999 2346 2123 2401 per-

523 2442 694 2496 sona,
749 2442 955 2498 magna:
996 2423 1274 2497 cujusdam
1324 2426 1401 2480 rei
1446 2425 1655 2495 signum
1704 2433 1807 2478 est.
1867 2422 1981 2479 Alia
2038 2432 2124 2479 est

530 2520 730 2590 quippe
759 2520 811 2574 in
856 2518 1078 2590 perditis
1114 2516 1353 2573 moribus
1373 2560 1389 2585 ,
1423 2518 1523 2572 alia
1571 2520 1622 2572 in
1653 2517 1809 2571 Osem
1840 2516 2121 2587 propheta:

523 2613 906 2669 vaticinatione
935 2611 1245 2681 coniunctio
1278 2611 1577 2667 meretricis
1609 2627 1621 2663 :
1658 2626 1756 2665 nec
1788 2611 1829 2663 si
1859 2608 2123 2679 ﬂagitiose

523 2704 579 2760 in
606 2704 869 2761 conviviis
918 2706 1336 2761 temulentorum
1373 2715 1426 2759 et
1474 2704 1800 2758 lascivtirum
1850 2702 2123 2758 nudantur

525 2810 771 2868 corpora,
804 2807 1091 2869 propterea
1134 2797 1188 2851 in
1222 2795 1415 2850 balneo
1456 2795 1661 2851 nudum
1691 2810 1811 2851 esse
1854 2795 2120 2866 ﬂagitium

526 2894 630 2947 δεῖ.

522 2901 630 2948 ’δι’
1027 2961 1260 3018 eaeor
1320 2959 1623 3017 CCLxxv.

528 3072 608 3133 De
636 3079 884 3132 sententia
917 3078 1171 3149 generalis
1192 3077 1448 3147 justitiw:
1485 3076 1635 3143 Quod
1665 3076 1753 3128 tibi
1783 3076 1895 3149 ﬁeri
1921 3093 2021 3129 non
2048 3076 2121 3129 vis

597 3149 690 3202 alii
713 3166 775 3202 ne
798 3148 1126 3220 {aerumnae
1152 3150 1218 3201 ad
1243 3149 1456 3215 gemina:
1479 3149 1766 3200 dilectionis
1792 3148 1955 3202 relata
1974 3163 2122 3201 man-

593 3219 802 3287 datum,
823 3222 995 3274 omnia
1016 3220 1223 3290 flagitia
1249 3221 1587 3289 [acirwraque
1614 3219 1848 3286 depellit.

605 3335 877 3391 Varietate
929 3333 1403 3390 innumerabilium
1462 3332 1915 3387 consuetudinum
1968 3347 2119 3387 com-

533 3430 690 3494 moti,
714 3428 934 3498 quidam
966 3426 1298 3484 dormientes
1325 3470 1337 3491 ,
1372 3437 1426 3482 ut
1455 3427 1529 3481 ita
1556 3428 1728 3482 dicam
1754 3472 1768 3497 ,
1819 3427 1908 3496 qui
1951 3441 2123 3497 neque

524 3520 643 3576 alto
686 3534 881 3576 somno
910 3520 1153 3577 stultitiae
1201 3521 1572 3591 sopiebantur,
1606 3534 1704 3575 nec
1752 3520 1803 3574 in
1846 3521 2123 3590 sapientia:

530 3614 710 3670 lucem
768 3622 1020 3685 poterant
1066 3614 1343 3685 evigilare,
1393 3622 1712 3683 putaverunt
1752 3614 1950 3668 nullam
2004 3629 2125 3671 esse

536 3706 794 3775 justitiam
823 3718 922 3776 per
946 3709 1208 3775 seipsam,
1232 3708 1324 3762 sed
1353 3708 1641 3776 unicuique
1672 3708 1815 3777 genti
1838 3720 2126 3764 consuetu-

532 3796 714 3851 dinem
760 3809 917 3851 suam
965 3795 1165 3865 justam
1217 3794 1414 3852 videri.
1463 3797 1616 3869 [Qua
1646 3813 1767 3852 cum
1800 3798 1869 3853 sit
1914 3800 2124 3856 diversa

524 3889 779 3945 ornnibus
802 3890 1079 3960 gentibus,
1108 3892 1306 3946 debeat
1333 3902 1510 3947 autem
1539 3894 1991 3951 incommutabilis
2013 3911 2126 3951 rna-

529 3996 660 4039 nere
679 3974 925 4055 iustitia,
962 3983 1077 4038 ﬁeri
1111 3983 1462 4040 manifestum
1513 3986 1716 4042 nullam
1745 4004 1973 4058 usquam
2006 4003 2126 4047 esse

526 4071 839 4148 justitiam].
874 4075 991 4131 Non
1042 4077 1450 4147 intellexerunt,
1486 4095 1555 4136 ne
1594 4080 1761 4135 multa
1794 4097 2125 4137 commemo-

522 4179 663 4233 rem,
704 4166 850 4238 quod
893 4168 984 4223 tibi
1011 4168 1125 4224 ﬁeri
1154 4184 1261 4225 non
1286 4170 1367 4224 vis
1394 4215 1409 4241 ,
1463 4171 1553 4226 alii
1598 4188 1666 4228 ne
1710 4172 1934 4237 feceris,
1980 4176 2125 4229 nullo

528 4258 692 4312 modo
741 4273 904 4327 posse
932 4260 1045 4314 ulla
1082 4276 1269 4316 eorum
1302 4263 1505 4319 Gentili
1555 4264 1863 4321 diversitate
1902 4268 2122 4322 variari.

528 4350 659 4414 Quae
692 4354 962 4407 sententia
992 4369 1111 4407 cum
1136 4354 1369 4409 refertur
1388 4356 1454 4409 ad
1488 4356 1830 4414 dilectionem
1863 4359 1983 4426 Dei,
2013 4376 2126 4415 om-

526 4438 619 4494 nia
648 4440 844 4511 ﬂagitia
877 4446 1212 4513 moriuntur;
1243 4462 1364 4501 cum
1407 4449 1471 4501 ad
1517 4451 1767 4517 proximi,
1808 4452 1917 4525 54.
1946 4454 2124 4509 omnia

526 4533 790 4592 facinora.
847 4539 1018 4595 Nemo
1062 4543 1208 4594 enim
1259 4542 1380 4596 vult
1429 4544 1705 4612 corrumpi
1756 4544 2124 4602 habitaculum

2227 1960 2516 2030 dupliciter
2538 1961 2903 2031 interpretari,
2952 1976 3062 2016 uno
3100 1962 3265 2016 modo
3294 1962 3362 2016 ad
3395 1963 3789 2029 mendum,“-

2228 2062 2345 2109 tero
2373 2054 2438 2108 ad
2471 2054 2857 2124 praestandum,
2894 2054 2961 2108 ad
2982 2054 3399 2109 beneficentiam
3430 2064 3482 2109 te
3499 2057 3666 2125 potius
3688 2055 3790 2108 cita-

2232 2147 2364 2201 ritas
2414 2156 2675 2213 revocet,
2734 2156 2794 2202 ut
2864 2147 3132 2218 intelligas
3178 2149 3444 2203 carbones
3502 2149 3633 2219 ignis
3680 2163 3787 2204 esse

2226 2250 2448 2295 urentes
2496 2240 2830 2310 paenitentiae
2857 2241 3111 2311 gemitus,
3150 2242 3351 2310 quibus
3376 2243 3610 2310 superbia
3637 2255 3785 2296 sana-

2226 2341 2314 2387 tur
2338 2336 2458 2401 ejus
2485 2334 2577 2404 qui
2605 2333 2755 2389 dolet
2778 2349 2839 2390 se
2880 2335 3157 2389 inimicum
3190 2333 3349 2389 fuisse
3380 2335 3608 2389 hominis
3631 2348 3659 2387 a
3682 2348 3785 2404 quo

2225 2426 2343 2494 ejus
2374 2427 2611 2481 miseriae
2662 2428 3000 2483 subvenitur.
3037 2426 3168 2482 item
3216 2441 3341 2482 cum
3380 2426 3459 2481 ait
3500 2427 3787 2481 Dominus:

2225 2516 2327 2583 Qui
2353 2526 2498 2571 amat
2522 2517 2758 2572 animam
2787 2504 2965 2582 suam,
2995 2517 3183 2587 perdet
3210 2532 3371 2583 eam;
3402 2533 3513 2572 non
3536 2518 3785 2571 utilitatem

2228 2618 2411 2665 vetare
2452 2611 2722 2679 putandus
2743 2620 2851 2677 est,
2882 2623 2991 2679 qua
3021 2609 3187 2665 debet
3231 2609 3465 2680 quisque
3509 2620 3782 2663 conservare

2226 2703 2461 2757 animam
2487 2718 2663 2769 suam,
2692 2704 2787 2760 sed
2820 2703 3048 2774 ﬁgurate
3088 2703 3318 2768 dictum,
3352 2703 3545 2773 perdet
3573 2703 3776 2765 animata,

2225 2792 2279 2848 id
2320 2804 2406 2849 est
2438 2795 2671 2864 perimat
2719 2802 2884 2866 atque
2930 2796 3143 2850 amittat
3168 2810 3330 2851 usum
3360 2795 3486 2865 ejus
3514 2806 3769 2865 quemnam

2224 2887 2413 2953 habet,
2465 2903 2777 2960 perversum
2818 2889 3027 2945 scilicet
3078 2899 3239 2960 atque
3277 2898 3761 2959 prmiumquo

2223 2983 2519 3039 inclinatur
2592 2984 3007 3054 temporalibus,
3065 2992 3122 3038 ut
3178 2993 3385 3039 eterna
3452 2999 3559 3038 non
3597 2988 3765 3051 quam.

2224 3076 2499 3146 Scriptum
2528 3086 2614 3133 est
2648 3094 2663 3131 :
2694 3078 2767 3132 Da
2810 3077 3180 3145 misericordi,
3220 3084 3282 3132 et
3313 3091 3387 3132 ne
3414 3076 3774 3145 suscipiaspto

2226 3181 2465 3227 eatorem
2491 3188 2506 3238 ;
2531 3174 2802 3242 posterior
2832 3185 2955 3242 pars
2991 3171 3148 3241 hujus
3175 3173 3474 3227 sententiae
3501 3171 3763 3225 videturse-

2144 3267 2195 3334 ο
2226 3273 2343 3320 tare
2372 3266 2832 3330 beneﬁcentiam;
2863 3265 2940 3320 ait
2982 3265 3126 3321 enim
3159 3283 3173 3318 :
3224 3264 3304 3320 Ne
3349 3266 3616 3331 suscipias
3638 3273 3770 3335 petu-

2226 3366 2434 3424 torem;
2482 3358 2755 3428 intelligas
2794 3372 2928 3428 ergo
2974 3368 3308 3427 peccatorem
3340 3358 3577 3428 ﬁgurate
3599 3359 3776 3428 positu

2226 3466 2328 3521 pro
2348 3462 2598 3523 peccato,
2632 3460 2691 3507 ut
2710 3460 2993 3522 peccatum
3025 3451 3141 3521 ejus
3168 3466 3275 3506 non
3306 3452 3596 3522 suscipias.

2712 3562 2945 3618 CAPUT
2984 3560 3345 3619 CCLXXVH.

2233 3653 2389 3721 Quod
2418 3655 2550 3709 scire
2597 3654 2871 3710 debeamus
2905 3657 2958 3707 in
3001 3656 3438 3709 obseruationibus
3483 3653 3794 3726 intelligends

2303 3742 2418 3779 rum
2466 3726 2862 3795 Scripturqu
2914 3730 3021 3783 alia
3075 3728 3412 3781 consumsit"
3451 3725 3672 3795 praeripi,
3708 3725 3797 3777 alia

2300 3798 2520 3879 singulis
2544 3799 2830 3879 quibusque
2866 3800 3136 3879 generibus
3178 3809 3607 3879 perseuerarunt“
3634 3806 3707 3849 est
3732 3797 3793 3848 il-

2301 3854 2436 3922 ludv:
2483 3854 2647 3923 Trude
2672 3854 2940 3938 [illamfet
2971 3854 3193 3936 similqu
3224 3887 3289 3925 ex
3308 3873 3467 3925 eodem
3494 3854 3641 3921 libro.

2305 3961 2461 4030 Sazpe
2496 3973 2672 4017 autem
2707 3965 2899 4019 accidit
2924 3975 2985 4019 ut
3027 3965 3274 4035 quisquis
3318 3966 3373 4019 in
3408 3963 3623 4018 meliore
3650 3959 3801 4032 gradu

2230 4053 2495 4123 spiritalis
2513 4054 2635 4109 vita:
2658 4057 2742 4110 vel
2779 4065 2884 4123 est,
2904 4056 2988 4111 vel
3007 4072 3127 4112 esse
3154 4072 3214 4112 se
3244 4066 3413 4126 putat,
3438 4056 3657 4127 ﬁgurate
3682 4054 3801 4109 dicta

2232 4159 2351 4199 esse
2368 4145 2656 4200 arbitretur
2670 4162 2789 4216 quae
2805 4147 3147 4203 inferioribus
3161 4149 3416 4218 gradibus
3429 4149 3799 4218 przecipiuntur,

2224 4237 2473 4305 ut,verbi
2497 4239 2691 4307 gratia,
2724 4239 2768 4295 si
2804 4240 3044 4297 cmlibem
3066 4241 3355 4311 amplexus
3378 4252 3463 4297 est
3489 4243 3671 4307 vitam,
3698 4249 3802 4295 etse

2232 4332 2487 4386 castravit
2515 4343 2735 4403 propter
2760 4349 2985 4405 regnum
3011 4335 3574 4405 caloremququ
3588 4336 3653 4390 de
3666 4344 3799 4388 uxore

2224 4426 2503 4497 diligenda
2547 4436 2603 4481 et
2655 4429 2890 4499 tegenda
2924 4431 3101 4485 sancti
3145 4429 3269 4485 libri
3324 4430 3664 4500 praecipiunt,
3712 4439 3797 4480 non

2236 4521 2491 4589 proprie,
2566 4522 2659 4575 srd
2739 4523 2996 4578 translate
3059 4524 3228 4593 accipi
3291 4534 3555 4591 Oportere
3620 4530 3789 4577 conten-

524 4641 687 4683 wum
713 4666 728 4695 ἱ
779 4646 883 4685 non
946 4648 1079 4702 ergo
1131 4634 1295 4688 debet
1350 4610 1702 4705 σοπυῐηρθπζε
1760 4610 2325 4707 habimcummodat
2360 4628 2373 4665 :
2404 4623 2459 4666 et
2492 4613 2746 4681 quisq-uis
2779 4615 2965 4669 statuit
2992 4628 3210 4670 servare
3251 4616 3540 4685 innuptam
3587 4614 3797 4683 virginem

533 4721 908 4789 Dei,seipsnm
956 4726 1191 4792 scilicet;
1226 4736 1281 4783 et
1312 4742 1470 4781 nemo
1503 4729 1621 4784 vitlt
1650 4730 1753 4786 sibi
1784 4746 1813 4785 a
1856 4748 2125 4802 quoquam

524 4815 751 4881 noceri,
787 4832 884 4871 nec
913 4818 1027 4885 ipse
1056 4820 1216 4890 igitur
1246 4821 1499 4891 cuiquam
1526 4824 1804 4878 nocuerit:
1831 4826 1908 4878 sic
1938 4840 2128 4881 eversa

528 4908 817 4977 tyrannide
850 4910 1181 4979 cupiditatis,
1211 4913 1449 4966 charitas
1468 4924 1681 4982 regnat,
1709 4915 2024 4984 justissimis
2052 4918 2129 4973 le-

526 5002 688 5071 gibus
707 5001 1015 5057 dilectionis
1038 5002 1133 5057 Dei
1164 5046 1177 5069 ,
1211 5017 1433 5073 prapter
1467 5007 1656 5075 Deum,
1688 5009 1771 5064 sui
1795 5018 1848 5064 et
1875 5010 2124 5080 proximi,

528 5103 754 5165 propter
773 5094 973 5153 Deum.

1032 5166 1263 5225 CAPUT
1301 5167 1537 5225 CCLXX
1551 5170 1634 5226 Vl.

539 5277 665 5336 Item
708 5280 770 5335 de
790 5282 1033 5353 figuratis
1065 5282 1408 5338 locationibus
1454 5300 1558 5339 non
1602 5286 1894 5351 intellectis,
1940 5288 2123 5342 taudiu

606 5355 888 5429 versanda,
934 5357 1170 5425 quandiu
1200 5356 1267 5411 ad
1307 5368 1524 5427 regnum
1564 5356 1827 5413 charitatis
1866 5361 2129 5429 interpre-

608 5426 733 5481 tatio
764 5426 1095 5495 perducatur.

610 5541 927 5600 Servabitor
976 5560 1107 5613 ergo
1136 5545 1190 5602 in
1242 5546 1606 5603 locationibus
1656 5548 1896 5618 ﬁguratis
1944 5550 2130 5621 regula

470 5608 479 5620 \
537 5635 869 5705 hujusmodi,
896 5638 1174 5695 ntiandiu
1220 5650 1486 5709 versetur,
1524 5608 1769 5711 diligenti
1816 5608 2131 5699 considera-

539 5728 685 5783 tione
713 5728 855 5798 quod
886 5728 1101 5799 legitur,
1145 5733 1318 5789 donec
1347 5733 1413 5789 ad
1463 5747 1690 5804 regnum
1720 5734 1999 5791 charitatis
2050 5737 2133 5791 in-

541 5822 855 5887 terpretatio
900 5822 1221 5891 perducatur
1252 5825 1337 5880 :si
1380 5836 1559 5882 autem
1609 5829 1711 5884 hoc
1756 5828 1865 5899 jam
1912 5832 2131 5900 proprie

532 5918 718 5979 sonat,
761 5912 901 5969 nulla
943 5923 1158 5986 putetur
1187 5916 1409 5987 ﬁgurata
1442 5919 1663 5976 locutio.
1698 5919 1756 5978 Si
1805 5922 2130 5993 praeceptiva

2237 4723 2411 4773 suam,
2430 4719 2678 4779 tanquam
2712 4710 2991 4779 ﬁguratam
3014 4710 3367 4774 iocutionem,
3394 4712 3713 4768 sententiam
3736 4720 3804 4760 co-

2239 4811 2394 4855 netur
2416 4803 2758 4871 interpretari
2786 4819 2890 4874 qua
2930 4804 3133 4858 dictum
3177 4812 3262 4858 est
3292 4819 3305 4857 :
3344 4802 3535 4858 Trade
3564 4804 3744 4865 ﬁham,
3770 4806 3809 4853 et

2235 4892 2437 4960 grande
2462 4907 2595 4961 opus
2621 4894 2932 4962 perfeceris.
2967 4876 3079 4947 Erit
3108 4894 3269 4962 igitur
3301 4893 3467 4948 etiam
3513 4895 3617 4950 hoc
3660 4896 3709 4947 in
3734 4889 3809 4944 ob-

2238 4986 2635 5039 servationibus
2661 4986 3127 5056 intelligendarum
3157 4987 3596 5057 Scripturarum,
3616 4997 3676 5042 ut
3705 4986 3814 5040 scia-

2232 5092 2359 5133 mus
2388 5078 2489 5132 alia
2521 5081 2770 5134 omnibus
2796 5082 3155 5135 communiter
3183 5080 3423 5150 praecipi,
3461 5083 3575 5136 alia
3623 5077 3813 5149 singulis

2238 5174 2541 5243 quibusque
2565 5176 2850 5244 generibus
2883 5190 3269 5246 personarum:
3314 5186 3373 5231 ut
3414 5193 3529 5232 non
3575 5178 3741 5233 solum
3767 5169 3817 5226 ad

2237 5268 2552 5323 universum
2608 5278 2806 5324 statum
2842 5270 3191 5335 valetudinis,
3243 5270 3337 5327 sed
3371 5271 3542 5326 etiam
3583 5271 3652 5327 ad
3696 5279 3817 5323 suam

2240 5360 2501 5432 cujusque
2554 5364 2776 5419 membri
2828 5364 3099 5436 propriam
3145 5364 3526 5420 inﬁrmitatem
3581 5362 3821 5422 medicina

2241 5455 2536 5524 perveniat.
2569 5455 2623 5511 In
2666 5471 2765 5511 suo
2792 5458 2991 5530 quippe
3019 5474 3214 5530 genere
3241 5459 3551 5515 curandum
3584 5468 3671 5516 est
3699 5452 3821 5529 quod

2254 5547 2319 5602 ad
2350 5548 2541 5604 melius
2569 5563 2735 5620 genus
2761 5564 2867 5605 non
2892 5561 3069 5620 potest
3099 5552 3254 5621 erigi.

2710 5640 2940 5698 CAPUT
2982 5636 3347 5698 CCLXXVIII.

2239 5730 2390 5797 Quod
2416 5749 2521 5786 una
2544 5733 2818 5804 eademque
2868 5750 2947 5788 res
2970 5751 3059 5805 per
3082 5734 3471 5789 similitudinem
3499 5744 3553 5789 et
3575 5737 3634 5790 in
3668 5735 3828 5789 bonum

2311 5815 2503 5869 partem
2525 5806 2681 5877 possit
2710 5806 2875 5875 accipi
2903 5815 2951 5861 et
2976 5807 3028 5861 in
3056 5810 3277 5873 malum;
3307 5822 3371 5863 ex
3405 5806 3542 5863 libro
3572 5809 3772 5863 eodem.

2313 5923 2417 5982 Sed
2446 5924 2702 5996 quoniam
2744 5924 2943 5999 multis
2965 5925 3139 5984 modis
3170 5940 3258 5983 res
3289 5924 3500 5985 similes
3541 5932 3824 5999 apparent,
