3986 6382
188 392 275 457 965

1301 378 1737 447 THESAURUS.
1777 378 1931 442 CAP.
1973 378 2273 446 CCLXXX.

3324 380 3429 446 986

187 528 277 571 non
296 522 529 583 putemus
568 524 686 566 esse
729 509 1099 581 praescriptum
1146 514 1226 575 ut,
1278 505 1419 576 quod
1451 504 1506 560 in
1553 502 1733 572 aliquo
1762 499 1996 561 Aeliam
2023 504 2187 560 lorica
2212 503 2356 559 dicta
2388 502 2458 558 sit
2498 496 2620 557 ﬁdei
2664 518 2675 554 :
2708 490 2905 568 induti,
2948 492 3147 572 inquit,
3202 498 3429 558 loricam

187 606 285 664 loco
302 623 377 662 res
407 604 584 675 aliqua
614 621 706 673 per
731 587 1584 673 similitudinemosignilicaverit,
1633 598 1736 653 hoc

186 714 285 755 eam
309 713 512 767 semper
536 697 838 769 signiﬁcare
860 698 1142 753 credamus
1174 712 1189 751 :
1222 711 1343 751 nam
1362 706 1416 751 et
1448 693 1737 767 inqvitupe-

184 791 361 847 ratione
413 790 588 858 posuit
640 790 964 846 fermentum
998 789 1279 857 Dominus,
1311 800 1433 845 eum
1487 786 1735 843 diceret:

181 881 352 938 Cavete
385 899 411 935 a
457 884 720 938 fermento
768 882 1197 949 Pharisaeorum;
1229 891 1285 938 et
1330 881 1380 937 in
1423 881 1579 935 laude
1618 892 1739 934 cum

182 974 355 1031 diceret
389 995 403 1030 :
435 975 619 1031 Snnile
670 988 750 1032 est
796 992 1018 1046 regnum
1066 978 1327 1034 cmlorum
1359 973 1575 1031 mulieri
1621 986 1742 1043 qum

179 1066 431 1125 abscondit
460 1070 781 1126 fermentum
812 1071 865 1126 in
895 1071 1069 1127 tribus
1094 1069 1359 1126 mensuris
1393 1067 1604 1133 farinae,
1641 1065 1739 1118 do.

180 1178 269 1218 nec
289 1173 442 1218 totum
474 1165 906 1221 fermentaretur.
942 1165 1111 1236 Hujus
1145 1166 1304 1235 igitur
1335 1161 1615 1218 varietatis
1645 1160 1741 1215 ob-

179 1258 388 1310 servatio
432 1258 564 1312 duas
614 1260 774 1314 habet
821 1259 1065 1314 formas:
1108 1258 1186 1313 sic
1224 1256 1369 1314 enim
1400 1256 1544 1312 aliud
1584 1263 1745 1323 atque

178 1349 305 1403 aliud
334 1366 419 1404 res
445 1367 671 1420 qumque
701 1352 1028 1421 signiﬁcant,
1066 1361 1121 1407 ut
1172 1361 1265 1407 aut
1316 1348 1607 1414 contraria,
1655 1354 1747 1400 aut

181 1442 527 1497 tantummodo
557 1443 770 1498 diversa
810 1442 1115 1515 signiﬁcent
1145 1461 1160 1499 :
1195 1443 1465 1499 contraria
1512 1440 1744 1506 scilicet,

179 1547 288 1587 cum
310 1534 438 1589 alias
470 1537 522 1589 in
555 1534 714 1601 bono,
749 1537 881 1592 alias
924 1540 977 1592 in
1008 1537 1150 1593 ntalo
1180 1552 1267 1593 res
1297 1537 1489 1592 eadem
1538 1551 1630 1605 per
1675 1534 1749 1588 si-

181 1626 518 1685 militudinem
552 1632 790 1699 ponitur,
821 1632 957 1687 sicut
988 1632 1089 1687 hoc
1115 1641 1199 1688 est
1227 1631 1369 1703 quod
1393 1633 1459 1688 de
1480 1630 1748 1688 fermento

178 1735 324 1789 supra
350 1723 602 1780 diximus.
633 1724 761 1782 Tale
813 1736 896 1783 est
942 1728 1106 1783 etiam
1149 1729 1291 1799 quod
1346 1730 1429 1785 leo
1484 1728 1751 1798 signiﬁcat

178 1812 432 1871 Christum
487 1818 577 1872 ubi
621 1819 815 1874 dicitur
845 1836 860 1875 :
893 1818 1032 1875 Vicit
1080 1820 1164 1875 leo
1204 1820 1271 1875 de
1303 1820 1443 1874 tribu
1475 1819 1642 1884 Juda;
1676 1818 1750 1871 si-

1840 593 2032 651 ﬁdeiet
2052 595 2343 653 charitatis.
2374 592 2599 665 Quando
2628 606 2806 649 autem
2824 608 2890 649 ex
2916 594 3119 649 eisdem
3139 592 3430 664 Scriptura:

1841 689 2041 755 verbis,
2072 705 2178 745 non
2212 690 2316 763 55
2345 705 2507 745 unum
2522 687 2745 759 aliquid,
2773 684 2866 745 sed
2902 688 3004 743 duo
3026 686 3110 742 vel
3138 682 3288 758 plura
3303 700 3427 742 sen-

1842 784 2071 850 tiuntur,
2107 783 2265 838 etiam
2294 784 2338 839 si
2374 783 2503 839 latet
2525 778 2652 853 quid
2684 781 2918 837 senserit
2951 781 3042 836 ille
3062 778 3152 852 qui
3197 776 3433 849 scripsit,

1842 878 1976 935 nihil
1999 871 2406 948 periclitandqu
2425 887 2529 945 est,
2558 878 2600 932 si
2619 874 2894 948 quodlibet
2928 891 3113 931 eorum
3132 884 3433 947 congruere

1844 970 2057 1027 veritati
2088 986 2152 1026 ex
2183 968 2306 1025 aliis
2325 969 2455 1025 locis
2487 967 3220 1039 sanctarum,Scripturarum
3251 965 3438 1024 doceri

1846 1074 2039 1138 potest.
2062 1064 2113 1119 ω
2132 1074 2307 1120 tamen
2335 1079 2399 1119 eo
2425 1074 2653 1120 conante
2682 1063 2774 1134 qui
2806 1064 2991 1118 divina
3018 1072 3290 1118 scrutatur
3322 1063 3442 1117 clo-

1847 1160 1995 1231 quia,
2013 1168 2070 1214 ut
2090 1158 2155 1215 ad
2180 1160 2506 1213 voluntatem
2533 1159 2879 1228 perveniatur
2901 1155 3137 1213 auctoris
3162 1173 3257 1226 per
3272 1171 3431 1227 quem

1848 1255 2179 1324 Scripturam
2213 1253 2353 1308 illam
2386 1263 2603 1308 sanctus
2633 1262 2883 1321 operatus
2912 1262 2997 1309 est
3024 1251 3289 1322 Spiritus;
3320 1253 3441 1308 sive

1850 1348 1953 1403 hoc
1981 1356 2317 1416 aSseqnatur,
2352 1346 2463 1401 sive
2491 1347 2649 1401 aliam
2682 1347 3004 1403 sententiam
3028 1344 3097 1403 de
3127 1346 3233 1403 illis
3257 1347 3439 1403 verbis

1849 1457 1969 1511 quae
2012 1439 2132 1495 ﬁdei
2158 1451 2303 1495 recte
2326 1455 2431 1494 non
2446 1434 2768 1510 refragatur,
2786 1441 3054 1509 cxculpat,
3072 1440 3438 1495 testimonium

1852 1535 2054 1591 habens
2083 1552 2113 1590 a
2136 1550 2454 1605 quocunque
2474 1536 2579 1590 alio
2610 1535 2727 1588 loco
2753 1535 3052 1591 divinorum
3076 1536 3433 1607 eloquiorum.

1854 1627 1950 1684 Ille
1996 1628 2192 1698 quippe
2235 1637 2444 1692 auctor,
2496 1628 2548 1681 in
2600 1626 2806 1683 eisdem
2852 1629 3031 1683 verbis
3079 1645 3197 1700 quae
3248 1629 3449 1685 intelli-

1853 1735 1981 1791 gere
2006 1721 2279 1786 volumus,
2312 1728 2367 1775 et
2390 1720 2557 1789 ipsam
2603 1720 2922 1775 sententiam
2953 1720 3177 1777 forsitan
3205 1722 3363 1790 vidit,
3394 1730 3451 1778 et

1855 1821 2002 1869 certe
2034 1813 2127 1869 Dei
2152 1814 2405 1885 Spiritus,
2447 1815 2537 1883 qui
2571 1829 2665 1882 per
2692 1830 2815 1869 eum
2830 1824 3080 1884 Operatus
3095 1827 3264 1883 est,et
3280 1822 3446 1875 etiam

178 1908 378 1979 gniﬁcat
404 1911 694 1978 diabolum,
722 1914 813 1968 ubi
835 1916 1093 1985 scriptum
1120 1923 1204 1970 est
1234 1933 1245 1970 ;
1272 1914 1626 1971 Adversarius
1654 1930 1747 1970 ve-
1777 1880 1826 1945 Β
1854 1906 2021 1977 ipsam
2037 1922 2381 1963 occursuram
2407 1907 2594 1963 lectori
2612 1908 2695 1963 vel
2713 1908 2943 1977 auditori
2970 1914 3085 1965 sine
3106 1909 3446 1967 dubitatione

175 2012 279 2057 ster
303 2003 564 2070 diabolus,
600 2014 849 2076 tanquam
884 2008 968 2061 leo
994 2007 1215 2077 rugiens
1247 2008 1461 2074 circuit,
1497 2020 1749 2077 quaerens

174 2110 322 2164 quem
351 2098 589 2153 devoret.
622 2098 945 2173 ltarserpens
968 2100 1021 2155 in
1050 2101 1192 2155 bono
1222 2111 1306 2157 est
1338 2118 1351 2155 :
1390 2102 1573 2156 Estote
1588 2100 1751 2156 astuti

173 2199 231 2245 ut
258 2203 556 2260 serpentes;
597 2195 648 2249 in
676 2194 819 2250 malo
857 2205 1075 2251 autem:
1111 2196 1351 2264 Serpens
1395 2197 1558 2250 Evam
1588 2196 1750 2251 sedu-

172 2282 248 2336 xit
273 2284 323 2336 in
348 2287 544 2340 astutia
576 2300 691 2341 sua.
730 2288 782 2342 In
816 2288 956 2343 bono
981 2290 1134 2359 panis
1167 2306 1182 2344 :
1209 2289 1320 2360 Ego
1350 2305 1467 2345 sum
1501 2291 1654 2359 panis
1677 2290 1753 2343 vi-

172 2387 286 2438 vus,
321 2376 410 2444 qui
438 2377 505 2430 de
534 2379 672 2434 cmlo
699 2379 984 2447 descendi;
1020 2380 1072 2435 in
1126 2381 1267 2437 malo
1295 2379 1522 2453 [autem]
1556 2383 1708 2449 panis
1738 2399 1753 2438 :

174 2464 342 2521 Panes
387 2471 626 2524 occultos
671 2472 903 2527 libenter
950 2472 1117 2529 edite.
1153 2475 1243 2530 Sic
1266 2484 1321 2531 et
1352 2476 1458 2529 alia
1503 2476 1757 2545 plurima,

171 2566 221 2615 et
250 2560 361 2616 haec
390 2564 604 2633 quidem
635 2581 755 2635 qua:
783 2568 1203 2623 commemoravi
1260 2570 1485 2625 minime
1538 2570 1757 2627 dubiam

170 2652 612 2720 signiﬁcationem
642 2668 855 2727 gerunt,
903 2662 1022 2731 quia
1062 2663 1291 2733 exempli
1321 2664 1491 2734 gratia
1527 2675 1762 2723 comme‘

167 2746 361 2800 morari
383 2763 487 2802 non
512 2750 610 2805 nisi
639 2753 913 2808 manifesta
936 2755 1254 2811 debuerunt.
1282 2758 1416 2813 Sunt
1434 2766 1612 2815 autem
1642 2777 1761 2830 qua:

165 2835 424 2895 incertum
452 2842 523 2896 sit
552 2842 605 2898 in
628 2860 786 2913 quam
816 2858 1020 2915 partem
1068 2850 1238 2915 accipi
1284 2852 1537 2917 debeant,
1572 2855 1713 2909 sicut
1744 2872 1757 2907 :

165 2927 319 2986 Calix
350 2931 403 2986 in
439 2948 597 2989 manu
640 2936 847 2992 Domini
878 2939 983 2993 vini
1030 2943 1164 2996 meri
1213 2942 1406 3012 plenus
1444 2955 1528 3001 est
1571 2948 1759 3002 mixto.

166 3021 433 3079 Incertum
462 3035 544 3082 est
572 3028 713 3084 enim
741 3043 915 3086 utrum
948 3034 1082 3088 iram
1112 3034 1204 3090 Dei
1227 3036 1515 3106 signiﬁcet,
1542 3054 1648 3094 non
1666 3056 1761 3095 us-

168 3132 275 3187 que
304 3119 373 3174 ad
403 3122 745 3179 novissimam
797 3141 1031 3195 ptenam,
1065 3128 1117 3183 id
1147 3138 1229 3185 est
1277 3147 1444 3199 usque
1467 3134 1534 3187 ad
1564 3132 1759 3202 fecem,

164 3224 235 3265 an
262 3214 441 3281 potius
471 3216 695 3284 gratiam
746 3217 1145 3286 Scripturarum
1174 3236 1202 3275 a
1226 3221 1429 3278 Judasis
1475 3224 1542 3279 ad
1573 3236 1761 3294 gentes

165 3313 561 3376 transeuntem,
592 3310 716 3380 quia
753 3311 1028 3367 inclinavit
1058 3329 1123 3369 ex
1158 3315 1260 3373 hoc
1302 3317 1359 3373 in
1415 3318 1538 3389 hoc,
1584 3336 1761 3376 rema-

163 3400 422 3456 nentibus
447 3403 587 3471 apud
618 3403 834 3460 Judaaos
860 3406 1327 3465 observationibus
1356 3428 1490 3481 quas
1532 3416 1763 3472 carnali-

163 3502 253 3565 ter
288 3496 525 3566 sapiunt,
560 3497 683 3567 quia
716 3499 803 3553 fex
837 3500 956 3569 ejus
984 3516 1089 3556 non
1113 3513 1195 3558 est
1216 3505 1513 3563 exinanita.

671 3610 897 3668 CAPUT
938 3614 1266 3673 CCLXXIX.

162 3720 250 3777 De
273 3723 567 3798 rebusqmz
586 3739 697 3798 non
736 3725 791 3778 in
820 3728 1105 3798 contraria,
1132 3732 1223 3785 sed
1264 3739 1464 3786 tantum
1492 3734 1547 3789 in
1567 3733 1768 3791 diversa

315 3794 695 3865 signiﬁcation
735 3810 1029 3867 ponuntur,
1061 3794 1125 3855 ea:
1150 3804 1329 3859 eodem
1357 3805 1491 3861 libro
1539 3822 1618 3862 tu.

238 3908 384 3966 Cum
413 3926 544 3968 vero
574 3928 661 3970 res
678 3913 865 3979 eadem
893 3932 999 3972 non
1030 3917 1084 3975 in
1112 3923 1406 3990 contraria,
1444 3923 1538 3979 sed
1560 3932 1766 3982 tantum

162 4004 225 4057 in
260 4003 477 4059 diversa
508 4006 904 4075 signiﬁcatione
934 4012 1167 4079 ponitur,
1208 4013 1346 4069 illud
1375 4025 1457 4071 est
1498 4018 1551 4071 in
1582 4031 1769 4073 exem-

158 4096 327 4166 plum
351 4097 494 4166 quod
512 4106 706 4169 aquam
730 4110 787 4156 et
806 4102 1061 4172 populum
1082 4104 1369 4174 signiﬁcat,
1393 4108 1530 4163 sicut
1548 4108 1602 4164 in
1625 4110 1771 4179 Apo-

162 4188 386 4258 calypsi
413 4188 660 4259 legimus,
692 4198 746 4247 et
780 4192 1041 4263 Spiritum
1068 4206 1340 4264 sanctum,
1405 4200 1548 4256 unde
1576 4211 1660 4258 est
1704 4203 1772 4258 il-

165 4281 271 4336 Iud
307 4298 325 4337 :
354 4282 598 4340 Flumina
637 4299 788 4357 aqua:
827 4288 962 4342 vivae
996 4288 1165 4345 ﬁuent
1195 4291 1265 4348 de
1295 4302 1485 4350 ventre
1521 4295 1638 4365 ejus
1670 4313 1682 4349 :
1716 4305 1773 4352 et

158 4377 211 4431 si
258 4377 393 4447 quid
418 4380 561 4435 aliud
600 4392 758 4452 atque
788 4383 933 4438 aliud
963 4398 1062 4456 pro
1090 4385 1223 4443 locis
1250 4386 1303 4442 in
1333 4389 1526 4457 quibus
1555 4390 1773 4459 ponitur

156 4484 316 4541 aqua
345 4473 646 4544 signiﬁcare
670 4477 1023 4550 intelligitur:
1051 4482 1130 4538 sic
1157 4488 1213 4539 et
1244 4483 1365 4539 alite
1386 4498 1497 4554 res,
1525 4494 1635 4541 non
1662 4488 1773 4542 sin-

157 4562 341 4635 gulae,
373 4566 467 4621 sed
496 4582 831 4641 unaquaeque
871 4586 1081 4641 earum,
1119 4590 1226 4631 non
1252 4575 1425 4633 solum
1458 4577 1566 4634 duo
1593 4581 1769 4651 aliqua

1855 2000 2123 2068 praevidit,
2156 2000 2262 2054 imo
2286 2011 2341 2055 ut
2370 2008 2705 2065 occurreret,
2738 2001 2860 2070 quia
2890 2012 2943 2056 et
2973 2002 3082 2067 ipsa
3113 2011 3198 2058 est
3225 2003 3456 2059 veritate

1853 2092 2101 2158 subnixa,
2154 2093 2401 2162 providit.
2437 2092 2569 2148 Nam
2614 2092 2740 2163 quid
2771 2093 2823 2146 in
2853 2093 3047 2149 divinis
3090 2094 3318 2165 eloquiis
3347 2096 3457 2150 lar-

1855 2187 1972 2256 gius
2000 2196 2055 2241 et
2095 2186 2309 2241 uberius
2340 2186 2511 2254 potuit
2547 2186 2803 2240 divinitus
2835 2186 3125 2253 provideri,
3178 2202 3336 2256 quam
3392 2194 3455 2244 ut

1856 2280 2045 2333 eadem
2071 2280 2231 2331 verba
2264 2277 2508 2346 pluribus
2538 2275 2905 2344 intelligantur
2930 2276 3126 2344 modis,
3166 2292 3303 2346 quos
3344 2278 3454 2333 alia

1862 2384 1971 2425 non
2031 2370 2210 2423 minus
2260 2370 2443 2424 divina
2495 2369 2851 2423 contestantia
2900 2368 3098 2424 faciant
3140 2367 3461 2439 approbari?

1865 2461 1967 2517 Ubi
1990 2471 2169 2515 autem
2205 2460 2328 2515 talis
2368 2475 2560 2515 sensus
2583 2463 2788 2515 eruitur
2826 2462 2981 2529 cujus
3010 2461 3270 2516 incertum
3297 2465 3461 2518 certis

1862 2561 2168 2607 sanctarum
2200 2551 2595 2622 Scripturarum
2627 2550 2947 2606 testimoniis
2987 2568 3092 2607 non
3135 2554 3304 2619 possit
3332 2567 3459 2621 ape-

1866 2645 1985 2713 riri,
2032 2652 2199 2700 restat
2228 2657 2285 2699 ut
2338 2645 2548 2701 ratione
2588 2644 2793 2699 reddita
2825 2645 3161 2699 mand'estius
3185 2654 3458 2715 appareat,

1864 2736 2076 2793 etiamsi
2105 2737 2195 2794 ille
2225 2736 2381 2808 cujus
2429 2738 2595 2792 verba
2651 2737 2957 2809 intelligere
2989 2741 3300 2809 quaerimus,
3338 2754 3461 2794 eum

1864 2829 2007 2887 forte
2037 2846 2143 2887 nou
2165 2834 2353 2897 sensit.
2386 2833 2493 2889 Sed
2520 2834 2636 2887 h.-ec
2664 2833 3003 2889 consuetudo
3026 2834 3329 2904 periculosa
3347 2844 3462 2901 est;

1868 2941 1966 2995 per
2004 2925 2317 2996 Scripturas
2382 2927 2531 2983 enim
2574 2926 2788 2981 divinas
2818 2927 2988 2982 multo
3031 2929 3195 2983 tutius
3222 2928 3465 2982 ambula-

1866 3026 1977 3086 tur,
2010 3034 2139 3089 quas
2166 3019 2348 3075 verbis
2376 3020 2651 3075 translatis
2678 3031 2931 3090 opacatas
2952 3032 3072 3074 cum
3114 3021 3342 3076 scrutari
3372 3032 3465 3073 V0-

1864 3110 2067 3178 inmus,
2103 3124 2195 3169 aut
2226 3116 2327 3169 hoc
2357 3113 2482 3168 inde
2512 3122 2670 3168 exeat
2701 3114 2845 3181 quod
2886 3128 2993 3168 non
3026 3113 3220 3169 habeat
3244 3125 3465 3168 contro-

1868 3207 2125 3273 versiam,
2167 3216 2260 3261 aut
2284 3208 2329 3263 si
2370 3206 2554 3275 habet,
2595 3220 2658 3262 ex
2690 3208 2880 3264 eadem
2922 3208 3199 3277 Scriptura
3239 3208 3466 3262 ubicun-

1869 3303 2220 3372 queinventis
2248 3312 2408 3372 atque
2430 3300 2683 3357 adhibitis
2720 3303 2951 3356 testibus
2980 3303 3320 3358 terminetur.

2361 3392 2589 3449 CAPUT
2629 3372 2932 3447 cccx'ix.

1868 3483 1948 3541 De
1994 3486 2162 3539 modis
2215 3487 2551 3550 locutionum,
2607 3496 2824 3553 quorum
2867 3487 3210 3555 cognitionem
3232 3500 3467 3543 necessus

1934 3559 2072 3610 riam
2109 3557 2664 3631 dioitppScripturmm
2696 3558 3091 3613 obscuritatibus
3112 3560 3467 3631 diuoloattﬁs,

1937 3644 2005 3683 ea:
2024 3632 2202 3683 eodem
2233 3629 2385 3683 libro.

1942 3742 2130 3802 Sciant
2185 3754 2365 3800 autem
2406 3742 2654 3810 litterati,
2676 3742 2853 3800 modis
2880 3744 3131 3800 omnibus
3159 3745 3467 3815 locutionis,

1870 3854 2006 3910 quos
2030 3838 2363 3909 grammatici
2398 3838 2592 3893 Graeco
2622 3840 2842 3894 nomine
2870 3840 3105 3913 ’τρόπους
3126 3848 3341 3904 vocant,
3373 3855 3469 3895 au-

1871 3942 2051 3989 ctores
2098 3942 2315 3988 nostros
2342 3946 2473 3987 usos
2496 3931 2667 3988 tuisse
2693 3933 3044 4002 multiplicius
3084 3944 3243 4002 atque
3277 3934 3469 4003 copim

1872 4027 1987 4081 sius
2024 4038 2182 4094 quam
2226 4033 2459 4093 possunt
2503 4025 2810 4080 existimem
2866 4024 2948 4080 vel
2982 4025 3469 4095 credereqnitlos-

1874 4119 2025 4173 ciunt
2051 4130 2149 4171 eos
2174 4116 2307 4171 etin
2354 4116 2474 4171 aliis
2494 4117 2592 4170 ista
2616 4117 2946 4173 didicerunt.
2972 4118 3126 4184 “Quos
3142 4127 3322 4175 tamen
3350 4126 3469 4173 eros

1874 4226 1972 4282 pos
2001 4211 2093 4282 qui
2136 4219 2420 4275 noverunt,
2453 4202 2749 4283 agnoscunt
2798 4212 2994 4267 litteris
3020 4212 3223 4267 sanctis
3243 4220 3467 4268 eorumi-

1870 4322 1981 4379 que
2002 4306 2222 4362 scientia
2246 4305 2312 4361 ad
2335 4321 2429 4362 eas
2451 4305 2830 4379 intelligendas
2852 4307 3180 4378 aliquantum
3198 4306 3466 4378 adjuvan-

1877 4414 1986 4457 tur.
2017 4401 2124 4458 Sed
2176 4400 2259 4456 hic
2298 4416 2394 4457 eos
2424 4401 2624 4472 ignaris
2669 4402 2882 4457 tradere
2922 4418 3030 4457 non
3061 4402 3240 4471 decet,
3285 4418 3355 4460 ne
3384 4419 3473 4460 au-

1878 4503 1985 4550 tem
2030 4495 2430 4565 grammaticam
2470 4494 2673 4550 docere
2716 4495 2990 4551 videamur
3023 4515 3035 4553 :
3070 4507 3220 4553 extra
3252 4512 3385 4555 sane
3414 4509 3473 4555 ut

1874 4588 2157 4644 discantur
2194 4587 2479 4652 admoneo,
2514 4586 2758 4656 quamvis
2784 4588 2894 4655 jam
2920 4588 3165 4658 superius
3190 4588 3251 4644 id
3289 4590 3473 4655 admo-

158 4657 425 4752 diversa,
451 4662 544 4716 sed
572 4666 734 4719 etiam
760 4678 1141 4737 nonnunquam
1167 4669 1332 4724 multa
1359 4647 1768 4744 significat,pro
1795 4647 1852 4713 υ
1883 4681 2116 4747 nnerim,
2144 4678 2196 4734 id
2222 4687 2305 4734 est
2338 4680 2388 4733 in
2418 4647 2654 4734 secundo
2677 4647 2813 4733 libro
2841 4679 2930 4735 ubi
2951 4647 3021 4736 de
3042 4681 3343 4752 liuguamm

150 4750 299 4807 loco
331 4757 634 4824 sententiae,
675 4757 815 4812 sicut
868 4760 1039 4828 posita
1092 4763 1377 4832 reperitur.
1431 4763 1528 4821 Ubi
1588 4777 1766 4822 autem

152 4844 419 4914 apertius
443 4854 735 4917 ponuntur,
763 4848 835 4906 ibi
864 4850 1176 4909 discendum
1205 4864 1309 4923 est,
1329 4859 1601 4927 quomodo
1633 4861 1768 4918 locis

151 4938 548 5009 intelligantur
575 4943 837 4998 obscuris.
866 4944 1049 5015 Neque
1080 4949 1223 5004 enim
1256 4950 1448 5006 melius
1478 4963 1656 5022 poteSt
1686 4957 1767 5011 in-

148 5031 351 5103 telligi
380 5035 518 5104 quod
548 5034 748 5091 dictum
787 5048 868 5092 est
922 5037 1033 5094 Deo
1063 5056 1076 5093 :
1123 5041 1482 5110 Apprehende
1533 5063 1681 5103 arma
1715 5060 1771 5107 et

148 5138 422 5197 scutum,
443 5140 496 5184 et
528 5146 752 5202 exsurge
776 5132 829 5187 in
852 5131 1179 5203 adjuturium
1203 5139 1356 5206 mihi,
1376 5155 1537 5211 quam
1556 5157 1620 5199 ex
1654 5144 1773 5202 loco

148 5222 267 5277 illo
300 5225 395 5278 ubi
430 5223 660 5295 legitur:
708 5230 948 5297 Domine,
986 5239 1046 5285 ut
1073 5242 1227 5287 scuto
1275 5232 1431 5291 bonae
1483 5239 1773 5297 voluntatis

151 5326 284 5372 tua:
306 5321 587 5374 toronasti
620 5335 738 5376 nos.
772 5321 881 5377 Nec
912 5334 1089 5380 tamen
1131 5328 1202 5382 ita
1241 5336 1299 5383 ut
1322 5328 1433 5400 jam
1468 5331 1772 5404 ubicunque

146 5422 398 5465 scutum
451 5420 550 5482 pro
586 5413 763 5482 aliquo
790 5420 1123 5477 munimento
1173 5424 1404 5493 positum
1460 5427 1771 5499 legerimus,

145 5512 286 5560 non
317 5505 648 5576 accipiamus
678 5509 779 5563 nisi
803 5509 998 5568 bonam
1028 5516 1358 5574 voluntatem
1393 5518 1508 5576 Dei.
1562 5522 1770 5580 Dictum

144 5606 258 5656 es:
283 5598 461 5668 enim,
492 5602 559 5657 Et
594 5615 806 5659 scutum
835 5604 983 5673 ﬁdei,
1031 5609 1085 5665 in
1137 5627 1243 5681 quo
1287 5616 1527 5684 possitis,
1577 5618 1772 5689 inquit,

144 5705 383 5747 omnes
409 5694 630 5765 sagittas
657 5698 873 5768 maligni
896 5700 1091 5769 ignitas
1116 5706 1483 5776 exstinguere.
1515 5712 1625 5769 Nec
1654 5728 1775 5769 rur-

145 5798 270 5840 sus
296 5784 429 5841 ideo
467 5787 725 5846 debemus
754 5791 807 5845 in
841 5793 1005 5849 armis
1040 5794 1410 5866 hujuscemodi
1438 5807 1774 5875 spiritalibus

141 5887 347 5935 scuto
390 5884 760 5942 tantummodo
811 5885 973 5943 ﬁdem
1026 5887 1286 5959 tribuere,
1336 5909 1454 5954 cum
1501 5901 1608 5958 alio
1655 5905 1776 5963 loco

1884 4766 2120 4833 céssaria
2141 4775 2444 4843 cognitione
2463 4772 2724 4839 disserui;
2744 4787 2865 4828 nam
2892 4775 3080 4831 litterae
3099 4791 3127 4830 tt
3151 4776 3475 4848 quibusin

1885 4868 2228 4941 grammatica
2251 4882 2445 4922 nomen
2469 4854 2674 4936 accepit
2692 4868 2997 4943 (γραμματά
3023 4869 3163 4925 enim
3188 4868 3357 4925 (ἕτωοί
3384 4871 3473 4924 lit-

1884 4971 2026 5019 teras
2058 4962 2270 5030 vocant)
2301 4962 2453 5028 signa
2481 4960 2659 5027 utique
2680 4972 2805 5016 sunt
2825 4977 3101 5027 sonorum,
3128 4963 3193 5017 ad
3224 4961 3476 5017 articula-

1882 5064 1993 5111 tam
2064 5067 2250 5109 vocem
2297 5068 2399 5122 qua
2450 5052 2715 5119 loquimur
2778 5050 3182 5126 pertinentium.
3236 5055 3474 5111 istorum

1882 5160 2061 5206 autem
2118 5157 2396 5217 troporum
2454 5160 2560 5202 non
2607 5148 2780 5203 solum
2830 5152 3095 5219 exempla,
3152 5150 3290 5205 sicut
3332 5166 3469 5207 om-

1876 5252 2067 5315 nium,
2110 5247 2208 5303 sed
2255 5249 2606 5319 quorumdam
2663 5250 2823 5302 etiam
2882 5245 3095 5300 nomina
3162 5246 3221 5301 in
3270 5238 3473 5303 divinis

1879 5344 2031 5400 libris
2064 5343 2330 5415 leguntur,
2374 5344 2512 5399 sicut
2553 5345 2843 5419 ἀλληγορία,
2894 5340 3122 5415 αἴνιγμα,
3173 5343 3466 5417 παραϐολή.

1880 5438 2133 5507 Quamvis
2160 5452 2292 5508 pene
2315 5453 2501 5493 omnes
2521 5437 2571 5493 hi
2597 5439 2730 5506 tmpi
2750 5437 2837 5505 qui
2859 5435 3065 5491 liberali
3086 5436 3334 5492 dicuntur
3357 5448 3474 5495 arte

1884 5530 2156 5602 coanosCi,
2204 5534 2365 5587 etiam
2409 5533 2462 5586 in
2510 5545 2697 5586 eorum
2747 5531 3083 5599 reperiantur
3110 5530 3340 5602 loquelis
3378 5532 3473 5602 qui

1884 5626 2061 5682 nullos
2111 5626 2484 5696 grammaticos
2537 5622 2844 5689 audierunt,
2900 5634 2953 5678 et
3005 5637 3072 5679 eo
3124 5636 3229 5695 quo
3280 5625 3473 5696 vulgus

1887 5720 2051 5774 utitur
2104 5734 2352 5776 sermone
2399 5717 2637 5771 contenti
2689 5725 2833 5772 sunt.
2862 5717 2990 5785 Quis
3021 5720 3164 5773 enim
3196 5728 3303 5775 non
3346 5716 3477 5777 dicit

1883 5817 1961 5873 sic
1978 5816 2169 5872 ﬂoreas
2182 5815 2206 5870 τ
2218 5827 2439 5885 quorum
2463 5811 2596 5885 [qui]
2615 5820 2795 5883 tropus
2812 5812 3077 5891 μεταφοραί
3090 5816 3330 5870 vocatur.
3345 5812 3477 5881 Quis

1886 5925 1990 5966 non
2041 5909 2169 5964 dicit
2224 5907 2502 5977 piscinam,
2548 5907 2706 5963 etiam
2750 5920 2869 5965 autc
2920 5923 3026 5964 non
3071 5908 3233 5966 habet
3272 5909 3472 5985 pisces,
