3986 6382
539 337 646 395 967

1624 328 1684 382 D.
1729 324 2049 382 EUGYPl’ll
2092 324 2384 381 ABBATIS
2422 326 2742 383 AFRICANI

3760 324 3852 379 968

536 464 638 507 nec
692 449 831 506 facta
862 454 945 506 est
970 452 1186 520 propter
1205 444 1402 515 pisces,
1434 448 1489 498 et
1519 450 1696 499 tamen
1728 458 1756 498 a
1781 445 2016 513 piscibus
2041 459 2137 497 ηδ·
2167 445 2215 502 Α
2242 458 2299 498 se
2320 458 2438 500 esse
2457 445 2611 511 dixit,
2637 452 2851 516 propter
2879 442 3225 513 temporalem
3257 442 3555 509 unitatem,
3585 442 3737 498 intra
3761 462 3849 501 una

536 558 662 598 men
687 541 927 612 accepit?
950 540 1041 611 qui
1067 550 1251 608 tropus
1271 557 1624 612 καταχρησις,
1650 536 1865 591 dicitur.
1895 536 2134 604 Longum

536 643 624 690 est
668 635 772 689 isto
811 633 971 690 modo
998 642 1225 687 caeteros
1256 628 1525 699 persequi,
1557 644 1679 682 nam
1711 643 1878 697 usque
1901 627 1965 681 ad
2012 625 2135 681 illos

538 727 785 797 pervenit
840 725 979 794 vulgi
1024 723 1247 779 locutio.
1289 722 1390 790 Qui
1440 729 1720 791 prepterea
1778 720 2136 775 mirabiliores

541 832 688 889 aunt,
719 820 839 891 quia
871 827 1059 875 contra
1089 834 1251 889 quam
1282 815 1478 872 dicitur
1505 815 1833 886 signiﬁcant;
1864 814 2021 869 sicuti
2052 820 2133 869 est

541 928 659 983 qua:
712 910 1014 980 appellatur
1060 911 1289 985 εἰρωνεία
1340 907 1425 963 vel
1475 910 1769 982 ἀντὶφρασις
1811 904 1919 959 Sed
1968 903 2137 958 ironia

542 1004 979 1076 pronuntiatione
1032 1003 1233 1058 indicat
1283 1001 1409 1071 quid
1458 1001 1589 1056 velit
1625 999 1875 1068 intelligi,
1907 1007 1964 1052 ut
2012 1010 2135 1052 cum

539 1099 772 1154 dicimus
800 1099 1003 1154 homini
1032 1099 1169 1152 mala
1196 1095 1408 1151 facienti
1442 1114 1452 1149 :
1481 1096 1585 1149 lies
1616 1095 1782 1149 bonas
1806 1094 1959 1147 facis.
1984 1092 2139 1148 Anti-

542 1192 758 1263 phrasis
812 1206 942 1247 vero
968 1189 1070 1263 [ut]
1102 1188 1371 1245 contraria
1399 1188 1684 1258 signiﬁcet,
1728 1203 1833 1242 non
1864 1201 1995 1241 voce
2018 1200 2137 1256 pro-

544 1284 843 1338 nuntiantis
890 1282 1142 1347 efﬁcitur,
1172 1281 1265 1337 sed
1294 1290 1385 1335 aut
1415 1280 1575 1335 verba
1604 1296 1702 1335 sua
1722 1279 1884 1334 habet
1911 1293 2138 1348 quorum

540 1376 693 1447 origo
734 1375 1041 1431 econtrario
1083 1384 1202 1443 est,
1254 1376 1392 1428 sicut
1441 1373 1744 1444 appellatur
1792 1374 1943 1427 lucus
1995 1371 2139 1441 quod

544 1468 766 1523 minime
790 1470 985 1531 luceat,
1019 1476 1111 1521 aut
1136 1466 1417 1546 consuevit
1446 1464 1649 1537 aliquid
1681 1466 1751 1519 ita
1775 1464 1907 1533 dici,
1947 1477 2129 1532 quam-

474 1612 483 1617 -
544 1560 625 1614 vis
646 1559 855 1615 dicatur
877 1559 1038 1613 etiam
1072 1572 1175 1611 non
1200 1557 1525 1624 econtrario,
1548 1558 1828 1611 velutcum
1852 1556 2141 1625 qumrimus

544 1654 788 1721 accipere
814 1653 974 1707 etiam
994 1651 1133 1721 quod
1159 1652 1228 1705 ibi
1254 1666 1357 1705 non
1382 1661 1483 1715 est,
1507 1660 1561 1706 et
1584 1649 1939 1720 respondetur
1962 1648 2135 1713 nobis,

543 1746 813 1812 abundat;
864 1753 956 1799 aut
994 1742 1261 1813 adjunctis
1288 1742 1467 1797 verbis
1509 1740 1733 1796 facimus
1784 1751 1896 1793 uta
1930 1748 2143 1795 contra-

2241 540 2377 594 retia
2403 540 2627 608 piscium
2658 540 2919 596 bonorum
2940 548 2993 594 et
3016 540 3311 605 malorum;
3338 540 3708 594 tabernacula
3726 542 3847 595 eui

2238 632 2416 687 Cedar
2447 634 2510 687 ad
2536 634 2813 689 lsmaelcm
2840 632 3128 702 pertinent,
3154 633 3243 702 qui
3266 647 3372 687 non
3396 630 3509 687 erit
3542 632 3725 686 heres
3746 648 3847 685 eum

2240 724 2559 780 ﬁlioliberze.
2574 726 2776 796 itaque,
2792 740 2913 779 cum
2925 725 3143 780 debona
3158 732 3306 792 parte
3318 722 3464 777 dicat
3475 721 3846 777 DeuszDucam

2246 832 2419 873 caecos
2469 820 2519 871 in
2551 818 2689 872 viam
2721 833 2880 888 quam
2927 832 3033 872 non
3060 825 3344 882 noverunt,
3376 824 3431 872 et
3460 816 3707 871 semitas
3734 831 3845 885 quas

2255 926 2359 963 non
2401 919 2661 984 noverunt
2709 910 3012 977 calcabunt,
3055 919 3107 965 et
3148 908 3341 964 faciam
3370 908 3483 963 illis
3515 907 3841 963 tenebrasad

2244 999 2343 1073 [in]
2387 1002 2584 1065 lucem,
2618 1012 2673 1057 et
2699 1018 2861 1072 prava
2888 1004 2941 1057 in
2968 1002 3273 1067 directum;
3307 1001 3428 1056 haec
3449 1000 3657 1064 verba,
3681 999 3838 1055 faciam

2242 1103 2296 1149 et
2325 1108 2428 1149 non
2456 1094 2826 1165 derelinquam
2849 1110 2966 1160 eos,
3008 1110 3129 1150 mox
3154 1096 3221 1150 de
3242 1094 3345 1149 alia
3377 1102 3549 1163 parte
3583 1108 3703 1162 qua:
3726 1092 3837 1145 male

2244 1189 2503 1259 permixta
2545 1198 2629 1245 est
2683 1189 2813 1244 dicit
2845 1206 2859 1243 :
2889 1189 2994 1258 ipsi
3041 1198 3217 1243 autem
3246 1188 3513 1243 conversi
3542 1195 3673 1241 sunt
3696 1195 3832 1249 retro,

2243 1287 2489 1357 quamvis
2535 1286 2623 1340 alii
2670 1286 2780 1357 jam
2811 1286 3177 1354 Signiﬁceulur
3208 1285 3290 1340 bis
3336 1284 3556 1340 verbis.
3595 1284 3699 1339 Sed
3726 1299 3833 1353 quo-

2246 1381 2384 1435 niam
2410 1398 2551 1436 nunc
2582 1380 2633 1435 in
2667 1395 2773 1434 uno
2801 1389 2947 1443 sunt,
2979 1390 3228 1447 tanquam
3262 1377 3331 1432 de
3357 1377 3503 1446 ipsis
3534 1377 3759 1445 loquitur
3781 1376 3831 1428 de

2244 1475 2437 1543 quibus
2460 1473 2809 1544 loquebatur;
2842 1487 2944 1528 non
2970 1479 3148 1525 tamen
3179 1484 3399 1539 semper
3430 1470 3487 1522 in
3526 1482 3643 1521 uno
3670 1476 3825 1521 erunt:

2245 1567 2360 1635 ipse
2402 1576 2484 1620 est
2530 1564 2725 1635 quippe
2772 1564 2860 1619 ille
2887 1577 3073 1619 servus
3104 1569 3579 1616 commemoratus
3611 1561 3662 1612 in
3686 1558 3826 1610 Evano

2244 1659 2407 1730 Eclio,
2457 1657 2609 1725 cujus
2666 1658 2921 1711 Dominus
2977 1671 3097 1710 cum
3132 1654 3339 1708 venerit
3386 1652 3612 1707 dividet
3636 1667 3763 1713 enm,
3784 1659 3825 1703 et

2247 1762 2453 1821 partem
2508 1751 2625 1819 ejus
2656 1764 2775 1804 cum
2812 1747 3105 1819 bypocritis
3128 1755 3311 1816 ponet.
3345 1744 3538 1799 Tertia
3572 1743 3736 1813 regula
3763 1750 3825 1795 cst

543 1839 627 1895 rio
675 1837 1005 1908 intelligatur
1053 1834 1198 1905 quod
1250 1835 1551 1904 loquimur;
1602 1834 1746 1888 velut
1780 1834 1823 1886 si
1854 1832 2137 1887 dicamus:
2174 1836 2221 1897 Β
2248 1846 2314 1900 de
2371 1844 2650 1914 promissis
2703 1851 2757 1897 ει
2796 1841 2934 1911 lege,
2990 1855 3109 1909 qua,
3137 1841 3240 1893 ano
3264 1837 3431 1893 modo
3462 1836 3572 1890 dici
3601 1834 3822 1905 potesde

542 1930 687 1987 Cave
717 1931 864 1985 illum
896 1929 1018 1999 quia
1071 1931 1241 1983 bonus
1285 1928 1448 1981 homo
1494 1935 1595 1981 est.
1630 1926 1697 1980 Et
1731 1926 1850 1993 quis
1879 1928 2001 1979 talia
2032 1939 2137 1977 non

539 2022 673 2077 dicit
725 2021 993 2085 indoctus,
1050 2034 1148 2075 nec
1179 2018 1397 2073 omnino
1439 2018 1615 2072 sciens
1641 2018 1729 2087 qui
1764 2018 1871 2071 sint
1902 2016 1983 2071 vel
2013 2016 2139 2086 quid

542 2123 805 2169 vocentur
834 2113 885 2167 hi
917 2112 1089 2181 tropi?
1118 2127 1343 2181 quorum
1368 2110 1603 2180 cognitio
1631 2118 1911 2180 propterea
1946 2108 2142 2178 Scrip-

544 2215 785 2260 turarum
836 2202 1271 2275 ambiguitatibus
1313 2202 1677 2258 dissolvendis
1708 2212 1790 2257 est
1814 2202 2138 2267 necessaria,

544 2297 714 2375 {quia}
754 2313 875 2356 cum
904 2314 1093 2354 sensus
1137 2298 1202 2351 ad
1234 2299 1613 2368 proprietatem
1651 2295 1935 2351 verborum
1974 2296 2019 2349 si
2054 2309 2144 2348 ac-

540 2393 770 2464 cipiatur
819 2391 1085 2447 absurdus
1130 2400 1246 2459 εει,
1300 2389 1651 2460 quaerendum
1712 2398 1794 2443 est
1844 2387 2047 2457 utique,
2073 2400 2144 2442 ne

542 2488 682 2543 forte
722 2488 815 2542 illo
854 2486 938 2541 vel
968 2486 1060 2541 illo
1105 2492 1262 2554 trepo
1292 2484 1495 2539 dictum
1527 2486 1618 2550 sit,
1650 2482 1793 2551 quod
1818 2498 1921 2535 non
1943 2481 2141 2536 intelli-

539 2581 739 2650 gimus,
771 2588 827 2636 et
855 2581 934 2636 sic
964 2579 1221 2649 pleraque
1248 2580 1473 2632 inventa'
1492 2584 1621 2630 sunt
1645 2590 1764 2645 quae
1791 2574 2047 2628 latebant.

1007 2669 1237 2724 CAPUT
1286 2667 1611 2723 CCLXX)“.
1661 2715 1671 2724 .

543 2762 621 2817 De
672 2772 863 2831 septem
912 2762 1133 2833 Tyconii
1184 2760 1398 2831 regulis,
1446 2759 1629 2833 quibus
1670 2759 1737 2811 ad
1786 2757 2145 2833 intelligendas

614 2834 914 2903 Scripturas
958 2830 1209 2887 studiosos
1244 2830 1380 2903 idicit
1433 2831 1711 2901 plurimum
1773 2830 2049 2901 adjuvari;
2084 2845 2147 2882 ea:

611 2902 745 2960 libro
772 2922 828 2960 ιιι
859 2906 922 2959 de
950 2905 1195 2958 Doctrina
1219 2902 1529 2957 Christiana.

612 2997 791 3053 Prima
819 2997 886 3052 de
912 2996 1141 3051 Domino
1156 3004 1210 3049 et
1234 2994 1350 3063 ejus
1372 3007 1603 3061 corpore
1634 3000 1742 3059 est,
1762 2992 1813 3046 in
1840 3006 1943 3060 qua
1971 2989 2150 3045 scien-

541 3100 623 3145 tes
663 3088 953 3159 aliquando
1006 3088 1197 3155 capitis
1254 3095 1308 3139 et
1364 3086 1629 3154 corporis,
1674 3085 1727 3138 id
1757 3091 1842 3139 est
1868 3083 2063 3138 Christi
2095 3090 2150 3138 et

542 3182 801 3238 Ecclesiae
864 3196 1027 3237 unam
1108 3195 1392 3250 personam
1452 3180 1610 3233 nobis
1637 3180 1896 3234 —intimari
1951 3180 2150 3249 (neque

542 3276 685 3331 enim
730 3274 927 3330 frustra
978 3274 1181 3328 dictum
1238 3280 1324 3326 est
1379 3270 1631 3325 ﬁdelibus
1674 3286 1689 3323 :
1744 3270 1883 3339 Ergo
1914 3269 2149 3324 Abrahae

544 3384 730 3425 semen
780 3370 933 3434 estis,
991 3382 1113 3422 cum
1162 3365 1236 3420 sit
1283 3353 1445 3418 unum
1499 3378 1685 3419 semen
1730 3363 1962 3417 Abrahae
2004 3360 2149 3430 quod

542 3470 627 3519 est
681 3460 994 3531 Christus),
1048 3473 1154 3515 non
1227 3457 1539 3512 haesitemus
1595 3455 1809 3525 quando
1876 3470 1905 3509 a
1970 3455 2149 3524 capite

544 3554 614 3609 ad
668 3569 889 3625 corpus,
922 3552 1009 3608 vel
1040 3567 1072 3606 a
1100 3565 1332 3620 corpore
1370 3550 1630 3605 transitur
1667 3548 1733 3603 ad
1758 3556 1951 3618 caput,
1982 3557 2033 3602 et
2065 3555 2147 3601 ta-

545 3662 672 3703 men
716 3662 822 3703 non
864 3644 1135 3702 receditur
1164 3644 1231 3700 ab
1273 3658 1377 3698 una
1419 3642 1717 3711 eademque
1750 3655 1997 3710 persona.
2029 3641 2146 3696 Una

545 3740 691 3797 enim
747 3752 977 3807 persona
1004 3737 1258 3805 loquitur,
1291 3736 1477 3790 dicens
1517 3735 1712 3790 :Sicut
1739 3748 1938 3805 sponso
1974 3733 2149 3802 impo-

546 3833 653 3890 suit
700 3829 834 3884 mihi
886 3829 1125 3896 mitram,
1191 3836 1245 3882 et
1290 3826 1431 3882 sicut
1477 3841 1729 3897 sponsam
1788 3826 2000 3881 ornavit
2061 3840 2148 3881 me

548 3928 906 3985 ornamento;
960 3930 1014 3975 et
1071 3930 1252 3974 tamen
1301 3918 1429 3989 quid
1482 3918 1674 3974 horum
1706 3918 1935 3973 duorum
1962 3920 2144 3989 capiti,

547 4015 677 4086 quid
706 4013 945 4084 corpori,
969 4011 1021 4068 id
1050 4020 1135 4068 est
1163 4010 1289 4081 quid
1311 4010 1550 4078 Christo,
1584 4011 1710 4082 quid
1735 4011 1991 4067 Ecclesiae
2014 4026 2144 4067 con-

548 4109 734 4165 veniat
786 4106 969 4177 utique
1022 4104 1433 4174 intelligendum
1484 4113 1587 4159 est.
1647 4105 1892 4161 Secunda
1942 4113 2027 4160 est
2080 4104 2147 4159 de

550 4201 765 4256 Domini
804 4213 1035 4269 corpore
1084 4198 1357 4268 bipartito,
1390 4198 1544 4267 quod
1569 4198 1784 4266 quidem
1817 4214 1921 4252 non
1953 4198 2024 4250 ita
2052 4196 2148 4251 de-

547 4294 663 4349 buit
722 4292 1024 4362 appellari;
1086 4306 1194 4346 non
1244 4295 1388 4347 enim
1445 4306 1633 4347 revera
1684 4291 1897 4345 Domini
1952 4305 2148 4362 corpus

548 4396 630 4442 est
674 4386 817 4455 quod
862 4400 982 4439 cum
1038 4385 1128 4438 illo
1158 4400 1264 4438 non
1295 4386 1401 4438 erit
1440 4386 1491 4438 in
1524 4393 1810 4449 :eternum,
1835 4384 1929 4439 sed
1959 4383 2147 4440 dicen-

550 4479 678 4533 dum
739 4481 835 4533 luit
881 4478 949 4532 de
1000 4476 1210 4532 Domini
1262 4492 1490 4545 corpore
1517 4493 1646 4532 vero
1677 4487 1834 4546 atque
1857 4479 2144 4547 permixto,

549 4581 639 4625 aut
689 4584 817 4623 vero
867 4578 1028 4639 atque
1072 4570 1347 4636 simulato,
1378 4570 1459 4624 vel
1518 4568 1771 4639 quidquid
1821 4570 1995 4634 aliud;
2026 4572 2146 4641 quia

2248 1937 2437 2007 spiritu
2496 1944 2551 1991 et
2604 1937 2806 2001 littera,
2838 1934 2974 1988 sicut
3004 1949 3124 1988 eam
3157 1946 3257 1987 nos
3288 1931 3821 2001 appellavimus,cum

2248 2033 2316 2087 dc
2341 2032 2439 2087 hac
2465 2047 2522 2085 re
2554 2031 2749 2084 librum
2781 2030 3165 2084 scriberemus.
3196 2027 3378 2080 Potest
3411 2026 3575 2080 etiam
3600 2026 3673 2078 sic
3700 2023 3819 2075 dici:

2252 2126 2326 2182 De
2355 2126 2523 2195 gratia
2546 2134 2599 2179 et
2618 2124 2890 2178 mandato.
2918 2122 3045 2175 Haec
3068 2130 3247 2175 autem
3278 2121 3445 2189 magis
3476 2119 3603 2172 mihi
3632 2118 3820 2172 videtur

2252 2232 2440 2283 magna
2466 2216 2690 2285 quaistio
2721 2230 2879 2284 quam
2910 2214 3116 2283 regula,
3149 2228 3270 2282 qua:
3297 2211 3556 2266 solvendis
3580 2208 3820 2279 quaestio-

2251 2312 2409 2365 nibus
2441 2309 2745 2365 adhibenda
2777 2318 2882 2373 est,
2916 2323 3075 2376 quam
3126 2321 3235 2361 non
3286 2305 3624 2373 intelligeutcs
3670 2302 3823 2357 Pela-

2248 2403 2412 2473 giani,
2469 2402 2551 2457 vel
2603 2402 2956 2457 condiderunt
3012 2414 3161 2455 suam
3234 2402 3509 2462 hazresim,
3561 2400 3647 2452 vel
3698 2399 3822 2452 hau-

2250 2506 2437 2551 serunt
2478 2494 2813 2569 [auxerunt].
2844 2494 3134 2550 Laboravit
3188 2494 3240 2547 in
3285 2507 3348 2548 ea
3392 2491 3696 2546 disserenda
3734 2490 3817 2559 Ty-

2251 2588 2475 2642 cbonins
2533 2588 2690 2652 bene,
2740 2588 2834 2642 sed
2907 2602 3017 2641 non
3089 2585 3266 2655 plene.
3345 2584 3627 2653 Distiutans
3700 2582 3811 2636 enin

2254 2682 2363 2753 56
2387 2680 2455 2735 de
2487 2680 2590 2735 ﬁde
2617 2686 2669 2735 et
2698 2679 2952 2749 operibus
2973 2718 2988 2743 ,
3034 2693 3195 2746 opera
3238 2677 3399 2729 nobis
3434 2674 3607 2747 [dixit]
3648 2689 3674 2727 a
3714 2673 3801 2726 Deo

2252 2773 2366 2826 dari
2399 2771 2590 2825 merito
2634 2770 2794 2835 ﬁdei,
2851 2770 3019 2839 ipsam
3055 2784 3182 2822 vero
3226 2768 3397 2821 tidem
3432 2768 3513 2821 sic
3540 2782 3643 2821 esse
3667 2780 3690 2817 a
3715 2778 3792 2817 no-

2250 2866 2355 2934 bis,
2389 2878 2447 2921 ut
2471 2868 2626 2922 nobis
2656 2881 2760 2921 non
2786 2867 2909 2921 sita
2941 2867 3079 2929 Deo;
3127 2879 3227 2919 nec
3264 2864 3510 2917 attendit
3538 2862 3786 2930 Apostulnm

2252 2963 2522 3018 dicentem
2559 2979 2571 3015 :
2603 2962 2711 3015 Pax
2742 2959 3019 3026 fratribus,
3052 2966 3105 3011 et
3125 2955 3369 3009 cbaritas
3400 2969 3528 3009 cum
3547 2952 3631 3005 ﬁde
3655 2950 3791 3003 abeo

2253 3058 2413 3113 Patre
2440 3066 2495 3111 et
2538 3054 2764 3110 Domino
2806 3062 2990 3108 nostro
3017 3051 3140 3105 lesn
3172 3052 3395 3105 Christo
3424 3067 3439 3102 :
3477 3050 3569 3103 sed
3593 3062 3684 3101 non
3704 3052 3796 3100 erat

2256 3158 2508 3219 expertus
2539 3149 2676 3203 hanc
2723 3146 2970 3201 haeresim
3013 3160 3133 3215 qua:
3169 3159 3268 3214 pro
3318 3142 3561 3216 [nostro]
3604 3152 3786 3209 tempore

2177 3227 2225 3292 C
2258 3253 2465 3310 exorta,
2501 3243 2731 3295 multum
2763 3255 2885 3306 nos,
2919 3249 2976 3293 ut
3014 3238 3238 3309 gratiam
3273 3237 3371 3291 Dei
3402 3252 3528 3306 qua:
3558 3251 3647 3305 per
3669 3232 3791 3287 Doni-

2254 3352 2380 3391 num
2408 3344 2650 3390 nostrum
2681 3334 2864 3389 Jesum
2889 3330 3163 3388 Christum
3194 3338 3276 3383 est
3305 3329 3587 3384 adversus
3615 3342 3721 3382 eum
3741 3325 3802 3377 de-

2257 3429 2625 3493 fendercmus,
2654 3427 2924 3491 exercuit,
2957 3433 3011 3480 et
3033 3423 3330 3480 secundum
3355 3423 3407 3476 id
3441 3422 3586 3492 quod
3607 3422 3677 3475 ait
3704 3421 3807 3486 Apo-

2252 3521 2423 3576 stolus
2454 3520 2712 3589 :Oportet
2758 3516 2991 3572 haereses
3029 3530 3171 3577 esse,
3205 3523 3267 3567 ut
3297 3512 3514 3582 probati
3560 3511 3806 3567 manifesu

2254 3616 2385 3668 ﬁant
2424 3613 2476 3667 in
2506 3610 2682 3677 vobis,
2732 3610 2909 3665 multo
2953 3607 3325 3679 vigilantiores
3373 3606 3816 3677 diligentioresque

2253 3707 2509 3771 reddidit,
2548 3714 2607 3760 ut
2638 3704 3051 3759 adverteremus
3077 3702 3131 3756 in
3161 3700 3450 3770 Scripturis
3479 3699 3677 3754 sancris
3704 3694 3823 3766 quod

2251 3806 2412 3861 istum
2429 3802 2764 3875 Tycbonium
2778 3804 2955 3857 minus
2971 3810 3235 3856 attentum
3254 3800 3526 3866 minusque
3545 3798 3664 3851 sine
3683 3797 3828 3849 hoste

2251 3897 2537 3952 sollicitum
2568 3895 2721 3966 fugit,
2766 3896 2928 3950 etiam
2978 3896 3148 3961 ipsam
3179 3893 3380 3947 scilicet
3419 3888 3577 3943 ﬁdem
3616 3888 3825 3942 donum

2252 4008 2375 4048 esse
2402 3993 2546 4048 illius
2577 3993 2667 4062 qui
2690 3992 2808 4061 ejus
2834 4006 3139 4047 mensuram
3174 3990 3459 4059 unicuique
3479 3988 3736 4059 partitur.
3763 3986 3827 4040 Es

2252 4100 2354 4155 qua
2395 4086 2663 4140 sententia
2711 4084 3031 4153 quihusdam
3079 4084 3283 4139 dictum
3313 4091 3433 4138 est:
3464 4081 3631 4136 Vobis
3674 4081 3824 4134 dona-

2255 4184 2363 4230 tum
2393 4184 2476 4231 est
2503 4191 2600 4244 pro
2625 4176 2863 4244 Cbrisw,
2909 4192 3018 4231 non
3042 4178 3215 4231 solum
3250 4185 3309 4229 ut
3336 4174 3576 4230 credatis
3602 4174 3656 4227 in
3687 4186 3812 4234 eum,

2252 4284 2438 4324 verum
2473 4270 2636 4324 etiam
2664 4279 2722 4323 ut
2753 4270 3028 4336 patiamini
3056 4284 3153 4339 pro
3176 4285 3262 4326 eo.
3299 4268 3461 4323 Unde
3488 4268 3607 4337 quis
3634 4264 3816 4319 dubitet

2256 4371 2542 4431 utrumque
2573 4377 2694 4416 esse
2726 4362 2817 4416 Dei
2846 4360 3069 4429 donum,
3110 4363 3200 4431 qui
3233 4360 3468 4415 fideliter
3497 4370 3656 4429 atque
3688 4356 3820 4410 intel—

2255 4455 2482 4525 ligenter
2506 4454 2655 4509 audit
2684 4463 2970 4524 utrumque
3000 4454 3255 4509 donatum
3279 4454 3302 4505 ?
3326 4454 3490 4507 Plura
3520 4459 3642 4506 sunt
3666 4460 3711 4503 et
3734 4448 3817 4499 alia

2259 4551 2566 4604 testimonia
2595 4548 2789 4618 quibus
2830 4547 2882 4601 id
2918 4548 3238 4613 ostenditur,
3286 4546 3383 4601 sed
3429 4546 3542 4601 hoc
3571 4557 3692 4600 nunc
3717 4554 3804 4591 non

552 4677 658 4717 non
683 4662 855 4716 solum
889 4663 942 4716 in
974 4673 1257 4732 aeternum,
1291 4678 1477 4715 verum
1508 4662 1667 4716 ctiam
1688 4676 1829 4717 nunc
1850 4662 2142 4734 hypocrita:

2258 4641 2489 4712 agimus,
2520 4640 2648 4694 alibi
2684 4648 2864 4695 autem
2901 4648 3061 4709 atque
3092 4640 3213 4692 alibi
3246 4638 3559 4707 saepissime
3604 4640 3693 4691 ista
3727 4628 3822 4700 csl~

552 4768 659 4808 non
702 4768 823 4807 cum
871 4754 963 4807 illo
986 4768 1107 4809 esse
1134 4754 1345 4809 dicendi
1369 4763 1515 4817 sunt,
1540 4756 1784 4823 quamvis
1812 4755 1864 4809 in
1888 4755 2005 4825 ejus
2024 4769 2146 4809 esse

555 4846 841 4901 videantur
891 4846 1150 4901 Ecclesia.
1213 4846 1367 4901 Unde
1427 4856 1638 4915 poterat
1700 4847 1799 4901 ista
1856 4848 2037 4916 regula
2092 4856 2148 4902 et

561 4939 642 4994 sic
696 4938 976 5007 appellari,
1030 4948 1087 4992 ut
1115 4938 1405 5003 diceretur,
1449 4939 1517 4993 de
1564 4940 1824 5009 permixta
1883 4940 2140 4996 Ecclesia.

556 5033 689 5099 Quae
731 5022 912 5099 regula
968 5031 1224 5087 lectorem
1276 5033 1581 5103 vigilantem
1641 5034 1883 5104 requirit,
1934 5036 2145 5104 quando

554 5124 835 5193 Scriptura
891 5139 1013 5179 cum
1073 5124 1141 5179 ad
1188 5127 1321 5181 alios
1346 5127 1456 5194 jam
1489 5126 1759 5196 loquatur,
1800 5137 2048 5197 tanquam
2078 5128 2146 5183 ad

552 5232 649 5273 eos
700 5215 846 5286 ipsos
895 5216 962 5270 ad
1010 5233 1144 5288 quos
1189 5218 1508 5287 loquebatur
1538 5218 1747 5275 videtur
1776 5220 1941 5290 loqui,
1974 5222 2059 5276 vel
2080 5222 2147 5277 de

552 5309 702 5379 ipsis,
760 5325 880 5364 cum
922 5310 989 5364 de
1018 5310 1137 5365 aliis
1160 5309 1270 5381 jam
1296 5312 1576 5380 loquatur;
1604 5324 1855 5383 tanquam
1886 5331 2052 5370 unum
2080 5315 2148 5371 sit

557 5412 905 5490 utrorumque
927 5418 1143 5473 corpus,
1172 5413 1389 5475 propter
1413 5408 1788 5475 temporariam
1813 5409 2149 5465 commixtio-

555 5511 679 5552 nem
712 5506 769 5551 et
794 5499 1226 5554 communionem
1269 5510 1745 5557 sacramentorum.
1778 5504 1859 5559 Ad
1889 5504 1989 5559 hoc
2022 5519 2146 5574 per-

557 5590 688 5643 tinet
714 5590 766 5643 in
789 5586 1024 5643 Canticis
1050 5592 1379 5646 canticorum
1402 5610 1413 5645 :
1434 5591 1602 5649 Fusca
1622 5610 1737 5649 sum
1758 5604 1813 5649 et
1833 5596 2075 5666 speciosa
2094 5608 2150 5652 ut

556 5682 897 5739 tabernacula
919 5681 1123 5747 Cedar;
1150 5696 1226 5749 et,
1246 5685 1502 5754 Speciosa
1530 5704 1671 5753 sum,
1694 5688 1889 5759 inquit,
1909 5702 1964 5745 ut
1987 5694 2152 5761 pelles

564 5775 888 5830 Salomonis.
907 5774 1019 5828 Non
1038 5776 1177 5829 enim
1197 5778 1292 5843 ait,
1320 5778 1491 5833 Fusca
1511 5780 1581 5834 fui
1607 5790 1664 5834 ut
1689 5779 2027 5837 tabernacula
2049 5785 2151 5841 Ce-

560 5866 680 5923 dar.
695 5876 750 5921 ει
765 5868 1004 5926 speciosa
1021 5884 1139 5925 sum
1154 5879 1209 5925 ut
1224 5870 1394 5940 pelles
1408 5872 1738 5937 Salomanis;
1763 5876 1855 5931 sed
1872 5886 2153 5947 utrumque

2261 4748 2403 4790 mus.
2436 4735 2634 4800 Quarta
2676 4732 2901 4802 Tyconii
2932 4732 3114 4801 regula
3144 4740 3226 4785 est
3268 4730 3336 4785 de
3366 4731 3570 4798 Specie
3597 4738 3651 4783 et
3678 4726 3827 4780 Gene-

2256 4826 2463 4879 rezsic
2516 4825 2659 4879 enim
2704 4838 2823 4879 eam
2866 4834 3043 4883 vocat,
3096 4822 3289 4876 volens
3343 4820 3573 4890 intelligi
3623 4818 3830 4887 speciem

2256 4924 2484 4986 partem,
2517 4931 2686 4985 genus
2714 4925 2891 4971 autem
2926 4924 3119 4975 totum,
3151 4914 3306 4983 cujus
3336 4928 3399 4967 ea
3427 4928 3560 4983 pars
3587 4922 3675 4967 est
3696 4922 3827 4980 quam

2256 5017 2531 5079 nuncupat
2558 5010 2819 5077 speciem,
2855 5009 2993 5062 sicut
3022 5019 3363 5076 unaquaeque
3394 5005 3593 5059 civitas
3627 5018 3751 5072 pars
3774 5010 3833 5054 est

2254 5103 2438 5170 utique
2487 5101 2850 5155 universitatis
2887 5100 3127 5169 gentium
3164 5115 3177 5151 :
3214 5099 3354 5151 hanc
3400 5096 3497 5151 ille
3538 5104 3705 5151 vocat
3742 5106 3834 5161 spe—

2255 5193 2414 5256 ciem,
2474 5207 2643 5259 genus
2697 5203 2874 5247 autem
2926 5207 3114 5249 omnes
3157 5200 3392 5262 gentes:
3428 5205 3616 5261 neque
3670 5191 3757 5244 hic
3792 5200 3837 5240 ea

2257 5286 2599 5339 discernendi
2652 5286 2920 5341 subtilitas
2947 5284 3249 5341 adhibenda
3280 5292 3367 5338 est
3396 5299 3519 5354 qua:
3545 5300 3577 5339 a
3612 5281 3839 5338 dialecti-

2257 5379 2336 5431 cis
2368 5376 2618 5443 traditur,
2650 5378 2738 5447 qui
2768 5378 2906 5432 inter
2936 5387 3137 5448 partem
3166 5387 3221 5433 et
3252 5378 3494 5446 speciem
3524 5378 3661 5447 quid
3694 5377 3844 5431 inter-

2259 5478 2329 5530 sit
2356 5475 2665 5533 acutissime
2694 5476 2988 5546 disputant.
3035 5478 3235 5534 Eadem
3267 5479 3406 5533 ratio
3432 5487 3521 5533 est
3549 5480 3623 5543 si,
3663 5494 3766 5533 non
3791 5475 3845 5530 de

2256 5593 2572 5649 unaquaque
2597 5581 2836 5644 civitate,
2869 5580 2962 5636 sed
2994 5581 3061 5637 de
3092 5596 3415 5652 unaquaque
3443 5582 3755 5651 provincia,
3778 5577 3848 5632 vel

2254 5690 2440 5751 gente,
2471 5681 2557 5735 vel
2593 5682 2833 5751 regione,
2866 5684 2974 5737 tale
3004 5682 3203 5752 aliquid
3238 5684 3291 5736 in
3319 5682 3523 5739 divinis
3552 5683 3848 5752 reperiatur

2256 5784 2502 5851 eloquiis.
2538 5782 2652 5838 Non
2684 5785 2855 5838 solum
2888 5784 3033 5838 enim
3055 5823 3071 5849 ,
3099 5784 3244 5839 verbi
3276 5785 3448 5853 gratia
3470 5825 3484 5845 .
3532 5784 3604 5839 de
3634 5782 3847 5838 Jerusa-

2258 5884 2361 5940 lem
2398 5888 2479 5940 vel
2509 5886 2577 5941 de
2610 5887 2783 5957 aliqua
2812 5886 3049 5956 gentium
3080 5884 3334 5953 civitate,
3381 5886 3503 5942 sive
3534 5886 3712 5956 Tyro,
3748 5886 3847 5938 sive
