3986 6382
234 376 319 439 969

1339 339 1776 403 THESAURUS.
1815 336 1967 399 CAP.
2009 341 2334 402 CCLXXXI.

3379 346 3484 404 970

234 477 516 556 Babylonia,
548 475 660 533 sive
685 468 790 528 alia
819 465 1066 541 quaelibet
1102 464 1295 522 dicitur
1323 462 1520 533 aliquid
1553 459 1777 518 in‘Scri-
1805 467 1858 526 Α
1884 456 2133 556 gentibus
2165 458 2462 556 redditum,
2494 453 2710 556 ct-illud
2739 455 2882 526 quod
2906 454 2984 556 ait
3009 457 3326 556 Apostolus,
3352 475 3477 518 cum

233 573 371 641 pluris
399 569 601 626 sanctis
629 565 769 637 quod
810 563 1024 619 modum
1053 560 1171 630 ejus
1200 559 1458 624 excedat,
1504 565 1556 612 et
1582 573 1777 615 conve-

228 669 320 723 niat
356 666 531 737 potius
563 663 808 720 omnibus
846 660 1132 732 gentibus:
1161 675 1341 715 verum
1373 659 1536 713 etiam
1577 658 1646 712 de
1683 659 1777 715 Ju-

225 761 337 827 dtca,
384 761 451 815 de
505 756 761 829 Egypto,
808 755 874 811 de
923 754 1164 826 Assyria,
1214 763 1267 809 et
1312 767 1628 824 quacunque
1673 753 1774 808 alia

221 864 352 924 gente
373 855 424 908 in
453 869 557 923 qua
586 861 712 908 sunt
741 851 988 924 plurimae
1025 851 1302 918 civitates,
1341 866 1447 906 non
1487 860 1665 906 tamen
1695 859 1776 906 to-

220 959 292 1001 tus
315 947 471 1014 orbis,
524 945 620 1001 sed
652 960 776 1015 pars
813 943 931 1014 ejus
959 953 1061 1010 est,
1115 943 1313 998 dicitur
1343 943 1487 1014 quod
1532 953 1774 1000 transeat

218 1041 316 1110 ejus
343 1041 572 1105 modum,
610 1048 664 1094 et
683 1047 946 1109 congruat
978 1038 1151 1107 potius
1176 1038 1448 1108 universo,
1480 1038 1631 1108 cujus
1657 1038 1774 1094 haac

213 1149 318 1204 pars
357 1142 460 1197 est;
497 1132 604 1196 vel,
640 1120 796 1187 sicuti
833 1132 933 1187 iste
959 1131 1220 1201 appellat,
1254 1130 1438 1201 generi
1465 1131 1616 1199 cujus
1659 1131 1774 1188 lucc

210 1230 393 1301 species
429 1229 576 1302 [est].
630 1228 784 1284 Unde
821 1237 877 1283 et
918 1228 970 1282 in
1016 1227 1260 1282 notitiam
1307 1226 1450 1296 vulgi
1479 1226 1639 1282 verba
1672 1226 1772 1281 ista

211 1333 468 1390 venerunt,
497 1331 554 1376 ut
576 1322 735 1378 etiam
762 1322 943 1376 idiota:
967 1320 1270 1390 intelligant
1293 1319 1418 1390 quid
1441 1318 1769 1390 specialiter,

211 1416 320 1487 quid
359 1415 679 1486 generaliter
723 1416 774 1469 in
821 1428 1141 1485 quocunque
1184 1421 1454 1484 praecepto
1504 1412 1772 1482 imperiali

209 1511 272 1564 sit
295 1510 653 1565 constitutum.
687 1508 774 1563 Fit
807 1509 906 1563 hoc
937 1509 1099 1562 etiam
1135 1505 1202 1560 de
1245 1505 1579 1572 hominibus,
1631 1505 1774 1560 sicut

205 1627 262 1669 ea
285 1628 388 1682 qua:
409 1612 477 1668 de
502 1611 794 1667 Salomone
814 1608 1065 1664 dicuntur
1090 1607 1357 1664 excedunt
1384 1609 1502 1678 ejus
1526 1607 1771 1674 modum,

207 1715 258 1762 et
282 1705 443 1774 potius
474 1704 539 1758 ad
566 1703 838 1759 Christum
871 1702 956 1756 vel
989 1701 1311 1767 Ecclesiam,
1343 1700 1496 1771 cujus
1528 1700 1619 1755 ille
1645 1714 1773 1770 pars

206 1806 298 1864 est,
324 1799 484 1852 relata
517 1796 844 1851 clarescunt.
874 1793 983 1850 Nec
1010 1795 1192 1865 specie
1213 1808 1428 1864 semper
1449 1794 1767 1850 exceditur:

204 1903 334 1958 saepe
353 1889 494 1944 enim
528 1888 651 1943 talia
676 1887 925 1944 dicuntur
956 1903 1076 1958 quae
1103 1886 1232 1960 {vel}
1264 1888 1312 1943 ei
1342 1902 1576 1958 quoque,
1604 1886 1687 1942 vel
1718 1886 1769 1942 ei
1803 1883 1851 1944 B

196 1981 409 2038 fortasse
455 1980 825 2036 tantummodo
880 1980 1221 2050 apertissime
1277 1989 1612 2050 congruant;
1671 1981 1767 2036 sed

194 2094 302 2134 cum
330 2078 393 2134 ab
417 2080 596 2149 specie
628 2079 884 2133 transitur
927 2079 995 2134 ad
1038 2095 1240 2149 genus,
1285 2081 1438 2150 quasi
1475 2080 1656 2135 adhuc
1701 2080 1769 2136 de

191 2173 359 2242 specie
382 2173 636 2242 loquente
663 2172 964 2242 Scriptura,
1004 2172 1075 2228 ibi
1104 2172 1328 2244 vigilare
1360 2173 1520 2229 debet
1550 2173 1767 2228 lectoris

191 2265 430 2333 intentio,
465 2282 533 2323 ne
564 2275 769 2337 quaerat
798 2266 848 2320 in
881 2267 1062 2336 specie
1091 2267 1233 2335 quod
1273 2269 1328 2321 in
1354 2282 1554 2338 genere
1585 2275 1768 2336 potest

190 2359 371 2414 melius
401 2368 455 2415 et
497 2361 698 2415 certius
744 2361 1004 2415 invenire.
1056 2360 1235 2415 Facile
1281 2368 1365 2415 est
1392 2360 1587 2430 quippe
1634 2359 1766 2414 illud

192 2451 328 2520 quod
355 2453 428 2506 ait
453 2455 711 2520 pr0pheta
744 2451 997 2506 Ezechiel
1026 2469 1038 2504 :
1069 2452 1267 2506 Domus
1297 2452 1463 2506 Israel
1503 2451 1768 2507 habitavit

183 2540 235 2595 in
267 2550 424 2607 terra,
459 2551 512 2597 et
536 2543 842 2611 polluerunt
889 2543 1034 2597 illam
1065 2543 1118 2598 in
1150 2545 1236 2599 via
1275 2559 1391 2610 sua,
1422 2553 1479 2600 et
1520 2544 1573 2600 in
1606 2544 1765 2601 idolis

179 2635 308 2702 suis,
335 2644 388 2690 et
418 2637 652 2706 peccatis
683 2637 794 2691 suis
823 2653 836 2690 :
869 2637 1162 2692 secundum
1190 2636 1587 2692 immunditiam
1614 2653 1768 2693 men-

177 2734 396 2782 struatae
424 2728 560 2783 facta
608 2737 689 2783 est
717 2728 803 2782 via
846 2745 1035 2784 eorum
1078 2739 1203 2786 ante
1233 2728 1426 2786 faciem
1468 2746 1678 2798 meam,
1710 2741 1766 2787 et

174 2819 334 2876 effudi
380 2822 512 2876 iram
543 2838 718 2878 meam
749 2839 911 2892 super
938 2839 1063 2891 eos,
1109 2835 1163 2881 et
1199 2825 1431 2897 dispersi
1469 2825 1590 2883 illos
1620 2825 1765 2882 inter

172 2917 441 2985 nationes,
474 2927 528 2973 et
553 2918 812 2974 ventilavi
836 2934 931 2976 eos
953 2920 1007 2975 in
1039 2921 1285 2992 regiones
1326 2922 1625 2978 secundum
1648 2922 1764 2977 vias

170 3023 380 3077 eorum,
415 3018 470 3065 et
520 3013 816 3067 secundum
867 3021 1086 3082 peccata
1135 3029 1323 3070 eorum
1370 3014 1606 3085 judicavi
1645 3032 1760 3084 eos;

162 3103 325 3160 facile
369 3115 451 3161 est
500 3106 798 3177 (inquam)
855 3107 958 3165 hoc
1008 3109 1313 3181 intelligere
1350 3110 1420 3167 de
1457 3113 1548 3168 illa
1600 3113 1762 3169 domo

159 3195 355 3264 Israel,
388 3199 454 3254 de
482 3214 586 3269 qua
611 3199 744 3254 dicit
773 3201 1067 3270 Apostolus
1094 3219 1105 3254 :
1143 3201 1335 3258 Videte
1367 3203 1533 3259 Israel
1566 3220 1762 3261 secun-

157 3289 291 3345 dum
320 3305 559 3354 carnem;
591 3290 712 3361 quia
733 3292 849 3347 haec
877 3293 1056 3347 omnia
1084 3293 1319 3350 carnalis
1340 3295 1566 3366 populus
1590 3296 1758 3353 Israel
1789 3277 1836 3342 (ἶ

156 3392 216 3438 et
248 3383 375 3439 fecit
396 3393 448 3438 et
471 3399 659 3453 passus
685 3393 802 3451 est;
847 3386 954 3440 alia
996 3388 1160 3442 etiam
1192 3403 1312 3459 quae
1340 3400 1640 3458 sequuntur
1671 3393 1756 3446 ei-

149 3477 282 3533 dem
316 3479 687 3549 intelliguntur
713 3480 910 3550 populo
938 3483 1233 3537 convenire
1266 3502 1278 3536 :
1311 3485 1404 3538 sed
1432 3500 1554 3540 cum
1579 3499 1760 3556 cmpe-

146 3569 227 3624 rit.
274 3569 502 3626 dicere:
538 3570 605 3627 Et
653 3570 1002 3628 sanctificabo
1042 3588 1239 3629 nomen
1282 3590 1461 3629 meum
1509 3586 1759 3633 sanctum

143 3659 292 3716 illud
342 3678 619 3732 magnum,
670 3665 812 3734 quod
860 3664 1120 3733 pollutum
1171 3675 1255 3722 est
1298 3669 1440 3723 inter
1485 3670 1756 3740 nationes,

141 3755 302 3824 quod
341 3755 608 3825 pollnistis
649 3757 702 3812 in
744 3757 923 3813 medio
964 3774 1179 3827 earum,
1227 3770 1281 3816 et
1329 3763 1504 3817 scient
1543 3772 1755 3833 gentes,

136 3849 416 3917 quoniam
447 3865 546 3920 ego
572 3866 690 3907 sum
725 3851 982 3908 Dominus
1012 3853 1157 3922 :jam
1191 3853 1431 3911 intentus
1451 3855 1614 3912 debet
1634 3873 1759 3913 esse

134 3939 242 4008 qui
271 3939 404 4009 legit
432 3942 884 4010 quemadmodum
910 3945 1117 4013 species
1148 3949 1461 4015 excedatur,
1490 3958 1543 4005 et
1565 3951 1758 4020 adjun-

132 4036 318 4095 gatur
359 4044 569 4098 genus;
602 4033 846 4100 sequitur
877 4035 1019 4089 enim
1051 4044 1106 4091 et
1134 4039 1262 4094 dicit
1292 4055 1307 4093 :
1357 4041 1492 4094 Dum
1522 4045 1761 4098 sanctifi-

131 4117 327 4172 cabor
351 4121 407 4175 in
430 4121 583 4178 vobis
609 4134 736 4178 ante
752 4127 938 4181 oculos
961 4143 1170 4196 eorum,
1199 4141 1253 4185 et
1273 4133 1532 4201 accipiam
1561 4151 1656 4190 vos
1686 4136 1758 4193 de

125 4213 412 4283 gentibus
437 4257 451 4283 ,
491 4225 544 4272 et
572 4219 912 4288 congregabo
942 4234 1042 4275 vos
1081 4237 1144 4276 ex
1175 4224 1425 4279 omnibus
1459 4229 1652 4292 terris,
1704 4239 1760 4284 et

123 4307 415 4363 inducam
447 4324 543 4365 vos
586 4311 638 4365 in
685 4320 887 4367 terram
938 4323 1193 4384 vestram,
1244 4327 1298 4373 et
1336 4334 1617 4391 aspergam
1657 4337 1756 4378 vos

119 4415 290 4470 aqua
324 4401 546 4469 munda,
575 4411 630 4458 et
653 4403 1041 4461 mundabimini
1065 4407 1133 4463 ab
1163 4409 1415 4466 omnibus
1447 4413 1756 4471 simulacris

114 4494 372 4560 vestris,
422 4505 476 4550 et
504 4495 779 4553 mundabo
809 4513 926 4567 vos,
977 4509 1030 4554 et
1057 4501 1197 4557 dabo
1223 4503 1376 4559 vobis
1404 4520 1501 4561 cor
1530 4522 1752 4578 novum,

113 4597 188 4642 et
220 4588 486 4657 spiritum
519 4606 718 4645 novum
750 4591 888 4648 dabo
915 4594 966 4648 in
999 4609 1113 4662 vos,
1144 4605 1199 4652 et
1225 4598 1463 4655 auferam
1492 4616 1588 4657 cor
1617 4601 1754 4672 lapi-

104 4679 308 4736 deum
346 4681 417 4736 de
459 4697 621 4738 carne
650 4693 850 4752 vestra,
881 4693 936 4741 et
978 4685 1116 4744 dabo
1145 4689 1300 4746 vobis
1339 4707 1432 4749 cor
1462 4670 1746 4762 carneum,
1780 4670 1838 4733 D

101 4781 177 4828 et
211 4772 492 4843 Spiritum
525 4791 702 4832 meum
748 4777 887 4834 dabo
927 4779 980 4835 in
1007 4796 1122 4843 vos,
1157 4791 1210 4839 et
1239 4785 1429 4843 faciam
1461 4797 1521 4843 ut
1549 4788 1601 4845 in
1629 4789 1750 4861 jus-

98 4865 274 4920 titiis
334 4867 474 4923 meis
510 4870 819 4936 ambuletis,
852 4881 904 4926 et
940 4871 1145 4942 judicia
1185 4894 1307 4934 mea
1347 4881 1663 4940 custodiatis
1693 4895 1751 4942 et

94 4958 382 5028 faciatis,
431 4969 485 5017 et
526 4961 838 5019 habitabitis
882 4965 935 5020 in
967 4974 1106 5022 terra
1135 4985 1295 5040 quam
1325 4973 1447 5030 dedi
1505 4979 1751 5046 patribus

91 5054 378 5122 vestris,
411 5064 466 5111 et
493 5056 642 5112 eritis
663 5057 793 5112 mihi
841 5058 895 5114 in
921 5061 1195 5131 populum,
1232 5075 1289 5122 et
1321 5083 1423 5139 ego
1469 5086 1564 5126 ero
1598 5074 1752 5131 vobis

86 5150 163 5204 in
207 5149 426 5217 Deum,
477 5158 531 5205 et
562 5152 833 5207 mundabo
858 5168 956 5210 vos
981 5171 1046 5212 ex
1095 5160 1347 5217 omnibus
1388 5164 1747 5226 immunditiis

84 5242 365 5296 vestris.
401 5241 512 5297 Hoc
537 5243 605 5299 de
638 5244 786 5304 Novo
813 5246 1162 5308 Testamento
1189 5268 1309 5310 esse
1340 5258 1744 5332 prophetatum,

79 5333 175 5387 ad
214 5333 390 5403 quod
419 5336 650 5404 pertinet
674 5354 782 5394 non
811 5339 980 5397 scium
1014 5360 1120 5400 una
1138 5362 1272 5417 gens
1294 5348 1387 5405 illa
1417 5351 1469 5406 in
1499 5353 1746 5426 reliquiis

76 5425 262 5493 suis,
301 5426 382 5481 de
409 5428 600 5499 quibus
635 5431 762 5487 alibi
806 5435 1066 5506 scriptum
1097 5449 1182 5496 est
1216 5460 1228 5497 :
1261 5443 1320 5500 Si
1348 5444 1505 5502 fuerit
1549 5425 1743 5508 nume-

75 5531 204 5571 rus
242 5517 505 5574 filiorum
534 5519 696 5577 Israel
723 5523 863 5581 sicut
890 5542 1053 5586 arena
1086 5537 1273 5607 maris,
1308 5540 1552 5612 reliquiae
1576 5547 1744 5603 salvae

72 5613 301 5678 ﬁant;
361 5629 546 5669 verum
589 5616 752 5672 etiam
795 5632 1005 5679 caetera:
1058 5639 1247 5699 gentes
1290 5649 1411 5704 quae
1461 5641 1745 5708 promissae

69 5714 252 5760 sunt
292 5707 551 5776 patribus
575 5724 784 5781 eorum,
808 5715 1077 5785 quietiam
1108 5725 1279 5780 nostri
1308 5707 1468 5796 sunt,
1490 5745 1595 5787 non
1625 5748 1742 5790 am-

63 5800 250 5871 bigit
272 5801 535 5873 quisquis
558 5805 814 5880 intuetur,
843 5811 1184 5874 etlavacrum
1210 5826 1638 5891 regenerationis
1653 5829 1741 5886 hic

64 5893 313 5971 [hinc]
350 5909 472 5985 ess_e
500 5902 848 5971 promissum,
879 5909 1024 5979 quod
1054 5927 1196 5976 nunc
1223 5913 1465 5978 videmus
1486 5923 1738 5985 omnibus

421 5977 691 6056 PATBOL.
739 5977 934 6054 LXII.
1413 5977 1458 5978 π
1495 5977 1786 6100 Mm"

1885 551 2217 607 Testamenti
2248 549 2384 606 Novi
2428 550 2655 620 gratiam
2684 550 3112 620 commendaret,
3154 562 3212 608 ut
3242 553 3296 608 in
3324 569 3477 611 com-

1882 647 2159 712 paratione
2217 643 2428 700 Veteris
2478 643 2740 699 emineret
2793 662 2806 698 :
2853 645 3093 716 Epistula
3139 655 3324 704 nostra
3375 664 3476 706 vos

1882 738 2030 804 estis,
2075 739 2271 809 scripta
2304 755 2409 794 non
2441 747 2766 807 atramento,
2818 740 2913 796 sed
2961 742 3167 812 Spiritu
3198 744 3295 800 Dei
3339 746 3474 818 vivi,

1882 845 1988 886 non
2013 830 2067 886 in
2095 833 2293 888 tabulis
2315 832 2576 903 lapideis,
2607 834 2704 889 sed
2733 834 2786 889 in
2811 834 3004 891 tabulis
3033 839 3215 894 cordis
3236 841 3468 895 carnali-

1879 923 2000 992 bus,
2035 925 2158 981 hinc
2187 941 2307 981 esse
2336 926 2556 996 respicit
2582 935 2637 982 et
2665 927 2923 998 perspicit
2951 930 3172 986 ductum
3201 931 3470 1003 [dictum],

1879 1017 1973 1073 ubi
2016 1017 2117 1073 iste
2149 1019 2406 1088 propheta
2451 1020 2623 1074 dicit:
2659 1021 2809 1078 Dabo
2854 1022 3010 1079 vobis
3050 1038 3144 1079 cor
3185 1040 3384 1081 novum
3419 1036 3475 1080 et

1879 1109 2124 1179 spiritum
2168 1125 2363 1166 novum
2395 1111 2531 1168 dabo
2563 1111 2615 1167 in
2658 1128 2774 1179 vos,
2814 1122 2869 1170 et
2917 1115 3158 1170 auferam
3197 1131 3292 1171 cor
3328 1117 3468 1186 lapi-

1879 1203 2035 1258 deum
2049 1203 2116 1258 de
2133 1219 2295 1259 carne
2308 1204 2720 1273 vestra,etdabo
2739 1205 2895 1261 vobis
2916 1221 3299 1264 corcarneum.
3319 1206 3472 1264 Unde

1879 1297 1954 1351 ait
1980 1297 2302 1367 Apostolus:
2333 1297 2554 1353 Tabulis
2591 1298 2772 1355 cordis
2797 1300 3132 1366 carnalibus;
3159 1315 3254 1357 cor
3273 1302 3472 1373 quippe

1879 1402 2136 1444 carneum
2184 1404 2215 1443 a
2253 1388 2418 1445 corde
2463 1389 2674 1461 lapideo
2701 1391 2873 1448 voluit
2898 1392 3006 1448 vita
3054 1394 3318 1450 sentiente
3355 1395 3472 1449 dis-

1877 1481 2047 1548 cerni,
2097 1490 2152 1536 et
2191 1497 2284 1551 per
2323 1481 2488 1537 vitam
2539 1483 2863 1540 sentientem
2913 1485 3236 1556 significavit
3271 1486 3469 1542 intelli-

1877 1582 2089 1642 gentem
2112 1591 2124 1626 ε
2144 1573 2220 1628 sic
2250 1573 2310 1629 fit
2337 1574 2498 1632 Israel
2526 1575 2803 1646 spiritalis,
2833 1592 2939 1633 non
2961 1580 3122 1635 unius
3144 1579 3344 1651 gentis,
3371 1581 3468 1636 sed

1878 1667 2118 1720 omnium
2152 1683 2272 1738 qua:
2319 1670 2596 1737 promissw
2635 1677 2761 1723 sunt
2790 1670 3030 1738 patrihus
3070 1671 3126 1726 in
3153 1687 3341 1728 eorum
3381 1688 3467 1729 sc-

1877 1762 2022 1816 mine
2046 1761 2188 1831 quod
2220 1772 2302 1816 est
2323 1762 2590 1818 Christus.
2626 1762 2722 1818 llic
2749 1778 2878 1834 ergo
2921 1763 3082 1820 Israel
3112 1765 3368 1836 spiritalis
3399 1769 3467 1822 ab

1879 1853 1970 1908 illo
1997 1853 2158 1909 Israel
2195 1855 2398 1910 carnali
2430 1854 2519 1924 qui
2552 1864 2632 1910 est
2662 1855 2819 1911 unius
2854 1856 3029 1926 gentis
3061 1859 3295 1914 novitate
3337 1875 3464 1929 gra-

1879 1947 1985 2015 tiae,
2007 1963 2110 2003 non
2129 1948 2409 2004 nobilitate
2427 1950 2634 2019 patriae,
2650 1960 2708 2005 et
2728 1959 2931 2019 mente,
2949 1967 3054 2006 non
3075 1961 3257 2022 gente,
3277 1953 3465 2008 distin-

1872 2039 2074 2108 guitur,
2106 2040 2200 2095 sed
2233 2040 2462 2096 altitudo
2507 2042 2816 2112 prophetica
2839 2084 2854 2110 ,
2903 2044 3030 2099 dum
3061 2045 3130 2100 de
3156 2044 3248 2099 illo
3278 2045 3363 2100 vel
3394 2047 3463 2100 ad

1869 2135 2019 2194 illum
2048 2140 2304 2210 loquitur,
2349 2141 2581 2196 latenter
2611 2143 2801 2197 transit
2827 2142 2893 2197 ad
2925 2143 3098 2211 hunc;
3124 2152 3326 2200 etcum
3355 2144 3469 2214 jam

1871 2233 1940 2288 de
1969 2235 2070 2288 isto
2101 2235 2185 2289 vel
2214 2235 2280 2289 ad
2322 2236 2479 2290 istum
2527 2239 2797 2305 loquatur,
2847 2236 3023 2291 adhuc
3067 2238 3136 2292 de
3169 2238 3260 2292 illo
3290 2239 3373 2293 vel
3394 2238 3462 2293 ad

1869 2321 2022 2377 illum
2053 2323 2261 2379 videtur
2307 2325 2466 2394 loqui,
2527 2339 2632 2380 non
2677 2326 3014 2382 intellectum
3065 2327 3465 2396 Scripturarum

1870 2414 2026 2470 nobis
2053 2416 2202 2484 quasi
2235 2416 2501 2472 hostiliter
2542 2417 2792 2473 invidens
2812 2463 2826 2488 ,
2878 2419 2974 2475 sed
3002 2434 3261 2476 exercens
3293 2422 3468 2477 medi-

1869 2505 2115 2561 cinaliter
2144 2507 2278 2579 [cor]
2313 2517 2571 2564 nostrum.
2608 2509 2759 2566 Unde
2798 2519 2852 2566 et
2893 2511 3021 2566 illud
3053 2511 3198 2582 quod
3241 2513 3356 2583 ait,
3392 2513 3466 2568 Et

1868 2597 2117 2654 inducam
2151 2615 2242 2656 vos
2271 2601 2322 2656 in
2359 2612 2553 2657 terram
2587 2612 2850 2671 vestram,
2885 2615 2940 2658 et
2969 2605 3132 2675 paulo
3166 2615 3307 2677 post,
3343 2617 3462 2662 tan-

1869 2705 2028 2760 quam
2069 2692 2118 2747 id
2147 2693 2322 2763 ipsum
2359 2705 2629 2764 repetens,
2674 2696 2744 2750 Et
2782 2696 3133 2767 habitabilis,
3165 2699 3374 2768 inquit,
3409 2701 3464 2756 in

1870 2793 2011 2839 terra
2044 2799 2198 2854 quam
2229 2786 2350 2840 dedi
2386 2787 2626 2854 patribus
2657 2788 2874 2855 vestris,
2908 2804 3017 2846 non
3042 2791 3354 2855 carnaliter,
3386 2792 3463 2847 si-

1870 2883 1963 2930 cut
1994 2876 2225 2932 carnalis
2269 2878 2455 2948 Israel,
2503 2879 2597 2935 sed
2637 2879 2969 2951 spiritaliter,
3017 2882 3158 2939 sicut
3201 2885 3460 2954 spiritalis

1870 2968 2056 3039 Israel,
2091 2969 2349 3026 debemus
2374 2972 2641 3042 accipere.
2692 2974 2934 3030 Ecclesia
2973 2976 3175 3049 quippe
3205 2978 3322 3035 sine
3346 2993 3449 3035 ma-

1869 3062 1988 3116 cula
2033 3071 2087 3116 et
2121 3078 2272 3133 ruga,
2307 3079 2374 3118 ex
2405 3065 2656 3120 omnibus
2696 3067 2945 3136 gentibus
2988 3079 3343 3140 congregata,
3375 3081 3463 3128 at-

1868 3169 1971 3226 que
2021 3155 2076 3210 in
2129 3166 2389 3212 aeternum
2422 3167 2708 3229 regnatura
2759 3173 2880 3214 cum
2935 3157 3172 3228 Christo,
3223 3162 3340 3233 ipsa
3379 3173 3465 3222 est

1867 3255 2014 3303 terra
2060 3247 2364 3317 beatorum,
2414 3260 2556 3305 terra
2587 3250 2909 3318 viventium,
2961 3251 3077 3323 ipsa
3111 3253 3465 3326 intelligenda

1865 3351 1948 3397 est
1985 3343 2226 3411 patribus
2263 3343 2421 3410 data,
2474 3344 2688 3413 quando
2733 3345 2811 3399 eis
2841 3353 2991 3399 certa
3038 3354 3093 3400 et
3138 3346 3464 3404 immutabili

1865 3429 1961 3485 Dei
1993 3431 2268 3486 voluntate
2315 3433 2583 3501 promissa
2621 3442 2706 3488 est
2733 3450 2746 3488 :
2774 3433 3025 3502 quoniam
3066 3435 3179 3505 ipsa
3229 3439 3464 3507 promis-

1865 3521 2035 3577 sionis
2075 3523 2158 3578 vel
2199 3522 2694 3592 prmdestinationis
2740 3523 2991 3580 ﬁrmitate
3029 3526 3142 3595 jam
3188 3528 3309 3583 data
3355 3541 3460 3598 cst,

1866 3630 1986 3685 quae
2013 3615 2188 3670 danda
2219 3630 2318 3672 suo
2349 3625 2593 3686 tempore
2621 3631 2648 3670 a
2677 3616 2920 3686 patribus
2951 3617 3154 3673 credita
3181 3627 3284 3685 est,
3319 3620 3461 3678 sicut

1868 3706 1964 3764 Dei
1995 3708 2108 3779 ipsa
2133 3713 2301 3780 gratia
2327 3723 2448 3780 quae
2475 3709 2676 3765 sanctis
2703 3711 2858 3766 datur
2886 3711 3127 3768 scribens
3171 3713 3238 3768 ad
3270 3714 3460 3770 Timo-

1868 3801 2051 3859 theum
2092 3804 2383 3873 Apostolus
2409 3801 2483 3858 ait
2516 3821 2529 3857 :
2560 3803 2674 3860 Non
2717 3805 3010 3861 secundum
3040 3822 3203 3877 opera
3247 3819 3458 3878 nostra,

1865 3897 1962 3954 sed
1989 3899 2284 3955 secundum
2312 3915 2466 3956 suum
2496 3901 2830 3972 propositum
2862 3911 2918 3958 et
2938 3902 3163 3972 gratiam
3185 3920 3304 3976 quae
3331 3906 3458 3964 data

1866 4000 1950 4046 est
1979 3993 2134 4047 nobis
2165 3991 2220 4047 in
2254 3993 2472 4048 Christo
2501 3993 2650 4058 Jesu,
2701 4003 2825 4049 ante
2856 3996 3049 4051 saecula
3079 4005 3304 4067 aeterna,
3336 4016 3455 4057 ma-

1865 4084 2112 4158 nifestata
2149 4092 2328 4140 autem
2374 4100 2516 4140 nunc
2557 4101 2653 4156 per
2681 4087 2971 4142 adventum
3010 4087 3311 4145 Salvatoris
3353 4108 3456 4148 no-

1864 4174 1979 4230 stri.
2015 4175 2200 4230 Datam
2226 4177 2362 4232 dixit
2388 4178 2617 4248 gratiam
2642 4220 2658 4246 ,
2708 4179 2923 4250 quando
2952 4195 3052 4237 nec
3082 4191 3240 4238 erant
3279 4184 3457 4242 adhuc

1865 4267 2057 4338 quibus
2112 4268 2366 4337 daretur,
2415 4272 2668 4340 quoniam
2710 4272 2764 4328 in
2811 4273 3166 4344 dispositione
3205 4292 3269 4333 ac
3313 4294 3459 4349 prae-

1866 4362 2224 4418 destinatione
2251 4362 2346 4420 Dei
2374 4365 2486 4434 jam
2531 4366 2728 4422 factum
2771 4378 2886 4425 erat
2913 4371 3056 4441 quod
3085 4386 3182 4428 suo
3211 4381 3456 4444 tempore

1864 4453 2100 4510 futurum
2124 4465 2261 4524 erat,
2285 4458 2426 4526 quod
2444 4472 2562 4515 esse
2590 4460 2722 4518 dicit
2748 4463 3166 4519 manifestatum.
3198 4465 3457 4532 Quamvis

1865 4550 1982 4603 haec
2008 4552 2214 4618 possint
2243 4551 2624 4623 intelligietde
2652 4564 2793 4613 terra
2820 4556 2984 4614 futuri
3011 4559 3216 4626 seculi,
3241 4559 3456 4630 quando

1864 4642 1969 4698 erit
1996 4643 2191 4700 coelum
2223 4660 2421 4702 novum
2462 4656 2517 4703 et
2546 4656 2691 4705 terra
2721 4664 2882 4717 nova,
2916 4652 2970 4706 in
2997 4667 3100 4723 qua
3130 4651 3316 4723 injusti
3358 4657 3454 4708 ha-

1861 4732 2040 4791 bitare
2076 4753 2181 4793 non
2222 4748 2498 4809 poterunt.
2533 4740 2601 4795 Et
2626 4740 2748 4797 ideo
2779 4753 2922 4799 recte
2947 4743 3139 4798 dicitur
3180 4746 3284 4815 piis
3311 4745 3454 4816 quod

1871 4829 1992 4899 ipsa
2022 4831 2093 4885 sit
2123 4840 2266 4886 terra
2297 4848 2508 4898 eorum,
2538 4849 2656 4904 quae
2679 4835 2788 4889 ulla
2814 4851 2876 4891 ex
2905 4846 3056 4906 parte
3083 4854 3190 4893 non
3222 4840 3325 4895 erit
3357 4841 3454 4893 im-

1860 4921 2105 4991 piorum,
2157 4924 2280 4992 quia
2328 4933 2384 4979 et
2427 4925 2538 4993 ipsa
2595 4925 2842 4982 similiter
2894 4928 3014 4982 data
3069 4939 3182 4997 est,
3235 4930 3451 5000 quando

1861 5013 2257 5083 dandalﬁrmata
2278 5024 2378 5071 est.
2405 5017 2662 5083 Quintam
2682 5019 2990 5089 Tychonius
3016 5022 3255 5090 regulam
3274 5022 3449 5090 ponit,

1862 5120 2022 5175 quam
2054 5105 2122 5160 de
2165 5105 2523 5177 Temporibus
2561 5111 2821 5180 appellat,
2869 5128 2973 5182 qua
2999 5112 3182 5182 regula
3215 5111 3454 5181 plerum~

1862 5211 1970 5268 que
2015 5197 2247 5254 inveniri
2289 5200 2376 5256 vel
2407 5201 2602 5272 conjici
2650 5205 2822 5273 possit
2853 5204 3027 5258 latens
3059 5203 3110 5258 in
3155 5203 3450 5272 Scripturis

1860 5289 2061 5346 sanctis
2090 5293 2359 5361 quantitas
2403 5302 2725 5364 temporum.
2777 5295 2996 5351 Duobus
3039 5304 3219 5351 autem
3264 5295 3451 5351 modis

1859 5381 2042 5451 vigere
2067 5381 2199 5438 dicit
2227 5385 2362 5441 hanc
2389 5385 2493 5457 57
2521 5388 2786 5457 regulam,
2819 5397 2910 5441 aut
2941 5395 3096 5458 tropo
3158 5389 3450 5466 συνεκδοχῇ

1858 5485 1952 5532 aut
1998 5478 2248 5549 legitimis
2295 5482 2580 5537 numeris:
2614 5491 2772 5551 tropo
2827 5481 3058 5556 [tropus]
3102 5487 3446 5558 synecdoche

1862 5577 1954 5623 aut
1981 5583 2010 5623 a
2041 5580 2192 5639 parte
2229 5579 2398 5628 totum
2427 5582 2518 5628 aut
2559 5587 2588 5628 a
2625 5583 2735 5628 t0to
2779 5583 2986 5642 partem
3021 5575 3149 5630 facit
3195 5578 3446 5646 intelligi,

1860 5661 2000 5718 sicut
2032 5678 2172 5719 unus
2220 5666 2556 5736 evangelista
2602 5674 2725 5736 post
2771 5666 2886 5722 dies
2915 5675 3036 5722 octo
3081 5668 3277 5723 factum
3319 5670 3448 5724 dicit

1859 5753 2002 5824 quod
2028 5754 2166 5812 alius
2194 5767 2315 5826 post
2343 5755 2457 5813 dies
2480 5773 2596 5825 sex,
2629 5758 2843 5829 quando
2875 5757 2926 5813 in
2956 5771 3158 5827 monte,
3206 5763 3446 5829 discipu-

1857 5843 1925 5900 Iis
1944 5854 2150 5903 tantum
2181 5850 2347 5906 tribus
2373 5850 2749 5921 praesentibus,
2778 5850 2945 5908 facies
2972 5851 3184 5910 Domini
3214 5853 3363 5910 fulsit
3395 5866 3445 5912 ut

1856 5934 1975 6008 sol,
2000 5947 2059 6001 et
2087 5940 2406 6008 vestimenta
2444 5941 2564 6012 ejus
2596 5950 2654 6001 ut
2683 5943 2776 6002 nix
2808 5958 2823 6002 :
2853 5953 3141 6020 utrumque
3170 5947 3314 6004 enim
3357 5963 3429 6004 ve

2845 6038 2917 6099 31
