3986 6382
548 271 663 335 171⁵

1629 271 1691 329 D.
1733 270 2055 329 EUGYPPII
2095 273 2393 330 ABBATIS
2429 273 2753 331 AFRICANI
3716 282 3803 340 979.

546 410 666 452 rum
694 408 814 449 esse
837 406 944 450 non
976 396 1160 463 posset
1188 389 1329 462 quod
1356 389 1428 445 de
1453 403 1679 445 numero
1703 389 1913 444 dierum
1936 388 2137 445 dictum
2162 404 2220 466 Α
2243 388 2517 460 paradiso,
2548 398 2655 446 etc.
2692 390 2820 446 Post
2860 388 2960 446 ista
3001 388 3145 446 enim
3176 388 3338 457 facta,
3385 388 3461 445 ibi
3485 395 3573 446 est
3620 391 3802 461 positus

546 498 651 553 est,
679 486 781 541 nisi
806 486 898 542 ille
920 486 1011 557 qui
1040 484 1175 540 dixit
1196 483 1326 539 Post
1354 482 1471 538 dies
1491 491 1635 550 octo,
1660 481 1995 552 intelligatur
2021 498 2146 553 par-

549 586 658 635 tem
690 576 1037 634 novissimam
1048 574 1155 632 diei
1172 589 1244 634 ex
1260 589 1367 645 quo
1392 574 1441 630 id
1464 572 1716 630 Christus
1735 575 1986 645 praedixit
2003 574 2144 630 tutuo

557 686 697 735 rum,
735 680 789 728 et
817 680 1023 741 partem
1054 670 1283 739 primam
1314 669 1419 725 diei
1462 684 1572 740 quo
1602 670 1655 724 id
1684 670 1921 726 ostendit
1950 669 2143 739 impie-

550 774 686 831 tum,
716 780 813 835 pro
840 765 966 820 totis
981 764 1173 820 diebus
1188 764 1397 821 duobus
1419 773 1580 834 atque
1602 765 1826 836 integris
1851 765 2099 835 posuisse
2123 780 2139 825 :

548 860 595 914 is
626 872 753 914 vero
779 858 870 928 qui
915 857 1051 913 dixit
1095 854 1223 913 Post
1252 856 1371 912 dies
1402 871 1497 912 sex
1518 896 1533 922 ,
1579 857 1818 928 integros
1859 870 2047 912 omnes
2086 861 2143 911 et

550 959 709 1017 totos,
748 950 843 1007 sed
878 952 1026 1007 solos
1043 952 1248 1008 medios
1272 960 1641 1022 computasse.
1672 952 1782 1007 Hoc
1807 952 1968 1008 modo
1983 952 2139 1008 locu-

547 1046 708 1103 tionis
736 1063 842 1119 quo
885 1049 1220 1119 signiﬁcatur
1254 1068 1285 1106 a
1327 1060 1480 1121 parte
1526 1059 1713 1117 totum,
1748 1048 1907 1105 etiam
1955 1049 2048 1105 illa
2069 1048 2140 1103 de

546 1143 944 1198 resurrectione
956 1140 1153 1199 Christi
1182 1144 1409 1199 solvitur
1437 1143 1697 1212 quaestio:
1724 1156 1847 1212 pars
1876 1141 2018 1197 enim
2043 1155 2137 1197 no-

545 1233 766 1289 vissima
800 1233 930 1301 diei,
975 1250 1083 1306 quo
1111 1249 1301 1305 passus
1330 1244 1437 1305 est,
1469 1233 1571 1289 nisi
1605 1248 1701 1303 pro
1742 1240 1853 1289 toto
1882 1231 1969 1287 die
1997 1230 2140 1286 acci-

482 1341 494 1355 ’
544 1326 743 1397 piatur,
774 1326 825 1380 id
848 1336 933 1382 est
955 1328 1209 1399 adjuncta
1238 1327 1403 1383 etiam
1429 1335 1587 1383 nocte
1615 1326 1913 1395 praeterita,
1944 1332 2000 1380 et
2030 1338 2138 1379 nox

543 1420 597 1475 in
626 1420 779 1491 cujus
807 1430 957 1491 parte
982 1422 1170 1477 ultima
1200 1421 1519 1486 resurrexit;
1545 1420 1649 1475 nisi
1678 1429 1821 1475 totus
1852 1419 1968 1474 dies
1994 1417 2136 1473 acci-

542 1516 741 1586 piatur,
774 1515 1029 1585 adjuncto
1075 1516 1283 1572 scilicet
1315 1516 1406 1571 die
1436 1515 1787 1571 illucescente
1834 1512 2132 1577 dominico,

541 1621 649 1661 non
682 1616 907 1677 possunt
947 1624 1071 1664 esse
1110 1617 1220 1664 tres
1250 1609 1365 1664 dies
1393 1618 1447 1663 et
1475 1617 1583 1665 tres
1609 1616 1818 1675 noctes,
1850 1606 2046 1677 quibus
2074 1620 2136 1662 se

539 1701 593 1757 in
620 1700 783 1757 corde
816 1712 976 1757 teme
1018 1702 1266 1772 praedixit
1312 1704 1573 1758 futurum.
1615 1702 1908 1773 Legitimos
1954 1707 2133 1755 autem

2246 482 2431 555 homo,
2479 485 2619 541 sicut
2660 500 2801 542 nunc
2824 485 2957 541 ordo
2988 485 3102 555 ipse
3142 485 3475 543 demonstrat
3507 501 3522 537 :
3557 499 3664 541 non
3702 496 3801 557 post

2246 577 2518 647 hominem
2554 578 2630 633 ibi
2659 579 2891 651 positum
2923 578 3063 635 facta
3094 590 3219 636 sunt
3248 580 3371 647 ista,
3410 577 3554 633 sicut
3583 579 3801 648 superius

2243 670 2445 727 dictum
2489 670 2661 742 putari
2692 681 2900 743 potest,
2932 670 3035 728 nisi
3065 669 3438 742 recapitulatio
3468 668 3583 726 illic
3610 669 3801 741 vigilan-

2244 772 2329 821 ter
2383 764 2757 835 intelligatur,‘
2792 781 2893 836 qua
2945 763 3154 820 reditur
3202 763 3272 819 ad
3325 778 3389 820 ea
3443 772 3571 833 qua
3623 757 3802 817 fuerant

2243 856 2627 928 praetermissa.
2661 854 2899 926 itemque
2923 855 2977 910 in
3008 854 3200 911 eodem
3228 853 3385 921 libro,
3430 866 3562 910 cum
3593 867 3800 909 commc-

2244 962 2585 1008 morarentur
2612 952 2987 1026 generationes
3017 949 3252 1006 ﬁliorum
3282 948 3419 1018 Noe,
3460 948 3666 1005 dictum
3695 958 3798 1006 est:

2244 1045 2307 1102 lii
2339 1046 2432 1103 ﬁlii
2454 1046 2622 1103 Cham
2649 1047 2703 1103 in
2734 1046 2976 1102 tribubus
3006 1047 3117 1102 suis
3138 1088 3151 1114 ,
3186 1043 3487 1102 secundum
3522 1042 3736 1115 linguas,
3759 1059 3797 1100 ill

2242 1140 2551 1211 regionibus
2573 1141 2707 1209 suis,
2739 1152 2794 1196 et
2823 1139 2875 1195 in
2902 1139 3151 1211 gentibus
3176 1137 3310 1213 suis.
3340 1137 3683 1195 Enumeratis
3696 1151 3798 1208 quo~

2241 1250 2346 1305 que
2377 1235 2501 1292 ﬁliis
2525 1235 2673 1304 Sem,
2703 1235 2901 1291 dicitur
2923 1230 3213 1309 [sequitur]
3239 1251 3252 1289 :
3289 1232 3351 1289 ili
3380 1231 3477 1290 lilii
3502 1230 3635 1290 Sem
3656 1232 3700 1287 in
3727 1233 3796 1287 tri-

2242 1329 2417 1386 bubus
2455 1331 2586 1396 suis,
2639 1329 2937 1386 secundum
2981 1328 3192 1400 linguas
3239 1343 3385 1395 suas,
3421 1326 3479 1384 in
3529 1326 3796 1399 regionibus

2240 1424 2377 1489 suis,
2406 1432 2459 1478 et
2487 1425 2536 1477 in
2561 1423 2811 1494 gentibus
2838 1423 2981 1490 suis;
3024 1429 3080 1479 et
3108 1419 3411 1477 adnectitur
3439 1419 3511 1475 de
3546 1419 3793 1475 omnibus:

2240 1515 2335 1571 lite
2368 1515 2535 1571 tribus
2568 1517 2802 1572 ﬁliorum
2834 1516 2968 1586 Noe,
3003 1513 3296 1573 secundum
3326 1513 3702 1586 generationes
3722 1527 3791 1569 eo-

2240 1624 2383 1677 rum,
2438 1611 2737 1666 secundum
2786 1617 2976 1681 gentes
3034 1623 3242 1666 eorum.
3303 1607 3388 1664 Ab
3438 1606 3531 1663 his
3584 1606 3791 1677 dispersa

2238 1712 2366 1759 sunt
2392 1703 2579 1759 insula:
2607 1704 2846 1775 gentium
2877 1718 3040 1775 super
3069 1711 3267 1759 terram
3294 1709 3422 1773 post
3450 1700 3714 1757 diluvium.
3736 1698 3789 1756 Et

539 1811 797 1852 numeros
822 1798 952 1853 dicit
979 1813 1116 1868 quos
1140 1799 1469 1855 eminentius
1486 1799 1669 1855 divina
1684 1797 1961 1868 Scriptura
1976 1811 2127 1853 com-
2156 1812 2207 1875 Β
2240 1808 2356 1853 erat
2377 1798 2553 1853 omnis
2579 1807 2716 1853 terra
2744 1794 2944 1852 iabium
2975 1813 3138 1853 unum
3156 1838 3172 1866 ,
3199 1804 3253 1852 et
3279 1808 3384 1853 Vox
3415 1810 3525 1850 una
3554 1792 3781 1856 omnibus;

538 1890 778 1955 mendat,
808 1888 946 1944 sicut
971 1892 1333 1959 septenarium
1364 1892 1448 1947 vel
1471 1891 1772 1959 denarium,
1806 1891 1891 1946 vel
1924 1890 2129 1946 duode-

538 1984 770 2055 narium,
795 1991 848 2037 et
868 1984 1173 2055 quicunque
1200 1986 1291 2040 alii
1313 1992 1460 2053 sunt,
1484 2000 1623 2056 quos
1647 1985 1877 2056 legendo
1897 1984 2129 2041 studiosi

539 2075 773 2132 libenter
802 2084 1120 2147 agnoscunt.
1165 2079 1490 2150 Plerumque
1531 2080 1675 2136 enim
1716 2073 1926 2137 numeri
1968 2080 2129 2151 hujus

539 2171 686 2226 modi
708 2185 805 2242 pro
831 2170 1085 2226 universo
1110 2180 1355 2243 tempore
1382 2182 1692 2244 ponuntur:
1718 2175 1876 2241 sicut,
1913 2174 2128 2245 Septies

538 2269 593 2320 in
623 2264 714 2321 dio
763 2265 992 2322 laudabo
1041 2276 1114 2333 te,
1164 2267 1299 2321 nihil
1329 2275 1411 2323 est
1450 2267 1595 2323 aliud
1648 2283 1845 2339 quam,
1899 2267 2130 2337 Semper

538 2359 653 2415 laus
698 2359 815 2431 ejus
858 2360 913 2414 in
956 2375 1053 2416 ore
1089 2377 1234 2417 meo.
1280 2360 1635 2417 Tantumdem
1689 2362 1870 2418 valent
1909 2372 1963 2418 et
2000 2376 2127 2418 cum

537 2452 959 2523 multiplicantur
988 2453 1104 2509 sive
1141 2469 1236 2524 per
1267 2454 1569 2519 denarium,
1616 2457 1756 2510 sicut
1786 2455 2128 2526 septuaginta

538 2556 595 2605 et
615 2548 966 2620 septingenti;
1010 2547 1154 2604 unde
1181 2558 1405 2619 possunt
1433 2558 1489 2604 et
1517 2549 1850 2620 septuaginta
1883 2549 2011 2605 anni
2036 2549 2129 2605 Je-

537 2641 723 2697 remire
756 2656 851 2710 pro
882 2641 1134 2696 universo
1166 2649 1415 2711 tempore
1445 2641 1797 2712 spiritualiter
1819 2643 1990 2713 accipi
2019 2659 2130 2715 quo

537 2747 621 2794 est
649 2738 789 2808 apud
835 2738 1039 2794 alienos
1087 2738 1327 2794 Ecclesia
1375 2738 1541 2793 :sive
1580 2751 1676 2808 per
1706 2738 1936 2808 seipsos,
1989 2739 2130 2795 sicut

536 2834 722 2890 decem
742 2848 838 2904 per
860 2832 1046 2890 decem
1068 2843 1284 2889 centum
1309 2840 1455 2901 sunt,
1480 2840 1537 2888 et
1563 2830 1849 2889 duodecim
1876 2847 1971 2903 per
1990 2832 2129 2889 duo-

535 2928 711 2984 decim
742 2934 961 2983 centum
993 2926 1345 2999 quadraginta
1368 2932 1617 2996 quatuor.
1651 2928 1768 2992 Quo
1797 2942 2022 2982 numero
2054 2927 2130 2981 si-

535 3020 817 3093 gniﬁcatur
839 3017 1164 3073 universitas
1187 3028 1497 3073 sanctorum
1520 3016 1574 3071 in
1596 3017 1941 3088 Apocalypsi.
1976 3016 2128 3072 Unde

535 3119 759 3181 apparet
786 3124 896 3165 non
917 3109 1065 3163 solas
1094 3117 1398 3179 temporum
1421 3112 1753 3179 quaestiones
1784 3109 1903 3163 istis
1936 3123 2127 3164 nume-

2234 1891 2339 1946 hoc
2365 1890 2545 1961 itaque
2574 1890 2714 1961 quod
2739 1890 3051 1961 adjunctum
3076 1897 3160 1945 est
3187 1905 3201 1944 :
3230 1886 3301 1944 Et
3329 1896 3455 1945 erat
3481 1888 3639 1943 omnis
3661 1895 3771 1940 terra

2232 1981 2435 2036 labium
2456 1998 2644 2049 unum,
2668 1992 2723 2038 et
2754 1998 2857 2038 vox
2881 1998 2984 2038 una
3000 1982 3270 2049 omnibus,
3287 1980 3342 2037 id
3370 1990 3480 2051 est,
3519 1996 3611 2037 una
3634 1980 3776 2049 lingua

2231 2077 2493 2145 omnium,
2522 2074 2596 2133 ita
2627 2076 2829 2134 dictum
2856 2076 3066 2134 videtur
3085 2086 3340 2149 tanquam
3368 2091 3435 2132 eo
3455 2077 3561 2147 jam
3584 2085 3783 2145 tempore

2231 2186 2338 2241 quo
2354 2170 2583 2242 dispersi
2602 2169 2815 2227 fuerant
2830 2186 2989 2243 super
3002 2180 3227 2238 terram,
3250 2169 3411 2226 etiam
3433 2168 3698 2225 secundum
3710 2167 3781 2223 in-

2231 2264 2376 2322 sulas
2404 2264 2641 2337 gentium
2683 2282 2787 2321 una
2820 2264 3245 2322 iueritomnibus
3271 2264 3438 2337 lingua
3470 2262 3775 2330 communis;

2232 2356 2371 2431 quod
2390 2360 2737 2432 proculdubio
2754 2370 3015 2432 repugnat
3036 2376 3096 2417 su
3104 2356 3592 2431 perioribusverbis,
3610 2354 3775 2411 ubidi-

2232 2461 2377 2509 ctum
2390 2462 2473 2510 est
2492 2469 2507 2509 :
2524 2453 2579 2509 in
2596 2454 2839 2521 tribubus
2853 2454 2989 2520 suis,
3018 2452 3310 2509 secundum
3327 2452 3526 2523 linguas
3542 2462 3685 2504 suas:
3702 2462 3781 2503 ne-

2231 2563 2336 2622 que
2352 2550 2496 2605 enim
2527 2547 2833 2605 dicerentur
2847 2547 3101 2605 habuisse
3111 2550 3220 2619 jam
3236 2544 3450 2619 linguas
3473 2560 3587 2603 suas
3597 2545 3778 2616 singula

2233 2640 2403 2698 tribus
2416 2658 2534 2713 qua:
2545 2651 2732 2713 gentes
2757 2639 2993 2713 singulas
3006 2641 3267 2709 fecerant,
3287 2638 3509 2713 quando
3523 2650 3622 2696 erat
3636 2638 3772 2693 omni-

2234 2735 2334 2791 bus
2347 2750 2449 2790 una
2460 2734 2869 2791 communis.Ac
2881 2750 2977 2805 per
2989 2733 3090 2789 hoc
3102 2732 3767 2804 recapitulandoadjunctum

2231 2836 2313 2883 est
2329 2846 2343 2883 :
2360 2824 2425 2883 Et
2448 2837 2565 2884 erat
2590 2825 2764 2883 omnis
2779 2836 2919 2883 terra
2947 2824 3147 2883 iabium
3177 2841 3373 2895 unum,
3388 2836 3448 2883 et
3468 2842 3561 2882 vox
3579 2840 3651 2880 una
3671 2835 3756 2877 ραις

2231 2920 2392 2977 nibus
2413 2919 2641 2979 latenter
2669 2916 2979 2977 narratione
3007 2919 3290 2987 redeunte,
3320 2930 3385 2975 ut
3410 2920 3637 2977 diceretur
3656 2929 3753 2987 quoi

2232 3014 2393 3071 modo
2434 3010 2633 3071 factum
2660 3014 2749 3084 sit,
2799 3024 2858 3071 ut
2901 3030 2966 3071 ex
2998 3030 3103 3069 una
3143 3010 3393 3070 omnium
3428 3013 3595 3085 lingua
3616 3006 3763 3065 iuetinl

2234 3109 2389 3164 divisi
2418 3120 2514 3180 per
2545 3109 2762 3178 multas,
2806 3115 2860 3166 et
2890 3109 3148 3165 continuo
3176 3108 3246 3164 de
3279 3107 3377 3164 illa
3408 3111 3571 3164 turris
3596 3103 3767 3161 aediﬁci-

534 3205 610 3260 ris
641 3218 763 3260 esse
794 3202 1079 3259 solvendas
1100 3244 1116 3271 ,
1155 3202 1251 3258 sed
1282 3202 1440 3258 latius
1472 3211 1662 3274 patere
1702 3204 2124 3275 signiﬁcationes
2151 3204 2202 3271 0
2236 3203 2383 3259 tione
2405 3212 2676 3269 narratur,
2702 3203 2791 3259 ubi
2818 3202 2933 3259 haec
2959 3202 3039 3259 eis
3064 3201 3269 3275 judicio
3296 3201 3493 3257 divino
3516 3200 3697 3270 ingesta
3714 3201 3763 3249 est

534 3311 721 3352 eorum
752 3305 807 3352 et
836 3296 887 3351 in
920 3292 1095 3351 multa
1134 3308 1491 3367 proserpere;
1539 3309 1714 3367 neque
1755 3296 1899 3351 enim
1932 3311 2127 3354 nume-

506 3378 625 3447 ~rus
672 3390 777 3446 iste
809 3377 1231 3460 in'Apocalypsi
1260 3387 1327 3444 ad
1360 3396 1604 3459 tempora
1633 3390 1902 3461 pertinet,
1934 3389 2029 3445 sed
2058 3389 2129 3445 ad

533 3484 797 3539 homines.
815 3484 1035 3540 Sextam
1052 3484 1292 3555 regulam
1307 3481 1616 3554 Tychonius
1627 3483 2125 3553 recapitulationem

532 3584 691 3633 vocat
738 3578 791 3631 in
835 3576 1167 3632 obscuritate
1215 3576 1616 3645 Scripturarum
1667 3577 1799 3632 satis
1840 3576 2128 3646 vigilanter

533 3670 828 3725 inventam.
880 3669 969 3725 Sic
1022 3670 1170 3725 enim
1217 3668 1471 3725 dicuntur
1521 3668 1788 3739 quaedam,
1839 3668 1993 3737 quasi
2038 3682 2126 3723 se-

535 3773 766 3834 quantur
792 3764 846 3817 in
878 3762 1069 3817 ordine
1095 3762 1354 3832 temporis
1384 3763 1467 3817 vel
1508 3774 1691 3816 rerum
1719 3760 2125 3816 continuatione

535 3862 841 3919 narrentur,
870 3868 989 3907 cum
1020 3852 1090 3908 ad
1120 3852 1297 3922 priora
1337 3867 1459 3924 qua:
1486 3853 1849 3924 praetermissa
1890 3860 2013 3907 sunt
2042 3852 2124 3907 ia-

534 3958 712 4004 tenter
742 3946 983 4003 narratio
1023 3952 1328 4014 revocetur,
1373 3945 1516 4017 quod
1558 3945 1660 4000 nisi
1693 3959 1759 3999 ex
1800 3943 1901 3999 hac
1939 3946 2123 4015 regula

533 4042 884 4113 intelligatur,
900 4047 1142 4105 erratur;
1163 4039 1304 4093 sicut
1318 4037 1374 4093 in
1402 4035 1601 4093 Genesi
1622 4054 1633 4090 :
1653 4036 1722 4092 Et
1743 4036 2024 4106 plantavit,
2040 4037 2122 4091 iu-

530 4137 668 4206 quit,
689 4134 945 4189 Dominus
958 4132 1104 4188 Deus
1118 4131 1427 4202 paradisum
1441 4131 1496 4186 in
1629 4126 1826 4202 [Eden]
1845 4128 1913 4185 ad
1937 4128 2121 4185 orien-

529 4252 660 4310 tem,
686 4252 743 4298 et
785 4240 959 4313 posuit
984 4239 1062 4296 ibi
1092 4238 1366 4295 hominem
1393 4235 1853 4309 quem_i‘ormavit,
1897 4246 1952 4293 et
1995 4250 2120 4307 pros

529 4336 685 4394 duxit
725 4335 865 4391 Deus
893 4333 1069 4389 adhuc
1098 4332 1165 4388 de
1197 4340 1340 4388 terra
1369 4347 1531 4389 omne
1559 4330 1766 4402 lignum
1814 4331 2116 4401 speciosum

528 4437 583 4484 et
610 4427 807 4483 bonum
837 4429 892 4482 in
921 4441 1135 4493 escam;
1185 4424 1258 4480 ita
1285 4424 1502 4481 videtur
1525 4424 1750 4489 dictum,
1780 4434 2030 4494 tanquam
2064 4424 2117 4479 id

526 4521 724 4577 factum
754 4522 845 4585 sit,
886 4529 1236 4592 posteaquam
1266 4518 1464 4575 factum
1490 4518 1677 4591 [Deus]
1716 4521 1894 4589 posuit
1937 4520 2116 4575 homi-

2238 3312 2394 3369 poena
2437 3295 2738 3369 superbiae,
2772 3305 2893 3369 post
2920 3294 3063 3368 quod
3094 3296 3291 3352 factum
3319 3295 3555 3366 dispersi
3580 3300 3689 3348 sunt
3710 3301 3771 3361 per

2237 3403 2435 3450 terram
2466 3392 2759 3449 secundum
2788 3388 2998 3464 linguas
3023 3406 3167 3447 suas.
3200 3386 3289 3446 Fit
3320 3388 3427 3446 ista
3463 3382 3775 3459 recapitulatia

2232 3476 2394 3565 etiam
2425 3484 2731 3561 obscurius,
2779 3488 2919 3542 sicut
2948 3484 3004 3542 in
3034 3483 3330 3556 Evangelia
3361 3482 3617 3541 Dominus
3645 3480 3778 3535 dicit:

2234 3581 2329 3637 Die
2354 3597 2461 3651 quo
2490 3580 2622 3637 exiit
2650 3580 2789 3636 Loth
2818 3595 2849 3635 a
2880 3579 3135 3637 Sodomis
3166 3577 3303 3651 pluit
3343 3576 3522 3651 ignem
3564 3574 3627 3633 de
3656 3574 3785 3639 coelo,

2233 3672 2288 3729 et
2342 3673 2577 3744 perdidit
2624 3688 2844 3742 omnes,
2896 3672 3192 3730 secundum
3232 3671 3350 3728 haec
3388 3672 3487 3728 erit
3536 3669 3649 3725 dies
3694 3660 3790 3723 Filii

2230 3760 2489 3833 hominis,
2540 3781 2648 3837 quo
2705 3766 3052 3822 revelabitur.
3106 3764 3165 3821 in
3220 3765 3308 3821 illa
3362 3767 3507 3829 hora,
3568 3761 3655 3829 qui
3706 3759 3793 3815 erit

2230 3861 2283 3914 in
2316 3868 2458 3915 tecto
2488 3868 2543 3915 et
2564 3875 2689 3916 vasa
2718 3860 2837 3932 ejus
2872 3858 2927 3916 in
2956 3860 3143 3928 domo,
3176 3875 3283 3915 non
3308 3855 3585 3913 descendat
3615 3854 3800 3910 tollere

2230 3942 2345 4018 illa,
2384 3960 2438 4005 et
2466 3953 2553 4019 qui
2597 3949 2653 4004 in
2696 3965 2826 4021 agro
2872 3950 3125 4006 similiter
3156 3967 3265 4007 non
3306 3955 3598 4005 revertatur
3633 3953 3797 4015 retro,

2228 4044 2533 4100 meminerit
2558 4043 2746 4101 uxoris
2777 4044 2933 4101 Loth.
2969 4044 3219 4118 Nunquid
3254 4062 3377 4101 cum
3419 4044 3674 4100 Dominus
3700 4041 3797 4097 iue-

2226 4139 2300 4191 rit
2325 4139 2619 4206 revelatus,
2664 4148 2789 4195 tunc
2834 4149 2958 4195 sunt
2984 4134 3085 4195 ista
3116 4138 3416 4208 servanda,
3447 4155 3519 4197 ne
3546 4140 3795 4212 quisquam

2227 4238 2375 4285 retro
2402 4228 2676 4300 respiciat,
2701 4231 2755 4286 id
2786 4240 2869 4287 est
2892 4233 3054 4287 vitam
3086 4232 3170 4289 cui
3202 4235 3545 4289 renuntiavit
3576 4232 3795 4303 inquirat,

2226 4333 2410 4379 etnon
2446 4327 2621 4395 potius
2658 4325 2765 4381 isto
2802 4336 3071 4397 tempore,
3120 4336 3176 4382 ut
3204 4343 3327 4383 cum
3375 4327 3639 4384 Dominus
3668 4325 3794 4380 fuerit

2224 4420 2517 4490 revelatus,
2553 4420 2961 4478 retributionem
2995 4437 3092 4493 pro
3122 4421 3198 4478 eis
3228 4438 3353 4493 quae
3385 4424 3623 4496 quisque
3643 4435 3793 4479 serva-

2222 4516 2299 4570 vit
2339 4515 2423 4571 vel
2463 4516 2788 4588 contempsit
2829 4516 3105 4573 inveniat?
3133 4517 3197 4572 Et
3228 4524 3422 4574 tamen
3471 4520 3598 4591 quia
3626 4516 3783 4573 ditium

526 4631 650 4671 nem
694 4617 747 4671 in
778 4615 1120 4686 paradisum;
1166 4630 1286 4671 cum
1335 4613 1574 4670 breviter
1608 4621 1838 4684 utroque
1876 4626 2117 4671 commeo
2140 4611 2197 4674 Ι.)
2221 4621 2327 4680 est,
2384 4612 2440 4666 in
2468 4611 2554 4666 illa
2587 4611 2742 4680 hora,
2776 4622 2901 4668 tunc
2931 4620 3188 4683 putantur
3219 4610 3325 4666 ista
3358 4610 3655 4677 servanda,
3691 4620 3793 4664 cum

524 4720 756 4777 morato,
811 4712 864 4766 id
912 4709 1167 4781 estquod
1203 4709 1461 4780 plantavit
1491 4708 1632 4765 Deus
1681 4707 2011 4779 paradisum,
2060 4716 2117 4765 et

521 4808 704 4882 posuit
741 4806 815 4862 ibi
863 4805 1136 4861 hominem
1182 4820 1343 4875 quem
1381 4803 1656 4869 formavit,
1707 4805 2116 4875 recapitulando

521 4900 731 4967 redeat,
780 4908 834 4954 et
873 4896 1021 4953 dicat
1043 4892 1185 4966 quod
1214 4898 1633 4966 praetermiserat
1667 4918 1680 4954 :
1713 4896 1983 4968 quomodo
2008 4898 2113 4954 sci-

519 4994 647 5050 licet
679 4990 958 5060 paradisus
984 4985 1150 5044 fuerit
1180 4988 1487 5059 plantatus,
1533 4990 1656 5059 quia
1689 4988 1941 5059 produxit
1970 4989 2113 5046 Deus

517 5085 693 5141 adhuc
720 5082 789 5140 de
820 5092 965 5139 terra
988 5096 1150 5139 omne
1175 5082 1378 5153 lignum
1402 5083 1705 5153 speciosum
1736 5093 1791 5139 ct
1821 5085 2019 5139 bonum
2051 5084 2108 5139 in

517 5190 720 5232 escam.
752 5172 997 5246 Denique
1018 5184 1235 5231 secutus
1258 5170 1504 5246 adjunxit
1532 5193 1545 5229 :
1579 5175 1644 5229 Et
1672 5174 1872 5247 lignum
1902 5174 2026 5233 vita
2051 5177 2105 5233 in

517 5271 701 5328 medio
754 5270 1027 5343 paradiso,
1075 5278 1132 5327 et
1169 5269 1370 5340 lignum
1418 5272 1620 5326 sciendi
1669 5270 1795 5328 boni
1839 5279 1895 5326 et
1940 5268 2102 5341 mali;

514 5367 712 5424 deinde
756 5366 956 5422 ﬂumen
1008 5380 1114 5437 quo
1161 5365 1439 5436 paradisus
1494 5364 1827 5437 irrigaretur,
1874 5366 2105 5424 divisum

514 5462 568 5515 in
596 5471 824 5532 quatttor
850 5459 1114 5531 principia
1146 5457 1428 5515 ﬂuviorum
1470 5467 1731 5529 quatuor;
1776 5459 2101 5530 explicatur,

511 5552 657 5626 quod
688 5560 853 5608 totum
882 5552 1113 5623 pertinet
1142 5549 1209 5607 ad
1238 5550 1632 5607 institutionem
1659 5551 1918 5621 paradisi.
1947 5551 2102 5621 Quod

512 5650 603 5705 ubi
646 5648 981 5716 terminavit,
1016 5647 1267 5717 repetivit
1308 5645 1440 5702 illud
1471 5647 1613 5718 quod
1645 5646 1751 5715 iam
1783 5647 2015 5715 dixerat,
2048 5654 2104 5705 et

512 5754 703 5795 revera
730 5738 832 5796 hoc
853 5739 1194 5810 sequebatur,
1221 5745 1381 5809 atque
1410 5738 1521 5793 ait:
1558 5737 1629 5794 Et
1651 5738 1884 5806 sumpsit
1912 5738 2102 5794 Domi-

512 5843 617 5891 nus
654 5830 792 5892 Deus
836 5831 1108 5895 hominem
1145 5844 1305 5905 quem
1345 5830 1529 5901 ﬁnxit,
1574 5838 1630 5889 et
1663 5830 1841 5903 posuit
1878 5844 2003 5890 sum
2043 5832 2101 5892 in

2223 4706 2387 4762 fuerit
2426 4704 2687 4761 Dominus
2723 4707 3025 4773 revelatus,
3060 4704 3166 4761 nisi
3204 4704 3271 4759 ad
3300 4703 3799 4777 intelligendamre-

2222 4796 2658 4870 capitulationem
2703 4812 2895 4855 sensus
2942 4796 3170 4870 legentis
3221 4795 3510 4867 invigilet,
3555 4797 3806 4870 adjuvante

2155 4898 2158 4902 ’
2222 4896 2327 4952 alia
2356 4892 2636 4966 Scriptura
2666 4910 2786 4966 qua:
2816 4895 3057 4966 ipsorum
3080 4892 3468 4964 apostolorum
3498 4895 3680 4950 adhuc
3700 4902 3807 4946 tem-

2220 5004 2353 5061 pore
2399 4989 2688 5045 clamavit:
2722 4987 2866 5057 Filii,
2916 4986 3211 5043 novissima
3260 4986 3401 5042 hora
3460 4996 3577 5047 est.
3608 4986 3812 5055 Tempus

2220 5098 2349 5152 ergo
2396 5076 2570 5154 ipsum
2599 5097 2706 5154 quo
2747 5082 3099 5154 Evangelium
3144 5079 3508 5153 praedicatur,
3562 5090 3813 5153 quousque

2220 5176 2479 5231 Dominus
2509 5174 2805 5243 reveletur,
2834 5172 2970 5231 hora
2998 5183 3083 5231 est
3112 5172 3165 5230 in
3196 5188 3299 5245 qua
3330 5186 3580 5245 oportet
3598 5176 3699 5234 ista
3729 5188 3817 5230 ser-

2217 5268 2361 5335 vari,
2392 5268 2515 5341 quia
2548 5276 2604 5324 et
2630 5266 2744 5338 ipsa
2778 5264 3040 5324 revelatio
3075 5265 3285 5324 Domini
3310 5268 3383 5323 ad
3430 5270 3699 5328 eamdem
3743 5270 3811 5321 ho

2215 5378 2330 5418 ram
2363 5363 2597 5433 pertinet
2642 5378 2763 5434 quae
2796 5361 2883 5419 die
2909 5358 3099 5433 judicii
3131 5361 3559 5425 terminabitur.
3609 5362 3820 5436 Septima

2217 5458 2479 5533 Tychonii
2500 5460 2685 5535 regula
2712 5457 3110 5531 estjeademque
3127 5467 3409 5531 postrema
3443 5460 3526 5517 de
3557 5459 3764 5516 diabolo
3781 5462 3823 5509 et

2210 5555 2325 5627 ejus
2351 5571 2578 5627 corpore
2604 5572 2617 5609 :
2641 5566 2725 5612 est
2755 5554 2901 5612 enim
2944 5564 2999 5611 et
3029 5554 3149 5625 ipse
3176 5561 3337 5624 caput
3367 5552 3459 5609 im
3470 5553 3723 5626 piorum,
3750 5547 3828 5623 qui

2209 5658 2335 5704 sunt
2386 5645 2504 5719 ejus
2553 5644 2953 5719 quodammodo
3003 5659 3222 5717 corpus,
3273 5642 3413 5699 ituri
3471 5660 3613 5702 cum
3666 5646 3753 5701 illo
3786 5641 3829 5695 in

2209 5740 2528 5812 supplicium
2563 5741 2702 5815 ignis
2741 5740 2965 5809 aeterni;
3017 5737 3159 5799 sicut
3199 5736 3471 5797 Christus
3506 5752 3686 5814 caput
3726 5730 3833 5814 [est]

2208 5833 2484 5904 Ecclesiae,
2524 5850 2643 5907 quas
2673 5844 2759 5894 est
2789 5848 2985 5908 corpus
3012 5832 3162 5909 ejus,
3196 5828 3457 5891 futurum
3485 5848 3631 5896 cum
3662 5832 3757 5896 illo
3788 5829 3835 5887 in
