  <div class='ocr_page' id='page_1' title='image "/cluster/home/n/w/nwhite01/storage/ocr_20150623/62/hvd.32044015706393/492.png"; bbox 0 0 3986 6382; ppageno 0'>
   <div class='ocr_carea' id='block_1_1' title="bbox 234 284 342 347">
    <p class='ocr_par' dir='ltr' id='par_1_1' title="bbox 234 284 342 347">
     <span class='ocr_line' id='line_1_1' title="bbox 234 284 342 347; baseline -0.046 -1"><span class='ocrx_word' id='word_1_1' title='bbox 234 284 342 347; x_wconf 78' lang='lat'><strong>975</strong></span> 
     </span>
    </p>
   </div>
   <div class='ocr_carea' id='block_1_2' title="bbox 1348 280 2384 345">
    <p class='ocr_par' dir='ltr' id='par_1_2' title="bbox 1348 280 2384 345">
     <span class='ocr_line' id='line_1_2' title="bbox 1348 280 2384 345; baseline 0.001 -5"><span class='ocrx_word' id='word_1_2' title='bbox 1348 280 1781 342; x_wconf 79' lang='lat' dir='ltr'><strong>THESAURUS.</strong></span> <span class='ocrx_word' id='word_1_3' title='bbox 1822 280 1974 342; x_wconf 83' lang='lat' dir='ltr'><strong>CAP.</strong></span> <span class='ocrx_word' id='word_1_4' title='bbox 2016 284 2384 345; x_wconf 80' lang='lat' dir='ltr'><strong>CCLXXXlll.</strong></span> 
     </span>
    </p>
   </div>
   <div class='ocr_carea' id='block_1_3' title="bbox 3398 299 3522 359">
    <p class='ocr_par' dir='ltr' id='par_1_3' title="bbox 3398 299 3522 359">
     <span class='ocr_line' id='line_1_3' title="bbox 3398 299 3522 359; baseline 0 -2"><span class='ocrx_word' id='word_1_5' title='bbox 3398 299 3522 359; x_wconf 65' lang='grc' dir='ltr'><em>ωε</em></span> 
     </span>
    </p>
   </div>
   <div class='ocr_carea' id='block_1_4' title="bbox 236 397 3521 487">
    <p class='ocr_par' dir='ltr' id='par_1_4' title="bbox 236 397 3521 487">
     <span class='ocr_line' id='line_1_4' title="bbox 236 397 3521 487; baseline 0.006 -32"><span class='ocrx_word' id='word_1_6' title='bbox 236 414 403 470; x_wconf 81' lang='lat' dir='ltr'><strong>regno</strong></span> <span class='ocrx_word' id='word_1_7' title='bbox 429 408 481 454; x_wconf 91' lang='lat' dir='ltr'><strong>et</strong></span> <span class='ocrx_word' id='word_1_8' title='bbox 511 397 678 468; x_wconf 78' lang='lat' dir='ltr'><strong>gloria</strong></span> <span class='ocrx_word' id='word_1_9' title='bbox 708 397 1052 469; x_wconf 89' lang='lat' dir='ltr'><strong>sempiterna.</strong></span> <span class='ocrx_word' id='word_1_10' title='bbox 1093 398 1245 455; x_wconf 91' lang='lat' dir='ltr'><strong>Sicut</strong></span> <span class='ocrx_word' id='word_1_11' title='bbox 1286 415 1414 471; x_wconf 87' lang='lat' dir='ltr'><strong>ergo</strong></span> <span class='ocrx_word' id='word_1_12' title='bbox 1444 401 1494 454; x_wconf 90' lang='lat' dir='ltr'><strong>in</strong></span> <span class='ocrx_word' id='word_1_13' title='bbox 1527 399 1695 468; x_wconf 89' lang='lat' dir='ltr'><strong>prima</strong></span> <span class='ocrx_word' id='word_1_14' title='bbox 1739 414 1828 455; x_wconf 82' lang='lat' dir='ltr'><strong>re-</strong></span> <span class='ocrx_word' id='word_1_15' title='bbox 1853 405 1911 469; x_wconf 76' lang='grc' dir='ltr'>Α</span> <span class='ocrx_word' id='word_1_16' title='bbox 1934 410 2018 457; x_wconf 86' lang='lat' dir='ltr'><strong>est</strong></span> <span class='ocrx_word' id='word_1_17' title='bbox 2053 403 2326 459; x_wconf 76' lang='lat' dir='ltr'><strong>contentio</strong></span> <span class='ocrx_word' id='word_1_18' title='bbox 2365 405 2487 459; x_wconf 86' lang='lat' dir='ltr'><strong>tua?</strong></span> <span class='ocrx_word' id='word_1_19' title='bbox 2514 405 2559 460; x_wconf 93' lang='lat' dir='ltr'><strong>si</strong></span> <span class='ocrx_word' id='word_1_20' title='bbox 2592 419 2699 462; x_wconf 92' lang='lat' dir='ltr'><strong>non</strong></span> <span class='ocrx_word' id='word_1_21' title='bbox 2741 408 3031 466; x_wconf 76' lang='lat' dir='ltr'><strong>restitisset</strong></span> <span class='ocrx_word' id='word_1_22' title='bbox 3070 421 3125 469; x_wconf 94' lang='lat' dir='ltr'><strong>et</strong></span> <span class='ocrx_word' id='word_1_23' title='bbox 3163 428 3521 487; x_wconf 75' lang='lat' dir='ltr'><strong>repugnasset</strong></span> 
     </span>
    </p>
   </div>
   <div class='ocr_carea' id='block_1_5' title="bbox 232 491 1822 564">
    <p class='ocr_par' dir='ltr' id='par_1_5' title="bbox 232 491 1822 564">
     <span class='ocr_line' id='line_1_5' title="bbox 232 491 1822 564; baseline 0 -17"><span class='ocrx_word' id='word_1_24' title='bbox 232 493 380 563; x_wconf 84' lang='lat' dir='ltr'><strong>gula,</strong></span> <span class='ocrx_word' id='word_1_25' title='bbox 428 507 587 561; x_wconf 89' lang='lat' dir='ltr'><strong>quam</strong></span> <span class='ocrx_word' id='word_1_26' title='bbox 619 500 773 547; x_wconf 87' lang='lat' dir='ltr'><strong>vocat</strong></span> <span class='ocrx_word' id='word_1_27' title='bbox 801 492 869 547; x_wconf 93' lang='lat' dir='ltr'><strong>de</strong></span> <span class='ocrx_word' id='word_1_28' title='bbox 903 491 1130 548; x_wconf 90' lang='lat' dir='ltr'><strong>Domino</strong></span> <span class='ocrx_word' id='word_1_29' title='bbox 1162 500 1217 548; x_wconf 88' lang='lat' dir='ltr'><strong>et</strong></span> <span class='ocrx_word' id='word_1_30' title='bbox 1242 493 1358 564; x_wconf 87' lang='lat' dir='ltr'><strong>ejus</strong></span> <span class='ocrx_word' id='word_1_31' title='bbox 1389 508 1635 561; x_wconf 83' lang='lat' dir='ltr'><strong>corpore;</strong></span> <span class='ocrx_word' id='word_1_32' title='bbox 1682 491 1822 563; x_wconf 87' lang='lat' dir='ltr'><strong>vigi-</strong></span> 
     </span>
    </p>
   </div>
   <div class='ocr_carea' id='block_1_6' title="bbox 235 584 1822 658">
    <p class='ocr_par' dir='ltr' id='par_1_6' title="bbox 235 584 1822 658">
     <span class='ocr_line' id='line_1_6' title="bbox 235 584 1822 658; baseline 0 -15"><span class='ocrx_word' id='word_1_33' title='bbox 235 584 453 643; x_wconf 85' lang='lat' dir='ltr'><strong>landum</strong></span> <span class='ocrx_word' id='word_1_34' title='bbox 484 595 568 642; x_wconf 88' lang='lat' dir='ltr'><strong>est</strong></span> <span class='ocrx_word' id='word_1_35' title='bbox 613 596 671 642; x_wconf 88' lang='lat' dir='ltr'><strong>ut</strong></span> <span class='ocrx_word' id='word_1_36' title='bbox 714 587 1059 658; x_wconf 74' lang='lat' dir='ltr'><strong>intelligatur,</strong></span> <span class='ocrx_word' id='word_1_37' title='bbox 1108 602 1230 644; x_wconf 89' lang='lat' dir='ltr'><strong>cum</strong></span> <span class='ocrx_word' id='word_1_38' title='bbox 1268 587 1335 643; x_wconf 88' lang='lat' dir='ltr'><strong>de</strong></span> <span class='ocrx_word' id='word_1_39' title='bbox 1383 603 1487 643; x_wconf 89' lang='lat' dir='ltr'><strong>una</strong></span> <span class='ocrx_word' id='word_1_40' title='bbox 1528 587 1822 657; x_wconf 89' lang='lat' dir='ltr'><strong>eademque</strong></span> 
     </span>
    </p>
   </div>
   <div class='ocr_carea' id='block_1_7' title="bbox 234 681 1821 753">
    <p class='ocr_par' dir='ltr' id='par_1_7' title="bbox 234 681 1821 753">
     <span class='ocr_line' id='line_1_7' title="bbox 234 681 1821 753; baseline -0.001 -16"><span class='ocrx_word' id='word_1_41' title='bbox 234 696 463 753; x_wconf 83' lang='lat' dir='ltr'><strong>persona</strong></span> <span class='ocrx_word' id='word_1_42' title='bbox 477 681 752 752; x_wconf 77' lang='lat' dir='ltr'><strong>Scriptura</strong></span> <span class='ocrx_word' id='word_1_43' title='bbox 773 683 1029 753; x_wconf 83' lang='lat' dir='ltr'><strong>loquitur,</strong></span> <span class='ocrx_word' id='word_1_44' title='bbox 1046 683 1172 752; x_wconf 92' lang='lat' dir='ltr'><strong>quid</strong></span> <span class='ocrx_word' id='word_1_45' title='bbox 1192 684 1477 738; x_wconf 81' lang='lat' dir='ltr'><strong>conveniat</strong></span> <span class='ocrx_word' id='word_1_46' title='bbox 1492 682 1675 752; x_wconf 87' lang='lat' dir='ltr'><strong>capiti,</strong></span> <span class='ocrx_word' id='word_1_47' title='bbox 1694 681 1821 752; x_wconf 88' lang='lat' dir='ltr'><strong>quid</strong></span> 
     </span>
    </p>
   </div>
   <div class='ocr_carea' id='block_1_8' title="bbox 232 772 1823 844">
    <p class='ocr_par' dir='ltr' id='par_1_8' title="bbox 232 772 1823 844">
     <span class='ocr_line' id='line_1_8' title="bbox 232 772 1823 844; baseline -0.002 -15"><span class='ocrx_word' id='word_1_48' title='bbox 232 776 467 844; x_wconf 91' lang='lat' dir='ltr'><strong>corpori,</strong></span> <span class='ocrx_word' id='word_1_49' title='bbox 501 775 578 829; x_wconf 88' lang='lat' dir='ltr'><strong>sic</strong></span> <span class='ocrx_word' id='word_1_50' title='bbox 631 783 685 830; x_wconf 90' lang='lat' dir='ltr'><strong>et</strong></span> <span class='ocrx_word' id='word_1_51' title='bbox 717 774 769 830; x_wconf 91' lang='lat' dir='ltr'><strong>in</strong></span> <span class='ocrx_word' id='word_1_52' title='bbox 802 776 900 829; x_wconf 91' lang='lat' dir='ltr'><strong>ista</strong></span> <span class='ocrx_word' id='word_1_53' title='bbox 944 773 1233 830; x_wconf 86' lang='lat' dir='ltr'><strong>novissima</strong></span> <span class='ocrx_word' id='word_1_54' title='bbox 1274 774 1563 844; x_wconf 83' lang='lat' dir='ltr'><strong>aliquando</strong></span> <span class='ocrx_word' id='word_1_55' title='bbox 1612 772 1665 827; x_wconf 90' lang='lat' dir='ltr'><strong>in</strong></span> <span class='ocrx_word' id='word_1_56' title='bbox 1709 772 1823 827; x_wconf 90' lang='lat' dir='ltr'><strong>dia-</strong></span> 
     </span>
    </p>
   </div>
   <div class='ocr_carea' id='block_1_9' title="bbox 234 864 1822 938">
    <p class='ocr_par' dir='ltr' id='par_1_9' title="bbox 234 864 1822 938">
     <span class='ocr_line' id='line_1_9' title="bbox 234 864 1822 938; baseline 0 -17"><span class='ocrx_word' id='word_1_57' title='bbox 234 865 415 921; x_wconf 86' lang='lat' dir='ltr'><strong>bolum</strong></span> <span class='ocrx_word' id='word_1_58' title='bbox 445 866 664 932; x_wconf 90' lang='lat' dir='ltr'><strong>dicitur,</strong></span> <span class='ocrx_word' id='word_1_59' title='bbox 707 866 847 938; x_wconf 92' lang='lat' dir='ltr'><strong>quod</strong></span> <span class='ocrx_word' id='word_1_60' title='bbox 882 881 987 921; x_wconf 89' lang='lat' dir='ltr'><strong>non</strong></span> <span class='ocrx_word' id='word_1_61' title='bbox 1030 868 1083 922; x_wconf 93' lang='lat' dir='ltr'><strong>in</strong></span> <span class='ocrx_word' id='word_1_62' title='bbox 1120 867 1261 937; x_wconf 92' lang='lat' dir='ltr'><strong>ipso,</strong></span> <span class='ocrx_word' id='word_1_63' title='bbox 1296 866 1391 923; x_wconf 89' lang='lat' dir='ltr'><strong>sed</strong></span> <span class='ocrx_word' id='word_1_64' title='bbox 1418 867 1594 936; x_wconf 82' lang='lat' dir='ltr'><strong>potius</strong></span> <span class='ocrx_word' id='word_1_65' title='bbox 1624 866 1675 921; x_wconf 93' lang='lat' dir='ltr'><strong>in</strong></span> <span class='ocrx_word' id='word_1_66' title='bbox 1705 864 1822 937; x_wconf 83' lang='lat' dir='ltr'><strong>ejus</strong></span> 
     </span>
    </p>
   </div>
   <div class='ocr_carea' id='block_1_10' title="bbox 230 961 1821 1033">
    <p class='ocr_par' dir='ltr' id='par_1_10' title="bbox 230 961 1821 1033">
     <span class='ocr_line' id='line_1_10' title="bbox 230 961 1821 1033; baseline -0.001 -17"><span class='ocrx_word' id='word_1_67' title='bbox 230 975 458 1031; x_wconf 88' lang='lat' dir='ltr'><strong>corpore</strong></span> <span class='ocrx_word' id='word_1_68' title='bbox 511 962 684 1030; x_wconf 85' lang='lat' dir='ltr'><strong>possit</strong></span> <span class='ocrx_word' id='word_1_69' title='bbox 722 962 972 1033; x_wconf 78' lang='lat' dir='ltr'><strong>agnosci;</strong></span> <span class='ocrx_word' id='word_1_70' title='bbox 1022 963 1165 1033; x_wconf 92' lang='lat' dir='ltr'><strong>quod</strong></span> <span class='ocrx_word' id='word_1_71' title='bbox 1213 961 1377 1017; x_wconf 87' lang='lat' dir='ltr'><strong>habet</strong></span> <span class='ocrx_word' id='word_1_72' title='bbox 1408 976 1514 1017; x_wconf 91' lang='lat' dir='ltr'><strong>non</strong></span> <span class='ocrx_word' id='word_1_73' title='bbox 1544 961 1718 1016; x_wconf 89' lang='lat' dir='ltr'><strong>solum</strong></span> <span class='ocrx_word' id='word_1_74' title='bbox 1768 961 1821 1015; x_wconf 90' lang='lat' dir='ltr'><strong>in</strong></span> 
     </span>
    </p>
   </div>
   <div class='ocr_carea' id='block_1_11' title="bbox 229 1056 1822 1128">
    <p class='ocr_par' dir='ltr' id='par_1_11' title="bbox 229 1056 1822 1128">
     <span class='ocr_line' id='line_1_11' title="bbox 229 1056 1822 1128; baseline -0.003 -15"><span class='ocrx_word' id='word_1_75' title='bbox 229 1057 309 1113; x_wconf 87' lang='lat' dir='ltr'><strong>eis</strong></span> <span class='ocrx_word' id='word_1_76' title='bbox 334 1057 425 1128; x_wconf 89' lang='lat' dir='ltr'><strong>qui</strong></span> <span class='ocrx_word' id='word_1_77' title='bbox 457 1057 897 1113; x_wconf 77' lang='lat' dir='ltr'><strong>manifestissime</strong></span> <span class='ocrx_word' id='word_1_78' title='bbox 946 1059 1078 1114; x_wconf 82' lang='lat' dir='ltr'><strong>foris</strong></span> <span class='ocrx_word' id='word_1_79' title='bbox 1116 1069 1273 1125; x_wconf 87' lang='lat' dir='ltr'><strong>sunt,</strong></span> <span class='ocrx_word' id='word_1_80' title='bbox 1324 1057 1419 1114; x_wconf 89' lang='lat' dir='ltr'><strong>sed</strong></span> <span class='ocrx_word' id='word_1_81' title='bbox 1454 1057 1507 1112; x_wconf 91' lang='lat' dir='ltr'><strong>in</strong></span> <span class='ocrx_word' id='word_1_82' title='bbox 1539 1056 1618 1112; x_wconf 92' lang='lat' dir='ltr'><strong>eis</strong></span> <span class='ocrx_word' id='word_1_83' title='bbox 1662 1056 1822 1111; x_wconf 90' lang='lat' dir='ltr'><strong>etiam</strong></span> 
     </span>
    </p>
   </div>
   <div class='ocr_carea' id='block_1_12' title="bbox 230 1153 1824 1225">
    <p class='ocr_par' dir='ltr' id='par_1_12' title="bbox 230 1153 1824 1225">
     <span class='ocr_line' id='line_1_12' title="bbox 230 1153 1824 1225; baseline -0.001 -18"><span class='ocrx_word' id='word_1_84' title='bbox 230 1154 320 1223; x_wconf 89' lang='lat' dir='ltr'><strong>qui</strong></span> <span class='ocrx_word' id='word_1_85' title='bbox 371 1168 495 1208; x_wconf 87' lang='lat' dir='ltr'><strong>cum</strong></span> <span class='ocrx_word' id='word_1_86' title='bbox 548 1153 617 1208; x_wconf 90' lang='lat' dir='ltr'><strong>ad</strong></span> <span class='ocrx_word' id='word_1_87' title='bbox 669 1154 842 1225; x_wconf 86' lang='lat' dir='ltr'><strong>ipsum</strong></span> <span class='ocrx_word' id='word_1_88' title='bbox 889 1154 1214 1224; x_wconf 81' lang='lat' dir='ltr'><strong>pertineant,</strong></span> <span class='ocrx_word' id='word_1_89' title='bbox 1269 1162 1449 1207; x_wconf 88' lang='lat' dir='ltr'><strong>tamen</strong></span> <span class='ocrx_word' id='word_1_90' title='bbox 1499 1153 1564 1207; x_wconf 86' lang='lat' dir='ltr'><strong>ad</strong></span> <span class='ocrx_word' id='word_1_91' title='bbox 1613 1160 1824 1221; x_wconf 84' lang='lat' dir='ltr'><strong>tempus</strong></span> 
     </span>
    </p>
   </div>
   <div class='ocr_carea' id='block_1_13' title="bbox 229 1246 1824 1317">
    <p class='ocr_par' dir='ltr' id='par_1_13' title="bbox 229 1246 1824 1317">
     <span class='ocr_line' id='line_1_13' title="bbox 229 1246 1824 1317; baseline -0.003 -14"><span class='ocrx_word' id='word_1_92' title='bbox 229 1246 526 1303; x_wconf 77' lang='lat' dir='ltr'><strong>miscentur</strong></span> <span class='ocrx_word' id='word_1_93' title='bbox 553 1246 834 1316; x_wconf 65' lang='lat' dir='ltr'><strong>Ecclesiae,</strong></span> <span class='ocrx_word' id='word_1_94' title='bbox 868 1247 1042 1303; x_wconf 91' lang='lat' dir='ltr'><strong>donec</strong></span> <span class='ocrx_word' id='word_1_95' title='bbox 1074 1247 1444 1317; x_wconf 86' lang='lat' dir='ltr'><strong>unusquisque</strong></span> <span class='ocrx_word' id='word_1_96' title='bbox 1479 1246 1545 1300; x_wconf 91' lang='lat' dir='ltr'><strong>de</strong></span> <span class='ocrx_word' id='word_1_97' title='bbox 1588 1247 1688 1300; x_wconf 89' lang='lat' dir='ltr'><strong>hac</strong></span> <span class='ocrx_word' id='word_1_98' title='bbox 1718 1248 1824 1301; x_wconf 86' lang='lat' dir='ltr'><strong>vita</strong></span> 
     </span>
    </p>
   </div>
   <div class='ocr_carea' id='block_1_14' title="bbox 227 1338 1825 1411">
    <p class='ocr_par' dir='ltr' id='par_1_14' title="bbox 227 1338 1825 1411">
     <span class='ocr_line' id='line_1_14' title="bbox 227 1338 1825 1411; baseline -0.001 -14"><span class='ocrx_word' id='word_1_99' title='bbox 227 1349 421 1411; x_wconf 73' lang='lat' dir='ltr'><strong>exeat,</strong></span> <span class='ocrx_word' id='word_1_100' title='bbox 454 1340 538 1397; x_wconf 93' lang='lat' dir='ltr'><strong>vel</strong></span> <span class='ocrx_word' id='word_1_101' title='bbox 569 1356 600 1395; x_wconf 89' lang='lat' dir='ltr'><strong>a</strong></span> <span class='ocrx_word' id='word_1_102' title='bbox 628 1341 899 1397; x_wconf 79' lang='lat' dir='ltr'><strong>frumento</strong></span> <span class='ocrx_word' id='word_1_103' title='bbox 941 1340 1091 1408; x_wconf 85' lang='lat' dir='ltr'><strong>palea</strong></span> <span class='ocrx_word' id='word_1_104' title='bbox 1119 1338 1418 1395; x_wconf 79' lang='lat' dir='ltr'><strong>ventilabro</strong></span> <span class='ocrx_word' id='word_1_105' title='bbox 1445 1340 1632 1394; x_wconf 90' lang='lat' dir='ltr'><strong>ultimo</strong></span> <span class='ocrx_word' id='word_1_106' title='bbox 1668 1354 1825 1410; x_wconf 86' lang='lat' dir='ltr'><strong>sepa-</strong></span> 
     </span>
    </p>
   </div>
   <div class='ocr_carea' id='block_1_15' title="bbox 224 1431 1825 1503">
    <p class='ocr_par' dir='ltr' id='par_1_15' title="bbox 224 1431 1825 1503">
     <span class='ocr_line' id='line_1_15' title="bbox 224 1431 1825 1503; baseline -0.001 -14"><span class='ocrx_word' id='word_1_107' title='bbox 224 1440 397 1489; x_wconf 83' lang='lat' dir='ltr'><strong>retur.</strong></span> <span class='ocrx_word' id='word_1_108' title='bbox 444 1431 603 1501; x_wconf 77' lang='lat' dir='ltr'><strong>Quod</strong></span> <span class='ocrx_word' id='word_1_109' title='bbox 646 1433 794 1489; x_wconf 90' lang='lat' dir='ltr'><strong>enim</strong></span> <span class='ocrx_word' id='word_1_110' title='bbox 828 1434 1089 1503; x_wconf 89' lang='lat' dir='ltr'><strong>scriptum</strong></span> <span class='ocrx_word' id='word_1_111' title='bbox 1122 1440 1205 1489; x_wconf 89' lang='lat' dir='ltr'><strong>est</strong></span> <span class='ocrx_word' id='word_1_112' title='bbox 1226 1433 1365 1502; x_wconf 89' lang='lat' dir='ltr'><strong>apud</strong></span> <span class='ocrx_word' id='word_1_113' title='bbox 1408 1431 1599 1487; x_wconf 85' lang='lat' dir='ltr'><strong>Isaiam</strong></span> <span class='ocrx_word' id='word_1_114' title='bbox 1627 1473 1643 1499; x_wconf 92' lang='lat'><strong>,</strong></span> <span class='ocrx_word' id='word_1_115' title='bbox 1677 1432 1825 1501; x_wconf 86' lang='lat' dir='ltr'><strong>Quo-</strong></span> 
     </span>
    </p>
   </div>
   <div class='ocr_carea' id='block_1_16' title="bbox 225 1522 1821 1591">
    <p class='ocr_par' dir='ltr' id='par_1_16' title="bbox 225 1522 1821 1591">
     <span class='ocr_line' id='line_1_16' title="bbox 225 1522 1821 1591; baseline -0.001 -12"><span class='ocrx_word' id='word_1_116' title='bbox 225 1522 387 1579; x_wconf 83' lang='lat' dir='ltr'><strong>modo</strong></span> <span class='ocrx_word' id='word_1_117' title='bbox 432 1523 630 1579; x_wconf 82' lang='lat' dir='ltr'><strong>cecidit</strong></span> <span class='ocrx_word' id='word_1_118' title='bbox 673 1523 739 1579; x_wconf 90' lang='lat' dir='ltr'><strong>de</strong></span> <span class='ocrx_word' id='word_1_119' title='bbox 781 1524 921 1581; x_wconf 76' lang='lat' dir='ltr'><strong>cmlo</strong></span> <span class='ocrx_word' id='word_1_120' title='bbox 958 1523 1194 1589; x_wconf 80' lang='lat' dir='ltr'><strong>Lucifer,</strong></span> <span class='ocrx_word' id='word_1_121' title='bbox 1239 1539 1397 1580; x_wconf 89' lang='lat' dir='ltr'><strong>mane</strong></span> <span class='ocrx_word' id='word_1_122' title='bbox 1444 1524 1658 1580; x_wconf 87' lang='lat' dir='ltr'><strong>oriens?</strong></span> <span class='ocrx_word' id='word_1_123' title='bbox 1690 1533 1821 1591; x_wconf 90' lang='lat' dir='ltr'><strong>etc.,</strong></span> 
     </span>
    </p>
   </div>
   <div class='ocr_carea' id='block_1_17' title="bbox 227 1615 1820 1690">
    <p class='ocr_par' dir='ltr' id='par_1_17' title="bbox 227 1615 1820 1690">
     <span class='ocr_line' id='line_1_17' title="bbox 227 1615 1820 1690; baseline -0.001 -18"><span class='ocrx_word' id='word_1_124' title='bbox 227 1630 345 1687; x_wconf 67' lang='lat' dir='ltr'><strong>quae</strong></span> <span class='ocrx_word' id='word_1_125' title='bbox 370 1616 473 1672; x_wconf 88' lang='lat' dir='ltr'><strong>sub</strong></span> <span class='ocrx_word' id='word_1_126' title='bbox 500 1615 671 1687; x_wconf 80' lang='lat' dir='ltr'><strong>ﬁgura</strong></span> <span class='ocrx_word' id='word_1_127' title='bbox 699 1617 842 1688; x_wconf 86' lang='lat' dir='ltr'><strong>regis</strong></span> <span class='ocrx_word' id='word_1_128' title='bbox 886 1618 1197 1690; x_wconf 67' lang='lat' dir='ltr'><strong>Babyloniae</strong></span> <span class='ocrx_word' id='word_1_129' title='bbox 1228 1618 1296 1675; x_wconf 91' lang='lat' dir='ltr'><strong>de</strong></span> <span class='ocrx_word' id='word_1_130' title='bbox 1337 1617 1526 1674; x_wconf 89' lang='lat' dir='ltr'><strong>eadem</strong></span> <span class='ocrx_word' id='word_1_131' title='bbox 1566 1632 1820 1688; x_wconf 86' lang='lat' dir='ltr'><strong>persona,</strong></span> 
     </span>
    </p>
   </div>
   <div class='ocr_carea' id='block_1_18' title="bbox 226 1706 1820 1780">
    <p class='ocr_par' dir='ltr' id='par_1_18' title="bbox 226 1706 1820 1780">
     <span class='ocr_line' id='line_1_18' title="bbox 226 1706 1820 1780; baseline 0.003 -21"><span class='ocrx_word' id='word_1_132' title='bbox 226 1706 316 1761; x_wconf 90' lang='lat' dir='ltr'><strong>vel</strong></span> <span class='ocrx_word' id='word_1_133' title='bbox 347 1706 414 1763; x_wconf 91' lang='lat' dir='ltr'><strong>ad</strong></span> <span class='ocrx_word' id='word_1_134' title='bbox 443 1708 689 1764; x_wconf 85' lang='lat' dir='ltr'><strong>eamdem</strong></span> <span class='ocrx_word' id='word_1_135' title='bbox 738 1724 1025 1778; x_wconf 88' lang='lat' dir='ltr'><strong>personam</strong></span> <span class='ocrx_word' id='word_1_136' title='bbox 1058 1709 1199 1765; x_wconf 89' lang='lat' dir='ltr'><strong>dicta</strong></span> <span class='ocrx_word' id='word_1_137' title='bbox 1231 1719 1396 1779; x_wconf 90' lang='lat' dir='ltr'><strong>sunt,</strong></span> <span class='ocrx_word' id='word_1_138' title='bbox 1438 1709 1491 1764; x_wconf 92' lang='lat' dir='ltr'><strong>in</strong></span> <span class='ocrx_word' id='word_1_139' title='bbox 1535 1710 1652 1780; x_wconf 89' lang='lat' dir='ltr'><strong>ipsa</strong></span> <span class='ocrx_word' id='word_1_140' title='bbox 1693 1725 1820 1765; x_wconf 89' lang='lat' dir='ltr'><strong>con-</strong></span> 
     </span>
    </p>
   </div>
   <div class='ocr_carea' id='block_1_19' title="bbox 1928 493 3518 567">
    <p class='ocr_par' dir='ltr' id='par_1_19' title="bbox 1928 493 3518 567">
     <span class='ocr_line' id='line_1_19' title="bbox 1928 493 3518 567; baseline 0.013 -20"><span class='ocrx_word' id='word_1_141' title='bbox 1928 493 2097 564; x_wconf 85' lang='lat' dir='ltr'><strong>ipsius</strong></span> <span class='ocrx_word' id='word_1_142' title='bbox 2135 496 2441 562; x_wconf 86' lang='lat' dir='ltr'><strong>contentio;</strong></span> <span class='ocrx_word' id='word_1_143' title='bbox 2476 497 2638 553; x_wconf 89' lang='lat' dir='ltr'><strong>etiam</strong></span> <span class='ocrx_word' id='word_1_144' title='bbox 2686 499 2777 554; x_wconf 91' lang='lat' dir='ltr'><strong>illo</strong></span> <span class='ocrx_word' id='word_1_145' title='bbox 2825 501 2946 558; x_wconf 91' lang='lat' dir='ltr'><strong>loco</strong></span> <span class='ocrx_word' id='word_1_146' title='bbox 2988 502 3518 567; x_wconf 74' lang='lat' dir='ltr'><strong>describitur:8aro</strong></span> 
     </span>
    </p>
   </div>
   <div class='ocr_carea' id='block_1_20' title="bbox 1926 588 3522 665">
    <p class='ocr_par' dir='ltr' id='par_1_20' title="bbox 1926 588 3522 665">
     <span class='ocr_line' id='line_1_20' title="bbox 1926 588 3522 665; baseline 0.012 -25"><span class='ocrx_word' id='word_1_147' title='bbox 1926 588 2263 658; x_wconf 89' lang='lat' dir='ltr'><strong>concupiscit</strong></span> <span class='ocrx_word' id='word_1_148' title='bbox 2290 590 2547 647; x_wconf 88' lang='lat' dir='ltr'><strong>adversus</strong></span> <span class='ocrx_word' id='word_1_149' title='bbox 2576 591 2846 663; x_wconf 87' lang='lat' dir='ltr'><strong>spiritum,</strong></span> <span class='ocrx_word' id='word_1_150' title='bbox 2878 595 3101 665; x_wconf 80' lang='lat' dir='ltr'><strong>Spiritus</strong></span> <span class='ocrx_word' id='word_1_151' title='bbox 3123 598 3383 657; x_wconf 90' lang='lat' dir='ltr'><strong>adversus</strong></span> <span class='ocrx_word' id='word_1_152' title='bbox 3402 618 3522 659; x_wconf 87' lang='lat' dir='ltr'><strong>car-</strong></span> 
     </span>
    </p>
   </div>
   <div class='ocr_carea' id='block_1_21' title="bbox 1926 680 3521 767">
    <p class='ocr_par' dir='ltr' id='par_1_21' title="bbox 1926 680 3521 767">
     <span class='ocr_line' id='line_1_21' title="bbox 1926 680 3521 767; baseline 0.011 -34"><span class='ocrx_word' id='word_1_153' title='bbox 1926 692 2086 747; x_wconf 88' lang='lat' dir='ltr'><strong>nem;</strong></span> <span class='ocrx_word' id='word_1_154' title='bbox 2121 680 2237 737; x_wconf 66' lang='lat' dir='ltr'><strong>bazc</strong></span> <span class='ocrx_word' id='word_1_155' title='bbox 2268 682 2409 738; x_wconf 89' lang='lat' dir='ltr'><strong>enim</strong></span> <span class='ocrx_word' id='word_1_156' title='bbox 2443 683 2673 739; x_wconf 84' lang='lat' dir='ltr'><strong>invicem</strong></span> <span class='ocrx_word' id='word_1_157' title='bbox 2719 685 2818 741; x_wconf 90' lang='lat' dir='ltr'><strong>sibi</strong></span> <span class='ocrx_word' id='word_1_158' title='bbox 2868 688 3145 759; x_wconf 91' lang='lat' dir='ltr'><strong>resistunt,</strong></span> <span class='ocrx_word' id='word_1_159' title='bbox 3176 699 3236 746; x_wconf 92' lang='lat' dir='ltr'><strong>ut</strong></span> <span class='ocrx_word' id='word_1_160' title='bbox 3265 707 3370 748; x_wconf 92' lang='lat' dir='ltr'><strong>non</strong></span> <span class='ocrx_word' id='word_1_161' title='bbox 3400 709 3521 767; x_wconf 84' lang='lat' dir='ltr'><strong>quae</strong></span> 
     </span>
    </p>
   </div>
   <div class='ocr_carea' id='block_1_22' title="bbox 1924 770 3521 859">
    <p class='ocr_par' dir='ltr' id='par_1_22' title="bbox 1924 770 3521 859">
     <span class='ocr_line' id='line_1_22' title="bbox 1924 770 3521 859; baseline 0.011 -33"><span class='ocrx_word' id='word_1_162' title='bbox 1924 770 2090 827; x_wconf 88' lang='lat' dir='ltr'><strong>vultis</strong></span> <span class='ocrx_word' id='word_1_163' title='bbox 2120 772 2347 831; x_wconf 82' lang='lat' dir='ltr'><strong>faciatis.</strong></span> <span class='ocrx_word' id='word_1_164' title='bbox 2399 775 2485 832; x_wconf 83' lang='lat' dir='ltr'><strong>Fit</strong></span> <span class='ocrx_word' id='word_1_165' title='bbox 2527 792 2655 847; x_wconf 88' lang='lat' dir='ltr'><strong>ergo</strong></span> <span class='ocrx_word' id='word_1_166' title='bbox 2681 792 2779 849; x_wconf 90' lang='lat' dir='ltr'><strong>per</strong></span> <span class='ocrx_word' id='word_1_167' title='bbox 2806 780 3282 839; x_wconf 83' lang='lat' dir='ltr'><strong>sanctiﬁcationem</strong></span> <span class='ocrx_word' id='word_1_168' title='bbox 3305 786 3521 859; x_wconf 78' lang='lat' dir='ltr'><strong>perlec-</strong></span> 
     </span>
    </p>
   </div>
   <div class='ocr_carea' id='block_1_23' title="bbox 1927 869 3521 946">
    <p class='ocr_par' dir='ltr' id='par_1_23' title="bbox 1927 869 3521 946">
     <span class='ocr_line' id='line_1_23' title="bbox 1927 869 3521 946; baseline 0.009 -25"><span class='ocrx_word' id='word_1_169' title='bbox 1927 872 2058 931; x_wconf 87' lang='lat' dir='ltr'><strong>tam,</strong></span> <span class='ocrx_word' id='word_1_170' title='bbox 2092 874 2152 921; x_wconf 89' lang='lat' dir='ltr'><strong>ut</strong></span> <span class='ocrx_word' id='word_1_171' title='bbox 2188 869 2365 924; x_wconf 89' lang='lat' dir='ltr'><strong>omnis</strong></span> <span class='ocrx_word' id='word_1_172' title='bbox 2408 869 2638 926; x_wconf 91' lang='lat' dir='ltr'><strong>carnalis</strong></span> <span class='ocrx_word' id='word_1_173' title='bbox 2677 872 2945 942; x_wconf 88' lang='lat' dir='ltr'><strong>appetitus</strong></span> <span class='ocrx_word' id='word_1_174' title='bbox 2988 876 3194 946; x_wconf 87' lang='lat' dir='ltr'><strong>spiritui</strong></span> <span class='ocrx_word' id='word_1_175' title='bbox 3228 887 3413 936; x_wconf 91' lang='lat' dir='ltr'><strong>nostro</strong></span> <span class='ocrx_word' id='word_1_176' title='bbox 3456 881 3521 935; x_wconf 89' lang='lat' dir='ltr'><strong>il-</strong></span> 
     </span>
    </p>
   </div>
   <div class='ocr_carea' id='block_1_24' title="bbox 1926 958 3524 1045">
    <p class='ocr_par' dir='ltr' id='par_1_24' title="bbox 1926 958 3524 1045">
     <span class='ocr_line' id='line_1_24' title="bbox 1926 958 3524 1045; baseline 0.01 -32"><span class='ocrx_word' id='word_1_177' title='bbox 1926 958 2271 1045; x_wconf 12' lang='lat' dir='ltr'><strong>luminatoiet</strong></span> <span class='ocrx_word' id='word_1_178' title='bbox 2300 960 2592 1033; x_wconf 77' lang='lat' dir='ltr'><strong>vivificato,</strong></span> <span class='ocrx_word' id='word_1_179' title='bbox 2626 964 2678 1018; x_wconf 90' lang='lat' dir='ltr'><strong>id</strong></span> <span class='ocrx_word' id='word_1_180' title='bbox 2711 975 2795 1021; x_wconf 91' lang='lat' dir='ltr'><strong>est</strong></span> <span class='ocrx_word' id='word_1_181' title='bbox 2820 965 2978 1024; x_wconf 71' lang='lat' dir='ltr'><strong>bona:</strong></span> <span class='ocrx_word' id='word_1_182' title='bbox 3012 969 3324 1045; x_wconf 84' lang='lat' dir='ltr'><strong>voluntatis,</strong></span> <span class='ocrx_word' id='word_1_183' title='bbox 3356 972 3524 1045; x_wconf 88' lang='lat' dir='ltr'><strong>subji-</strong></span> 
     </span>
    </p>
   </div>
   <div class='ocr_carea' id='block_1_25' title="bbox 1927 1044 3523 1123">
    <p class='ocr_par' dir='ltr' id='par_1_25' title="bbox 1927 1044 3523 1123">
     <span class='ocr_line' id='line_1_25' title="bbox 1927 1044 3523 1123; baseline 0.01 -23"><span class='ocrx_word' id='word_1_184' title='bbox 1927 1044 2122 1100; x_wconf 89' lang='lat' dir='ltr'><strong>ciatur.</strong></span> <span class='ocrx_word' id='word_1_185' title='bbox 2164 1044 2232 1100; x_wconf 80' lang='lat' dir='ltr'><strong>Et</strong></span> <span class='ocrx_word' id='word_1_186' title='bbox 2266 1045 2407 1103; x_wconf 87' lang='lat' dir='ltr'><strong>sicut</strong></span> <span class='ocrx_word' id='word_1_187' title='bbox 2454 1048 2701 1106; x_wconf 83' lang='lat' dir='ltr'><strong>videmus</strong></span> <span class='ocrx_word' id='word_1_188' title='bbox 2732 1052 2913 1107; x_wconf 90' lang='lat' dir='ltr'><strong>multis</strong></span> <span class='ocrx_word' id='word_1_189' title='bbox 2945 1055 3244 1123; x_wconf 86' lang='lat' dir='ltr'><strong>puerilibus</strong></span> <span class='ocrx_word' id='word_1_190' title='bbox 3283 1044 3523 1115; x_wconf 81' lang='lat' dir='ltr'><strong>delecta-</strong></span> 
     </span>
    </p>
   </div>
   <div class='ocr_carea' id='block_1_26' title="bbox 1927 1135 3519 1219">
    <p class='ocr_par' dir='ltr' id='par_1_26' title="bbox 1927 1135 3519 1219">
     <span class='ocr_line' id='line_1_26' title="bbox 1927 1135 3519 1219; baseline 0.009 -30"><span class='ocrx_word' id='word_1_191' title='bbox 1927 1135 2164 1191; x_wconf 88' lang='lat' dir='ltr'><strong>tionibus</strong></span> <span class='ocrx_word' id='word_1_192' title='bbox 2188 1151 2286 1192; x_wconf 81' lang='lat' dir='ltr'><strong>nos</strong></span> <span class='ocrx_word' id='word_1_193' title='bbox 2305 1151 2515 1207; x_wconf 86' lang='lat' dir='ltr'><strong>carere,</strong></span> <span class='ocrx_word' id='word_1_194' title='bbox 2537 1155 2657 1210; x_wconf 76' lang='lat' dir='ltr'><strong>qua:</strong></span> <span class='ocrx_word' id='word_1_195' title='bbox 2677 1156 2777 1197; x_wconf 86' lang='lat' dir='ltr'><strong>nos</strong></span> <span class='ocrx_word' id='word_1_196' title='bbox 2802 1157 3018 1211; x_wconf 89' lang='lat' dir='ltr'><strong>pueros,</strong></span> <span class='ocrx_word' id='word_1_197' title='bbox 3034 1144 3081 1201; x_wconf 89' lang='lat' dir='ltr'><strong>si</strong></span> <span class='ocrx_word' id='word_1_198' title='bbox 3101 1144 3519 1219; x_wconf 89' lang='lat' dir='ltr'><strong>denegarentur,</strong></span> 
     </span>
    </p>
   </div>
   <div class='ocr_carea' id='block_1_27' title="bbox 1927 1230 3521 1299">
    <p class='ocr_par' dir='ltr' id='par_1_27' title="bbox 1927 1230 3521 1299">
     <span class='ocr_line' id='line_1_27' title="bbox 1927 1230 3521 1299; baseline 0.009 -16"><span class='ocrx_word' id='word_1_199' title='bbox 1927 1230 2192 1287; x_wconf 85' lang='lat' dir='ltr'><strong>acerrime</strong></span> <span class='ocrx_word' id='word_1_200' title='bbox 2241 1231 2580 1299; x_wconf 84' lang='lat' dir='ltr'><strong>cruciabam,</strong></span> <span class='ocrx_word' id='word_1_201' title='bbox 2639 1234 2711 1289; x_wconf 91' lang='lat' dir='ltr'><strong>ita</strong></span> <span class='ocrx_word' id='word_1_202' title='bbox 2764 1238 3096 1295; x_wconf 89' lang='lat' dir='ltr'><strong>credendum</strong></span> <span class='ocrx_word' id='word_1_203' title='bbox 3143 1248 3231 1297; x_wconf 88' lang='lat' dir='ltr'><strong>est</strong></span> <span class='ocrx_word' id='word_1_204' title='bbox 3278 1241 3346 1298; x_wconf 91' lang='lat' dir='ltr'><strong>de</strong></span> <span class='ocrx_word' id='word_1_205' title='bbox 3375 1243 3521 1299; x_wconf 86' lang='lat' dir='ltr'><strong>omni</strong></span> 
     </span>
    </p>
   </div>
   <div class='ocr_carea' id='block_1_28' title="bbox 1928 1324 3521 1407">
    <p class='ocr_par' dir='ltr' id='par_1_28' title="bbox 1928 1324 3521 1407">
     <span class='ocr_line' id='line_1_28' title="bbox 1928 1324 3521 1407; baseline 0.01 -30"><span class='ocrx_word' id='word_1_206' title='bbox 1928 1324 2130 1380; x_wconf 87' lang='lat' dir='ltr'><strong>carnali</strong></span> <span class='ocrx_word' id='word_1_207' title='bbox 2161 1324 2519 1383; x_wconf 89' lang='lat' dir='ltr'><strong>delectatione</strong></span> <span class='ocrx_word' id='word_1_208' title='bbox 2542 1328 2775 1386; x_wconf 80' lang='lat' dir='ltr'><strong>futurum</strong></span> <span class='ocrx_word' id='word_1_209' title='bbox 2807 1347 2950 1403; x_wconf 88' lang='lat' dir='ltr'><strong>esse,</strong></span> <span class='ocrx_word' id='word_1_210' title='bbox 2982 1349 3104 1390; x_wconf 92' lang='lat' dir='ltr'><strong>cum</strong></span> <span class='ocrx_word' id='word_1_211' title='bbox 3132 1335 3368 1407; x_wconf 81' lang='lat' dir='ltr'><strong>perfecta</strong></span> <span class='ocrx_word' id='word_1_212' title='bbox 3399 1353 3521 1393; x_wconf 85' lang='lat' dir='ltr'><strong>sau-</strong></span> 
     </span>
    </p>
   </div>
   <div class='ocr_carea' id='block_1_29' title="bbox 1929 1419 3521 1495">
    <p class='ocr_par' dir='ltr' id='par_1_29' title="bbox 1929 1419 3521 1495">
     <span class='ocr_line' id='line_1_29' title="bbox 1929 1419 3521 1495; baseline 0.012 -23"><span class='ocrx_word' id='word_1_213' title='bbox 1929 1419 2088 1474; x_wconf 90' lang='lat' dir='ltr'><strong>ctitas</strong></span> <span class='ocrx_word' id='word_1_214' title='bbox 2143 1428 2315 1475; x_wconf 87' lang='lat' dir='ltr'><strong>totum</strong></span> <span class='ocrx_word' id='word_1_215' title='bbox 2376 1420 2651 1478; x_wconf 82' lang='lat' dir='ltr'><strong>hominem</strong></span> <span class='ocrx_word' id='word_1_216' title='bbox 2719 1429 3074 1495; x_wconf 89' lang='lat' dir='ltr'><strong>reparaverit.</strong></span> <span class='ocrx_word' id='word_1_217' title='bbox 3133 1427 3287 1489; x_wconf 87' lang='lat' dir='ltr'><strong>Nunc</strong></span> <span class='ocrx_word' id='word_1_218' title='bbox 3341 1441 3521 1490; x_wconf 85' lang='lat' dir='ltr'><strong>autem</strong></span> 
     </span>
    </p>
   </div>
   <div class='ocr_carea' id='block_1_30' title="bbox 1929 1511 3517 1594">
    <p class='ocr_par' dir='ltr' id='par_1_30' title="bbox 1929 1511 3517 1594">
     <span class='ocr_line' id='line_1_30' title="bbox 1929 1511 3517 1594; baseline 0.011 -29"><span class='ocrx_word' id='word_1_219' title='bbox 1929 1511 2166 1581; x_wconf 90' lang='lat' dir='ltr'><strong>quandiu</strong></span> <span class='ocrx_word' id='word_1_220' title='bbox 2193 1522 2279 1569; x_wconf 88' lang='lat' dir='ltr'><strong>est</strong></span> <span class='ocrx_word' id='word_1_221' title='bbox 2313 1515 2370 1569; x_wconf 84' lang='lat' dir='ltr'><strong>in</strong></span> <span class='ocrx_word' id='word_1_222' title='bbox 2410 1515 2567 1572; x_wconf 85' lang='lat' dir='ltr'><strong>nobis</strong></span> <span class='ocrx_word' id='word_1_223' title='bbox 2596 1517 2739 1587; x_wconf 88' lang='lat' dir='ltr'><strong>quod</strong></span> <span class='ocrx_word' id='word_1_224' title='bbox 2770 1519 2986 1577; x_wconf 87' lang='lat' dir='ltr'><strong>resistat</strong></span> <span class='ocrx_word' id='word_1_225' title='bbox 3031 1521 3189 1579; x_wconf 65' lang='lat' dir='ltr'><strong>bona:</strong></span> <span class='ocrx_word' id='word_1_226' title='bbox 3231 1525 3517 1594; x_wconf 88' lang='lat' dir='ltr'><strong>voluntati,</strong></span> 
     </span>
    </p>
   </div>
   <div class='ocr_carea' id='block_1_31' title="bbox 1930 1606 3521 1692">
    <p class='ocr_par' dir='ltr' id='par_1_31' title="bbox 1930 1606 3521 1692">
     <span class='ocr_line' id='line_1_31' title="bbox 1930 1606 3521 1692; baseline 0.012 -33"><span class='ocrx_word' id='word_1_227' title='bbox 1930 1606 2130 1661; x_wconf 82' lang='lat' dir='ltr'><strong>auxilio</strong></span> <span class='ocrx_word' id='word_1_228' title='bbox 2161 1606 2257 1663; x_wconf 83' lang='lat' dir='ltr'><strong>Dei</strong></span> <span class='ocrx_word' id='word_1_229' title='bbox 2295 1622 2395 1679; x_wconf 90' lang='lat' dir='ltr'><strong>per</strong></span> <span class='ocrx_word' id='word_1_230' title='bbox 2424 1610 2599 1667; x_wconf 92' lang='lat' dir='ltr'><strong>bonos</strong></span> <span class='ocrx_word' id='word_1_231' title='bbox 2636 1610 2883 1670; x_wconf 86' lang='lat' dir='ltr'><strong>homines</strong></span> <span class='ocrx_word' id='word_1_232' title='bbox 2910 1624 2963 1673; x_wconf 90' lang='lat' dir='ltr'><strong>et</strong></span> <span class='ocrx_word' id='word_1_233' title='bbox 2993 1617 3163 1676; x_wconf 91' lang='lat' dir='ltr'><strong>bonos</strong></span> <span class='ocrx_word' id='word_1_234' title='bbox 3189 1621 3411 1692; x_wconf 89' lang='lat' dir='ltr'><strong>angelos</strong></span> <span class='ocrx_word' id='word_1_235' title='bbox 3440 1621 3521 1677; x_wconf 70' lang='lat' dir='ltr'><strong>in~</strong></span> 
     </span>
    </p>
   </div>
   <div class='ocr_carea' id='block_1_32' title="bbox 1928 1699 3521 1782">
    <p class='ocr_par' dir='ltr' id='par_1_32' title="bbox 1928 1699 3521 1782">
     <span class='ocr_line' id='line_1_32' title="bbox 1928 1699 3521 1782; baseline 0.014 -28"><span class='ocrx_word' id='word_1_236' title='bbox 1928 1699 2210 1770; x_wconf 89' lang='lat' dir='ltr'><strong>digemus;</strong></span> <span class='ocrx_word' id='word_1_237' title='bbox 2242 1711 2301 1759; x_wconf 87' lang='lat' dir='ltr'><strong>ut</strong></span> <span class='ocrx_word' id='word_1_238' title='bbox 2329 1702 2503 1760; x_wconf 91' lang='lat' dir='ltr'><strong>donec</strong></span> <span class='ocrx_word' id='word_1_239' title='bbox 2532 1714 2753 1763; x_wconf 88' lang='lat' dir='ltr'><strong>sanetur</strong></span> <span class='ocrx_word' id='word_1_240' title='bbox 2783 1708 2981 1766; x_wconf 87' lang='lat' dir='ltr'><strong>vulnus</strong></span> <span class='ocrx_word' id='word_1_241' title='bbox 3013 1720 3275 1782; x_wconf 90' lang='lat' dir='ltr'><strong>nostrum,</strong></span> <span class='ocrx_word' id='word_1_242' title='bbox 3306 1730 3416 1773; x_wconf 89' lang='lat' dir='ltr'><strong>non</strong></span> <span class='ocrx_word' id='word_1_243' title='bbox 3446 1715 3521 1776; x_wconf 82' lang='lat' dir='ltr'><strong>ita</strong></span> 
     </span>
    </p>
   </div>
   <div class='ocr_carea' id='block_1_33' title="bbox 226 1794 3520 1874">
    <p class='ocr_par' dir='ltr' id='par_1_33' title="bbox 226 1794 3520 1874">
     <span class='ocr_line' id='line_1_33' title="bbox 226 1794 3520 1874; baseline 0.002 -15"><span class='ocrx_word' id='word_1_244' title='bbox 226 1801 467 1859; x_wconf 84' lang='lat' dir='ltr'><strong>textione</strong></span> <span class='ocrx_word' id='word_1_245' title='bbox 508 1805 775 1857; x_wconf 89' lang='lat' dir='ltr'><strong>sermonis</strong></span> <span class='ocrx_word' id='word_1_246' title='bbox 820 1802 886 1857; x_wconf 89' lang='lat' dir='ltr'><strong>de</strong></span> <span class='ocrx_word' id='word_1_247' title='bbox 917 1803 1134 1859; x_wconf 91' lang='lat' dir='ltr'><strong>diabolo</strong></span> <span class='ocrx_word' id='word_1_248' title='bbox 1169 1804 1353 1874; x_wconf 90' lang='lat' dir='ltr'><strong>utique</strong></span> <span class='ocrx_word' id='word_1_249' title='bbox 1394 1804 1775 1874; x_wconf 91' lang='lat' dir='ltr'><strong>intelliguntur</strong></span> <span class='ocrx_word' id='word_1_250' title='bbox 1806 1823 1820 1861; x_wconf 95' lang='lat'><strong>:</strong></span> <span class='ocrx_word' id='word_1_251' title='bbox 1852 1806 1901 1873; x_wconf 85' lang='lat' dir='ltr'><strong>B</strong></span> <span class='ocrx_word' id='word_1_252' title='bbox 1930 1794 2202 1864; x_wconf 73' lang='grc' dir='ltr'>πιοιθειεῑ,</span> <span class='ocrx_word' id='word_1_253' title='bbox 2231 1804 2289 1852; x_wconf 68' lang='lat' dir='ltr'><strong>ut</strong></span> <span class='ocrx_word' id='word_1_254' title='bbox 2320 1799 2731 1869; x_wconf 73' lang='lat' dir='ltr'><strong>peﬁmateliam</strong></span> <span class='ocrx_word' id='word_1_255' title='bbox 2759 1802 2954 1859; x_wconf 85' lang='lat' dir='ltr'><strong>bonam</strong></span> <span class='ocrx_word' id='word_1_256' title='bbox 2983 1805 3315 1866; x_wconf 79' lang='lat' dir='ltr'><strong>voluntatem</strong></span> <span class='ocrx_word' id='word_1_257' title='bbox 3342 1828 3354 1864; x_wconf 90' lang='lat'><strong>:</strong></span> <span class='ocrx_word' id='word_1_258' title='bbox 3383 1810 3520 1869; x_wconf 85' lang='lat' dir='ltr'><strong>hanc</strong></span> 
     </span>
    </p>
   </div>
   <div class='ocr_carea' id='block_1_34' title="bbox 225 1894 1822 1965">
    <p class='ocr_par' dir='ltr' id='par_1_34' title="bbox 225 1894 1822 1965">
     <span class='ocr_line' id='line_1_34' title="bbox 225 1894 1822 1965; baseline 0.004 -16"><span class='ocrx_word' id='word_1_259' title='bbox 225 1902 282 1950; x_wconf 93' lang='lat' dir='ltr'><strong>et</strong></span> <span class='ocrx_word' id='word_1_260' title='bbox 308 1902 488 1950; x_wconf 88' lang='lat' dir='ltr'><strong>tamen</strong></span> <span class='ocrx_word' id='word_1_261' title='bbox 517 1895 661 1965; x_wconf 90' lang='lat' dir='ltr'><strong>quod</strong></span> <span class='ocrx_word' id='word_1_262' title='bbox 688 1894 761 1950; x_wconf 91' lang='lat' dir='ltr'><strong>ibi</strong></span> <span class='ocrx_word' id='word_1_263' title='bbox 792 1895 995 1951; x_wconf 91' lang='lat' dir='ltr'><strong>dictum</strong></span> <span class='ocrx_word' id='word_1_264' title='bbox 1021 1904 1127 1965; x_wconf 90' lang='lat' dir='ltr'><strong>est,</strong></span> <span class='ocrx_word' id='word_1_265' title='bbox 1173 1895 1450 1952; x_wconf 88' lang='lat' dir='ltr'><strong>Contritus</strong></span> <span class='ocrx_word' id='word_1_266' title='bbox 1479 1906 1563 1952; x_wconf 92' lang='lat' dir='ltr'><strong>est</strong></span> <span class='ocrx_word' id='word_1_267' title='bbox 1596 1899 1647 1952; x_wconf 92' lang='lat' dir='ltr'><strong>in</strong></span> <span class='ocrx_word' id='word_1_268' title='bbox 1679 1908 1822 1955; x_wconf 91' lang='lat' dir='ltr'><strong>terra</strong></span> 
     </span>
    </p>
   </div>
   <div class='ocr_carea' id='block_1_35' title="bbox 224 1985 1824 2059">
    <p class='ocr_par' dir='ltr' id='par_1_35' title="bbox 224 1985 1824 2059">
     <span class='ocr_line' id='line_1_35' title="bbox 224 1985 1824 2059; baseline 0.003 -18"><span class='ocrx_word' id='word_1_269' title='bbox 224 1986 317 2059; x_wconf 87' lang='lat' dir='ltr'><strong>qui</strong></span> <span class='ocrx_word' id='word_1_270' title='bbox 342 1986 505 2040; x_wconf 84' lang='lat' dir='ltr'><strong>mittit</strong></span> <span class='ocrx_word' id='word_1_271' title='bbox 525 1985 593 2041; x_wconf 86' lang='lat' dir='ltr'><strong>ad</strong></span> <span class='ocrx_word' id='word_1_272' title='bbox 614 2001 804 2041; x_wconf 90' lang='lat' dir='ltr'><strong>omnes</strong></span> <span class='ocrx_word' id='word_1_273' title='bbox 823 1998 1035 2057; x_wconf 86' lang='lat' dir='ltr'><strong>gentes,</strong></span> <span class='ocrx_word' id='word_1_274' title='bbox 1068 2003 1176 2042; x_wconf 92' lang='lat' dir='ltr'><strong>non</strong></span> <span class='ocrx_word' id='word_1_275' title='bbox 1198 1996 1365 2043; x_wconf 90' lang='lat' dir='ltr'><strong>totum</strong></span> <span class='ocrx_word' id='word_1_276' title='bbox 1389 1988 1491 2059; x_wconf 90' lang='lat' dir='ltr'><strong>ipsi</strong></span> <span class='ocrx_word' id='word_1_277' title='bbox 1511 1989 1671 2059; x_wconf 87' lang='lat' dir='ltr'><strong>capiti</strong></span> <span class='ocrx_word' id='word_1_278' title='bbox 1694 2004 1824 2046; x_wconf 89' lang='lat' dir='ltr'><strong>con-</strong></span> 
     </span>
    </p>
   </div>
   <div class='ocr_carea' id='block_1_36' title="bbox 221 2080 1823 2154">
    <p class='ocr_par' dir='ltr' id='par_1_36' title="bbox 221 2080 1823 2154">
     <span class='ocr_line' id='line_1_36' title="bbox 221 2080 1823 2154; baseline 0.003 -19"><span class='ocrx_word' id='word_1_279' title='bbox 221 2082 387 2153; x_wconf 83' lang='lat' dir='ltr'><strong>gruit.</strong></span> <span class='ocrx_word' id='word_1_280' title='bbox 406 2080 538 2136; x_wconf 84' lang='lat' dir='ltr'><strong>Nam</strong></span> <span class='ocrx_word' id='word_1_281' title='bbox 552 2080 651 2136; x_wconf 90' lang='lat' dir='ltr'><strong>etsi</strong></span> <span class='ocrx_word' id='word_1_282' title='bbox 664 2081 906 2135; x_wconf 91' lang='lat' dir='ltr'><strong>mittitad</strong></span> <span class='ocrx_word' id='word_1_283' title='bbox 926 2096 1116 2137; x_wconf 87' lang='lat' dir='ltr'><strong>omnes</strong></span> <span class='ocrx_word' id='word_1_284' title='bbox 1135 2089 1325 2152; x_wconf 85' lang='lat' dir='ltr'><strong>gentes</strong></span> <span class='ocrx_word' id='word_1_285' title='bbox 1340 2081 1585 2138; x_wconf 85' lang='lat' dir='ltr'><strong>diabolus</strong></span> <span class='ocrx_word' id='word_1_286' title='bbox 1604 2083 1823 2154; x_wconf 85' lang='lat' dir='ltr'><strong>angelos</strong></span> 
     </span>
    </p>
   </div>
   <div class='ocr_carea' id='block_1_37' title="bbox 233 2174 1820 2246">
    <p class='ocr_par' dir='ltr' id='par_1_37' title="bbox 233 2174 1820 2246">
     <span class='ocr_line' id='line_1_37' title="bbox 233 2174 1820 2246; baseline 0.001 -16"><span class='ocrx_word' id='word_1_287' title='bbox 233 2188 382 2240; x_wconf 82' lang='lat' dir='ltr'><strong>suos,</strong></span> <span class='ocrx_word' id='word_1_288' title='bbox 412 2184 588 2229; x_wconf 88' lang='lat' dir='ltr'><strong>tamen</strong></span> <span class='ocrx_word' id='word_1_289' title='bbox 618 2174 673 2229; x_wconf 92' lang='lat' dir='ltr'><strong>in</strong></span> <span class='ocrx_word' id='word_1_290' title='bbox 696 2182 841 2230; x_wconf 89' lang='lat' dir='ltr'><strong>terra</strong></span> <span class='ocrx_word' id='word_1_291' title='bbox 864 2188 1059 2245; x_wconf 88' lang='lat' dir='ltr'><strong>corpus</strong></span> <span class='ocrx_word' id='word_1_292' title='bbox 1083 2175 1222 2245; x_wconf 80' lang='lat' dir='ltr'><strong>ejus,</strong></span> <span class='ocrx_word' id='word_1_293' title='bbox 1241 2190 1348 2232; x_wconf 91' lang='lat' dir='ltr'><strong>non</strong></span> <span class='ocrx_word' id='word_1_294' title='bbox 1366 2175 1480 2246; x_wconf 90' lang='lat' dir='ltr'><strong>ipse</strong></span> <span class='ocrx_word' id='word_1_295' title='bbox 1502 2178 1820 2244; x_wconf 90' lang='lat' dir='ltr'><strong>conteritur;</strong></span> 
     </span>
    </p>
   </div>
   <div class='ocr_carea' id='block_1_38' title="bbox 222 2269 1823 2341">
    <p class='ocr_par' dir='ltr' id='par_1_38' title="bbox 222 2269 1823 2341">
     <span class='ocr_line' id='line_1_38' title="bbox 222 2269 1823 2341; baseline -0.001 -15"><span class='ocrx_word' id='word_1_296' title='bbox 222 2270 326 2326; x_wconf 84' lang='lat' dir='ltr'><strong>nisi</strong></span> <span class='ocrx_word' id='word_1_297' title='bbox 347 2271 468 2341; x_wconf 89' lang='lat' dir='ltr'><strong>quia</strong></span> <span class='ocrx_word' id='word_1_298' title='bbox 496 2271 614 2341; x_wconf 91' lang='lat' dir='ltr'><strong>ipse</strong></span> <span class='ocrx_word' id='word_1_299' title='bbox 641 2280 724 2327; x_wconf 87' lang='lat' dir='ltr'><strong>est</strong></span> <span class='ocrx_word' id='word_1_300' title='bbox 763 2271 816 2326; x_wconf 93' lang='lat' dir='ltr'><strong>in</strong></span> <span class='ocrx_word' id='word_1_301' title='bbox 853 2285 1081 2341; x_wconf 91' lang='lat' dir='ltr'><strong>corpore</strong></span> <span class='ocrx_word' id='word_1_302' title='bbox 1107 2285 1204 2325; x_wconf 85' lang='lat' dir='ltr'><strong>suo</strong></span> <span class='ocrx_word' id='word_1_303' title='bbox 1224 2312 1239 2338; x_wconf 94' lang='lat'><strong>,</strong></span> <span class='ocrx_word' id='word_1_304' title='bbox 1270 2269 1411 2341; x_wconf 91' lang='lat' dir='ltr'><strong>quod</strong></span> <span class='ocrx_word' id='word_1_305' title='bbox 1443 2269 1737 2325; x_wconf 90' lang='lat' dir='ltr'><strong>contritum</strong></span> <span class='ocrx_word' id='word_1_306' title='bbox 1762 2270 1823 2325; x_wconf 78' lang='lat' dir='ltr'><strong>{lt</strong></span> 
     </span>
    </p>
   </div>
   <div class='ocr_carea' id='block_1_39' title="bbox 222 2359 1821 2433">
    <p class='ocr_par' dir='ltr' id='par_1_39' title="bbox 222 2359 1821 2433">
     <span class='ocr_line' id='line_1_39' title="bbox 222 2359 1821 2433; baseline 0.003 -19"><span class='ocrx_word' id='word_1_307' title='bbox 222 2359 326 2432; x_wconf 84' lang='lat' dir='ltr'><strong>[ut]</strong></span> <span class='ocrx_word' id='word_1_308' title='bbox 357 2362 530 2432; x_wconf 87' lang='lat' dir='ltr'><strong>pulvis</strong></span> <span class='ocrx_word' id='word_1_309' title='bbox 575 2378 734 2433; x_wconf 89' lang='lat' dir='ltr'><strong>quem</strong></span> <span class='ocrx_word' id='word_1_310' title='bbox 775 2362 989 2433; x_wconf 77' lang='lat' dir='ltr'><strong>proiicit</strong></span> <span class='ocrx_word' id='word_1_311' title='bbox 1029 2371 1223 2418; x_wconf 79' lang='lat' dir='ltr'><strong>ventus</strong></span> <span class='ocrx_word' id='word_1_312' title='bbox 1251 2377 1280 2417; x_wconf 94' lang='lat' dir='ltr'><strong>a</strong></span> <span class='ocrx_word' id='word_1_313' title='bbox 1308 2360 1448 2418; x_wconf 79' lang='lat' dir='ltr'><strong>facie</strong></span> <span class='ocrx_word' id='word_1_314' title='bbox 1491 2370 1671 2417; x_wconf 70' lang='lat' dir='ltr'><strong>terrae.</strong></span> <span class='ocrx_word' id='word_1_315' title='bbox 1728 2362 1821 2418; x_wconf 66' lang='lat' dir='ltr'><strong>lla:</strong></span> 
     </span>
    </p>
   </div>
   <div class='ocr_carea' id='block_1_40' title="bbox 220 2453 1821 2523">
    <p class='ocr_par' dir='ltr' id='par_1_40' title="bbox 220 2453 1821 2523">
     <span class='ocr_line' id='line_1_40' title="bbox 220 2453 1821 2523; baseline 0.004 -19"><span class='ocrx_word' id='word_1_316' title='bbox 220 2459 400 2506; x_wconf 87' lang='lat' dir='ltr'><strong>autem</strong></span> <span class='ocrx_word' id='word_1_317' title='bbox 453 2467 640 2509; x_wconf 89' lang='lat' dir='ltr'><strong>omnes</strong></span> <span class='ocrx_word' id='word_1_318' title='bbox 679 2453 903 2523; x_wconf 74' lang='lat' dir='ltr'><strong>regulae,</strong></span> <span class='ocrx_word' id='word_1_319' title='bbox 945 2463 1170 2522; x_wconf 88' lang='lat' dir='ltr'><strong>excepta</strong></span> <span class='ocrx_word' id='word_1_320' title='bbox 1216 2466 1320 2506; x_wconf 88' lang='lat' dir='ltr'><strong>una</strong></span> <span class='ocrx_word' id='word_1_321' title='bbox 1348 2467 1469 2521; x_wconf 70' lang='lat' dir='ltr'><strong>quae</strong></span> <span class='ocrx_word' id='word_1_322' title='bbox 1499 2462 1723 2507; x_wconf 89' lang='lat' dir='ltr'><strong>vocatur</strong></span> <span class='ocrx_word' id='word_1_323' title='bbox 1751 2454 1821 2510; x_wconf 91' lang='lat' dir='ltr'><strong>de</strong></span> 
     </span>
    </p>
   </div>
   <div class='ocr_carea' id='block_1_41' title="bbox 220 2540 1817 2617">
    <p class='ocr_par' dir='ltr' id='par_1_41' title="bbox 220 2540 1817 2617">
     <span class='ocr_line' id='line_1_41' title="bbox 220 2540 1817 2617; baseline 0.001 -18"><span class='ocrx_word' id='word_1_324' title='bbox 220 2540 512 2601; x_wconf 83' lang='lat' dir='ltr'><strong>Promissis</strong></span> <span class='ocrx_word' id='word_1_325' title='bbox 542 2554 598 2600; x_wconf 89' lang='lat' dir='ltr'><strong>et</strong></span> <span class='ocrx_word' id='word_1_326' title='bbox 639 2546 803 2616; x_wconf 85' lang='lat' dir='ltr'><strong>Lege,</strong></span> <span class='ocrx_word' id='word_1_327' title='bbox 849 2545 991 2600; x_wconf 91' lang='lat' dir='ltr'><strong>aliud</strong></span> <span class='ocrx_word' id='word_1_328' title='bbox 1035 2560 1099 2601; x_wconf 86' lang='lat' dir='ltr'><strong>ex</strong></span> <span class='ocrx_word' id='word_1_329' title='bbox 1154 2547 1261 2600; x_wconf 90' lang='lat' dir='ltr'><strong>alio</strong></span> <span class='ocrx_word' id='word_1_330' title='bbox 1309 2545 1510 2602; x_wconf 80' lang='lat' dir='ltr'><strong>faciunt</strong></span> <span class='ocrx_word' id='word_1_331' title='bbox 1567 2546 1817 2617; x_wconf 90' lang='lat' dir='ltr'><strong>intelligi,</strong></span> 
     </span>
    </p>
   </div>
   <div class='ocr_carea' id='block_1_42' title="bbox 218 2638 1819 2709">
    <p class='ocr_par' dir='ltr' id='par_1_42' title="bbox 218 2638 1819 2709">
     <span class='ocr_line' id='line_1_42' title="bbox 218 2638 1819 2709; baseline 0.002 -18"><span class='ocrx_word' id='word_1_332' title='bbox 218 2638 383 2705; x_wconf 75' lang='lat' dir='ltr'><strong>quod.</strong></span> <span class='ocrx_word' id='word_1_333' title='bbox 410 2646 494 2693; x_wconf 85' lang='lat' dir='ltr'><strong>est</strong></span> <span class='ocrx_word' id='word_1_334' title='bbox 543 2639 821 2709; x_wconf 89' lang='lat' dir='ltr'><strong>proprium</strong></span> <span class='ocrx_word' id='word_1_335' title='bbox 868 2639 1083 2708; x_wconf 69' lang='lat' dir='ltr'><strong>tropica:</strong></span> <span class='ocrx_word' id='word_1_336' title='bbox 1126 2638 1438 2705; x_wconf 85' lang='lat' dir='ltr'><strong>locutionis,</strong></span> <span class='ocrx_word' id='word_1_337' title='bbox 1485 2654 1607 2707; x_wconf 67' lang='lat' dir='ltr'><strong>qua:</strong></span> <span class='ocrx_word' id='word_1_338' title='bbox 1655 2638 1819 2695; x_wconf 88' lang='lat' dir='ltr'><strong>latius</strong></span> 
     </span>
    </p>
   </div>
   <div class='ocr_carea' id='block_1_43' title="bbox 216 2728 1820 2801">
    <p class='ocr_par' dir='ltr' id='par_1_43' title="bbox 216 2728 1820 2801">
     <span class='ocr_line' id='line_1_43' title="bbox 216 2728 1820 2801; baseline 0.004 -21"><span class='ocrx_word' id='word_1_339' title='bbox 216 2736 365 2797; x_wconf 86' lang='lat' dir='ltr'><strong>patet</strong></span> <span class='ocrx_word' id='word_1_340' title='bbox 384 2743 546 2799; x_wconf 89' lang='lat' dir='ltr'><strong>quam</strong></span> <span class='ocrx_word' id='word_1_341' title='bbox 580 2738 637 2783; x_wconf 85' lang='lat' dir='ltr'><strong>ut</strong></span> <span class='ocrx_word' id='word_1_342' title='bbox 668 2730 856 2799; x_wconf 85' lang='lat' dir='ltr'><strong>possit,</strong></span> <span class='ocrx_word' id='word_1_343' title='bbox 890 2738 947 2785; x_wconf 92' lang='lat' dir='ltr'><strong>ut</strong></span> <span class='ocrx_word' id='word_1_344' title='bbox 974 2729 1104 2784; x_wconf 85' lang='lat' dir='ltr'><strong>mihi</strong></span> <span class='ocrx_word' id='word_1_345' title='bbox 1130 2728 1363 2796; x_wconf 88' lang='lat' dir='ltr'><strong>videtur,</strong></span> <span class='ocrx_word' id='word_1_346' title='bbox 1395 2729 1462 2785; x_wconf 86' lang='lat' dir='ltr'><strong>ab</strong></span> <span class='ocrx_word' id='word_1_347' title='bbox 1492 2730 1672 2801; x_wconf 89' lang='lat' dir='ltr'><strong>aliquo</strong></span> <span class='ocrx_word' id='word_1_348' title='bbox 1700 2730 1820 2786; x_wconf 87' lang='lat' dir='ltr'><strong>uni-</strong></span> 
     </span>
    </p>
   </div>
   <div class='ocr_carea' id='block_1_44' title="bbox 216 2820 1820 2892">
    <p class='ocr_par' dir='ltr' id='par_1_44' title="bbox 216 2820 1820 2892">
     <span class='ocr_line' id='line_1_44' title="bbox 216 2820 1820 2892; baseline 0.001 -19"><span class='ocrx_word' id='word_1_349' title='bbox 216 2830 370 2873; x_wconf 87' lang='lat' dir='ltr'><strong>versa</strong></span> <span class='ocrx_word' id='word_1_350' title='bbox 410 2820 825 2889; x_wconf 84' lang='lat' dir='ltr'><strong>comprehendi.</strong></span> <span class='ocrx_word' id='word_1_351' title='bbox 871 2820 1005 2876; x_wconf 84' lang='lat' dir='ltr'><strong>Nam</strong></span> <span class='ocrx_word' id='word_1_352' title='bbox 1037 2821 1346 2892; x_wconf 89' lang='lat' dir='ltr'><strong>ubicunque</strong></span> <span class='ocrx_word' id='word_1_353' title='bbox 1376 2822 1529 2877; x_wconf 88' lang='lat' dir='ltr'><strong>velut</strong></span> <span class='ocrx_word' id='word_1_354' title='bbox 1559 2820 1707 2876; x_wconf 87' lang='lat' dir='ltr'><strong>aliud</strong></span> <span class='ocrx_word' id='word_1_355' title='bbox 1737 2820 1820 2876; x_wconf 87' lang='lat' dir='ltr'><strong>di-</strong></span> 
     </span>
    </p>
   </div>
   <div class='ocr_carea' id='block_1_45' title="bbox 214 2914 1816 2986">
    <p class='ocr_par' dir='ltr' id='par_1_45' title="bbox 214 2914 1816 2986">
     <span class='ocr_line' id='line_1_45' title="bbox 214 2914 1816 2986; baseline -0.001 -15"><span class='ocrx_word' id='word_1_356' title='bbox 214 2914 356 2971; x_wconf 85' lang='lat' dir='ltr'><strong>citur</strong></span> <span class='ocrx_word' id='word_1_357' title='bbox 383 2924 441 2969; x_wconf 89' lang='lat' dir='ltr'><strong>ut</strong></span> <span class='ocrx_word' id='word_1_358' title='bbox 473 2915 617 2970; x_wconf 91' lang='lat' dir='ltr'><strong>aliud</strong></span> <span class='ocrx_word' id='word_1_359' title='bbox 652 2914 1020 2986; x_wconf 81' lang='lat' dir='ltr'><strong>intelligatur,</strong></span> <span class='ocrx_word' id='word_1_360' title='bbox 1051 2923 1108 2971; x_wconf 89' lang='lat' dir='ltr'><strong>et</strong></span> <span class='ocrx_word' id='word_1_361' title='bbox 1132 2916 1178 2971; x_wconf 89' lang='lat' dir='ltr'><strong>si</strong></span> <span class='ocrx_word' id='word_1_362' title='bbox 1222 2930 1420 2972; x_wconf 90' lang='lat' dir='ltr'><strong>nomen</strong></span> <span class='ocrx_word' id='word_1_363' title='bbox 1464 2915 1633 2986; x_wconf 89' lang='lat' dir='ltr'><strong>ipsius</strong></span> <span class='ocrx_word' id='word_1_364' title='bbox 1674 2917 1816 2985; x_wconf 89' lang='lat' dir='ltr'><strong>tropi</strong></span> 
     </span>
    </p>
   </div>
   <div class='ocr_carea' id='block_1_46' title="bbox 214 3006 1813 3079">
    <p class='ocr_par' dir='ltr' id='par_1_46' title="bbox 214 3006 1813 3079">
     <span class='ocr_line' id='line_1_46' title="bbox 214 3006 1813 3079; baseline -0.001 -17"><span class='ocrx_word' id='word_1_365' title='bbox 214 3006 271 3062; x_wconf 90' lang='lat' dir='ltr'><strong>in</strong></span> <span class='ocrx_word' id='word_1_366' title='bbox 302 3006 552 3077; x_wconf 86' lang='lat' dir='ltr'><strong>loquendi</strong></span> <span class='ocrx_word' id='word_1_367' title='bbox 583 3018 699 3063; x_wconf 85' lang='lat' dir='ltr'><strong>arte</strong></span> <span class='ocrx_word' id='word_1_368' title='bbox 742 3024 848 3062; x_wconf 91' lang='lat' dir='ltr'><strong>non</strong></span> <span class='ocrx_word' id='word_1_369' title='bbox 884 3008 1187 3077; x_wconf 85' lang='lat' dir='ltr'><strong>invenitur,</strong></span> <span class='ocrx_word' id='word_1_370' title='bbox 1240 3008 1448 3079; x_wconf 90' lang='lat' dir='ltr'><strong>tropica</strong></span> <span class='ocrx_word' id='word_1_371' title='bbox 1478 3007 1684 3063; x_wconf 89' lang='lat' dir='ltr'><strong>locutio</strong></span> <span class='ocrx_word' id='word_1_372' title='bbox 1712 3015 1813 3063; x_wconf 90' lang='lat' dir='ltr'><strong>est.</strong></span> 
     </span>
    </p>
   </div>
   <div class='ocr_carea' id='block_1_47' title="bbox 212 3099 1816 3171">
    <p class='ocr_par' dir='ltr' id='par_1_47' title="bbox 212 3099 1816 3171">
     <span class='ocr_line' id='line_1_47' title="bbox 212 3099 1816 3171; baseline 0.001 -18"><span class='ocrx_word' id='word_1_373' title='bbox 212 3100 347 3168; x_wconf 78' lang='lat' dir='ltr'><strong>Qua:</strong></span> <span class='ocrx_word' id='word_1_374' title='bbox 390 3114 511 3154; x_wconf 91' lang='lat' dir='ltr'><strong>cum</strong></span> <span class='ocrx_word' id='word_1_375' title='bbox 542 3099 601 3154; x_wconf 82' lang='lat' dir='ltr'><strong>ﬁt</strong></span> <span class='ocrx_word' id='word_1_376' title='bbox 630 3099 717 3154; x_wconf 89' lang='lat' dir='ltr'><strong>ubi</strong></span> <span class='ocrx_word' id='word_1_377' title='bbox 750 3100 867 3156; x_wconf 79' lang='lat' dir='ltr'><strong>ﬁeri</strong></span> <span class='ocrx_word' id='word_1_378' title='bbox 897 3101 1054 3169; x_wconf 88' lang='lat' dir='ltr'><strong>solet,</strong></span> <span class='ocrx_word' id='word_1_379' title='bbox 1109 3100 1227 3157; x_wconf 84' lang='lat' dir='ltr'><strong>sine</strong></span> <span class='ocrx_word' id='word_1_380' title='bbox 1252 3100 1440 3157; x_wconf 84' lang='lat' dir='ltr'><strong>labore</strong></span> <span class='ocrx_word' id='word_1_381' title='bbox 1463 3101 1707 3171; x_wconf 89' lang='lat' dir='ltr'><strong>sequitur</strong></span> <span class='ocrx_word' id='word_1_382' title='bbox 1735 3101 1816 3155; x_wconf 90' lang='lat' dir='ltr'><strong>in-</strong></span> 
     </span>
    </p>
   </div>
   <div class='ocr_carea' id='block_1_48' title="bbox 1928 1895 3521 1973">
    <p class='ocr_par' dir='ltr' id='par_1_48' title="bbox 1928 1895 3521 1973">
     <span class='ocr_line' id='line_1_48' title="bbox 1928 1895 3521 1973; baseline 0.011 -32"><span class='ocrx_word' id='word_1_383' title='bbox 1928 1895 2109 1943; x_wconf 87' lang='lat' dir='ltr'><strong>autem</strong></span> <span class='ocrx_word' id='word_1_384' title='bbox 2156 1897 2392 1946; x_wconf 87' lang='lat' dir='ltr'><strong>mortem</strong></span> <span class='ocrx_word' id='word_1_385' title='bbox 2438 1902 2661 1961; x_wconf 91' lang='lat' dir='ltr'><strong>peccato</strong></span> <span class='ocrx_word' id='word_1_386' title='bbox 2705 1897 3038 1966; x_wconf 84' lang='lat' dir='ltr'><strong>meruimus,</strong></span> <span class='ocrx_word' id='word_1_387' title='bbox 3070 1901 3211 1968; x_wconf 78' lang='lat' dir='ltr'><strong>quod</strong></span> <span class='ocrx_word' id='word_1_388' title='bbox 3245 1914 3521 1973; x_wconf 88' lang='lat' dir='ltr'><strong>peccatum</strong></span> 
     </span>
    </p>
   </div>
   <div class='ocr_carea' id='block_1_49' title="bbox 1929 1981 3521 2064">
    <p class='ocr_par' dir='ltr' id='par_1_49' title="bbox 1929 1981 3521 2064">
     <span class='ocr_line' id='line_1_49' title="bbox 1929 1981 3521 2064; baseline 0.012 -31"><span class='ocrx_word' id='word_1_389' title='bbox 1929 1987 2046 2034; x_wconf 86' lang='lat' dir='ltr'><strong>erat</strong></span> <span class='ocrx_word' id='word_1_390' title='bbox 2072 1981 2385 2037; x_wconf 86' lang='lat' dir='ltr'><strong>omnimodo</strong></span> <span class='ocrx_word' id='word_1_391' title='bbox 2429 1982 2485 2038; x_wconf 90' lang='lat' dir='ltr'><strong>in</strong></span> <span class='ocrx_word' id='word_1_392' title='bbox 2522 1984 2694 2041; x_wconf 89' lang='lat' dir='ltr'><strong>libero</strong></span> <span class='ocrx_word' id='word_1_393' title='bbox 2738 1987 2986 2055; x_wconf 90' lang='lat' dir='ltr'><strong>arbitrio,</strong></span> <span class='ocrx_word' id='word_1_394' title='bbox 3012 2004 3135 2046; x_wconf 90' lang='lat' dir='ltr'><strong>cum</strong></span> <span class='ocrx_word' id='word_1_395' title='bbox 3178 1992 3234 2047; x_wconf 94' lang='lat' dir='ltr'><strong>in</strong></span> <span class='ocrx_word' id='word_1_396' title='bbox 3274 1994 3521 2064; x_wconf 86' lang='lat' dir='ltr'><strong>paradiso</strong></span> 
     </span>
    </p>
   </div>
   <div class='ocr_carea' id='block_1_50' title="bbox 1928 2072 3522 2146">
    <p class='ocr_par' dir='ltr' id='par_1_50' title="bbox 1928 2072 3522 2146">
     <span class='ocr_line' id='line_1_50' title="bbox 1928 2072 3522 2146; baseline 0.011 -21"><span class='ocrx_word' id='word_1_397' title='bbox 1928 2072 2106 2127; x_wconf 79' lang='lat' dir='ltr'><strong>nullus</strong></span> <span class='ocrx_word' id='word_1_398' title='bbox 2147 2072 2308 2128; x_wconf 90' lang='lat' dir='ltr'><strong>dolor</strong></span> <span class='ocrx_word' id='word_1_399' title='bbox 2336 2073 2616 2146; x_wconf 71' lang='lat' dir='ltr'><strong>denegata:</strong></span> <span class='ocrx_word' id='word_1_400' title='bbox 2658 2077 3029 2138; x_wconf 87' lang='lat' dir='ltr'><strong>delectationis</strong></span> <span class='ocrx_word' id='word_1_401' title='bbox 3061 2082 3322 2140; x_wconf 75' lang='lat' dir='ltr'><strong>voluntati</strong></span> <span class='ocrx_word' id='word_1_402' title='bbox 3366 2085 3522 2143; x_wconf 68' lang='lat' dir='ltr'><strong>bona:</strong></span> 
     </span>
    </p>
   </div>
   <div class='ocr_carea' id='block_1_51' title="bbox 1926 2161 3523 2249">
    <p class='ocr_par' dir='ltr' id='par_1_51' title="bbox 1926 2161 3523 2249">
     <span class='ocr_line' id='line_1_51' title="bbox 1926 2161 3523 2249; baseline 0.014 -34"><span class='ocrx_word' id='word_1_403' title='bbox 1926 2161 2161 2219; x_wconf 80' lang='lat' dir='ltr'><strong>hominis</strong></span> <span class='ocrx_word' id='word_1_404' title='bbox 2187 2165 2512 2223; x_wconf 88' lang='lat' dir='ltr'><strong>resistebat:</strong></span> <span class='ocrx_word' id='word_1_405' title='bbox 2536 2170 2694 2226; x_wconf 80' lang='lat' dir='ltr'><strong>sicuti</strong></span> <span class='ocrx_word' id='word_1_406' title='bbox 2716 2187 2879 2241; x_wconf 90' lang='lat' dir='ltr'><strong>nunc,</strong></span> <span class='ocrx_word' id='word_1_407' title='bbox 2902 2173 3052 2229; x_wconf 88' lang='lat' dir='ltr'><strong>verbi</strong></span> <span class='ocrx_word' id='word_1_408' title='bbox 3075 2178 3268 2246; x_wconf 81' lang='lat' dir='ltr'><strong>gratia,</strong></span> <span class='ocrx_word' id='word_1_409' title='bbox 3295 2176 3343 2233; x_wconf 91' lang='lat' dir='ltr'><strong>si</strong></span> <span class='ocrx_word' id='word_1_410' title='bbox 3375 2179 3523 2249; x_wconf 82' lang='lat' dir='ltr'><strong>quis-</strong></span> 
     </span>
    </p>
   </div>
   <div class='ocr_carea' id='block_1_52' title="bbox 1925 2259 3556 2337">
    <p class='ocr_par' dir='ltr' id='par_1_52' title="bbox 1925 2259 3556 2337">
     <span class='ocr_line' id='line_1_52' title="bbox 1925 2259 3556 2337; baseline 0.01 -27"><span class='ocrx_word' id='word_1_411' title='bbox 1925 2271 2084 2327; x_wconf 84' lang='lat' dir='ltr'><strong>quam</strong></span> <span class='ocrx_word' id='word_1_412' title='bbox 2138 2259 2337 2317; x_wconf 83' lang='lat' dir='ltr'><strong>existat</strong></span> <span class='ocrx_word' id='word_1_413' title='bbox 2380 2276 2544 2330; x_wconf 88' lang='lat' dir='ltr'><strong>quem</strong></span> <span class='ocrx_word' id='word_1_414' title='bbox 2606 2279 2877 2334; x_wconf 88' lang='lat' dir='ltr'><strong>nunquam</strong></span> <span class='ocrx_word' id='word_1_415' title='bbox 2949 2267 3166 2322; x_wconf 86' lang='lat' dir='ltr'><strong>venatio</strong></span> <span class='ocrx_word' id='word_1_416' title='bbox 3215 2268 3556 2337; x_wconf 43' lang='lat' dir='ltr'><strong>delectavity</strong></span> 
     </span>
    </p>
   </div>
   <div class='ocr_carea' id='block_1_53' title="bbox 1925 2348 3523 2430">
    <p class='ocr_par' dir='ltr' id='par_1_53' title="bbox 1925 2348 3523 2430">
     <span class='ocr_line' id='line_1_53' title="bbox 1925 2348 3523 2430; baseline 0.009 -27"><span class='ocrx_word' id='word_1_417' title='bbox 1925 2348 2239 2405; x_wconf 87' lang='lat' dir='ltr'><strong>omnimodo</strong></span> <span class='ocrx_word' id='word_1_418' title='bbox 2267 2349 2405 2405; x_wconf 90' lang='lat' dir='ltr'><strong>liber</strong></span> <span class='ocrx_word' id='word_1_419' title='bbox 2430 2361 2516 2407; x_wconf 89' lang='lat' dir='ltr'><strong>est</strong></span> <span class='ocrx_word' id='word_1_420' title='bbox 2543 2361 2725 2410; x_wconf 90' lang='lat' dir='ltr'><strong>utrum</strong></span> <span class='ocrx_word' id='word_1_421' title='bbox 2766 2357 2951 2412; x_wconf 82' lang='lat' dir='ltr'><strong>venari</strong></span> <span class='ocrx_word' id='word_1_422' title='bbox 2978 2358 3110 2413; x_wconf 90' lang='lat' dir='ltr'><strong>velit</strong></span> <span class='ocrx_word' id='word_1_423' title='bbox 3138 2374 3204 2413; x_wconf 89' lang='lat' dir='ltr'><strong>an</strong></span> <span class='ocrx_word' id='word_1_424' title='bbox 3236 2360 3389 2430; x_wconf 89' lang='lat' dir='ltr'><strong>nolit,</strong></span> <span class='ocrx_word' id='word_1_425' title='bbox 3424 2375 3523 2417; x_wconf 86' lang='lat' dir='ltr'><strong>nec</strong></span> 
     </span>
    </p>
   </div>
   <div class='ocr_carea' id='block_1_54' title="bbox 1923 2441 3521 2517">
    <p class='ocr_par' dir='ltr' id='par_1_54' title="bbox 1923 2441 3521 2517">
     <span class='ocr_line' id='line_1_54' title="bbox 1923 2441 3521 2517; baseline 0.009 -25"><span class='ocrx_word' id='word_1_426' title='bbox 1923 2452 2047 2493; x_wconf 85' lang='lat' dir='ltr'><strong>eum</strong></span> <span class='ocrx_word' id='word_1_427' title='bbox 2091 2441 2299 2496; x_wconf 87' lang='lat' dir='ltr'><strong>cruciat</strong></span> <span class='ocrx_word' id='word_1_428' title='bbox 2333 2442 2579 2514; x_wconf 87' lang='lat' dir='ltr'><strong>quisquis</strong></span> <span class='ocrx_word' id='word_1_429' title='bbox 2608 2444 2712 2502; x_wconf 89' lang='lat' dir='ltr'><strong>hoc</strong></span> <span class='ocrx_word' id='word_1_430' title='bbox 2750 2447 3035 2517; x_wconf 85' lang='lat' dir='ltr'><strong>prohibet;</strong></span> <span class='ocrx_word' id='word_1_431' title='bbox 3068 2459 3122 2505; x_wconf 93' lang='lat' dir='ltr'><strong>at</strong></span> <span class='ocrx_word' id='word_1_432' title='bbox 3149 2450 3196 2505; x_wconf 88' lang='lat' dir='ltr'><strong>si</strong></span> <span class='ocrx_word' id='word_1_433' title='bbox 3224 2450 3326 2505; x_wconf 85' lang='lat' dir='ltr'><strong>ista</strong></span> <span class='ocrx_word' id='word_1_434' title='bbox 3353 2449 3521 2509; x_wconf 85' lang='lat' dir='ltr'><strong>liber-</strong></span> 
     </span>
    </p>
   </div>
   <div class='ocr_carea' id='block_1_55' title="bbox 1924 2533 3512 2611">
    <p class='ocr_par' dir='ltr' id='par_1_55' title="bbox 1924 2533 3512 2611">
     <span class='ocr_line' id='line_1_55' title="bbox 1924 2533 3512 2611; baseline 0.011 -26"><span class='ocrx_word' id='word_1_435' title='bbox 1924 2538 2034 2587; x_wconf 83' lang='lat' dir='ltr'><strong>tate</strong></span> <span class='ocrx_word' id='word_1_436' title='bbox 2060 2533 2200 2587; x_wconf 88' lang='lat' dir='ltr'><strong>male</strong></span> <span class='ocrx_word' id='word_1_437' title='bbox 2230 2549 2361 2590; x_wconf 89' lang='lat' dir='ltr'><strong>usus</strong></span> <span class='ocrx_word' id='word_1_438' title='bbox 2388 2545 2618 2593; x_wconf 84' lang='lat' dir='ltr'><strong>venatus</strong></span> <span class='ocrx_word' id='word_1_439' title='bbox 2642 2537 2804 2594; x_wconf 85' lang='lat' dir='ltr'><strong>fuerit</strong></span> <span class='ocrx_word' id='word_1_440' title='bbox 2830 2550 3023 2595; x_wconf 83' lang='lat' dir='ltr'><strong>contra</strong></span> <span class='ocrx_word' id='word_1_441' title='bbox 3052 2541 3388 2611; x_wconf 80' lang='lat' dir='ltr'><strong>prohibentis</strong></span> <span class='ocrx_word' id='word_1_442' title='bbox 3412 2544 3512 2601; x_wconf 87' lang='lat' dir='ltr'><strong>im-</strong></span> 
     </span>
    </p>
   </div>
   <div class='ocr_carea' id='block_1_56' title="bbox 1924 2623 3521 2701">
    <p class='ocr_par' dir='ltr' id='par_1_56' title="bbox 1924 2623 3521 2701">
     <span class='ocr_line' id='line_1_56' title="bbox 1924 2623 3521 2701; baseline 0.011 -23"><span class='ocrx_word' id='word_1_443' title='bbox 1924 2623 2130 2694; x_wconf 84' lang='lat' dir='ltr'><strong>perium</strong></span> <span class='ocrx_word' id='word_1_444' title='bbox 2158 2664 2177 2693; x_wconf 91' lang='lat'><strong>,</strong></span> <span class='ocrx_word' id='word_1_445' title='bbox 2231 2628 2487 2695; x_wconf 88' lang='lat' dir='ltr'><strong>paulatim</strong></span> <span class='ocrx_word' id='word_1_446' title='bbox 2537 2629 2838 2701; x_wconf 89' lang='lat' dir='ltr'><strong>subrepens</strong></span> <span class='ocrx_word' id='word_1_447' title='bbox 2887 2632 3173 2690; x_wconf 86' lang='lat' dir='ltr'><strong>delectatio</strong></span> <span class='ocrx_word' id='word_1_448' title='bbox 3228 2636 3521 2695; x_wconf 80' lang='lat' dir='ltr'><strong>mortiﬁcat</strong></span> 
     </span>
    </p>
   </div>
   <div class='ocr_carea' id='block_1_57' title="bbox 1925 2718 3520 2795">
    <p class='ocr_par' dir='ltr' id='par_1_57' title="bbox 1925 2718 3520 2795">
     <span class='ocr_line' id='line_1_57' title="bbox 1925 2718 3520 2795; baseline 0.009 -23"><span class='ocrx_word' id='word_1_449' title='bbox 1925 2718 2182 2786; x_wconf 74' lang='lat' dir='ltr'><strong>animam,</strong></span> <span class='ocrx_word' id='word_1_450' title='bbox 2230 2728 2288 2776; x_wconf 83' lang='lat' dir='ltr'><strong>ut</strong></span> <span class='ocrx_word' id='word_1_451' title='bbox 2333 2721 2379 2776; x_wconf 80' lang='lat' dir='ltr'><strong>si</strong></span> <span class='ocrx_word' id='word_1_452' title='bbox 2426 2735 2487 2777; x_wconf 89' lang='lat' dir='ltr'><strong>se</strong></span> <span class='ocrx_word' id='word_1_453' title='bbox 2532 2721 2805 2781; x_wconf 82' lang='lat' dir='ltr'><strong>abstinere</strong></span> <span class='ocrx_word' id='word_1_454' title='bbox 2851 2725 3004 2795; x_wconf 88' lang='lat' dir='ltr'><strong>velit,</strong></span> <span class='ocrx_word' id='word_1_455' title='bbox 3037 2727 3157 2784; x_wconf 87' lang='lat' dir='ltr'><strong>sine</strong></span> <span class='ocrx_word' id='word_1_456' title='bbox 3187 2728 3437 2787; x_wconf 88' lang='lat' dir='ltr'><strong>molestia</strong></span> <span class='ocrx_word' id='word_1_457' title='bbox 3462 2742 3520 2788; x_wconf 92' lang='lat' dir='ltr'><strong>et</strong></span> 
     </span>
    </p>
   </div>
   <div class='ocr_carea' id='block_1_58' title="bbox 1921 2813 3520 2883">
    <p class='ocr_par' dir='ltr' id='par_1_58' title="bbox 1921 2813 3520 2883">
     <span class='ocr_line' id='line_1_58' title="bbox 1921 2813 3520 2883; baseline 0.009 -18"><span class='ocrx_word' id='word_1_458' title='bbox 1921 2824 2125 2880; x_wconf 83' lang='lat' dir='ltr'><strong>angore</strong></span> <span class='ocrx_word' id='word_1_459' title='bbox 2166 2826 2279 2868; x_wconf 75' lang='lat' dir='ltr'><strong>non</strong></span> <span class='ocrx_word' id='word_1_460' title='bbox 2324 2813 2524 2883; x_wconf 83' lang='lat' dir='ltr'><strong>possit,</strong></span> <span class='ocrx_word' id='word_1_461' title='bbox 2556 2829 2680 2872; x_wconf 89' lang='lat' dir='ltr'><strong>eum</strong></span> <span class='ocrx_word' id='word_1_462' title='bbox 2720 2815 2779 2873; x_wconf 87' lang='lat' dir='ltr'><strong>id</strong></span> <span class='ocrx_word' id='word_1_463' title='bbox 2824 2826 2949 2873; x_wconf 90' lang='lat' dir='ltr'><strong>ante</strong></span> <span class='ocrx_word' id='word_1_464' title='bbox 2981 2827 3097 2876; x_wconf 86' lang='lat' dir='ltr'><strong>tota</strong></span> <span class='ocrx_word' id='word_1_465' title='bbox 3140 2821 3370 2878; x_wconf 87' lang='lat' dir='ltr'><strong>sanitate</strong></span> <span class='ocrx_word' id='word_1_466' title='bbox 3410 2839 3520 2880; x_wconf 89' lang='lat' dir='ltr'><strong>non</strong></span> 
     </span>
    </p>
   </div>
   <div class='ocr_carea' id='block_1_59' title="bbox 1920 2905 3519 2987">
    <p class='ocr_par' dir='ltr' id='par_1_59' title="bbox 1920 2905 3519 2987">
     <span class='ocr_line' id='line_1_59' title="bbox 1920 2905 3519 2987; baseline 0.009 -29"><span class='ocrx_word' id='word_1_467' title='bbox 1920 2914 2125 2974; x_wconf 78' lang='lat' dir='ltr'><strong>ageret.</strong></span> <span class='ocrx_word' id='word_1_468' title='bbox 2158 2905 2305 2977; x_wconf 78' lang='lat' dir='ltr'><strong>Ergo</strong></span> <span class='ocrx_word' id='word_1_469' title='bbox 2330 2906 2551 2963; x_wconf 89' lang='lat' dir='ltr'><strong>aculeus</strong></span> <span class='ocrx_word' id='word_1_470' title='bbox 2576 2908 2768 2965; x_wconf 82' lang='lat' dir='ltr'><strong>mortis</strong></span> <span class='ocrx_word' id='word_1_471' title='bbox 2790 2920 3072 2981; x_wconf 90' lang='lat' dir='ltr'><strong>peccatum</strong></span> <span class='ocrx_word' id='word_1_472' title='bbox 3103 2924 3207 2984; x_wconf 90' lang='lat' dir='ltr'><strong>est,</strong></span> <span class='ocrx_word' id='word_1_473' title='bbox 3236 2917 3361 2986; x_wconf 88' lang='lat' dir='ltr'><strong>quia</strong></span> <span class='ocrx_word' id='word_1_474' title='bbox 3387 2930 3519 2987; x_wconf 88' lang='lat' dir='ltr'><strong>pec-</strong></span> 
     </span>
    </p>
   </div>
   <div class='ocr_carea' id='block_1_60' title="bbox 1920 2997 3520 3079">
    <p class='ocr_par' dir='ltr' id='par_1_60' title="bbox 1920 2997 3520 3079">
     <span class='ocr_line' id='line_1_60' title="bbox 1920 2997 3520 3079; baseline 0.01 -26"><span class='ocrx_word' id='word_1_475' title='bbox 1920 3008 2043 3054; x_wconf 86' lang='lat' dir='ltr'><strong>cato</strong></span> <span class='ocrx_word' id='word_1_476' title='bbox 2092 2997 2234 3056; x_wconf 78' lang='lat' dir='ltr'><strong>facta</strong></span> <span class='ocrx_word' id='word_1_477' title='bbox 2275 3009 2360 3057; x_wconf 91' lang='lat' dir='ltr'><strong>est</strong></span> <span class='ocrx_word' id='word_1_478' title='bbox 2394 3001 2717 3073; x_wconf 81' lang='lat' dir='ltr'><strong>delectatio,</strong></span> <span class='ocrx_word' id='word_1_479' title='bbox 2753 3021 2872 3074; x_wconf 75' lang='lat' dir='ltr'><strong>qua:</strong></span> <span class='ocrx_word' id='word_1_480' title='bbox 2908 3006 3020 3076; x_wconf 86' lang='lat' dir='ltr'><strong>jam</strong></span> <span class='ocrx_word' id='word_1_481' title='bbox 3060 3009 3233 3079; x_wconf 87' lang='lat' dir='ltr'><strong>possit</strong></span> <span class='ocrx_word' id='word_1_482' title='bbox 3263 3012 3520 3069; x_wconf 88' lang='lat' dir='ltr'><strong>resistere</strong></span> 
     </span>
    </p>
   </div>
   <div class='ocr_carea' id='block_1_61' title="bbox 1920 3090 3519 3168">
    <p class='ocr_par' dir='ltr' id='par_1_61' title="bbox 1920 3090 3519 3168">
     <span class='ocr_line' id='line_1_61' title="bbox 1920 3090 3519 3168; baseline 0.011 -25"><span class='ocrx_word' id='word_1_483' title='bbox 1920 3090 2184 3147; x_wconf 81' lang='lat' dir='ltr'><strong>voluntati</strong></span> <span class='ocrx_word' id='word_1_484' title='bbox 2213 3102 2268 3148; x_wconf 85' lang='lat' dir='ltr'><strong>et</strong></span> <span class='ocrx_word' id='word_1_485' title='bbox 2293 3108 2415 3150; x_wconf 83' lang='lat' dir='ltr'><strong>cum</strong></span> <span class='ocrx_word' id='word_1_486' title='bbox 2456 3095 2649 3152; x_wconf 86' lang='lat' dir='ltr'><strong>dolore</strong></span> <span class='ocrx_word' id='word_1_487' title='bbox 2691 3097 2960 3155; x_wconf 81' lang='lat' dir='ltr'><strong>cohiberi.</strong></span> <span class='ocrx_word' id='word_1_488' title='bbox 3003 3100 3175 3168; x_wconf 85' lang='lat' dir='ltr'><strong>Quam</strong></span> <span class='ocrx_word' id='word_1_489' title='bbox 3205 3101 3519 3160; x_wconf 87' lang='lat' dir='ltr'><strong>delectatio-</strong></span> 
     </span>
    </p>
   </div>
   <div class='ocr_carea' id='block_1_62' title="bbox 213 3186 3518 3268">
    <p class='ocr_par' dir='ltr' id='par_1_62' title="bbox 213 3186 3518 3268">
     <span class='ocr_line' id='line_1_62' title="bbox 213 3186 3518 3268; baseline 0 -20"><span class='ocrx_word' id='word_1_490' title='bbox 213 3193 478 3256; x_wconf 87' lang='lat' dir='ltr'><strong>tellectus;</strong></span> <span class='ocrx_word' id='word_1_491' title='bbox 504 3205 628 3246; x_wconf 87' lang='lat' dir='ltr'><strong>eum</strong></span> <span class='ocrx_word' id='word_1_492' title='bbox 652 3205 785 3247; x_wconf 86' lang='lat' dir='ltr'><strong>vero</strong></span> <span class='ocrx_word' id='word_1_493' title='bbox 806 3192 897 3247; x_wconf 90' lang='lat' dir='ltr'><strong>ubi</strong></span> <span class='ocrx_word' id='word_1_494' title='bbox 927 3207 1031 3247; x_wconf 91' lang='lat' dir='ltr'><strong>non</strong></span> <span class='ocrx_word' id='word_1_495' title='bbox 1054 3191 1213 3258; x_wconf 88' lang='lat' dir='ltr'><strong>solet,</strong></span> <span class='ocrx_word' id='word_1_496' title='bbox 1263 3191 1544 3247; x_wconf 87' lang='lat' dir='ltr'><strong>laboratur</strong></span> <span class='ocrx_word' id='word_1_497' title='bbox 1568 3200 1630 3246; x_wconf 90' lang='lat' dir='ltr'><strong>ut</strong></span> <span class='ocrx_word' id='word_1_498' title='bbox 1651 3189 1815 3246; x_wconf 91' lang='lat' dir='ltr'><strong>intel-</strong></span> <span class='ocrx_word' id='word_1_499' title='bbox 1847 3200 1895 3268; x_wconf 74' lang='grc' dir='ltr'>ο</span> <span class='ocrx_word' id='word_1_500' title='bbox 1928 3199 2051 3239; x_wconf 80' lang='lat' dir='ltr'><strong>netu</strong></span> <span class='ocrx_word' id='word_1_501' title='bbox 2099 3188 2223 3256; x_wconf 77' lang='lat' dir='ltr'><strong>quia</strong></span> <span class='ocrx_word' id='word_1_502' title='bbox 2275 3187 2332 3243; x_wconf 81' lang='lat' dir='ltr'><strong>in</strong></span> <span class='ocrx_word' id='word_1_503' title='bbox 2377 3186 2595 3245; x_wconf 81' lang='lat' dir='ltr'><strong>defectu</strong></span> <span class='ocrx_word' id='word_1_504' title='bbox 2619 3198 2703 3247; x_wconf 89' lang='lat' dir='ltr'><strong>est</strong></span> <span class='ocrx_word' id='word_1_505' title='bbox 2747 3191 2943 3247; x_wconf 66' lang='lat' dir='ltr'><strong>animae</strong></span> <span class='ocrx_word' id='word_1_506' title='bbox 2979 3191 3263 3250; x_wconf 90' lang='lat' dir='ltr'><strong>deterioris</strong></span> <span class='ocrx_word' id='word_1_507' title='bbox 3291 3197 3518 3266; x_wconf 62' lang='lat' dir='ltr'><strong>ell‘ectaa,</strong></span> 
     </span>
    </p>
   </div>
   <div class='ocr_carea' id='block_1_63' title="bbox 212 3282 1817 3356">
    <p class='ocr_par' dir='ltr' id='par_1_63' title="bbox 212 3282 1817 3356">
     <span class='ocr_line' id='line_1_63' title="bbox 212 3282 1817 3356; baseline -0.003 -13"><span class='ocrx_word' id='word_1_508' title='bbox 212 3284 407 3356; x_wconf 82' lang='lat' dir='ltr'><strong>ligatur</strong></span> <span class='ocrx_word' id='word_1_509' title='bbox 434 3284 499 3339; x_wconf 90' lang='lat' dir='ltr'><strong>ab</strong></span> <span class='ocrx_word' id='word_1_510' title='bbox 512 3283 631 3339; x_wconf 88' lang='lat' dir='ltr'><strong>aliis</strong></span> <span class='ocrx_word' id='word_1_511' title='bbox 657 3284 843 3354; x_wconf 89' lang='lat' dir='ltr'><strong>magis,</strong></span> <span class='ocrx_word' id='word_1_512' title='bbox 875 3284 942 3339; x_wconf 90' lang='lat' dir='ltr'><strong>ab</strong></span> <span class='ocrx_word' id='word_1_513' title='bbox 964 3283 1086 3340; x_wconf 89' lang='lat' dir='ltr'><strong>aliis</strong></span> <span class='ocrx_word' id='word_1_514' title='bbox 1110 3285 1289 3339; x_wconf 88' lang='lat' dir='ltr'><strong>minus</strong></span> <span class='ocrx_word' id='word_1_515' title='bbox 1306 3324 1320 3349; x_wconf 94' lang='lat'><strong>,</strong></span> <span class='ocrx_word' id='word_1_516' title='bbox 1346 3284 1485 3339; x_wconf 89' lang='lat' dir='ltr'><strong>sicut</strong></span> <span class='ocrx_word' id='word_1_517' title='bbox 1519 3282 1691 3354; x_wconf 89' lang='lat' dir='ltr'><strong>magis</strong></span> <span class='ocrx_word' id='word_1_518' title='bbox 1715 3283 1817 3338; x_wconf 90' lang='lat' dir='ltr'><strong>mi-</strong></span> 
     </span>
    </p>
   </div>
   <div class='ocr_carea' id='block_1_64' title="bbox 211 3375 1815 3448">
    <p class='ocr_par' dir='ltr' id='par_1_64' title="bbox 211 3375 1815 3448">
     <span class='ocr_line' id='line_1_64' title="bbox 211 3375 1815 3448; baseline -0.002 -13"><span class='ocrx_word' id='word_1_519' title='bbox 211 3392 387 3435; x_wconf 87' lang='lat' dir='ltr'><strong>nusve</strong></span> <span class='ocrx_word' id='word_1_520' title='bbox 402 3377 543 3432; x_wconf 90' lang='lat' dir='ltr'><strong>dona</strong></span> <span class='ocrx_word' id='word_1_521' title='bbox 562 3377 653 3433; x_wconf 88' lang='lat' dir='ltr'><strong>Dei</strong></span> <span class='ocrx_word' id='word_1_522' title='bbox 688 3384 812 3432; x_wconf 85' lang='lat' dir='ltr'><strong>sunt</strong></span> <span class='ocrx_word' id='word_1_523' title='bbox 833 3379 884 3432; x_wconf 87' lang='lat' dir='ltr'><strong>in</strong></span> <span class='ocrx_word' id='word_1_524' title='bbox 908 3378 1141 3448; x_wconf 87' lang='lat' dir='ltr'><strong>ingeniis</strong></span> <span class='ocrx_word' id='word_1_525' title='bbox 1152 3377 1429 3433; x_wconf 89' lang='lat' dir='ltr'><strong>hominum</strong></span> <span class='ocrx_word' id='word_1_526' title='bbox 1444 3376 1525 3431; x_wconf 90' lang='lat' dir='ltr'><strong>vel</strong></span> <span class='ocrx_word' id='word_1_527' title='bbox 1547 3375 1815 3446; x_wconf 89' lang='lat' dir='ltr'><strong>adjutoria</strong></span> 
     </span>
    </p>
   </div>
   <div class='ocr_carea' id='block_1_65' title="bbox 212 3467 1816 3543">
    <p class='ocr_par' dir='ltr' id='par_1_65' title="bbox 212 3467 1816 3543">
     <span class='ocr_line' id='line_1_65' title="bbox 212 3467 1816 3543; baseline -0.002 -17"><span class='ocrx_word' id='word_1_528' title='bbox 212 3468 801 3537; x_wconf 85' lang='lat' dir='ltr'><strong>tribuuntur.Proinde,</strong></span> <span class='ocrx_word' id='word_1_529' title='bbox 821 3470 959 3524; x_wconf 90' lang='lat' dir='ltr'><strong>sicut</strong></span> <span class='ocrx_word' id='word_1_530' title='bbox 973 3469 1139 3543; x_wconf 76' lang='lat' dir='ltr'><strong>58in</strong></span> <span class='ocrx_word' id='word_1_531' title='bbox 1153 3469 1333 3524; x_wconf 88' lang='lat' dir='ltr'><strong>verbis</strong></span> <span class='ocrx_word' id='word_1_532' title='bbox 1348 3467 1598 3539; x_wconf 87' lang='lat' dir='ltr'><strong>propriis,</strong></span> <span class='ocrx_word' id='word_1_533' title='bbox 1618 3468 1685 3522; x_wconf 92' lang='lat' dir='ltr'><strong>de</strong></span> <span class='ocrx_word' id='word_1_534' title='bbox 1699 3468 1816 3537; x_wconf 88' lang='lat' dir='ltr'><strong>qui-</strong></span> 
     </span>
    </p>
   </div>
   <div class='ocr_carea' id='block_1_66' title="bbox 210 3558 1816 3634">
    <p class='ocr_par' dir='ltr' id='par_1_66' title="bbox 210 3558 1816 3634">
     <span class='ocr_line' id='line_1_66' title="bbox 210 3558 1816 3634; baseline -0.003 -17"><span class='ocrx_word' id='word_1_535' title='bbox 210 3558 317 3618; x_wconf 84' lang='lat' dir='ltr'><strong>bus</strong></span> <span class='ocrx_word' id='word_1_536' title='bbox 339 3561 586 3634; x_wconf 83' lang='lat' dir='ltr'><strong>superius</strong></span> <span class='ocrx_word' id='word_1_537' title='bbox 610 3561 1025 3630; x_wconf 83' lang='lat' dir='ltr'><strong>disputavimus,</strong></span> <span class='ocrx_word' id='word_1_538' title='bbox 1042 3560 1133 3616; x_wconf 91' lang='lat' dir='ltr'><strong>ubi</strong></span> <span class='ocrx_word' id='word_1_539' title='bbox 1156 3575 1242 3616; x_wconf 88' lang='lat' dir='ltr'><strong>res</strong></span> <span class='ocrx_word' id='word_1_540' title='bbox 1266 3569 1327 3615; x_wconf 91' lang='lat' dir='ltr'><strong>ut</strong></span> <span class='ocrx_word' id='word_1_541' title='bbox 1341 3560 1595 3615; x_wconf 91' lang='lat' dir='ltr'><strong>dicuntur</strong></span> <span class='ocrx_word' id='word_1_542' title='bbox 1617 3558 1816 3613; x_wconf 90' lang='lat' dir='ltr'><strong>intelli-</strong></span> 
     </span>
    </p>
   </div>
   <div class='ocr_carea' id='block_1_67' title="bbox 208 3652 1811 3729">
    <p class='ocr_par' dir='ltr' id='par_1_67' title="bbox 208 3652 1811 3729">
     <span class='ocr_line' id='line_1_67' title="bbox 208 3652 1811 3729; baseline -0.004 -16"><span class='ocrx_word' id='word_1_543' title='bbox 208 3657 404 3729; x_wconf 79' lang='lat' dir='ltr'><strong>genda:</strong></span> <span class='ocrx_word' id='word_1_544' title='bbox 426 3668 580 3723; x_wconf 88' lang='lat' dir='ltr'><strong>sunt;</strong></span> <span class='ocrx_word' id='word_1_545' title='bbox 602 3656 680 3710; x_wconf 89' lang='lat' dir='ltr'><strong>sie</strong></span> <span class='ocrx_word' id='word_1_546' title='bbox 693 3656 747 3709; x_wconf 92' lang='lat' dir='ltr'><strong>in</strong></span> <span class='ocrx_word' id='word_1_547' title='bbox 768 3655 1039 3710; x_wconf 85' lang='lat' dir='ltr'><strong>translatis</strong></span> <span class='ocrx_word' id='word_1_548' title='bbox 1057 3670 1175 3726; x_wconf 76' lang='lat' dir='ltr'><strong>qua:</strong></span> <span class='ocrx_word' id='word_1_549' title='bbox 1190 3652 1389 3709; x_wconf 81' lang='lat' dir='ltr'><strong>faciunt</strong></span> <span class='ocrx_word' id='word_1_550' title='bbox 1402 3653 1635 3723; x_wconf 89' lang='lat' dir='ltr'><strong>tropicas</strong></span> <span class='ocrx_word' id='word_1_551' title='bbox 1654 3652 1811 3707; x_wconf 88' lang='lat' dir='ltr'><strong>locu-</strong></span> 
     </span>
    </p>
   </div>
   <div class='ocr_carea' id='block_1_68' title="bbox 209 3743 1811 3818">
    <p class='ocr_par' dir='ltr' id='par_1_68' title="bbox 209 3743 1811 3818">
     <span class='ocr_line' id='line_1_68' title="bbox 209 3743 1811 3818; baseline -0.004 -11"><span class='ocrx_word' id='word_1_552' title='bbox 209 3749 412 3818; x_wconf 87' lang='lat' dir='ltr'><strong>tiones,</strong></span> <span class='ocrx_word' id='word_1_553' title='bbox 437 3749 528 3805; x_wconf 84' lang='lat' dir='ltr'><strong>ubi</strong></span> <span class='ocrx_word' id='word_1_554' title='bbox 554 3747 700 3804; x_wconf 87' lang='lat' dir='ltr'><strong>aliud</strong></span> <span class='ocrx_word' id='word_1_555' title='bbox 720 3763 787 3803; x_wconf 89' lang='lat' dir='ltr'><strong>ex</strong></span> <span class='ocrx_word' id='word_1_556' title='bbox 812 3747 919 3802; x_wconf 86' lang='lat' dir='ltr'><strong>alio</strong></span> <span class='ocrx_word' id='word_1_557' title='bbox 956 3745 1362 3816; x_wconf 74' lang='lat' dir='ltr'><strong>inteliigendum</strong></span> <span class='ocrx_word' id='word_1_558' title='bbox 1393 3752 1495 3811; x_wconf 88' lang='lat' dir='ltr'><strong>est,</strong></span> <span class='ocrx_word' id='word_1_559' title='bbox 1524 3743 1593 3800; x_wconf 88' lang='lat' dir='ltr'><strong>de</strong></span> <span class='ocrx_word' id='word_1_560' title='bbox 1619 3745 1811 3816; x_wconf 91' lang='lat' dir='ltr'><strong>quibus</strong></span> 
     </span>
    </p>
   </div>
   <div class='ocr_carea' id='block_1_69' title="bbox 209 3834 1811 3914">
    <p class='ocr_par' dir='ltr' id='par_1_69' title="bbox 209 3834 1811 3914">
     <span class='ocr_line' id='line_1_69' title="bbox 209 3834 1811 3914; baseline -0.005 -16"><span class='ocrx_word' id='word_1_561' title='bbox 209 3843 498 3913; x_wconf 88' lang='lat' dir='ltr'><strong>hucusque</strong></span> <span class='ocrx_word' id='word_1_562' title='bbox 522 3853 782 3914; x_wconf 84' lang='lat' dir='ltr'><strong>quantum</strong></span> <span class='ocrx_word' id='word_1_563' title='bbox 814 3842 989 3897; x_wconf 91' lang='lat' dir='ltr'><strong>visum</strong></span> <span class='ocrx_word' id='word_1_564' title='bbox 1021 3849 1105 3898; x_wconf 89' lang='lat' dir='ltr'><strong>est</strong></span> <span class='ocrx_word' id='word_1_565' title='bbox 1134 3834 1267 3895; x_wconf 76' lang='lat' dir='ltr'><strong>Satis</strong></span> <span class='ocrx_word' id='word_1_566' title='bbox 1310 3840 1539 3909; x_wconf 90' lang='lat' dir='ltr'><strong>egimus,</strong></span> <span class='ocrx_word' id='word_1_567' title='bbox 1584 3852 1691 3893; x_wconf 90' lang='lat' dir='ltr'><strong>non</strong></span> <span class='ocrx_word' id='word_1_568' title='bbox 1719 3851 1811 3893; x_wconf 81' lang='lat' dir='ltr'><strong>so—</strong></span> 
     </span>
    </p>
   </div>
   <div class='ocr_carea' id='block_1_70' title="bbox 210 3929 1806 3993">
    <p class='ocr_par' dir='ltr' id='par_1_70' title="bbox 210 3929 1806 3993">
     <span class='ocr_line' id='line_1_70' title="bbox 210 3929 1806 3993; baseline -0.006 -1"><span class='ocrx_word' id='word_1_569' title='bbox 210 3936 328 3993; x_wconf 88' lang='lat' dir='ltr'><strong>lum</strong></span> <span class='ocrx_word' id='word_1_570' title='bbox 359 3935 683 3990; x_wconf 91' lang='lat' dir='ltr'><strong>admonendi</strong></span> <span class='ocrx_word' id='word_1_571' title='bbox 722 3943 849 3991; x_wconf 84' lang='lat' dir='ltr'><strong>sunt</strong></span> <span class='ocrx_word' id='word_1_572' title='bbox 882 3934 1107 3990; x_wconf 72' lang='lat' dir='ltr'><strong>Studiosi</strong></span> <span class='ocrx_word' id='word_1_573' title='bbox 1153 3930 1541 3988; x_wconf 88' lang='lat' dir='ltr'><strong>venerabilium</strong></span> <span class='ocrx_word' id='word_1_574' title='bbox 1597 3929 1806 3985; x_wconf 89' lang='lat' dir='ltr'><strong>littera-</strong></span> 
     </span>
    </p>
   </div>
   <div class='ocr_carea' id='block_1_71' title="bbox 209 4023 1804 4097">
    <p class='ocr_par' dir='ltr' id='par_1_71' title="bbox 209 4023 1804 4097">
     <span class='ocr_line' id='line_1_71' title="bbox 209 4023 1804 4097; baseline -0.008 -10"><span class='ocrx_word' id='word_1_575' title='bbox 209 4043 361 4092; x_wconf 83' lang='lat' dir='ltr'><strong>rum.</strong></span> <span class='ocrx_word' id='word_1_576' title='bbox 404 4038 465 4083; x_wconf 86' lang='lat' dir='ltr'><strong>ut</strong></span> <span class='ocrx_word' id='word_1_577' title='bbox 519 4032 573 4082; x_wconf 89' lang='lat' dir='ltr'><strong>in</strong></span> <span class='ocrx_word' id='word_1_578' title='bbox 618 4027 915 4097; x_wconf 82' lang='lat' dir='ltr'><strong>Seripturis</strong></span> <span class='ocrx_word' id='word_1_579' title='bbox 972 4026 1175 4082; x_wconf 79' lang='lat' dir='ltr'><strong>sanctis</strong></span> <span class='ocrx_word' id='word_1_580' title='bbox 1223 4040 1420 4094; x_wconf 84' lang='lat' dir='ltr'><strong>genera</strong></span> <span class='ocrx_word' id='word_1_581' title='bbox 1477 4023 1804 4078; x_wconf 83' lang='lat' dir='ltr'><strong>locutionum</strong></span> 
     </span>
    </p>
   </div>
   <div class='ocr_carea' id='block_1_72' title="bbox 210 4114 1807 4190">
    <p class='ocr_par' dir='ltr' id='par_1_72' title="bbox 210 4114 1807 4190">
     <span class='ocr_line' id='line_1_72' title="bbox 210 4114 1807 4190; baseline -0.004 -13"><span class='ocrx_word' id='word_1_582' title='bbox 210 4120 409 4186; x_wconf 86' lang='lat' dir='ltr'><strong>sciant,</strong></span> <span class='ocrx_word' id='word_1_583' title='bbox 442 4129 498 4175; x_wconf 91' lang='lat' dir='ltr'><strong>et</strong></span> <span class='ocrx_word' id='word_1_584' title='bbox 533 4119 805 4190; x_wconf 86' lang='lat' dir='ltr'><strong>quomodo</strong></span> <span class='ocrx_word' id='word_1_585' title='bbox 834 4119 977 4189; x_wconf 88' lang='lat' dir='ltr'><strong>apud</strong></span> <span class='ocrx_word' id='word_1_586' title='bbox 1005 4134 1098 4174; x_wconf 89' lang='lat' dir='ltr'><strong>eas</strong></span> <span class='ocrx_word' id='word_1_587' title='bbox 1143 4118 1248 4173; x_wconf 86' lang='lat' dir='ltr'><strong>dici</strong></span> <span class='ocrx_word' id='word_1_588' title='bbox 1288 4115 1492 4186; x_wconf 81' lang='lat' dir='ltr'><strong>aliquid</strong></span> <span class='ocrx_word' id='word_1_589' title='bbox 1520 4115 1696 4171; x_wconf 84' lang='lat' dir='ltr'><strong>soleat</strong></span> <span class='ocrx_word' id='word_1_590' title='bbox 1727 4114 1807 4170; x_wconf 91' lang='lat' dir='ltr'><strong>vi-</strong></span> 
     </span>
    </p>
   </div>
   <div class='ocr_carea' id='block_1_73' title="bbox 208 4209 1807 4285">
    <p class='ocr_par' dir='ltr' id='par_1_73' title="bbox 208 4209 1807 4285">
     <span class='ocr_line' id='line_1_73' title="bbox 208 4209 1807 4285; baseline -0.003 -18"><span class='ocrx_word' id='word_1_591' title='bbox 208 4213 451 4285; x_wconf 87' lang='lat' dir='ltr'><strong>gilanter</strong></span> <span class='ocrx_word' id='word_1_592' title='bbox 485 4214 772 4269; x_wconf 86' lang='lat' dir='ltr'><strong>advertant</strong></span> <span class='ocrx_word' id='word_1_593' title='bbox 810 4210 1234 4281; x_wconf 83' lang='lat' dir='ltr'><strong>memoriterque</strong></span> <span class='ocrx_word' id='word_1_594' title='bbox 1278 4209 1586 4273; x_wconf 85' lang='lat' dir='ltr'><strong>retineant;</strong></span> <span class='ocrx_word' id='word_1_595' title='bbox 1620 4222 1807 4264; x_wconf 82' lang='lat' dir='ltr'><strong>verum</strong></span> 
     </span>
    </p>
   </div>
   <div class='ocr_carea' id='block_1_74' title="bbox 202 4298 1804 4374">
    <p class='ocr_par' dir='ltr' id='par_1_74' title="bbox 202 4298 1804 4374">
     <span class='ocr_line' id='line_1_74' title="bbox 202 4298 1804 4374; baseline -0.006 -11"><span class='ocrx_word' id='word_1_596' title='bbox 202 4306 377 4363; x_wconf 85' lang='lat' dir='ltr'><strong>etiam</strong></span> <span class='ocrx_word' id='word_1_597' title='bbox 409 4303 550 4374; x_wconf 89' lang='lat' dir='ltr'><strong>quod</strong></span> <span class='ocrx_word' id='word_1_598' title='bbox 594 4313 679 4359; x_wconf 83' lang='lat' dir='ltr'><strong>est</strong></span> <span class='ocrx_word' id='word_1_599' title='bbox 706 4303 1041 4373; x_wconf 68' lang='lat' dir='ltr'><strong>praecipuum</strong></span> <span class='ocrx_word' id='word_1_600' title='bbox 1071 4309 1125 4357; x_wconf 89' lang='lat' dir='ltr'><strong>et</strong></span> <span class='ocrx_word' id='word_1_601' title='bbox 1149 4302 1387 4356; x_wconf 84' lang='lat' dir='ltr'><strong>maxime</strong></span> <span class='ocrx_word' id='word_1_602' title='bbox 1416 4298 1804 4368; x_wconf 88' lang='lat' dir='ltr'><strong>necessarium,</strong></span> 
     </span>
    </p>
   </div>
   <div class='ocr_carea' id='block_1_75' title="bbox 204 4394 1803 4468">
    <p class='ocr_par' dir='ltr' id='par_1_75' title="bbox 204 4394 1803 4468">
     <span class='ocr_line' id='line_1_75' title="bbox 204 4394 1803 4468; baseline -0.003 -17"><span class='ocrx_word' id='word_1_603' title='bbox 204 4408 370 4452; x_wconf 89' lang='lat' dir='ltr'><strong>orent</strong></span> <span class='ocrx_word' id='word_1_604' title='bbox 419 4407 477 4453; x_wconf 91' lang='lat' dir='ltr'><strong>ut</strong></span> <span class='ocrx_word' id='word_1_605' title='bbox 515 4397 863 4468; x_wconf 88' lang='lat' dir='ltr'><strong>intelligant:</strong></span> <span class='ocrx_word' id='word_1_606' title='bbox 897 4397 950 4451; x_wconf 92' lang='lat' dir='ltr'><strong>in</strong></span> <span class='ocrx_word' id='word_1_607' title='bbox 992 4396 1073 4452; x_wconf 84' lang='lat' dir='ltr'><strong>eis</strong></span> <span class='ocrx_word' id='word_1_608' title='bbox 1102 4396 1302 4467; x_wconf 90' lang='lat' dir='ltr'><strong>quippe</strong></span> <span class='ocrx_word' id='word_1_609' title='bbox 1332 4394 1526 4450; x_wconf 90' lang='lat' dir='ltr'><strong>litteris</strong></span> <span class='ocrx_word' id='word_1_610' title='bbox 1576 4408 1803 4468; x_wconf 74' lang='lat' dir='ltr'><strong>quarum</strong></span> 
     </span>
    </p>
   </div>
   <div class='ocr_carea' id='block_1_76' title="bbox 203 4484 1805 4559">
    <p class='ocr_par' dir='ltr' id='par_1_76' title="bbox 203 4484 1805 4559">
     <span class='ocr_line' id='line_1_76' title="bbox 203 4484 1805 4559; baseline -0.004 -14"><span class='ocrx_word' id='word_1_611' title='bbox 203 4489 439 4545; x_wconf 87' lang='lat' dir='ltr'><strong>studiosi</strong></span> <span class='ocrx_word' id='word_1_612' title='bbox 485 4498 609 4543; x_wconf 87' lang='lat' dir='ltr'><strong>sunt</strong></span> <span class='ocrx_word' id='word_1_613' title='bbox 650 4489 833 4559; x_wconf 84' lang='lat' dir='ltr'><strong>legunt</strong></span> <span class='ocrx_word' id='word_1_614' title='bbox 872 4488 1127 4558; x_wconf 85' lang='lat' dir='ltr'><strong>quoniam</strong></span> <span class='ocrx_word' id='word_1_615' title='bbox 1161 4486 1417 4543; x_wconf 89' lang='lat' dir='ltr'><strong>Dominus</strong></span> <span class='ocrx_word' id='word_1_616' title='bbox 1463 4486 1556 4541; x_wconf 87' lang='lat' dir='ltr'><strong>dat</strong></span> <span class='ocrx_word' id='word_1_617' title='bbox 1592 4484 1805 4555; x_wconf 89' lang='lat' dir='ltr'><strong>sapien-</strong></span> 
     </span>
    </p>
   </div>
   <div class='ocr_carea' id='block_1_77' title="bbox 1916 3277 3516 3361">
    <p class='ocr_par' dir='ltr' id='par_1_77' title="bbox 1916 3277 3516 3361">
     <span class='ocr_line' id='line_1_77' title="bbox 1916 3277 3516 3361; baseline 0.008 -27"><span class='ocrx_word' id='word_1_618' title='bbox 1916 3277 2045 3350; x_wconf 73' lang='lat' dir='ltr'><strong>iure</strong></span> <span class='ocrx_word' id='word_1_619' title='bbox 2056 3290 2282 3338; x_wconf 86' lang='lat' dir='ltr'><strong>mortem</strong></span> <span class='ocrx_word' id='word_1_620' title='bbox 2296 3292 2452 3339; x_wconf 90' lang='lat' dir='ltr'><strong>vocat</strong></span> <span class='ocrx_word' id='word_1_621' title='bbox 2472 3282 2988 3358; x_wconf 78' lang='lat' dir='ltr'><strong>[vocamus].Virtus</strong></span> <span class='ocrx_word' id='word_1_622' title='bbox 3005 3297 3185 3345; x_wconf 91' lang='lat' dir='ltr'><strong>autem</strong></span> <span class='ocrx_word' id='word_1_623' title='bbox 3207 3292 3414 3361; x_wconf 85' lang='lat' dir='ltr'><strong>peccati</strong></span> <span class='ocrx_word' id='word_1_624' title='bbox 3431 3292 3516 3348; x_wconf 83' lang='lat' dir='ltr'><strong>lex</strong></span> 
     </span>
    </p>
   </div>
   <div class='ocr_carea' id='block_1_78' title="bbox 1925 3374 3516 3452">
    <p class='ocr_par' dir='ltr' id='par_1_78' title="bbox 1925 3374 3516 3452">
     <span class='ocr_line' id='line_1_78' title="bbox 1925 3374 3516 3452; baseline 0.008 -27"><span class='ocrx_word' id='word_1_625' title='bbox 1925 3380 2029 3438; x_wconf 90' lang='lat' dir='ltr'><strong>est,</strong></span> <span class='ocrx_word' id='word_1_626' title='bbox 2056 3374 2183 3442; x_wconf 77' lang='lat' dir='ltr'><strong>quia</strong></span> <span class='ocrx_word' id='word_1_627' title='bbox 2212 3374 2384 3429; x_wconf 89' lang='lat' dir='ltr'><strong>multo</strong></span> <span class='ocrx_word' id='word_1_628' title='bbox 2400 3376 2721 3433; x_wconf 87' lang='lat' dir='ltr'><strong>sceleratius</strong></span> <span class='ocrx_word' id='word_1_629' title='bbox 2744 3385 2799 3433; x_wconf 89' lang='lat' dir='ltr'><strong>et</strong></span> <span class='ocrx_word' id='word_1_630' title='bbox 2814 3376 3133 3447; x_wconf 81' lang='lat' dir='ltr'><strong>ﬂagitiosius</strong></span> <span class='ocrx_word' id='word_1_631' title='bbox 3152 3395 3271 3449; x_wconf 77' lang='lat' dir='ltr'><strong>quae</strong></span> <span class='ocrx_word' id='word_1_632' title='bbox 3285 3380 3369 3437; x_wconf 92' lang='lat' dir='ltr'><strong>lex</strong></span> <span class='ocrx_word' id='word_1_633' title='bbox 3393 3398 3516 3452; x_wconf 85' lang='lat' dir='ltr'><strong>pro-</strong></span> 
     </span>
    </p>
   </div>
   <div class='ocr_carea' id='block_1_79' title="bbox 1922 3463 3505 3544">
    <p class='ocr_par' dir='ltr' id='par_1_79' title="bbox 1922 3463 3505 3544">
     <span class='ocr_line' id='line_1_79' title="bbox 1922 3463 3505 3544; baseline 0.011 -26"><span class='ocrx_word' id='word_1_634' title='bbox 1922 3463 2073 3519; x_wconf 85' lang='lat' dir='ltr'><strong>hibet</strong></span> <span class='ocrx_word' id='word_1_635' title='bbox 2084 3468 2520 3537; x_wconf 90' lang='lat' dir='ltr'><strong>committuntur,</strong></span> <span class='ocrx_word' id='word_1_636' title='bbox 2536 3485 2699 3540; x_wconf 90' lang='lat' dir='ltr'><strong>quam</strong></span> <span class='ocrx_word' id='word_1_637' title='bbox 2711 3472 2758 3527; x_wconf 86' lang='lat' dir='ltr'><strong>si</strong></span> <span class='ocrx_word' id='word_1_638' title='bbox 2770 3472 2914 3526; x_wconf 89' lang='lat' dir='ltr'><strong>nulla</strong></span> <span class='ocrx_word' id='word_1_639' title='bbox 2928 3473 3046 3544; x_wconf 89' lang='lat' dir='ltr'><strong>lege</strong></span> <span class='ocrx_word' id='word_1_640' title='bbox 3067 3476 3505 3543; x_wconf 82' lang='lat' dir='ltr'><strong>prohiberentur.</strong></span> 
     </span>
    </p>
   </div>
   <div class='ocr_carea' id='block_1_80' title="bbox 1921 3554 3514 3641">
    <p class='ocr_par' dir='ltr' id='par_1_80' title="bbox 1921 3554 3514 3641">
     <span class='ocr_line' id='line_1_80' title="bbox 1921 3554 3514 3641; baseline 0.01 -30"><span class='ocrx_word' id='word_1_641' title='bbox 1921 3554 2075 3612; x_wconf 86' lang='lat' dir='ltr'><strong>Tunc</strong></span> <span class='ocrx_word' id='word_1_642' title='bbox 2105 3557 2288 3629; x_wconf 84' lang='lat' dir='ltr'><strong>itaque</strong></span> <span class='ocrx_word' id='word_1_643' title='bbox 2320 3561 2573 3631; x_wconf 78' lang='lat' dir='ltr'><strong>absorpta</strong></span> <span class='ocrx_word' id='word_1_644' title='bbox 2604 3564 2707 3619; x_wconf 89' lang='lat' dir='ltr'><strong>erit</strong></span> <span class='ocrx_word' id='word_1_645' title='bbox 2735 3578 2885 3619; x_wconf 87' lang='lat' dir='ltr'><strong>mors</strong></span> <span class='ocrx_word' id='word_1_646' title='bbox 2914 3565 2969 3621; x_wconf 88' lang='lat' dir='ltr'><strong>in</strong></span> <span class='ocrx_word' id='word_1_647' title='bbox 2995 3566 3242 3635; x_wconf 89' lang='lat' dir='ltr'><strong>victoria,</strong></span> <span class='ocrx_word' id='word_1_648' title='bbox 3268 3583 3388 3624; x_wconf 92' lang='lat' dir='ltr'><strong>cum</strong></span> <span class='ocrx_word' id='word_1_649' title='bbox 3418 3585 3514 3641; x_wconf 93' lang='lat' dir='ltr'><strong>per</strong></span> 
     </span>
    </p>
   </div>
   <div class='ocr_carea' id='block_1_81' title="bbox 1917 3650 3507 3732">
    <p class='ocr_par' dir='ltr' id='par_1_81' title="bbox 1917 3650 3507 3732">
     <span class='ocr_line' id='line_1_81' title="bbox 1917 3650 3507 3732; baseline 0.011 -28"><span class='ocrx_word' id='word_1_650' title='bbox 1917 3650 2402 3709; x_wconf 69' lang='lat' dir='ltr'><strong>sanmiﬁcationem</strong></span> <span class='ocrx_word' id='word_1_651' title='bbox 2436 3655 2496 3710; x_wconf 89' lang='lat' dir='ltr'><strong>in</strong></span> <span class='ocrx_word' id='word_1_652' title='bbox 2522 3656 2672 3712; x_wconf 88' lang='lat' dir='ltr'><strong>omni</strong></span> <span class='ocrx_word' id='word_1_653' title='bbox 2698 3655 2937 3714; x_wconf 88' lang='lat' dir='ltr'><strong>hominis</strong></span> <span class='ocrx_word' id='word_1_654' title='bbox 2962 3660 3383 3732; x_wconf 73' lang='lat' dir='ltr'><strong>parte,perl‘ecta</strong></span> <span class='ocrx_word' id='word_1_655' title='bbox 3410 3663 3507 3721; x_wconf 87' lang='lat' dir='ltr'><strong>de-</strong></span> 
     </span>
    </p>
   </div>
   <div class='ocr_carea' id='block_1_82' title="bbox 1918 3740 3505 3816">
    <p class='ocr_par' dir='ltr' id='par_1_82' title="bbox 1918 3740 3505 3816">
     <span class='ocr_line' id='line_1_82' title="bbox 1918 3740 3505 3816; baseline 0.01 -19"><span class='ocrx_word' id='word_1_656' title='bbox 1918 3740 2205 3801; x_wconf 83' lang='lat' dir='ltr'><strong>lectatione</strong></span> <span class='ocrx_word' id='word_1_657' title='bbox 2221 3745 2581 3816; x_wconf 84' lang='lat' dir='ltr'><strong>spiritualium</strong></span> <span class='ocrx_word' id='word_1_658' title='bbox 2604 3748 2892 3807; x_wconf 89' lang='lat' dir='ltr'><strong>delectatio</strong></span> <span class='ocrx_word' id='word_1_659' title='bbox 2914 3752 3148 3812; x_wconf 88' lang='lat' dir='ltr'><strong>carnalis</strong></span> <span class='ocrx_word' id='word_1_660' title='bbox 3168 3755 3505 3815; x_wconf 85' lang='lat' dir='ltr'><strong>observetur.</strong></span> 
     </span>
    </p>
   </div>
   <div class='ocr_carea' id='block_1_83' title="bbox 2388 3839 3027 3902">
    <p class='ocr_par' dir='ltr' id='par_1_83' title="bbox 2388 3839 3027 3902">
     <span class='ocr_line' id='line_1_83' title="bbox 2388 3839 3027 3902; baseline 0.009 -6"><span class='ocrx_word' id='word_1_661' title='bbox 2388 3839 2617 3899; x_wconf 83' lang='lat' dir='ltr'><strong>CAPUT</strong></span> <span class='ocrx_word' id='word_1_662' title='bbox 2655 3841 3027 3902; x_wconf 79' lang='lat' dir='ltr'><strong>CCLXXXl&#39;lI.</strong></span> 
     </span>
    </p>
   </div>
   <div class='ocr_carea' id='block_1_84' title="bbox 1913 3930 3510 4015">
    <p class='ocr_par' dir='ltr' id='par_1_84' title="bbox 1913 3930 3510 4015">
     <span class='ocr_line' id='line_1_84' title="bbox 1913 3930 3510 4015; baseline 0.011 -29"><span class='ocrx_word' id='word_1_663' title='bbox 1913 3930 1995 3987; x_wconf 81' lang='lat' dir='ltr'><strong>De</strong></span> <span class='ocrx_word' id='word_1_664' title='bbox 2017 3934 2368 4015; x_wconf 55' lang='lat' dir='ltr'><strong>quadraginta</strong></span> <span class='ocrx_word' id='word_1_665' title='bbox 2408 3954 2499 4015; x_wconf 57' lang='lat' dir='ltr'><strong>sua:</strong></span> <span class='ocrx_word' id='word_1_666' title='bbox 2525 3940 2675 4015; x_wconf 65' lang='lat' dir='ltr'><strong>armis</strong></span> <span class='ocrx_word' id='word_1_667' title='bbox 2704 3941 3063 4015; x_wconf 61' lang='lat' dir='ltr'><strong>ludificationis</strong></span> <span class='ocrx_word' id='word_1_668' title='bbox 3092 3946 3289 4015; x_wconf 80' lang='lat' dir='ltr'><strong>templi,</strong></span> <span class='ocrx_word' id='word_1_669' title='bbox 3318 3962 3381 4001; x_wconf 76' lang='lat' dir='ltr'><strong>ea:</strong></span> <span class='ocrx_word' id='word_1_670' title='bbox 3415 3946 3510 4004; x_wconf 82' lang='lat' dir='ltr'><strong>Ito-</strong></span> 
     </span>
    </p>
   </div>
   <div class='ocr_carea' id='block_1_85' title="bbox 2127 4007 3288 4079">
    <p class='ocr_par' dir='ltr' id='par_1_85' title="bbox 2127 4007 3288 4079">
     <span class='ocr_line' id='line_1_85' title="bbox 2127 4007 3288 4079; baseline 0.008 -19"><span class='ocrx_word' id='word_1_671' title='bbox 2127 4007 2273 4061; x_wconf 75' lang='grc' dir='ltr'><strong>ηιίιία</strong></span> <span class='ocrx_word' id='word_1_672' title='bbox 2304 4009 2372 4064; x_wconf 72' lang='grc'><strong>10</strong></span> <span class='ocrx_word' id='word_1_673' title='bbox 2399 4007 2671 4079; x_wconf 69' lang='lat' dir='ltr'><strong>Eomgelii</strong></span> <span class='ocrx_word' id='word_1_674' title='bbox 2696 4007 2985 4066; x_wconf 65' lang='lat' dir='ltr'><strong>secundum</strong></span> <span class='ocrx_word' id='word_1_675' title='bbox 3008 4007 3288 4069; x_wconf 71' lang='lat' dir='ltr'><strong>Joannem.</strong></span> 
     </span>
    </p>
   </div>
   <div class='ocr_carea' id='block_1_86' title="bbox 1986 4097 3508 4172">
    <p class='ocr_par' dir='ltr' id='par_1_86' title="bbox 1986 4097 3508 4172">
     <span class='ocr_line' id='line_1_86' title="bbox 1986 4097 3508 4172; baseline 0.009 -20"><span class='ocrx_word' id='word_1_676' title='bbox 1986 4097 2247 4154; x_wconf 73' lang='lat' dir='ltr'><strong>Dixerunt</strong></span> <span class='ocrx_word' id='word_1_677' title='bbox 2291 4098 2371 4155; x_wconf 65' lang='lat' dir='ltr'><strong>illi</strong></span> <span class='ocrx_word' id='word_1_678' title='bbox 2406 4099 2583 4155; x_wconf 56' lang='grc' dir='ltr'><strong>ἑαόώ</strong></span> <span class='ocrx_word' id='word_1_679' title='bbox 2608 4118 2622 4153; x_wconf 90' lang='lat'><strong>:</strong></span> <span class='ocrx_word' id='word_1_680' title='bbox 2644 4102 2800 4167; x_wconf 82' lang='lat' dir='ltr'><strong>Quod</strong></span> <span class='ocrx_word' id='word_1_681' title='bbox 2828 4102 3042 4172; x_wconf 78' lang='lat' dir='ltr'><strong>signum</strong></span> <span class='ocrx_word' id='word_1_682' title='bbox 3080 4106 3325 4163; x_wconf 80' lang='lat' dir='ltr'><strong>ostendis</strong></span> <span class='ocrx_word' id='word_1_683' title='bbox 3350 4108 3508 4167; x_wconf 87' lang='lat' dir='ltr'><strong>nobis</strong></span> 
     </span>
    </p>
   </div>
   <div class='ocr_carea' id='block_1_87' title="bbox 1912 4186 3501 4267">
    <p class='ocr_par' dir='ltr' id='par_1_87' title="bbox 1912 4186 3501 4267">
     <span class='ocr_line' id='line_1_87' title="bbox 1912 4186 3501 4267; baseline 0.008 -26"><span class='ocrx_word' id='word_1_684' title='bbox 1912 4186 2035 4257; x_wconf 87' lang='lat' dir='ltr'><strong>quia</strong></span> <span class='ocrx_word' id='word_1_685' title='bbox 2082 4186 2200 4244; x_wconf 66' lang='lat' dir='ltr'><strong>haec</strong></span> <span class='ocrx_word' id='word_1_686' title='bbox 2218 4187 2391 4244; x_wconf 74' lang='lat' dir='ltr'><strong>facis?</strong></span> <span class='ocrx_word' id='word_1_687' title='bbox 2414 4198 2477 4244; x_wconf 86' lang='lat' dir='ltr'><strong>et</strong></span> <span class='ocrx_word' id='word_1_688' title='bbox 2504 4189 2763 4247; x_wconf 74' lang='lat' dir='ltr'><strong>Dominus</strong></span> <span class='ocrx_word' id='word_1_689' title='bbox 2782 4206 2801 4245; x_wconf 92' lang='lat'><strong>:</strong></span> <span class='ocrx_word' id='word_1_690' title='bbox 2824 4192 3031 4251; x_wconf 69' lang='lat' dir='ltr'><strong>Solvite</strong></span> <span class='ocrx_word' id='word_1_691' title='bbox 3062 4195 3328 4266; x_wconf 76' lang='lat' dir='ltr'><strong>templum</strong></span> <span class='ocrx_word' id='word_1_692' title='bbox 3376 4197 3501 4267; x_wconf 88' lang='lat' dir='ltr'><strong>hoc,</strong></span> 
     </span>
    </p>
   </div>
   <div class='ocr_carea' id='block_1_88' title="bbox 1910 4280 3502 4354">
    <p class='ocr_par' dir='ltr' id='par_1_88' title="bbox 1910 4280 3502 4354">
     <span class='ocr_line' id='line_1_88' title="bbox 1910 4280 3502 4354; baseline 0.007 -17"><span class='ocrx_word' id='word_1_693' title='bbox 1910 4288 1967 4337; x_wconf 93' lang='lat' dir='ltr'><strong>et</strong></span> <span class='ocrx_word' id='word_1_694' title='bbox 1996 4281 2169 4337; x_wconf 87' lang='lat' dir='ltr'><strong>tribus</strong></span> <span class='ocrx_word' id='word_1_695' title='bbox 2194 4280 2385 4338; x_wconf 80' lang='lat' dir='ltr'><strong>diebus</strong></span> <span class='ocrx_word' id='word_1_696' title='bbox 2416 4282 2673 4339; x_wconf 79' lang='lat' dir='ltr'><strong>excitabo</strong></span> <span class='ocrx_word' id='word_1_697' title='bbox 2712 4284 2863 4341; x_wconf 74' lang='lat' dir='ltr'><strong>illud.</strong></span> <span class='ocrx_word' id='word_1_698' title='bbox 2906 4286 3066 4354; x_wconf 73' lang='lat' dir='ltr'><strong>Quod</strong></span> <span class='ocrx_word' id='word_1_699' title='bbox 3105 4299 3502 4347; x_wconf 88' lang='lat' dir='ltr'><strong>sacramentum</strong></span> 
     </span>
    </p>
   </div>
   <div class='ocr_carea' id='block_1_89' title="bbox 1909 4372 3505 4453">
    <p class='ocr_par' dir='ltr' id='par_1_89' title="bbox 1909 4372 3505 4453">
     <span class='ocr_line' id='line_1_89' title="bbox 1909 4372 3505 4453; baseline 0.007 -24"><span class='ocrx_word' id='word_1_700' title='bbox 1909 4372 2081 4431; x_wconf 74' lang='lat' dir='ltr'><strong>Judaei</strong></span> <span class='ocrx_word' id='word_1_701' title='bbox 2122 4391 2229 4432; x_wconf 82' lang='lat' dir='ltr'><strong>non</strong></span> <span class='ocrx_word' id='word_1_702' title='bbox 2270 4376 2665 4449; x_wconf 73' lang='lat' dir='ltr'><strong>intelligentes,</strong></span> <span class='ocrx_word' id='word_1_703' title='bbox 2691 4378 2944 4437; x_wconf 58' lang='lat' dir='ltr'><strong>ﬁxerunt</strong></span> <span class='ocrx_word' id='word_1_704' title='bbox 2969 4380 3369 4453; x_wconf 74' lang='lat' dir='ltr'><strong>:Quadraginta</strong></span> <span class='ocrx_word' id='word_1_705' title='bbox 3406 4396 3505 4441; x_wconf 84' lang='lat' dir='ltr'><strong>sex</strong></span> 
     </span>
    </p>
   </div>
   <div class='ocr_carea' id='block_1_90' title="bbox 1911 4468 3503 4543">
    <p class='ocr_par' dir='ltr' id='par_1_90' title="bbox 1911 4468 3503 4543">
     <span class='ocr_line' id='line_1_90' title="bbox 1911 4468 3503 4543; baseline 0.008 -22"><span class='ocrx_word' id='word_1_706' title='bbox 1911 4468 2067 4522; x_wconf 88' lang='lat' dir='ltr'><strong>annis</strong></span> <span class='ocrx_word' id='word_1_707' title='bbox 2089 4468 2415 4526; x_wconf 66' lang='lat' dir='ltr'><strong>mditicatum</strong></span> <span class='ocrx_word' id='word_1_708' title='bbox 2442 4478 2530 4527; x_wconf 86' lang='lat' dir='ltr'><strong>est</strong></span> <span class='ocrx_word' id='word_1_709' title='bbox 2548 4472 2814 4543; x_wconf 76' lang='lat' dir='ltr'><strong>templum</strong></span> <span class='ocrx_word' id='word_1_710' title='bbox 2842 4472 2964 4542; x_wconf 88' lang='lat' dir='ltr'><strong>hoc,</strong></span> <span class='ocrx_word' id='word_1_711' title='bbox 2980 4484 3037 4531; x_wconf 86' lang='lat' dir='ltr'><strong>et</strong></span> <span class='ocrx_word' id='word_1_712' title='bbox 3058 4482 3122 4531; x_wconf 70' lang='lat' dir='ltr'><strong>tu</strong></span> <span class='ocrx_word' id='word_1_713' title='bbox 3138 4474 3293 4543; x_wconf 84' lang='lat' dir='ltr'><strong>dicis,</strong></span> <span class='ocrx_word' id='word_1_714' title='bbox 3307 4475 3503 4533; x_wconf 85' lang='lat' dir='ltr'><strong>Tribus</strong></span> 
     </span>
    </p>
   </div>
   <div class='ocr_carea' id='block_1_91' title="bbox 202 4563 3495 4651">
    <p class='ocr_par' dir='ltr' id='par_1_91' title="bbox 202 4563 3495 4651">
     <span class='ocr_line' id='line_1_91' title="bbox 202 4563 3495 4651; baseline -0.002 -16"><span class='ocrx_word' id='word_1_715' title='bbox 202 4580 363 4649; x_wconf 85' lang='lat' dir='ltr'><strong>tiam,</strong></span> <span class='ocrx_word' id='word_1_716' title='bbox 398 4588 454 4635; x_wconf 91' lang='lat' dir='ltr'><strong>et</strong></span> <span class='ocrx_word' id='word_1_717' title='bbox 489 4596 519 4634; x_wconf 91' lang='lat' dir='ltr'><strong>a</strong></span> <span class='ocrx_word' id='word_1_718' title='bbox 547 4579 683 4635; x_wconf 79' lang='lat' dir='ltr'><strong>l’am&#39;e</strong></span> <span class='ocrx_word' id='word_1_719' title='bbox 715 4580 834 4649; x_wconf 84' lang='lat' dir='ltr'><strong>ejus</strong></span> <span class='ocrx_word' id='word_1_720' title='bbox 862 4579 1086 4636; x_wconf 80' lang='lat' dir='ltr'><strong>scientia</strong></span> <span class='ocrx_word' id='word_1_721' title='bbox 1120 4588 1174 4633; x_wconf 88' lang='lat' dir='ltr'><strong>et</strong></span> <span class='ocrx_word' id='word_1_722' title='bbox 1203 4579 1531 4645; x_wconf 90' lang='lat' dir='ltr'><strong>intellectus,</strong></span> <span class='ocrx_word' id='word_1_723' title='bbox 1558 4594 1591 4634; x_wconf 88' lang='lat' dir='ltr'><strong>a</strong></span> <span class='ocrx_word' id='word_1_724' title='bbox 1620 4592 1729 4649; x_wconf 88' lang='lat' dir='ltr'><strong>quo</strong></span> <span class='ocrx_word' id='word_1_725' title='bbox 1749 4586 1804 4634; x_wconf 92' lang='lat' dir='ltr'><strong>et</strong></span> <span class='ocrx_word' id='word_1_726' title='bbox 1832 4589 1887 4651; x_wconf 74' lang='grc' dir='ltr'>ι)</span> <span class='ocrx_word' id='word_1_727' title='bbox 1910 4563 2098 4620; x_wconf 57' lang='lat' dir='ltr'><strong>diei)“</strong></span> <span class='ocrx_word' id='word_1_728' title='bbox 2138 4565 2389 4621; x_wconf 67' lang='grc' dir='ltr'>οιάιιὼο</span> <span class='ocrx_word' id='word_1_729' title='bbox 2428 4566 2598 4623; x_wconf 63' lang='lat' dir='ltr'><strong>illud?</strong></span> <span class='ocrx_word' id='word_1_730' title='bbox 2621 4567 2763 4624; x_wconf 73' lang='lat' dir='ltr'><strong>sane</strong></span> <span class='ocrx_word' id='word_1_731' title='bbox 2795 4583 2904 4625; x_wconf 84' lang='lat' dir='ltr'><strong>non</strong></span> <span class='ocrx_word' id='word_1_732' title='bbox 2934 4567 3246 4627; x_wconf 76' lang='lat' dir='ltr'><strong>Salomonis</strong></span> <span class='ocrx_word' id='word_1_733' title='bbox 3276 4569 3495 4627; x_wconf 67' lang='lat' dir='ltr'><strong>fabrico</strong></span> 
     </span>
    </p>
   </div>
   <div class='ocr_carea' id='block_1_92' title="bbox 197 4671 1798 4746">
    <p class='ocr_par' dir='ltr' id='par_1_92' title="bbox 197 4671 1798 4746">
     <span class='ocr_line' id='line_1_92' title="bbox 197 4671 1798 4746; baseline -0.006 -12"><span class='ocrx_word' id='word_1_734' title='bbox 197 4672 384 4746; x_wconf 79' lang='lat' dir='ltr'><strong>ipsum</strong></span> <span class='ocrx_word' id='word_1_735' title='bbox 415 4673 674 4742; x_wconf 85' lang='lat' dir='ltr'><strong>studium,</strong></span> <span class='ocrx_word' id='word_1_736' title='bbox 708 4676 755 4729; x_wconf 91' lang='lat' dir='ltr'><strong>si</strong></span> <span class='ocrx_word' id='word_1_737' title='bbox 784 4673 982 4745; x_wconf 89' lang='lat' dir='ltr'><strong>pietate</strong></span> <span class='ocrx_word' id='word_1_738' title='bbox 1012 4671 1298 4744; x_wconf 64' lang='lat' dir='ltr'><strong>praeditum</strong></span> <span class='ocrx_word' id='word_1_739' title='bbox 1324 4680 1428 4739; x_wconf 90' lang='lat' dir='ltr'><strong>est,</strong></span> <span class='ocrx_word' id='word_1_740' title='bbox 1454 4679 1798 4741; x_wconf 82' lang='lat' dir='ltr'><strong>acceperunt.</strong></span> 
     </span>
    </p>
   </div>
   <div class='ocr_carea' id='block_1_93' title="bbox 680 4789 1309 4846">
    <p class='ocr_par' dir='ltr' id='par_1_93' title="bbox 680 4789 1309 4846">
     <span class='ocr_line' id='line_1_93' title="bbox 680 4789 1309 4846; baseline 0 0"><span class='ocrx_word' id='word_1_741' title='bbox 680 4790 917 4846; x_wconf 80' lang='lat' dir='ltr'><strong>CAPUT</strong></span> <span class='ocrx_word' id='word_1_742' title='bbox 955 4789 1309 4846; x_wconf 79' lang='lat' dir='ltr'><strong>CCLXXXII.</strong></span> 
     </span>
    </p>
   </div>
   <div class='ocr_carea' id='block_1_94' title="bbox 198 4884 1803 5022">
    <p class='ocr_par' dir='ltr' id='par_1_94' title="bbox 198 4884 1803 5022">
     <span class='ocr_line' id='line_1_94' title="bbox 198 4884 1803 5022; baseline -0.003 -78"><span class='ocrx_word' id='word_1_743' title='bbox 198 4885 287 4944; x_wconf 80' lang='lat' dir='ltr'><strong>De</strong></span> <span class='ocrx_word' id='word_1_744' title='bbox 311 4901 369 4940; x_wconf 80' lang='lat' dir='ltr'><strong>eo</strong></span> <span class='ocrx_word' id='word_1_745' title='bbox 390 4884 525 4955; x_wconf 81' lang='lat' dir='ltr'><strong>quod</strong></span> <span class='ocrx_word' id='word_1_746' title='bbox 547 4884 619 4939; x_wconf 81' lang='lat' dir='ltr'><strong>ait</strong></span> <span class='ocrx_word' id='word_1_747' title='bbox 636 4884 1213 5022; x_wconf 51' lang='lat' dir='ltr'><strong>ApostolunAflsorpta</strong></span> <span class='ocrx_word' id='word_1_748' title='bbox 1235 4892 1306 4937; x_wconf 84' lang='lat' dir='ltr'><strong>est</strong></span> <span class='ocrx_word' id='word_1_749' title='bbox 1330 4899 1464 4938; x_wconf 80' lang='lat' dir='ltr'><strong>mers</strong></span> <span class='ocrx_word' id='word_1_750' title='bbox 1486 4884 1539 4937; x_wconf 79' lang='lat' dir='ltr'><strong>in</strong></span> <span class='ocrx_word' id='word_1_751' title='bbox 1557 4884 1803 4951; x_wconf 78' lang='lat' dir='ltr'><strong>victoria;</strong></span> 
     </span>
     <span class='ocr_line' id='line_1_95' title="bbox 800 4971 1201 5010; baseline -0.005 0"><span class='ocrx_word' id='word_1_752' title='bbox 800 4971 863 5010; x_wconf 79' lang='lat' dir='ltr'><strong>ea:</strong></span> <span class='ocrx_word' id='word_1_753' title='bbox 912 4973 924 5006; x_wconf 88' lang='lat' dir='ltr'><strong>l</strong></span> <span class='ocrx_word' id='word_1_754' title='bbox 965 4994 979 5009; x_wconf 95' lang='lat'><strong>.</strong></span> <span class='ocrx_word' id='word_1_755' title='bbox 1055 4971 1157 5009; x_wconf 76' lang='lat' dir='ltr'><strong>uws</strong></span> <span class='ocrx_word' id='word_1_756' title='bbox 1188 4993 1201 5008; x_wconf 95' lang='lat'><strong>.</strong></span> 
     </span>
    </p>
   </div>
   <div class='ocr_carea' id='block_1_95' title="bbox 800 4971 1201 5010">
    <p class='ocr_par' dir='ltr' id='par_1_95' title="bbox 800 4971 1201 5010">
     <span class='ocr_line' id='line_1_96' title="bbox 800 4971 1201 5010; baseline -0.005 0"><span class='ocrx_word' id='word_1_757' title='bbox 800 4971 863 5010; x_wconf 77' lang='lat' dir='ltr'><strong>ea:</strong></span> <span class='ocrx_word' id='word_1_758' title='bbox 888 4971 979 5009; x_wconf 80' lang='grc' dir='ltr'><strong>ιω.</strong></span> <span class='ocrx_word' id='word_1_759' title='bbox 1006 4971 1201 5010; x_wconf 67' lang='grc' dir='ltr'><strong>υαανδι.</strong></span> 
     </span>
    </p>
   </div>
   <div class='ocr_carea' id='block_1_96' title="bbox 276 5045 1799 5119">
    <p class='ocr_par' dir='ltr' id='par_1_96' title="bbox 276 5045 1799 5119">
     <span class='ocr_line' id='line_1_97' title="bbox 276 5045 1799 5119; baseline 0 -15"><span class='ocrx_word' id='word_1_760' title='bbox 276 5049 458 5117; x_wconf 58' lang='lat' dir='ltr'><strong>Quaeri</strong></span> <span class='ocrx_word' id='word_1_761' title='bbox 487 5048 626 5104; x_wconf 86' lang='lat' dir='ltr'><strong>solet</strong></span> <span class='ocrx_word' id='word_1_762' title='bbox 652 5046 779 5118; x_wconf 85' lang='lat' dir='ltr'><strong>quid</strong></span> <span class='ocrx_word' id='word_1_763' title='bbox 808 5046 904 5116; x_wconf 81' lang='lat' dir='ltr'><strong>sit,</strong></span> <span class='ocrx_word' id='word_1_764' title='bbox 929 5046 1081 5101; x_wconf 84' lang='lat' dir='ltr'><strong>Tunc</strong></span> <span class='ocrx_word' id='word_1_765' title='bbox 1099 5045 1196 5100; x_wconf 76' lang='lat' dir='ltr'><strong>ﬁet</strong></span> <span class='ocrx_word' id='word_1_766' title='bbox 1220 5045 1349 5101; x_wconf 88' lang='lat' dir='ltr'><strong>illud</strong></span> <span class='ocrx_word' id='word_1_767' title='bbox 1374 5046 1516 5116; x_wconf 91' lang='lat' dir='ltr'><strong>quod</strong></span> <span class='ocrx_word' id='word_1_768' title='bbox 1540 5048 1799 5119; x_wconf 83' lang='lat' dir='ltr'><strong>scriptum</strong></span> 
     </span>
    </p>
   </div>
   <div class='ocr_carea' id='block_1_97' title="bbox 194 5137 1798 5211">
    <p class='ocr_par' dir='ltr' id='par_1_97' title="bbox 194 5137 1798 5211">
     <span class='ocr_line' id='line_1_98' title="bbox 194 5137 1798 5211; baseline -0.001 -12"><span class='ocrx_word' id='word_1_769' title='bbox 194 5150 312 5209; x_wconf 82' lang='lat' dir='ltr'><strong>est,</strong></span> <span class='ocrx_word' id='word_1_770' title='bbox 353 5141 617 5211; x_wconf 79' lang='lat' dir='ltr'><strong>Absorpta</strong></span> <span class='ocrx_word' id='word_1_771' title='bbox 646 5148 731 5197; x_wconf 91' lang='lat' dir='ltr'><strong>est</strong></span> <span class='ocrx_word' id='word_1_772' title='bbox 768 5154 915 5196; x_wconf 89' lang='lat' dir='ltr'><strong>mors</strong></span> <span class='ocrx_word' id='word_1_773' title='bbox 965 5140 1016 5193; x_wconf 90' lang='lat' dir='ltr'><strong>in</strong></span> <span class='ocrx_word' id='word_1_774' title='bbox 1048 5137 1299 5207; x_wconf 88' lang='lat' dir='ltr'><strong>victoria,</strong></span> <span class='ocrx_word' id='word_1_775' title='bbox 1340 5137 1435 5194; x_wconf 78' lang='lat' dir='ltr'><strong>ubi</strong></span> <span class='ocrx_word' id='word_1_776' title='bbox 1478 5148 1587 5206; x_wconf 85' lang='lat' dir='ltr'><strong>est,</strong></span> <span class='ocrx_word' id='word_1_777' title='bbox 1626 5155 1798 5209; x_wconf 87' lang='lat' dir='ltr'><strong>mors,</strong></span> 
     </span>
    </p>
   </div>
   <div class='ocr_carea' id='block_1_98' title="bbox 194 5232 1802 5301">
    <p class='ocr_par' dir='ltr' id='par_1_98' title="bbox 194 5232 1802 5301">
     <span class='ocr_line' id='line_1_99' title="bbox 194 5232 1802 5301; baseline 0.001 -9"><span class='ocrx_word' id='word_1_778' title='bbox 194 5234 482 5292; x_wconf 89' lang='lat' dir='ltr'><strong>contentio</strong></span> <span class='ocrx_word' id='word_1_779' title='bbox 513 5235 637 5291; x_wconf 85' lang='lat' dir='ltr'><strong>tua?</strong></span> <span class='ocrx_word' id='word_1_780' title='bbox 670 5235 757 5291; x_wconf 89' lang='lat' dir='ltr'><strong>ubi</strong></span> <span class='ocrx_word' id='word_1_781' title='bbox 787 5244 892 5301; x_wconf 89' lang='lat' dir='ltr'><strong>est,</strong></span> <span class='ocrx_word' id='word_1_782' title='bbox 923 5247 1096 5300; x_wconf 89' lang='lat' dir='ltr'><strong>mors,</strong></span> <span class='ocrx_word' id='word_1_783' title='bbox 1129 5232 1347 5289; x_wconf 83' lang='lat' dir='ltr'><strong>aculeus</strong></span> <span class='ocrx_word' id='word_1_784' title='bbox 1378 5233 1534 5289; x_wconf 79' lang='lat' dir='ltr'><strong>tuus?</strong></span> <span class='ocrx_word' id='word_1_785' title='bbox 1563 5234 1802 5294; x_wconf 87' lang='lat' dir='ltr'><strong>Aculeus</strong></span> 
     </span>
    </p>
   </div>
   <div class='ocr_carea' id='block_1_99' title="bbox 193 5328 1798 5400">
    <p class='ocr_par' dir='ltr' id='par_1_99' title="bbox 193 5328 1798 5400">
     <span class='ocr_line' id='line_1_100' title="bbox 193 5328 1798 5400; baseline -0.001 -12"><span class='ocrx_word' id='word_1_786' title='bbox 193 5342 387 5389; x_wconf 82' lang='lat' dir='ltr'><strong>autem</strong></span> <span class='ocrx_word' id='word_1_787' title='bbox 434 5331 622 5387; x_wconf 89' lang='lat' dir='ltr'><strong>mortis</strong></span> <span class='ocrx_word' id='word_1_788' title='bbox 662 5340 975 5400; x_wconf 86' lang='lat' dir='ltr'><strong>peccatum,</strong></span> <span class='ocrx_word' id='word_1_789' title='bbox 1006 5329 1177 5385; x_wconf 86' lang='lat' dir='ltr'><strong>virtus</strong></span> <span class='ocrx_word' id='word_1_790' title='bbox 1204 5336 1385 5385; x_wconf 86' lang='lat' dir='ltr'><strong>autem</strong></span> <span class='ocrx_word' id='word_1_791' title='bbox 1424 5328 1635 5399; x_wconf 83' lang='lat' dir='ltr'><strong>peccati</strong></span> <span class='ocrx_word' id='word_1_792' title='bbox 1676 5330 1798 5387; x_wconf 87' lang='lat' dir='ltr'><strong>lex:</strong></span> 
     </span>
    </p>
   </div>
   <div class='ocr_carea' id='block_1_100' title="bbox 193 5422 1797 5498">
    <p class='ocr_par' dir='ltr' id='par_1_100' title="bbox 193 5422 1797 5498">
     <span class='ocr_line' id='line_1_101' title="bbox 193 5422 1797 5498; baseline -0.004 -11"><span class='ocrx_word' id='word_1_793' title='bbox 193 5437 385 5487; x_wconf 86' lang='lat' dir='ltr'><strong>morte</strong></span> <span class='ocrx_word' id='word_1_794' title='bbox 422 5424 716 5498; x_wconf 82' lang='lat' dir='ltr'><strong>signiﬁcari</strong></span> <span class='ocrx_word' id='word_1_795' title='bbox 749 5424 984 5481; x_wconf 84' lang='lat' dir='ltr'><strong>arbitror</strong></span> <span class='ocrx_word' id='word_1_796' title='bbox 1024 5424 1125 5480; x_wconf 82' lang='lat' dir='ltr'><strong>hoc</strong></span> <span class='ocrx_word' id='word_1_797' title='bbox 1172 5424 1295 5480; x_wconf 83' lang='lat' dir='ltr'><strong>loco</strong></span> <span class='ocrx_word' id='word_1_798' title='bbox 1337 5422 1615 5481; x_wconf 83' lang='lat' dir='ltr'><strong>carnalem</strong></span> <span class='ocrx_word' id='word_1_799' title='bbox 1661 5438 1797 5481; x_wconf 81' lang='lat' dir='ltr'><strong>con-</strong></span> 
     </span>
    </p>
   </div>
   <div class='ocr_carea' id='block_1_101' title="bbox 1908 4660 3497 4734">
    <p class='ocr_par' dir='ltr' id='par_1_101' title="bbox 1908 4660 3497 4734">
     <span class='ocr_line' id='line_1_102' title="bbox 1908 4660 3497 4734; baseline 0.003 -18"><span class='ocrx_word' id='word_1_800' title='bbox 1908 4672 2134 4716; x_wconf 87' lang='lat' dir='ltr'><strong>emensa</strong></span> <span class='ocrx_word' id='word_1_801' title='bbox 2162 4668 2404 4731; x_wconf 71' lang='lat' dir='ltr'><strong>tempera</strong></span> <span class='ocrx_word' id='word_1_802' title='bbox 2432 4660 2602 4718; x_wconf 66' lang='lat' dir='ltr'><strong>Judai</strong></span> <span class='ocrx_word' id='word_1_803' title='bbox 2639 4662 2913 4733; x_wconf 83' lang='lat' dir='ltr'><strong>dixerunt,</strong></span> <span class='ocrx_word' id='word_1_804' title='bbox 2947 4663 3044 4720; x_wconf 89' lang='lat' dir='ltr'><strong>sed</strong></span> <span class='ocrx_word' id='word_1_805' title='bbox 3068 4663 3279 4734; x_wconf 69' lang='lat' dir='ltr'><strong>Esdraa,</strong></span> <span class='ocrx_word' id='word_1_806' title='bbox 3309 4665 3399 4721; x_wconf 87' lang='lat' dir='ltr'><strong>cui</strong></span> <span class='ocrx_word' id='word_1_807' title='bbox 3426 4679 3497 4723; x_wconf 89' lang='lat' dir='ltr'><strong>ne</strong></span> 
     </span>
    </p>
   </div>
   <div class='ocr_carea' id='block_1_102' title="bbox 1911 4753 3496 4827">
    <p class='ocr_par' dir='ltr' id='par_1_102' title="bbox 1911 4753 3496 4827">
     <span class='ocr_line' id='line_1_103' title="bbox 1911 4753 3496 4827; baseline 0.003 -19"><span class='ocrx_word' id='word_1_808' title='bbox 1911 4754 2263 4825; x_wconf 81' lang='lat' dir='ltr'><strong>perﬁceretur</strong></span> <span class='ocrx_word' id='word_1_809' title='bbox 2315 4770 2348 4809; x_wconf 85' lang='lat' dir='ltr'><strong>a</strong></span> <span class='ocrx_word' id='word_1_810' title='bbox 2380 4753 2576 4811; x_wconf 74' lang='lat' dir='ltr'><strong>vicinis</strong></span> <span class='ocrx_word' id='word_1_811' title='bbox 2622 4754 2877 4827; x_wconf 65' lang='lat' dir='ltr'><strong>gentibus</strong></span> <span class='ocrx_word' id='word_1_812' title='bbox 2916 4753 3094 4814; x_wconf 81' lang='lat' dir='ltr'><strong>fuerat</strong></span> <span class='ocrx_word' id='word_1_813' title='bbox 3130 4756 3496 4815; x_wconf 71' lang='lat' dir='ltr'><strong>interdictum.</strong></span> 
     </span>
    </p>
   </div>
   <div class='ocr_carea' id='block_1_103' title="bbox 1907 4843 3494 4919">
    <p class='ocr_par' dir='ltr' id='par_1_103' title="bbox 1907 4843 3494 4919">
     <span class='ocr_line' id='line_1_104' title="bbox 1907 4843 3494 4919; baseline 0.002 -19"><span class='ocrx_word' id='word_1_814' title='bbox 1907 4843 2047 4901; x_wconf 82' lang='lat' dir='ltr'><strong>Caro</strong></span> <span class='ocrx_word' id='word_1_815' title='bbox 2075 4852 2249 4912; x_wconf 75' lang='lat' dir='ltr'><strong>erant,</strong></span> <span class='ocrx_word' id='word_1_816' title='bbox 2280 4845 2519 4902; x_wconf 79' lang='lat' dir='ltr'><strong>carnalia</strong></span> <span class='ocrx_word' id='word_1_817' title='bbox 2542 4846 2844 4917; x_wconf 67' lang='lat' dir='ltr'><strong>sepiebant,</strong></span> <span class='ocrx_word' id='word_1_818' title='bbox 2869 4847 2959 4905; x_wconf 85' lang='lat' dir='ltr'><strong>ille</strong></span> <span class='ocrx_word' id='word_1_819' title='bbox 2983 4848 3305 4919; x_wconf 80' lang='lat' dir='ltr'><strong>loquebatur</strong></span> <span class='ocrx_word' id='word_1_820' title='bbox 3331 4850 3494 4919; x_wconf 85' lang='lat' dir='ltr'><strong>spiri-</strong></span> 
     </span>
    </p>
   </div>
   <div class='ocr_carea' id='block_1_104' title="bbox 1909 4937 3494 5013">
    <p class='ocr_par' dir='ltr' id='par_1_104' title="bbox 1909 4937 3494 5013">
     <span class='ocr_line' id='line_1_105' title="bbox 1909 4937 3494 5013; baseline 0.003 -22"><span class='ocrx_word' id='word_1_821' title='bbox 1909 4937 2108 4995; x_wconf 81' lang='lat' dir='ltr'><strong>tab&#39;ter.</strong></span> <span class='ocrx_word' id='word_1_822' title='bbox 2132 4937 2273 5004; x_wconf 79' lang='lat' dir='ltr'><strong>Quis</strong></span> <span class='ocrx_word' id='word_1_823' title='bbox 2299 4945 2482 4995; x_wconf 73' lang='lat' dir='ltr'><strong>autem</strong></span> <span class='ocrx_word' id='word_1_824' title='bbox 2508 4947 2696 5010; x_wconf 77' lang='lat' dir='ltr'><strong>posset</strong></span> <span class='ocrx_word' id='word_1_825' title='bbox 2722 4940 3021 5013; x_wconf 73' lang='lat' dir='ltr'><strong>intelligere</strong></span> <span class='ocrx_word' id='word_1_826' title='bbox 3049 4941 3119 4998; x_wconf 92' lang='lat' dir='ltr'><strong>de</strong></span> <span class='ocrx_word' id='word_1_827' title='bbox 3142 4956 3250 5012; x_wconf 87' lang='lat' dir='ltr'><strong>quo</strong></span> <span class='ocrx_word' id='word_1_828' title='bbox 3287 4941 3494 5012; x_wconf 73' lang='lat' dir='ltr'><strong>templo</strong></span> 
     </span>
    </p>
   </div>
   <div class='ocr_carea' id='block_1_105' title="bbox 1908 5028 3491 5106">
    <p class='ocr_par' dir='ltr' id='par_1_105' title="bbox 1908 5028 3491 5106">
     <span class='ocr_line' id='line_1_106' title="bbox 1908 5028 3491 5106; baseline 0.005 -22"><span class='ocrx_word' id='word_1_829' title='bbox 1908 5028 2257 5089; x_wconf 79' lang='lat' dir='ltr'><strong>dicebatzsed</strong></span> <span class='ocrx_word' id='word_1_830' title='bbox 2272 5046 2385 5088; x_wconf 80' lang='lat' dir='ltr'><strong>non</strong></span> <span class='ocrx_word' id='word_1_831' title='bbox 2408 5033 2634 5089; x_wconf 77' lang='lat' dir='ltr'><strong>multum</strong></span> <span class='ocrx_word' id='word_1_832' title='bbox 2656 5033 2967 5104; x_wconf 63' lang='lat' dir='ltr'><strong>querimus,</strong></span> <span class='ocrx_word' id='word_1_833' title='bbox 2990 5049 3091 5106; x_wconf 91' lang='lat' dir='ltr'><strong>per</strong></span> <span class='ocrx_word' id='word_1_834' title='bbox 3106 5034 3491 5105; x_wconf 81' lang='lat' dir='ltr'><strong>evangelistam</strong></span> 
     </span>
    </p>
   </div>
   <div class='ocr_carea' id='block_1_106' title="bbox 1911 5121 3495 5199">
    <p class='ocr_par' dir='ltr' id='par_1_106' title="bbox 1911 5121 3495 5199">
     <span class='ocr_line' id='line_1_107' title="bbox 1911 5121 3495 5199; baseline 0.003 -19"><span class='ocrx_word' id='word_1_835' title='bbox 1911 5121 2067 5181; x_wconf 80' lang='lat' dir='ltr'><strong>nobis</strong></span> <span class='ocrx_word' id='word_1_836' title='bbox 2095 5126 2335 5195; x_wconf 82' lang='lat' dir='ltr'><strong>aperuit,</strong></span> <span class='ocrx_word' id='word_1_837' title='bbox 2368 5125 2507 5183; x_wconf 69' lang='lat' dir='ltr'><strong>dixit</strong></span> <span class='ocrx_word' id='word_1_838' title='bbox 2531 5126 2602 5183; x_wconf 85' lang='lat' dir='ltr'><strong>de</strong></span> <span class='ocrx_word' id='word_1_839' title='bbox 2629 5142 2736 5197; x_wconf 89' lang='lat' dir='ltr'><strong>quo</strong></span> <span class='ocrx_word' id='word_1_840' title='bbox 2774 5127 2977 5199; x_wconf 88' lang='lat' dir='ltr'><strong>templo</strong></span> <span class='ocrx_word' id='word_1_841' title='bbox 3018 5127 3261 5183; x_wconf 89' lang='lat' dir='ltr'><strong>diceret:</strong></span> <span class='ocrx_word' id='word_1_842' title='bbox 3288 5126 3495 5185; x_wconf 84' lang='lat' dir='ltr'><strong>Solvite</strong></span> 
     </span>
    </p>
   </div>
   <div class='ocr_carea' id='block_1_107' title="bbox 1912 5216 3495 5287">
    <p class='ocr_par' dir='ltr' id='par_1_107' title="bbox 1912 5216 3495 5287">
     <span class='ocr_line' id='line_1_108' title="bbox 1912 5216 3495 5287; baseline 0.002 -16"><span class='ocrx_word' id='word_1_843' title='bbox 1912 5216 2167 5287; x_wconf 67' lang='lat' dir='ltr'><strong>templum</strong></span> <span class='ocrx_word' id='word_1_844' title='bbox 2204 5217 2335 5285; x_wconf 75' lang='lat' dir='ltr'><strong>hoc,</strong></span> <span class='ocrx_word' id='word_1_845' title='bbox 2374 5226 2434 5274; x_wconf 86' lang='lat' dir='ltr'><strong>et</strong></span> <span class='ocrx_word' id='word_1_846' title='bbox 2470 5218 2644 5275; x_wconf 63' lang='lat' dir='ltr'><strong>tribu</strong></span> <span class='ocrx_word' id='word_1_847' title='bbox 2672 5218 2865 5276; x_wconf 81' lang='lat' dir='ltr'><strong>diebus</strong></span> <span class='ocrx_word' id='word_1_848' title='bbox 2890 5216 3140 5275; x_wconf 68' lang='lat' dir='ltr'><strong>excitabo</strong></span> <span class='ocrx_word' id='word_1_849' title='bbox 3168 5217 3322 5275; x_wconf 69' lang='lat' dir='ltr'><strong>illud.</strong></span> <span class='ocrx_word' id='word_1_850' title='bbox 3348 5218 3495 5287; x_wconf 76' lang='lat' dir='ltr'><strong>Qua—</strong></span> 
     </span>
    </p>
   </div>
   <div class='ocr_carea' id='block_1_108' title="bbox 1909 5307 3491 5380">
    <p class='ocr_par' dir='ltr' id='par_1_108' title="bbox 1909 5307 3491 5380">
     <span class='ocr_line' id='line_1_109' title="bbox 1909 5307 3491 5380; baseline 0.003 -17"><span class='ocrx_word' id='word_1_851' title='bbox 1909 5307 2151 5380; x_wconf 76' lang='lat' dir='ltr'><strong>draginta</strong></span> <span class='ocrx_word' id='word_1_852' title='bbox 2174 5325 2267 5368; x_wconf 78' lang='lat' dir='ltr'><strong>sex</strong></span> <span class='ocrx_word' id='word_1_853' title='bbox 2286 5312 2445 5367; x_wconf 76' lang='lat' dir='ltr'><strong>annis</strong></span> <span class='ocrx_word' id='word_1_854' title='bbox 2471 5311 2792 5368; x_wconf 55' lang='lat' dir='ltr'><strong>diﬁcatum</strong></span> <span class='ocrx_word' id='word_1_855' title='bbox 2817 5318 2903 5367; x_wconf 86' lang='lat' dir='ltr'><strong>est</strong></span> <span class='ocrx_word' id='word_1_856' title='bbox 2924 5309 3203 5380; x_wconf 73' lang='lat' dir='ltr'><strong>templum,</strong></span> <span class='ocrx_word' id='word_1_857' title='bbox 3228 5319 3287 5367; x_wconf 87' lang='lat' dir='ltr'><strong>et</strong></span> <span class='ocrx_word' id='word_1_858' title='bbox 3312 5310 3491 5368; x_wconf 75' lang='lat' dir='ltr'><strong>triduo</strong></span> 
     </span>
    </p>
   </div>
   <div class='ocr_carea' id='block_1_109' title="bbox 1907 5403 3492 5476">
    <p class='ocr_par' dir='ltr' id='par_1_109' title="bbox 1907 5403 3492 5476">
     <span class='ocr_line' id='line_1_110' title="bbox 1907 5403 3492 5476; baseline 0.004 -17"><span class='ocrx_word' id='word_1_859' title='bbox 1907 5404 2190 5465; x_wconf 79' lang='lat' dir='ltr'><strong>suscitabis</strong></span> <span class='ocrx_word' id='word_1_860' title='bbox 2237 5403 2408 5461; x_wconf 63' lang='lat' dir='ltr'><strong>illud?</strong></span> <span class='ocrx_word' id='word_1_861' title='bbox 2430 5405 2655 5464; x_wconf 75' lang='lat' dir='ltr'><strong>Dicebat</strong></span> <span class='ocrx_word' id='word_1_862' title='bbox 2682 5413 2884 5472; x_wconf 80' lang='lat' dir='ltr'><strong>autem,</strong></span> <span class='ocrx_word' id='word_1_863' title='bbox 2914 5404 2992 5461; x_wconf 85' lang='lat' dir='ltr'><strong>ait</strong></span> <span class='ocrx_word' id='word_1_864' title='bbox 3026 5406 3381 5476; x_wconf 77' lang='lat' dir='ltr'><strong>evangelista,</strong></span> <span class='ocrx_word' id='word_1_865' title='bbox 3423 5408 3492 5465; x_wconf 86' lang='lat' dir='ltr'><strong>de</strong></span> 
     </span>
    </p>
   </div>
   <div class='ocr_carea' id='block_1_110' title="bbox 192 5492 1814 5590">
    <p class='ocr_par' dir='ltr' id='par_1_110' title="bbox 192 5492 1801 5590">
     <span class='ocr_line' id='line_1_111' title="bbox 192 5492 1801 5590; baseline -0.002 -11"><span class='ocrx_word' id='word_1_866' title='bbox 192 5492 571 5586; x_wconf 72' lang='lat' dir='ltr'><strong>suetudinem,</strong></span> <span class='ocrx_word' id='word_1_867' title='bbox 590 5534 711 5590; x_wconf 78' lang='lat' dir='ltr'><strong>quae</strong></span> <span class='ocrx_word' id='word_1_868' title='bbox 730 5519 935 5575; x_wconf 85' lang='lat' dir='ltr'><strong>resistit</strong></span> <span class='ocrx_word' id='word_1_869' title='bbox 949 5518 1108 5573; x_wconf 60' lang='lat' dir='ltr'><strong>bona;</strong></span> <span class='ocrx_word' id='word_1_870' title='bbox 1131 5516 1414 5581; x_wconf 75' lang='lat' dir='ltr'><strong>voluntati,</strong></span> <span class='ocrx_word' id='word_1_871' title='bbox 1440 5516 1801 5575; x_wconf 77' lang='lat' dir='ltr'><strong>delectatione</strong></span> 
     </span>
    </p>
   </div>
   <div class='ocr_carea' id='block_1_111' title="bbox 1921 5492 3493 5590">
    <p class='ocr_par' dir='ltr' id='par_1_111' title="bbox 1921 5492 3493 5590">
     <span class='ocr_line' id='line_1_112' title="bbox 1921 5492 3493 5590; baseline 0 -38"><span class='ocrx_word' id='word_1_872' title='bbox 1921 5497 2109 5565; x_wconf 65' lang='grc' dir='ltr'>,εωρὶο</span> <span class='ocrx_word' id='word_1_873' title='bbox 2134 5497 2376 5568; x_wconf 77' lang='lat' dir='ltr'><strong>corporis</strong></span> <span class='ocrx_word' id='word_1_874' title='bbox 2389 5499 2501 5567; x_wconf 78' lang='lat' dir='ltr'><strong>sui,</strong></span> <span class='ocrx_word' id='word_1_875' title='bbox 2532 5510 2590 5556; x_wconf 87' lang='lat' dir='ltr'><strong>et</strong></span> <span class='ocrx_word' id='word_1_876' title='bbox 2626 5492 2975 5555; x_wconf 67' lang='lat' dir='ltr'><strong>manifestum</strong></span> <span class='ocrx_word' id='word_1_877' title='bbox 2995 5505 3089 5590; x_wconf 75' lang='lat' dir='ltr'><strong>est</strong></span> 
     </span>
    </p>
   </div>
   <div class='ocr_carea' id='block_1_112' title="bbox 194 5588 1814 5682">
    <p class='ocr_par' dir='ltr' id='par_1_112' title="bbox 194 5588 1797 5682">
     <span class='ocr_line' id='line_1_113' title="bbox 194 5588 1797 5682; baseline -0.004 -11"><span class='ocrx_word' id='word_1_878' title='bbox 194 5613 583 5682; x_wconf 73' lang='lat' dir='ltr'><strong>temporalium</strong></span> <span class='ocrx_word' id='word_1_879' title='bbox 608 5588 989 5666; x_wconf 35' lang='lat' dir='ltr'><strong>‘l&#39;ruendorum.</strong></span> <span class='ocrx_word' id='word_1_880' title='bbox 1030 5609 1144 5665; x_wconf 87' lang='lat' dir='ltr'><strong>Non</strong></span> <span class='ocrx_word' id='word_1_881' title='bbox 1188 5610 1335 5665; x_wconf 90' lang='lat' dir='ltr'><strong>enim</strong></span> <span class='ocrx_word' id='word_1_882' title='bbox 1366 5608 1672 5666; x_wconf 87' lang='lat' dir='ltr'><strong>diceretur:</strong></span> <span class='ocrx_word' id='word_1_883' title='bbox 1694 5609 1797 5665; x_wconf 88' lang='lat' dir='ltr'><strong>Ubi</strong></span> 
     </span>
    </p>
   </div>
   <div class='ocr_carea' id='block_1_113' title="bbox 1921 5588 3487 5682">
    <p class='ocr_par' dir='ltr' id='par_1_113' title="bbox 1921 5588 3487 5662">
     <span class='ocr_line' id='line_1_114' title="bbox 1921 5588 3487 5662; baseline 0.001 -15"><span class='ocrx_word' id='word_1_884' title='bbox 1921 5592 2108 5647; x_wconf 85' lang='lat' dir='ltr'><strong>uinum</strong></span> <span class='ocrx_word' id='word_1_885' title='bbox 2155 5601 2274 5662; x_wconf 84' lang='lat' dir='ltr'><strong>post</strong></span> <span class='ocrx_word' id='word_1_886' title='bbox 2309 5591 2541 5648; x_wconf 81' lang='lat' dir='ltr'><strong>triduum</strong></span> <span class='ocrx_word' id='word_1_887' title='bbox 2571 5588 2999 5648; x_wconf 58' lang='lat' dir='ltr'><strong>resurrexisse.‘</strong></span> <span class='ocrx_word' id='word_1_888' title='bbox 3042 5588 3183 5658; x_wconf 85' lang='lat' dir='ltr'><strong>Quid</strong></span> <span class='ocrx_word' id='word_1_889' title='bbox 3222 5602 3351 5661; x_wconf 86' lang='lat' dir='ltr'><strong>ergo</strong></span> <span class='ocrx_word' id='word_1_890' title='bbox 3378 5588 3487 5648; x_wconf 80' lang='lat' dir='ltr'><strong>sibi</strong></span> 
     </span>
    </p>
   </div>
   <div class='ocr_carea' id='block_1_114' title="bbox 278 5700 3484 5778">
    <p class='ocr_par' dir='ltr' id='par_1_114' title="bbox 278 5700 3484 5778">
     <span class='ocr_line' id='line_1_115' title="bbox 278 5700 3484 5778; baseline 0 -17"><span class='ocrx_word' id='word_1_891' title='bbox 278 5718 304 5745; x_wconf 75' lang='grc' dir='ltr'>ι</span> <span class='ocrx_word' id='word_1_892' title='bbox 342 5708 418 5763; x_wconf 92' lang='lat' dir='ltr'><strong>De</strong></span> <span class='ocrx_word' id='word_1_893' title='bbox 446 5708 548 5761; x_wconf 88' lang='lat' dir='ltr'><strong>hoc</strong></span> <span class='ocrx_word' id='word_1_894' title='bbox 573 5710 885 5761; x_wconf 78' lang='lat' dir='ltr'><strong>commento</strong></span> <span class='ocrx_word' id='word_1_895' title='bbox 905 5702 1028 5778; x_wconf 80' lang='lat' dir='ltr'><strong>vide</strong></span> <span class='ocrx_word' id='word_1_896' title='bbox 1048 5702 1456 5778; x_wconf 70' lang='lat' dir='ltr'><strong>Cyprianumjn</strong></span> <span class='ocrx_word' id='word_1_897' title='bbox 1484 5704 1669 5778; x_wconf 69' lang='lat' dir='ltr'><strong>libello</strong></span> <span class='ocrx_word' id='word_1_898' title='bbox 1698 5701 1797 5778; x_wconf 44' lang='lat' dir='ltr'><strong>ad:</strong></span> <span class='ocrx_word' id='word_1_899' title='bbox 1902 5704 2248 5778; x_wconf 79' lang='lat' dir='ltr'><strong>Roterodami</strong></span> <span class='ocrx_word' id='word_1_900' title='bbox 2279 5723 2292 5760; x_wconf 92' lang='lat'><strong>:</strong></span> <span class='ocrx_word' id='word_1_901' title='bbox 2318 5714 2576 5778; x_wconf 63' lang='lat' dir='ltr'><strong>praeterea</strong></span> <span class='ocrx_word' id='word_1_902' title='bbox 2604 5700 2913 5763; x_wconf 77' lang='lat' dir='ltr'><strong>Cornelium</strong></span> <span class='ocrx_word' id='word_1_903' title='bbox 2952 5704 3244 5778; x_wconf 80' lang='lat' dir='ltr'><strong>Agrippam</strong></span> <span class='ocrx_word' id='word_1_904' title='bbox 3272 5701 3344 5764; x_wconf 77' lang='lat' dir='ltr'><strong>de</strong></span> <span class='ocrx_word' id='word_1_905' title='bbox 3374 5701 3484 5762; x_wconf 59' lang='grc' dir='ltr'>ιιι.</span> 
     </span>
    </p>
   </div>
   <div class='ocr_carea' id='block_1_115' title="bbox 196 5774 2602 5844">
    <p class='ocr_par' dir='ltr' id='par_1_115' title="bbox 196 5774 2602 5844">
     <span class='ocr_line' id='line_1_116' title="bbox 196 5774 2602 5844; baseline -0 -10"><span class='ocrx_word' id='word_1_906' title='bbox 196 5795 395 5836; x_wconf 80' lang='lat' dir='ltr'><strong>versus</strong></span> <span class='ocrx_word' id='word_1_907' title='bbox 431 5778 660 5843; x_wconf 71' lang='lat' dir='ltr'><strong>Iudaeos,</strong></span> <span class='ocrx_word' id='word_1_908' title='bbox 702 5790 764 5831; x_wconf 91' lang='lat' dir='ltr'><strong>ac</strong></span> <span class='ocrx_word' id='word_1_909' title='bbox 788 5774 1163 5844; x_wconf 85' lang='lat' dir='ltr'><strong>castigationes</strong></span> <span class='ocrx_word' id='word_1_910' title='bbox 1187 5790 1239 5828; x_wconf 92' lang='lat' dir='ltr'><strong>v.</strong></span> <span class='ocrx_word' id='word_1_911' title='bbox 1281 5791 1334 5830; x_wconf 94' lang='lat' dir='ltr'><strong>c.</strong></span> <span class='ocrx_word' id='word_1_912' title='bbox 1374 5774 1555 5831; x_wconf 89' lang='lat' dir='ltr'><strong>Desid.</strong></span> <span class='ocrx_word' id='word_1_913' title='bbox 1582 5775 1793 5831; x_wconf 86' lang='lat' dir='ltr'><strong>Erasmi</strong></span> <span class='ocrx_word' id='word_1_914' title='bbox 1899 5776 2147 5837; x_wconf 73' lang='lat' dir='ltr'><strong>callentis</strong></span> <span class='ocrx_word' id='word_1_915' title='bbox 2176 5774 2338 5837; x_wconf 77' lang='lat' dir='ltr'><strong>sexus</strong></span> <span class='ocrx_word' id='word_1_916' title='bbox 2360 5774 2602 5837; x_wconf 77' lang='lat' dir='ltr'><strong>feminei.</strong></span> 
     </span>
    </p>
   </div>
   <div class='ocr_carea' id='block_1_116' title="bbox 195 5846 1791 5921">
    <p class='ocr_par' dir='ltr' id='par_1_116' title="bbox 195 5846 1791 5921">
     <span class='ocr_line' id='line_1_117' title="bbox 195 5846 1791 5921; baseline -0.003 -13"><span class='ocrx_word' id='word_1_917' title='bbox 195 5849 259 5908; x_wconf 82' lang='lat' dir='ltr'><strong>in</strong></span> <span class='ocrx_word' id='word_1_918' title='bbox 296 5860 604 5921; x_wconf 77' lang='lat' dir='ltr'><strong>utrumque,</strong></span> <span class='ocrx_word' id='word_1_919' title='bbox 652 5848 1008 5920; x_wconf 76' lang='lat' dir='ltr'><strong>Augustinum</strong></span> <span class='ocrx_word' id='word_1_920' title='bbox 1059 5846 1264 5903; x_wconf 87' lang='lat' dir='ltr'><strong>scilicet</strong></span> <span class='ocrx_word' id='word_1_921' title='bbox 1315 5853 1371 5904; x_wconf 91' lang='lat' dir='ltr'><strong>et</strong></span> <span class='ocrx_word' id='word_1_922' title='bbox 1422 5846 1791 5919; x_wconf 75' lang='lat' dir='ltr'><strong>Cyprianum;</strong></span> 
     </span>
    </p>
   </div>
  </div>
