3986 6382
508 343 615 409 975

1580 335 1643 390 D.
1687 330 2008 392 EUGYPPII
2049 324 2339 391 ABBATIS
2381 332 2704 391 AFRICANI

3690 334 3789 395 976

509 469 620 532 \nll
653 474 907 525 numerus
936 457 1387 537 quadragenarius
1418 457 1697 514 senarius?
1729 457 1943 513 Interim
1975 456 2088 526 ipse
2117 453 2173 516 Α
2195 464 2248 512 ut
2277 455 2476 510 dictum
2494 461 2741 521 est,uno,
2765 451 2896 506 fiunt
2917 448 3265 522 quadraginta
3278 453 3510 522 sex.Qui
3525 468 3656 512 cum
3677 458 3784 514 fue-

507 548 678 627 Adain
720 563 840 635 quia
875 575 972 633 per
1012 566 1183 614 totum
1231 555 1415 611 orbem
1464 565 1727 609 terrarum
1758 565 1840 611 est
1868 557 2091 612 audistis

500 665 614 734 jam
654 660 908 717 hesterno
944 656 1030 711 die
1070 655 1122 708 in
1154 660 1384 724 quatuor
1414 650 1608 706 litteris
1636 650 1838 707 Graecis
1864 660 2094 721 quatuor

501 759 791 815 verborum
842 753 1172 810 Graecorum.
1226 750 1282 806 Si
1329 748 1472 805 enim
1519 749 1622 804 ista
1666 750 1830 805 verba
1865 760 2096 820 quatuor

502 849 714 906 scribas
753 845 1109 912 subinvicem,
1143 843 1197 897 id
1237 851 1321 898 est
1349 843 1565 898 nomina
1605 852 1832 912 quatuor
1861 842 2089 912 partium

501 941 713 1008 mundi,
757 937 1002 1003 orientis,
1039 935 1358 999 occidentis,
1412 934 1677 1004 aquilonis
1707 945 1759 989 et
1789 935 2094 1001 meridiani,

505 1033 653 1106 quod
682 1040 762 1087 est
788 1039 931 1086 totus
955 1029 1125 1096 orbis,
1155 1029 1298 1085 unde
1324 1028 1453 1084 dicit
1482 1028 1761 1094 Dominus,
1806 1042 1836 1082 a
1863 1037 2094 1097 quatuor

502 1127 682 1183 ventis
723 1125 1072 1181 collecturum
1112 1139 1170 1179 se
1213 1123 1414 1178 electos
1452 1137 1601 1189 suos,
1636 1137 1760 1176 cum
1791 1123 2000 1176 venerit
2027 1121 2095 1176 ad

500 1220 756 1295 judicium
785 1221 868 1273 :si
900 1233 1028 1287 ergo
1069 1217 1234 1272 facias
1258 1216 1357 1272 ista
1400 1225 1628 1286 quatuor
1665 1216 1878 1270 nomina
1910 1215 2094 1271 Graeca

500 1314 733 1379 ἅνατολή,
764 1311 908 1382 quod
938 1319 1021 1367 est
1047 1310 1248 1375 oriens,
1288 1307 1471 1374 δύσις,
1514 1308 1656 1376 quod
1698 1316 1781 1362 est
1820 1307 2092 1381 occidens,

501 1406 706 1484 ἄρκτος,
733 1405 876 1476 quod
903 1414 986 1459 est
1012 1402 1327 1473 septentrio,
1351 1403 1671 1477 μεσημϐρία,
1697 1401 1838 1471 quod
1869 1410 1952 1456 est
1979 1417 2093 1456 me-

501 1500 665 1557 ridies
699 1517 712 1551 :
745 1498 1011 1563 ’Avarolri,
1061 1495 1235 1564 δύσις,
1285 1494 1500 1569 ἄρκτος,
1544 1496 1865 1570 μεσημϐρία,
1920 1494 2093 1564 capita

502 1595 811 1659 verborum,
854 1593 1025 1648 Adam
1057 1591 1277 1648 habent.
1307 1591 1590 1660 Quomodo
1627 1606 1756 1661 ergo
1786 1593 1859 1647 ibi
1890 1593 2094 1648 inveni-

501 1704 623 1744 mus
634 1686 1180 1757 etquadragenarium
1197 1685 1473 1742 senarium
1495 1699 1776 1740 numerum
1792 1685 1814 1737 ?
1830 1685 1951 1755 quia
1965 1699 2091 1739 caro

503 1780 701 1838 Christi
722 1780 790 1836 de
810 1779 980 1834 Adam
1008 1789 1144 1834 erat.
1177 1779 1257 1832 Ad
1279 1779 1485 1834 litteras
1504 1793 1761 1833 numeros
1781 1785 2093 1848 computant

2200 552 2309 607 rint
2338 549 2671 618 multiplicati
2703 562 2796 617 per
2824 548 2997 617 ipsum
3043 548 3311 602 senarium
3358 563 3670 620 numerum,
3701 553 3784 622 qui

2202 642 2362 713 hujus
2389 641 2746 697 ordinationis
2771 648 2929 710 caput
2955 648 3122 706 tenet,
3153 640 3285 695 ﬁunt
3305 641 3541 697 ducenta
3573 653 3778 713 septua-

2201 737 2343 806 ginta
2371 750 2488 799 sex,
2526 734 2576 789 id
2602 743 2685 789 est
2711 747 2899 787 novem
2926 748 3138 787 menses
3165 743 3217 788 et
3243 747 3336 788 sex
3357 734 3497 800 dies,
3527 736 3621 805 qui
3652 751 3781 792 com-

2200 836 2456 900 putantur
2483 828 2550 882 ab
2595 839 2790 882 oetavo
2818 827 3029 882 calend.
3065 826 3293 894 Apriles,
3327 843 3431 896 quo
3468 829 3567 883 die
3595 846 3777 888 conce-

2200 932 2322 994 ptus
2345 921 2602 978 Dominus
2626 921 2881 984 creditur,
2913 918 3034 988 quia
3064 935 3129 974 eo
3159 920 3248 976 die
3273 920 3436 976 etiam
3468 936 3667 992 passus
3692 936 3779 989 est,

2198 1031 2368 1088 usque
2419 1017 2486 1072 ad
2520 1032 2612 1071 vnt
2642 1015 2852 1072 calend.
2898 1015 3043 1081 Jan.,
3083 1030 3189 1085 quo
3227 1014 3317 1070 die
3351 1025 3520 1072 natus
3549 1027 3653 1073 est.
3681 1018 3779 1074 Non

2199 1126 2327 1182 ergo
2357 1110 2588 1165 absurde
2621 1107 2969 1179 quadraginta
3012 1123 3103 1162 sex
3126 1109 3280 1162 annis
3317 1108 3527 1164 dicitur
3567 1109 3776 1166 fabrica-

2199 1213 2308 1259 tum
2341 1218 2460 1259 esse
2493 1203 2772 1272 templum,
2815 1201 2954 1270 quod
2985 1217 3180 1270 corpus
3202 1201 3320 1270 ejus
3347 1202 3709 1274 signiﬁcabat,
3731 1215 3776 1259 ut

2196 1305 2324 1365 quot
2352 1296 2477 1350 anni
2504 1297 2716 1351 fuerunt
2743 1295 2793 1349 in
2824 1293 3175 1350 fabricatione
3204 1294 3412 1364 templi,
3444 1303 3533 1350 tot
3553 1295 3665 1350 dies
3686 1297 3774 1352 fue-

2196 1389 2306 1445 rint
2338 1390 2390 1444 in
2434 1390 2675 1459 corporis
2717 1387 2967 1443 dominici
3005 1389 3348 1458 perfectione.
3383 1389 3501 1445 Nec
3526 1391 3769 1446 immerito

2196 1484 2251 1539 in
2299 1483 2650 1538 mdiﬁcatione
2701 1482 2957 1538 Dominici
3011 1482 3285 1550 corporis,
3322 1481 3374 1536 in
3416 1483 3582 1552 cujus
3628 1484 3766 1554 ﬁgura

2194 1578 2454 1648 templum
2503 1591 2532 1631 a
2564 1575 2763 1631 Judaeis
2790 1575 3148 1640 destructum,
3185 1573 3360 1628 triduo
3391 1590 3454 1629 se
3497 1578 3764 1632 resuscita-

2195 1680 2373 1727 turum
2407 1684 2528 1726 esse
2557 1670 2800 1736 dicebat,
2843 1683 3095 1723 numerus
3123 1668 3238 1738 ipse
3279 1669 3533 1724 senarius
3565 1672 3662 1742 59
3685 1687 3763 1739 pro

2194 1779 2336 1820 anno
2383 1763 2590 1834 positus
2639 1761 2990 1830 intelligitur:
3025 1761 3279 1816 dixerunt
3327 1762 3513 1832 enimf,
3550 1763 3757 1830 Quadra-

504 1876 700 1945 Grmci,
734 1876 876 1946 quod
925 1889 1025 1930 nos
1053 1873 1278 1928 facimus
1307 1889 1339 1925 a
1379 1871 1635 1938 litteram,
1668 1870 1746 1924 illi
1788 1869 1967 1940 lingua
1998 1883 2092 1925 sua

2202 1854 2342 1927 ginta
2369 1864 2423 1910 et
2451 1868 2544 1909 sex
2573 1852 2728 1908 annis
2772 1852 3089 1906 aediﬁcatum
3123 1861 3204 1906 est
3244 1853 3540 1923 templum;
3571 1866 3617 1910 et
3650 1871 3750 1924 qua-

501 1980 705 2042 ponunt
730 1968 880 2043 ἄλφα,
914 1977 967 2022 ει
993 1974 1214 2022 vocatur
1244 1989 1278 2020 σι
1307 1980 1490 2020 unum.
1539 1962 1643 2019 Ubi
1674 1970 1852 2019 autem
1895 1964 1945 2017 in
1990 1978 2093 2018 nu-

501 2063 667 2118 meris
690 2061 930 2116 scribunt
957 2059 1077 2115 beta
1101 2060 1155 2130 β,
1180 2058 1324 2128 quod
1344 2066 1426 2112 est
1449 2058 1751 2128 bipsorum,
1788 2063 2011 2112 vocatur
2038 2056 2093 2112 in

501 2155 743 2213 numeris
770 2153 899 2208 duo.
927 2151 1028 2207 Ubi
1074 2151 1313 2207 scribunt
1339 2165 1552 2221 gamma
1576 2173 1630 2223 γ,
1664 2155 1887 2204 vocatur
1913 2147 1966 2203 in
1996 2163 2094 2204 nu-

495 2252 667 2308 meris
711 2251 950 2320 ipsorum
997 2248 1120 2305 tria.
1166 2246 1268 2302 Ubi
1326 2245 1568 2300 scribunt
1594 2243 1738 2299 delta
1775 2241 1823 2308 δ,
1874 2249 2094 2298 vocatur

501 2344 558 2401 in
579 2345 822 2400 numeris
843 2343 1083 2412 ipsorum
1106 2348 1336 2410 quatuor
1363 2356 1375 2391 :
1403 2345 1458 2393 et
1485 2337 1562 2393 sic
1603 2351 1698 2406 per
1736 2348 1924 2392 omnes
1954 2334 2095 2390 litte-

502 2451 590 2493 ras
637 2448 894 2491 numeros
946 2432 1178 2498 habent;
1232 2448 1284 2484 m
1322 2431 1466 2501 quod
1512 2444 1610 2485 nos
1654 2429 1882 2485 dicimus
1913 2436 1968 2483 et
2007 2426 2094 2485 isti

504 2529 681 2586 dicunt
700 2545 788 2601 my
800 2551 862 2600 μ,
881 2526 1233 2599 quadraginta
1253 2527 1544 2597 signiﬁcat:
1560 2525 1744 2582 dicunt
1767 2524 1909 2580 enim
1931 2538 2019 2594 my
2033 2546 2089 2593 μ,

505 2625 906 2701 τεσσαράκοντα.
956 2621 1074 2677 Jam
1101 2621 1281 2677 videte
1321 2620 1438 2676 istae
1486 2619 1678 2676 littera:
1707 2634 1867 2690 quem
1906 2632 2096 2674 nume-

504 2732 621 2772 rum
678 2716 937 2782 habeant,
1000 2723 1054 2771 et
1101 2715 1174 2771 ibi
1237 2714 1521 2769 invenietis
1590 2713 1936 2784 quadraginta
1998 2727 2093 2768 sex

505 2813 663 2868 annis
697 2810 1016 2867 aediﬁcatum
1049 2809 1331 2879 templum.
1366 2807 1537 2863 Habet
1565 2808 1708 2865 enim
1731 2807 1901 2863 Adam
1939 2805 2090 2880 ἄλφα,

507 2905 646 2977 quod
693 2916 775 2962 est
823 2902 1221 2960 unum:habet
1269 2900 1442 2966 δέλτα,
1488 2900 1631 2970 quod
1671 2908 1798 2956 sunt
1841 2907 2092 2969 quatuor,

505 2998 672 3055 habes
727 2998 960 3067 quinque
1005 3012 1019 3049 :
1067 2994 1228 3049 habet
1280 2994 1471 3050 iterum
1501 3036 1516 3061 ,
1573 2991 1740 3065 ἄλφα,
1815 2992 1955 3062 quod
2013 2998 2096 3046 est

505 3106 696 3156 unum,
727 3091 894 3144 habes
925 3104 1042 3156 sex,
1073 3086 1234 3142 habet
1286 3095 1340 3142 et
1399 3093 1491 3156 μῦ,
1533 3085 1675 3154 quod
1731 3094 1814 3139 est
1863 3083 2094 3154 quadra-

507 3182 677 3253 ginta,
730 3179 898 3234 habes
951 3175 1305 3248 quadraginta
1355 3189 1471 3230 sex.
1527 3174 1672 3242 Haec,
1724 3174 1917 3229 fratres
1968 3173 2093 3238 mei,

2197 1947 2410 2017 dragies
2454 1944 2636 2000 sexies
2685 1944 2801 1998 seni
2846 1944 2980 1996 ﬁunt
3019 1945 3245 1998 ducenta
3279 1947 3611 2016 septuaginta
3642 1962 3745 2014 sex;

2194 2039 2286 2108 qui
2318 2053 2574 2093 numerus
2600 2036 2812 2091 dierum
2854 2036 3087 2106 complet
3115 2051 3308 2090 novem
3342 2053 3577 2106 menses,
3607 2048 3654 2094 et
3675 2056 3752 2095 sex

2194 2131 2330 2198 dies,
2359 2133 2447 2202 qui
2479 2140 2733 2200 tanquam
2764 2133 2952 2186 decem
2981 2145 3195 2186 menses
3219 2133 3542 2200 parientibus
3561 2133 3753 2189 feminis

2199 2227 2563 2296 imputantur;
2593 2239 2703 2279 non
2733 2223 2855 2294 quia
2901 2238 3087 2278 omnes
3126 2224 3194 2278 ad
3249 2233 3446 2278 sextum
3485 2225 3614 2280 diem
3636 2236 3750 2294 post

2208 2335 2409 2376 nonum
2434 2333 2675 2373 mensem
2718 2317 3062 2388 perveniunt,
3113 2317 3210 2372 sed
3241 2317 3352 2387 quia
3376 2318 3482 2386 ipsa
3509 2319 3740 2387 perlectio

2197 2413 2442 2483 corporis
2491 2411 2705 2466 Domini
2767 2419 2845 2465 tot
2896 2409 3086 2466 diebus
3141 2411 3208 2464 ad
3268 2423 3466 2480 partum
3510 2413 3746 2482 perducta

2195 2503 2542 2574 comperitur,
2587 2503 2723 2558 sicut
2759 2517 2788 2556 a
2835 2501 3129 2570 majoribus
3179 2501 3431 2556 traditum
3482 2504 3752 2573 suscipiens

2197 2603 2455 2660 Ecclesia:
2483 2601 2719 2658 custodit
2755 2601 3076 2666 auctoritas;
3112 2610 3305 2656 octavo
3348 2601 3491 2657 enim
3533 2602 3748 2656 calendas

2197 2696 2400 2766 Aprilis
2429 2704 2723 2765 conceptus
2747 2694 3004 2760 creditur,
3031 2710 3136 2765 quo
3167 2705 3221 2749 et
3250 2709 3467 2764 passus.
3497 2695 3566 2750 lta
3593 2710 3743 2750 monu-

2198 2795 2382 2842 mento
2404 2800 2544 2841 novo
2565 2800 2671 2856 quo
2701 2785 2940 2856 sepultus
2961 2794 3045 2841 est
3061 2825 3076 2852 ,
3098 2784 3187 2840 ubi
3218 2787 3400 2841 nullus
3425 2797 3539 2842 erat
3577 2787 3734 2856 positus

2198 2889 2557 2945 mortuorum,
2591 2894 2690 2936 nec
2736 2888 2894 2948 ante,
2929 2894 3030 2935 nec
3079 2888 3265 2949 postea
3315 2884 3554 2952 congruit
3588 2890 3722 2933 uterus

2202 2973 2464 3043 Virginis,
2494 2987 2602 3044 quo
2649 2981 2942 3042 conceptus
2986 2981 3099 3042 est,
3136 2973 3224 3028 ubi
3273 2973 3466 3029 nullus
3506 2974 3729 3030 seminam

2199 3075 2284 3122 est
2309 3065 2635 3121 mortalium.
2671 3063 2839 3120 Natus
2868 3071 3044 3119 autem
3091 3065 3320 3119 traditur
3363 3075 3559 3121 octavo
3579 3061 3741 3119 calenti.

2201 3159 2346 3225 Jan.;
2381 3159 2448 3213 ab
2476 3159 2568 3213 illo
2606 3172 2735 3228 ergo
2764 3157 2850 3213 die
2882 3172 3048 3228 usque
3075 3157 3141 3212 ad
3173 3157 3338 3213 istum
3363 3159 3645 3227 computati
3671 3158 3739 3211 d-

515 3244 682 3332 Eum
711 3272 780 3328 ab
803 3244 1479 3337 anterioribusmajoribus
1495 3265 1694 3321 nostris
1707 3265 1848 3320 dicta
1871 3274 2016 3331 sunt,
2045 3273 2099 3320 et
2126 3244 2174 3309 (ἶ
2203 3252 2342 3308 Cen“
2374 3250 2709 3321 δοριυαςςὶηιθ
2743 3250 3084 3320 reperiuntur
3109 3248 3246 3317 dies:
3281 3251 3379 3321 qui
3409 3252 3664 3307 senarium
3684 3266 3741 3302 "ii

507 3369 760 3429 inventus
797 3374 880 3422 est
914 3366 1016 3420 iste
1050 3375 1306 3420 numerus
1337 3361 1392 3416 in
1415 3360 1608 3416 litteris
1643 3358 2098 3430 quadragenarius

511 3463 782 3529 senarius,
823 3471 875 3516 et
905 3461 1034 3532 quia
1071 3456 1336 3514 Dominus
1362 3465 1546 3512 noster
1573 3454 1729 3511 Jesus
1759 3455 2005 3510 Christus
2032 3454 2100 3510 de

510 3556 686 3612 Adam
714 3569 910 3625 corpus
936 3553 1167 3622 accepit,
1194 3565 1301 3607 non
1323 3549 1392 3605 de
1414 3549 1582 3605 Adam
1607 3558 1883 3620 peccatum
1912 3548 2098 3616 traxit,

510 3650 770 3720 templum
802 3662 1121 3718 corporeum
1151 3645 1275 3701 inde
1300 3645 1559 3714 sumpsit,
1594 3659 1702 3699 non
1738 3643 2097 3714 iniquitatem,

511 3757 635 3813 quae
663 3742 733 3797 de
769 3742 970 3810 templo
1001 3739 1245 3809 pellenda
1288 3746 1390 3804 est,
1440 3737 1611 3806 ipsam
1657 3745 1836 3792 autem
1881 3751 2098 3791 carnem

512 3847 672 3904 quam
705 3833 866 3887 traxit
896 3831 963 3885 de
992 3830 1161 3885 Adam
1189 3829 1380 3899 (Maria
1406 3829 1549 3883 enim
1585 3828 1652 3882 de
1687 3827 1880 3894 Adam,
1913 3837 1967 3883 et
1998 3827 2101 3882 Do-

511 3922 645 3980 mini
676 3935 803 3978 caro
839 3921 907 3977 de
947 3921 1141 3991 Maria)
1180 3918 1352 3976 Judaei
1381 3918 1778 3984 cruciﬁxerunt,
1809 3928 1862 3974 et
1890 3919 1981 3974 ille
2011 3933 2100 3974 re-

512 4016 866 4073 suscitaturus
888 4021 1005 4070 erat
1024 4013 1193 4083 ipsam
1216 4025 1433 4067 carnem
1459 4011 1510 4065 in
1539 4010 1717 4066 triduo
1744 4024 1907 4080 quam
1935 4009 2014 4065 illi
2045 4009 2102 4064 in

511 4129 672 4172 cruce
701 4122 854 4170 erant
880 4111 1129 4166 occisuri.
1171 4109 1254 4164 Illi
1285 4108 1559 4164 solverunt
1588 4106 1846 4176 templum
1873 4104 2104 4175 quadra-

510 4209 654 4278 ginta
677 4221 772 4262 sex
794 4204 950 4259 annis
977 4201 1322 4269 aediﬁcatum,
1341 4207 1397 4256 et
1416 4200 1508 4255 ille
1535 4199 1590 4253 in
1620 4198 1793 4254 triduo
1819 4197 2104 4254 resuscita-

510 4303 589 4356 vit
617 4300 802 4355 illudJl
823 4298 952 4366 Sex,
977 4311 1192 4365 novem,
1215 4295 1519 4362 duodecim,
1539 4293 1724 4349 decem
1749 4301 1804 4348 et
1823 4302 1965 4361 octo,
1989 4291 2106 4346 haec

511 4394 568 4450 in
592 4407 756 4446 unum
781 4391 912 4447 ﬁunt
933 4391 1284 4462 quadraginta
1309 4390 1543 4459 quinque
1568 4405 1581 4443 :
1604 4388 1741 4442 adde
1763 4401 1892 4457 ergo
1927 4386 2103 4454 ipsum

513 4501 713 4553 unum,
758 4485 890 4540 ﬁunt
927 4483 1281 4554 quadraginta
1311 4497 1428 4548 sex,
1459 4481 1576 4537 haec
1609 4481 1814 4550 sexies,
1850 4481 1983 4536 ﬁunt
2003 4479 2102 4534 du-

512 4589 671 4638 centa
714 4578 1050 4648 septuaginta
1080 4591 1194 4632 sex.
1231 4576 1437 4630 Dicitur
1477 4583 1656 4630 autem
1699 4575 1978 4645 conceptio
2005 4574 2103 4628 hu-

512 4689 674 4729 mana
701 4638 1098 4741 sic-procedere
1124 4679 1180 4726 et
1217 4669 1429 4740 perﬁci,
1461 4679 1521 4724 ut
1559 4669 1749 4740 primis
1785 4683 1877 4724 sex
1908 4669 2099 4726 diebus
2129 4638 2184 4701 Β

513 4767 666 4839 quasi
696 4766 850 4820 lactis
874 4764 1068 4819 habeat
1087 4763 1515 4831 similitudinem,
1532 4763 1884 4834 sequentibus
1905 4780 2099 4821 novem

513 4859 738 4925 diebus,
769 4866 1110 4912 convertatur
1135 4856 1189 4910 in
1221 4856 1562 4927 sanguinem;
1596 4856 1792 4913 deinde
1819 4859 2100 4915 duodecim

511 4951 704 5008 diebus
748 4948 1292 5017 solidetur:reliquis
1333 4948 1521 5004 decem
1551 4957 1607 5004 et
1649 4953 1792 5015 octo,
1842 4950 2106 5008 formetur

511 5059 687 5114 usque
714 5042 780 5097 ad
812 5039 1050 5113 perfecta
1076 5040 1399 5094 lineamenta
1429 5041 1668 5095 omnium
1700 5043 2100 5109 membrorum;

511 5144 568 5193 ει
589 5137 712 5192 hinc
736 5135 844 5205 jam
882 5133 1090 5204 reliquo
1118 5143 1382 5202 tempore,
1413 5132 1596 5203 :usque
1626 5133 1694 5188 ad
1724 5140 1941 5205 tempus
1972 5150 2095 5207 par-

511 5239 624 5298 tus,
654 5229 1022 5300 magnitudine
1070 5235 1346 5297 augeatur.
1380 5226 1741 5299 Quadraginta
1789 5244 1918 5302 ergo
1948 5231 2104 5302 quin-

511 5339 620 5396 que
647 5322 784 5391 dies,
809 5321 994 5377 addito
1020 5336 1145 5386 uno,
1175 5318 1317 5390 quod
1339 5320 1605 5390 significat
1635 5336 1935 5392 summam;
1977 5325 2102 5394 quia

512 5431 634 5482 sex,
660 5423 716 5471 et
758 5427 975 5481 novem,
1006 5422 1061 5469 et
1109 5412 1416 5479 duodecim,
1453 5421 1507 5469 et
1547 5413 1738 5472 decem
1785 5426 1840 5472 et
1872 5426 2014 5483 octo,
2046 5417 2102 5473 in

513 5522 680 5568 unum
723 5510 944 5574 coactis,
979 5506 1114 5562 ﬁunt
1155 5506 1510 5578 quadraginta
1535 5507 1642 5565 duo
1681 5528 1692 5564 :
1727 5509 1912 5566 addito
1947 5526 2100 5583 ergo,

590 5669 618 5702 ι
648 5659 798 5718 Hanc
817 5660 886 5717 de
907 5663 1263 5730 conceptione
1300 5665 1532 5722 humana
1565 5677 1618 5723 et
1643 5669 1964 5725 formatione
1992 5687 2098 5728 non

516 5746 638 5816 esse
664 5733 952 5816 Augustini
981 5734 1401 5816 declarationem
1432 5740 1631 5816 indicat
1656 5741 2095 5816 annotatiuncula

519 5807 575 5880 in
597 5808 837 5880 margine
863 5807 1057 5880 vetusti
1083 5810 1408 5880 exemplaris
1436 5825 1463 5861 a
1487 5811 1706 5866 librario
1728 5811 1964 5880 adjecta;
1998 5831 2096 5872 nec

520 5873 784 5946 Eugyppii
814 5879 974 5934 etiam
1001 5891 1122 5936 esse
1145 5873 1479 5953 videtur._Sic
1495 5881 1635 5938 enim
1674 5898 1731 5940 se
1761 5873 1920 5941 habet
1949 5873 2094 5944 inar-

2202 3359 2409 3401 merum
2435 3343 2757 3414 quadragies
2786 3343 2968 3400 sexies
2991 3344 3206 3411 habent,
3237 3360 3348 3416 quo
3377 3362 3602 3402 numero
3624 3359 3751 3399 anno-

2203 3453 2321 3494 rum
2355 3437 2611 3507 templum
2643 3437 2966 3492 aedilicatum
3004 3447 3105 3492 est.
3133 3437 3234 3504 Qui
3265 3452 3333 3492 eo
3385 3454 3606 3493 numero
3633 3451 3757 3491 sena-

2205 3531 2408 3586 riorum
2459 3544 2654 3600 corpus
2699 3530 2908 3585 Domini
2941 3529 3236 3601 perfectum
3267 3533 3391 3597 :est,
3422 3533 3562 3602 quod
3607 3532 3762 3587 mortis

2209 3623 2458 3692 passione
2488 3621 2819 3678 destructum
2848 3624 3024 3678 triduo
3052 3623 3330 3679 suscitavit
3354 3641 3368 3678 :
3389 3624 3601 3679 dicebat
3639 3624 3761 3677 enim

2207 3715 2314 3771 hoc
2346 3716 2415 3770 de
2442 3717 2642 3785 templo
2683 3717 2924 3787 corporis
2961 3718 3079 3784 sui,
3116 3719 3257 3775 sicut
3299 3719 3685 3774 evidentissima
3721 3727 3768 3773 et

2205 3809 2581 3866 robustissimo
2623 3809 2902 3880 Evangelii
2933 3810 3246 3867 testimonio
3267 3811 3568 3867 declaratur.

2689 3924 2914 3980 CAPUT
2957 3924 3331 3983 CCLXXXIV.

2284 4016 2356 4070 De
2385 4015 2556 4071 decem
2584 4017 2902 4087 virginibus;
2931 4035 2992 4073 ea:
3021 4018 3110 4073 lib.
3129 4035 3324 4074 Lxxxtv
3347 4019 3703 4083 Quintianum.

2281 4130 2424 4185 Inter
2452 4131 2733 4200 parabolas
2755 4147 2784 4185 a
2818 4131 2926 4186 Deo
2951 4131 3143 4198 dictas,
3163 4133 3303 4188 solet
3329 4143 3629 4203 qurrentes
3649 4131 3770 4186 mulo

2208 4230 2319 4279 tum
2369 4238 2621 4278 exercere
2679 4224 2778 4278 ista
2809 4237 2928 4293 quae
2958 4225 3024 4280 de
3054 4225 3236 4280 decem
3271 4225 3569 4295 virginibus
3619 4224 3771 4295 posita

2207 4323 2290 4371 est
2319 4333 2332 4368 :
2365 4325 2418 4370 et
2446 4316 2597 4371 multi
2620 4317 2832 4386 quidem
2862 4317 2988 4372 hinc
3016 4319 3180 4372 multa
3206 4330 3502 4375 senserunt
3529 4336 3642 4390 quae
3684 4331 3770 4370 non

2206 4415 2543 4476 suntprazter
2576 4408 2732 4463 ﬁdem
2756 4424 2770 4474 ;
2797 4409 2888 4463 sed
2915 4412 3183 4479 quomodo
3206 4411 3450 4480 partibus
3479 4413 3598 4478 ejus
3627 4409 3769 4464 omni-

2207 4499 2308 4554 bus
2340 4499 2628 4554 conveniat
2677 4500 2960 4568 expositio,
2993 4501 3043 4556 id
3088 4502 3474 4557 elaborandum
3540 4500 3765 4568 est.Legi

2209 4590 2438 4645 etiamin
2467 4591 2692 4660 quadam
2710 4592 2996 4662 scriptura,
3017 4608 3081 4648 ex
3098 4608 3281 4648 earum
3307 4609 3516 4665 genere
3541 4610 3648 4666 qua:
3661 4604 3761 4661 apo-

2213 4688 2428 4756 crypha:
2458 4685 2819 4753 nominantur,
2852 4687 2991 4756 quod
3019 4701 3127 4742 non
3154 4687 3222 4743 sit
3264 4697 3454 4744 contra
3481 4690 3778 4746 catholicam

2214 4777 2395 4832 ﬁdem.
2425 4777 2529 4833 Sed
2553 4766 2679 4833 huic.
2706 4778 2825 4834 loco
2858 4779 2990 4834 mihi
3023 4780 3199 4836 minus
3222 4795 3536 4853 congruere
3561 4786 3669 4838 visa
3694 4789 3781 4846 est,

2213 4869 2574 4924 consideranti
2631 4884 2817 4925 omnes
2869 4871 3026 4942 hujus
3074 4872 3438 4928 similitudinis
3477 4887 3664 4945 partes
3697 4872 3786 4926 :de

2213 4977 2315 5033 qua
2347 4969 2525 5018 tamen
2564 4964 2900 5034 expositione
2949 4975 3150 5022 temere
3175 4966 3304 5022 nihil
3332 4969 3516 5024 audeo
3544 4969 3786 5039 judicare,

2215 5072 2284 5112 ne
2306 5059 2440 5113 forte
2466 5073 2571 5113 non
2594 5059 2708 5127 ejus
2737 5059 3159 5116 inconvenientia
3191 5060 3321 5116 mihi
3343 5065 3638 5130 angustias
3672 5063 3791 5116 fece-

2209 5148 2297 5215 rit,
2313 5148 2406 5204 sed
2438 5163 2553 5204 mea
2584 5148 2805 5205 tarditas
2829 5151 2880 5206 in
2902 5165 2966 5208 ea
2987 5153 3413 5208 convenientiam
3438 5169 3565 5210 non
3598 5155 3792 5209 invene

2207 5244 2295 5301 rit.
2329 5243 2467 5311 Quid
2493 5254 2671 5300 autem
2705 5245 2837 5299 mihi
2859 5245 3104 5302 videatur
3127 5262 3228 5300 non
3261 5245 3504 5303 absurde
3537 5248 3645 5302 hoc
3697 5250 3794 5301 ιυςιῑι

2209 5339 2400 5408 accipi,
2422 5346 2678 5408 quantum
2707 5346 2894 5406 potero
2946 5339 3181 5396 breviter
3223 5349 3275 5394 et
3302 5339 3609 5409 diligenter
3641 5355 3796 5408 expa-

2208 5446 2354 5489 nam.
2398 5431 2758 5502 Interrogatus
2800 5432 2958 5502 igitur
3004 5433 3260 5489 Dominus
3289 5440 3479 5490 nOSter
3525 5447 3742 5491 secreto
3776 5447 3798 5481 3

2210 5523 2526 5595 discipulis,
2567 5523 2634 5579 de
2683 5523 3142 5581 consummatione
3184 5526 3402 5592 saeculi,
3438 5536 3597 5582 inter
3648 5526 3800 5580 millia

2205 5683 2395 5756 ginalis
2425 5681 2700 5754 inscriptio
2725 5699 2740 5737 :
2771 5701 2790 5735 ‹
2813 5683 2924 5738 Hoc
2945 5698 3009 5738 ex
3031 5683 3172 5756 libro
3195 5697 3636 5756 anonymoicun
3658 5684 3765 5756 Qui
3783 5709 3804 5721 -

2207 5753 2442 5811 stionum
2471 5753 2630 5812 causa
2654 5755 2756 5810 loci
2788 5755 3073 5827 praesentis
3095 5753 3446 5827 cerpsimUS.r_
3466 5755 3678 5827 Videat
3706 5753 3802 5827 lec—

2206 5836 2312 5898 tor,
2338 5828 2458 5898 quia
2485 5828 2643 5885 nobis
2669 5843 2775 5887 non
2789 5823 2981 5894 'vacat,
3011 5826 3152 5883 unde
3190 5826 3300 5895 jam
3324 5825 3679 5896 expiscanda
3700 5823 3786 5882 sit.
