3986 6382
237 431 346 488 977

1356 423 1794 483 THESAURUS.
1832 420 1989 480 CAP.
2029 421 2408 480 CCLXXXIV.

3426 432 3533 490 978

239 563 360 622 qua:
391 548 600 603 locutus
625 553 729 611 est,
762 543 864 600 hoc
891 556 1102 616 quoque
1131 539 1264 596 dixit
1296 557 1309 596 :
1336 539 1490 596 Tunc
1519 538 1695 595 simile
1735 553 1832 594 aes-
1865 539 1918 603 Α
1943 537 1993 593 in
2025 546 2180 594 nocte
2212 539 2281 592 ita
2300 537 2480 593 veniet
2506 553 2520 592 :
2545 536 2738 609 equuo
2766 537 3097 608 signiﬁcatur
3121 540 3335 610 penitus
3361 542 3532 603 latere

242 642 525 701 titnabitur
570 655 793 711 regnum
833 639 1092 696 caelorum
1125 637 1312 692 decem
1349 633 1680 704 virginibus,
1722 640 1829 688 etc.

239 739 435 793 Decem
462 737 648 807 utique
673 733 970 807 [numerus]
989 728 1436 803 virginum,quod
1479 729 1710 798 quinque
1735 726 1834 781 ad-

240 835 552 895 mittuntur,
590 831 824 900 quinque
875 828 1262 891 excluduntur,
1306 824 1569 880 bonorum
1621 830 1676 877 et
1717 836 1834 875 ma-

239 912 415 980 lorum
439 924 818 980 discretionem
877 921 1161 992 signiﬁcat.
1186 919 1524 988 Quapropter
1546 914 1592 970 si
1612 913 1836 983 virgini-

239 1019 367 1074 tatis
393 1032 586 1073 nomen
620 1014 933 1072 honorabile
983 1021 1085 1078 est,
1119 1026 1214 1067 cur
1242 1010 1472 1079 receptis
1497 1006 1838 1076 exclusisque

240 1125 530 1166 commune
557 1109 672 1164 est?
701 1107 903 1163 Deinde
919 1105 1046 1176 quid
1073 1105 1175 1159 sibi
1202 1103 1314 1158 vult
1336 1114 1590 1156 numerus
1621 1100 1673 1153 in
1693 1105 1837 1152 utra-

242 1223 350 1277 que
376 1214 526 1276 parte
548 1203 860 1275 quinarius?
883 1184 1019 1270 Quid
1043 1207 1221 1255 autem
1245 1196 1510 1268 signiﬁcat
1532 1194 1712 1249 oleum
1739 1191 1837 1245 mi-

240 1315 364 1354 rum
409 1298 636 1353 videtur.
681 1296 811 1351 Item
853 1292 996 1363 quod
1042 1293 1320 1360 sapientes
1371 1286 1675 1357 petentibus
1724 1297 1832 1338 non

239 1389 672 1450 communicant,
699 1402 819 1443 cum
852 1393 906 1441 et
935 1384 1172 1438 invidere
1219 1383 1296 1436 las
1345 1396 1452 1435 non
1482 1379 1552 1433 sit
1582 1391 1674 1432 eas
1715 1389 1836 1446 qua:

236 1487 311 1543 ita
345 1485 594 1556 perfecta:
625 1492 747 1538 sunt
773 1488 831 1536 ut
860 1480 927 1536 ab
956 1493 1155 1548 Sponso
1211 1475 1560 1544 recipiantur,
1587 1486 1692 1541 quo
1740 1484 1837 1523 no-

234 1582 403 1646 mine,
437 1579 586 1634 nullo
614 1577 913 1641 dubitante,
940 1575 1197 1629 Dominus
1223 1571 1381 1627 Jesus
1403 1567 1645 1624 Christus
1667 1567 1835 1636 signi-

235 1674 445 1738 ﬁcatnr,
471 1680 527 1726 et
557 1667 936 1726 misericordes
959 1681 1080 1722 esse
1104 1669 1354 1734 oporteat
1380 1661 1448 1715 ad
1471 1655 1833 1730 praestandum

234 1781 301 1821 ex
333 1780 398 1820 eo
428 1763 567 1834 quod
593 1761 812 1826 habent,
844 1759 1226 1830 praescribente
1275 1755 1369 1809 illa
1395 1753 1656 1806 sententia
1687 1750 1833 1820 ejus-

233 1859 355 1912 dem
389 1854 600 1910 Domini
625 1853 850 1908 dicentis
875 1869 888 1907 :
913 1850 1071 1906 Omni
1102 1847 1342 1920 poscenti
1373 1842 1727 1914 tribue.§Quid
1750 1848 1833 1897 est

1940 646 2061 688 cum
2085 631 2231 687 venit
2257 632 2509 704 [venerit]
2538 630 2579 704 ),
2603 633 2804 689 clamor
2848 634 3019 692 factus
3051 645 3153 700 est,
3181 637 3321 694 Ecce
3368 655 3534 710 spon-

1940 739 2032 780 sus
2058 726 2221 791 venit,
2255 727 2456 797 surgite
2481 727 2722 795 obviam;
2747 740 2801 785 et
2830 730 2883 786 in
2914 731 3021 787 ictu
3050 731 3212 799 oculi,
3262 733 3316 788 in
3351 739 3530 795 novis-

1939 818 2074 872 sima
2103 820 2246 882 tuba,
2275 835 2460 875 omnes
2492 834 3014 894 resurgemuszergo
3042 834 3394 882 surrexerunt
3415 843 3531 884 om-

1941 927 2037 967 nes
2061 912 2165 966 illze
2188 913 2440 984 virgines,
2472 926 2525 971 et
2555 926 2871 986 aptaverunt
2895 919 3167 989 lampades
3195 934 3342 985 suas,
3368 922 3419 976 id
3449 933 3533 977 est

1941 1005 2177 1060 rationes
2220 1006 2521 1064 reddendas
2577 1024 2797 1080 operum
2845 1025 3088 1068 suorum.
3122 1013 3346 1082 Oportet
3387 1012 3530 1069 enim

1942 1113 2040 1154 nos
2081 1099 2321 1156 exhiberi
2374 1111 2498 1157 ante
2546 1103 2775 1159 tribunal
2801 1103 3025 1171 Christi,
3054 1114 3115 1161 ut
3140 1106 3252 1162 illic
3306 1108 3530 1177 recipiat

1941 1192 2309 1262 unusquisque
2336 1193 2478 1262 quod
2501 1196 2664 1263 gessit
2685 1197 2736 1251 in
2759 1212 3009 1267 corpore,
3035 1199 3147 1254 sive
3171 1198 3393 1267 bonum,
3417 1200 3530 1256 sive

1942 1286 2161 1342 malum.
2193 1287 2260 1342 Et
2285 1288 2535 1344 dixerunt
2562 1291 2740 1346 stultae
2767 1292 2834 1347 ad
2862 1294 3133 1364 sapientes
3163 1312 3176 1349 :
3213 1294 3344 1350 Date
3374 1294 3530 1350 nobis

1942 1377 2009 1434 de
2038 1379 2154 1435 oleo
2180 1390 2378 1447 vestro,
2405 1380 2526 1451 quia
2558 1382 2828 1452 lampades
2857 1395 3054 1441 nostrae
3076 1385 3486 1457 exstinguuntur
3508 1403 3526 1440 :

1941 1487 2168 1543 quorum
2220 1475 2359 1530 enim
2413 1475 2552 1532 facta
2583 1479 2757 1533 aliena
2788 1479 2944 1534 laude
2992 1481 3303 1547 fulciuntur,
3337 1481 3528 1539 eadem

1940 1570 2212 1626 subtracta
2235 1571 2510 1638 deﬁciunt;
2534 1579 2589 1628 et
2621 1573 2688 1628 de
2717 1576 3105 1631 consuetudine
3135 1575 3184 1630 id
3211 1591 3426 1646 semper
3449 1578 3528 1631 in-

1939 1664 2121 1732 quirit,
2155 1664 2295 1719 unde
2325 1665 2556 1738 gaudere
2606 1666 2816 1722 animus
2841 1669 2994 1724 solet.
3038 1669 3222 1742 Itaque
3252 1670 3527 1727 hominum

1939 1758 2029 1828 qui
2075 1759 2241 1814 corda
2277 1774 2382 1814 non
2429 1759 2639 1825 vident,
2691 1761 3053 1818 testimonium
3099 1765 3283 1821 volunt
3331 1765 3530 1821 habere

1937 1849 2076 1920 apud
2109 1850 2294 1915 Deum,
2327 1851 2415 1922 qui
2464 1852 2644 1907 cordis
2697 1854 2970 1924 inspector
2993 1863 3095 1910 est.
3127 1855 3234 1911 Sed
3257 1857 3381 1926 quid
3415 1872 3528 1913 res-

233 1963 413 2008 autem
442 1950 585 2021 quod
618 1946 982 2018 possitdando
1010 1960 1114 2000 non
1141 1943 1389 1998 sulﬁccre
1417 1937 1684 2009 utrisque?
1705 1936 1836 2012 l-lzeq
1865 1957 1910 2017 Β
1939 1944 2247 2012 ponderum
2275 1945 2588 2014 sapientes?
2617 1945 2694 2000 Ne
2719 1946 2856 2002 forte
2886 1962 2994 2002 non
3019 1948 3252 2004 sufﬁciat
3295 1949 3450 2004 nobis
3477 1960 3528 2005 ct

237 2047 474 2102 maxime
487 2053 684 2115 augent
704 2037 1420 2112 quwstionisdilﬁcultatem,
1447 2043 1755 2103 quanquam
1781 2037 1836 2084 ct

235 2154 430 2201 caetera
462 2141 745 2213 diligenter
765 2136 1103 2194 considerata
1123 2144 1178 2189 ιιι
1201 2132 1380 2188 omnia
1402 2131 1454 2184 in
1475 2143 1636 2184 unam
1661 2134 1798 2180 ratio
1813 2155 1830 2164 -

238 2254 364 2294 nem
382 2243 720 2298 concurrant,
740 2231 979 2301 nihilque
998 2229 1049 2295 in
1067 2242 1226 2283 unam
1245 2233 1448 2296 partem
1470 2221 1676 2276 dicatur
1691 2217 1832 2287 quod

236 2329 495 2399 impediat
515 2328 699 2392 aliam,
734 2339 923 2394 magna
953 2322 1131 2378 cautio
1162 2328 1247 2375 est
1275 2315 1600 2373 adhibenda.
1632 2312 1833 2367 Viden-

239 2432 326 2477 tur
354 2424 532 2491 itaque
561 2420 691 2474 mihi
715 2419 950 2489 quinque
979 2415 1215 2486 virgines
1245 2410 1552 2480 signiﬁcare
1571 2407 1834 2477 quinque-

237 2513 484 2586 partitam
537 2510 920 2568 continentiam
970 2523 1001 2562 a
1057 2507 1235 2562 carnis
1309 2503 1579 2559 illecebris
1611 2520 1623 2555 :
1654 2501 1832 2556 conti-

236 2605 447 2660 nendus
478 2612 563 2658 est
590 2603 733 2658 enim
778 2601 942 2655 animi
981 2598 1253 2670 appetitus
1283 2611 1309 2648 τι
1348 2596 1621 2664 voluptate
1650 2593 1836 2649 oculo-

236 2710 380 2763 rum,
410 2713 440 2750 a
470 2696 743 2765 voluptate
771 2695 1041 2760 aurium,a
1067 2692 1340 2761 voluptate
1369 2687 1675 2754 olfaciendi,
1709 2702 1835 2756 gus-

235 2792 405 2855 tandi,
433 2791 716 2860 tangendi;
749 2790 843 2844 sed
872 2791 992 2859 quia
1026 2789 1126 2842 ista
1149 2783 1479 2841 continentia
1530 2782 1718 2852 partim
1743 2795 1836 2836 co-

234 2899 353 2939 ram
385 2884 492 2938 Deo
525 2883 601 2949 lit,
639 2890 695 2936 ιιι
725 2881 803 2936 illi
827 2881 1097 2951 placeatur
1121 2880 1174 2932 in
1195 2877 1454 2932 interiore
1482 2873 1676 2944 gaudio
1697 2887 1832 2928 con-

232 2973 503 3040 scientize,
539 2973 728 3042 partim
759 2987 939 3027 coram
973 2970 1301 3038 hominibus,
1331 2978 1535 3022 tantum
1579 2975 1638 3020 ut
1660 2965 1833 3036 gloria

237 3070 471 3124 humana
497 3069 756 3138 capiatur,
775 3067 1012 3138 quinque
1029 3066 1280 3120 dicuntur
1306 3066 1580 3134 sapientes
1600 3069 1653 3116 et
1675 3062 1833 3131 quin-

229 3179 344 3234 que
386 3164 560 3218 stulta:
595 3181 606 3217 :
641 3173 879 3233 utraeque
922 3171 1103 3243 tamen
1134 3161 1398 3231 virgines,
1445 3161 1568 3230 quia
1594 3168 1822 3229 utraque

232 3257 566 3315 continentia
614 3265 716 3324 est,
765 3256 1011 3324 quamvis
1061 3255 1276 3310 diverso
1310 3253 1494 3308 fomite
1550 3252 1778 3324 gaudeat
1814 3268 1854 3305 :.

1939 2040 2116 2096 vobis.
2154 2039 2534 2111 Unusquisque
2586 2042 2730 2096 enim
2771 2058 2870 2111 pro
2918 2057 2979 2098 se
3025 2042 3289 2098 rationem
3317 2043 3528 2109 reddet,

1937 2149 2037 2190 nec
2052 2136 2227 2191 alieno
2247 2139 2555 2195 testimonio
2570 2139 2850 2210 quisquam
2873 2139 3155 2210 adjuvatnr
3174 2141 3314 2210 apud
3335 2140 3526 2206 Deum,

1937 2230 2021 2284 cui
2048 2241 2253 2285 secreta
2285 2233 2464 2288 cordis
2491 2243 2753 2303 apparent
2779 2252 2790 2286 :
2816 2243 2868 2289 et
2896 2235 2984 2289 vix
3012 2235 3114 2289 sibi
3144 2235 3370 2305 quisque
3421 2233 3528 2289 sut‘.

1940 2319 2069 2387 ﬁcit,
2101 2331 2159 2376 ut
2209 2323 2257 2377 ei
2292 2324 2658 2380 testimonium
2711 2326 2993 2396 perhibent
3045 2326 3372 2384 conscientia
3408 2342 3527 2384 sua.

1937 2412 2068 2482 Quis
2119 2415 2262 2470 enim
2315 2416 2628 2486 gloriabitur
2682 2421 2937 2476 mundum
2982 2435 3040 2476 se
3069 2421 3267 2478 habere
3313 2422 3445 2477 cor?
3476 2422 3528 2478 id

1939 2503 2108 2577 [inde]
2139 2515 2220 2562 est
2249 2508 2390 2577 quod
2419 2510 2709 2579 Apostolus
2756 2511 2888 2567 dicit
2915 2530 2927 2564 :
2961 2513 3088 2568 Mihi
3135 2514 3417 2570 minimum
3447 2524 3530 2570 est
3589 2553 3593 2557 -

1938 2606 2051 2654 uta
2074 2599 2225 2655 vobis
2243 2600 2473 2670 judicer,
2497 2611 2590 2658 aut
2615 2605 2682 2658 ab
2711 2603 2946 2661 humano
2974 2606 3084 2674 die,
3107 2606 3203 2662 sed
3236 2622 3410 2678 neque
3440 2620 3530 2663 me

1938 2693 2113 2764 ipsum
2137 2695 2322 2764 judico
2345 2715 2359 2752 :
2379 2708 2705 2770 quapropter
2730 2715 2852 2756 cum
2879 2701 2947 2758 de
2968 2718 3026 2760 se
3055 2706 3279 2774 quisque
3299 2713 3392 2760 aut
3420 2719 3531 2761 non

1938 2789 2359 2845 omninoautvix
2376 2794 2544 2862 possit
2557 2809 2735 2850 veram
2749 2795 2891 2852 ferre
2903 2800 3246 2864 sententiam,
3263 2798 3531 2869 quomodo

1912 2893 2118 2953 'potest
2161 2885 2227 2941 de
2255 2886 2361 2942 alio
2395 2888 2660 2958 judicare,
2693 2906 2812 2946 cum
2841 2893 2976 2947 sciat
3007 2907 3166 2949 nemo
3195 2893 3319 2962 quid
3345 2900 3530 2964 agatur

1937 2977 1994 3033 in
2019 2978 2256 3048 homine,
2282 2979 2389 3036 nisi
2417 2981 2636 3052 spiritus
2696 2984 2964 3040 hominis?
2990 2985 3065 3039 Ite
3109 2985 3280 3055 magis
3305 2983 3372 3039 ad
3403 2999 3530 3040 ven~

1937 3069 2126 3126 dentes
2175 3080 2229 3128 et
2284 3074 2444 3130 emite
2487 3075 2639 3130 vobis
2670 3091 2811 3131 :non
2864 3078 3148 3133 consilium
3178 3076 3393 3134 dedisse
3437 3092 3530 3146 pu-

1937 3162 2114 3218 tanda:
2136 3173 2283 3232 sunt,
2309 3166 2404 3222 sed
2426 3167 2630 3223 crimen
2657 3183 2844 3224 earum
2863 3185 2926 3225 ex
2959 3170 3177 3240 obliquo
3201 3183 3530 3226 commemo~

1937 3259 2368 3316 rasse.Vendunt
2390 3261 2535 3318 enim
2557 3264 2737 3320 oleum
2766 3264 3073 3320 adulatores
3093 3263 3210 3334 qui,
3239 3265 3352 3320 sive
3393 3263 3530 3320 falsa

231 3349 510 3420 lampades
540 3359 718 3404 autem
749 3358 890 3414 sunt,
927 3349 1048 3418 quia
1081 3347 1330 3402 manibus
1356 3355 1632 3418 gestantur
1660 3360 1824 3415 opera
1855 3337 1904 3405 C
1934 3351 2050 3408 sive
2080 3353 2323 3422 ignorata
2351 3355 2639 3420 laudando,
2658 3357 2710 3411 in
2735 3372 2976 3412 errorem
2993 3358 3199 3412 animas
3219 3357 3452 3423 mittunt;
3479 3364 3532 3413 et

231 3457 358 3514 qua:
385 3443 683 3497 secundum
716 3443 874 3496 istam
900 3441 1287 3496 continentiam
1321 3441 1486 3504 ﬁunt;
1519 3438 1721 3494 dictum
1746 3447 1830 3493 est

232 3543 447 3590 autem:
475 3532 712 3587 Luceant
738 3546 900 3601 opera
922 3541 1100 3586 vestra
1133 3546 1314 3586 coram
1349 3530 1674 3585 hominibus.
1700 3529 1829 3586 0m-

232 3641 333 3684 nes
357 3641 484 3683 vero
514 3634 841 3695 acceperunt
871 3625 1146 3696 lampades
1185 3638 1330 3691 suas,
1359 3632 1414 3680 et
1445 3633 1706 3680 venerunt
1731 3624 1827 3680 ob-

232 3717 380 3773 viam
413 3731 632 3787 sponso.
662 3716 1071 3785 Intelligendum
1101 3725 1184 3772 est
1206 3731 1336 3786 ergo
1380 3715 1581 3771 Christi
1612 3718 1829 3774 nomine

232 3810 448 3866 censeri
471 3809 537 3865 de
557 3809 752 3881 quibus
778 3809 976 3881 agitur.
997 3808 1111 3864 Non
1135 3809 1280 3865 enim
1314 3809 1642 3879 possuntqui
1670 3809 1830 3865 Chri-

233 3903 394 3959 stiani
426 3919 530 3958 non
576 3912 701 3958 sunt
740 3918 939 3972 sponso
969 3902 1405 3958 Christovenire
1435 3902 1653 3958 obviam
1685 3919 1698 3956 :
1732 3902 1827 3959 sed

236 3993 474 4063 quinque
497 3994 674 4059 latum,
697 3996 932 4063 acceptis
953 3994 1288 4064 lampadibus
1310 3996 1442 4060 suis,
1462 4011 1568 4049 non
1595 4010 1829 4065 sumpse-

236 4092 364 4140 runt
404 4085 578 4139 oleum
611 4099 815 4140 secum.
841 4086 991 4141 Multi
1039 4087 1206 4150 enim,
1237 4089 1480 4155 quamvis
1533 4089 1601 4143 de
1629 4088 1829 4145 Christi

234 4175 479 4232 bonitate
532 4177 816 4245 plurimum
847 4187 1087 4248 sperent,
1111 4176 1362 4247 gaudium
1396 4187 1572 4234 tamen
1602 4193 1708 4234 non
1735 4179 1830 4235 ha-

234 4271 386 4336 bent,
416 4271 541 4327 dum
575 4271 916 4328 continenter
947 4270 1099 4344 [non]
1126 4272 1334 4344 vivunt,
1369 4274 1470 4329 nisi
1502 4276 1558 4330 in
1582 4276 1829 4332 laudibus

234 4360 535 4429 hominum;
570 4379 674 4418 non
706 4379 833 4435 ergo
875 4365 1074 4420 habent
1113 4366 1290 4421 oleum
1322 4381 1507 4422 secum
1538 4384 1554 4434 ;
1587 4383 1708 4423 nam
1743 4368 1827 4437 ip-

233 4471 348 4511 sam
398 4457 635 4512 laetitiam
683 4459 802 4513 oleo
851 4459 1139 4528 signiﬁcari
1197 4460 1430 4516 arbitror
1479 4479 1490 4513 :
1535 4461 1828 4530 Propterea

233 4548 388 4602 unxit
436 4557 508 4615 te,
535 4548 722 4619 inquit,
760 4550 900 4604 Deus
951 4550 1088 4604 Deus
1113 4559 1242 4606 tuus
1269 4552 1390 4608 oleo
1412 4554 1824 4621 exsultationis;

235 4641 326 4711 qui
351 4650 526 4695 autem
560 4655 663 4695 non
693 4651 976 4711 propterea
997 4642 1197 4712 gaudet
1216 4645 1338 4714 quia
1361 4646 1476 4701 Deo
1506 4646 1826 4704 intrinsecus

1932 3445 2012 3501 eis
2041 3461 2179 3501 vana
2207 3447 2400 3517 gaudia
2428 3457 2682 3520 tanquam
2709 3450 2870 3505 fatuis
2901 3451 3269 3517 conciliando,
3293 3450 3531 3520 aliquam

1932 3536 2000 3592 de
2028 3537 2112 3591 his
2139 3539 2468 3605 mercedem,
2502 3541 2614 3595 sive
2664 3542 2928 3610 ciborum,
2963 3541 3077 3598 sive
3120 3542 3383 3612 pecuniae,
3417 3543 3532 3599 sive

1933 3629 2173 3696 honoris,
2189 3631 2303 3686 sive
2325 3631 2552 3702 alicujus
2590 3633 2860 3690 commodi
2891 3634 3202 3702 temporalis
3224 3633 3528 3704 accipiunt:

1933 3736 2040 3777 non
2097 3723 2520 3794 intelligentibus
2542 3726 2684 3794 quod
2733 3726 2933 3783 dictum
2957 3735 3040 3783 est
3067 3743 3081 3782 :
3104 3726 3204 3794 Qui
3226 3740 3322 3782 vos
3343 3725 3530 3783 felices

1932 3815 2208 3885 dicunt,in
2233 3832 2473 3874 errorem
2495 3833 2593 3874 vos
2624 3820 2872 3886 mittunt;
2901 3820 3093 3876 melius
3119 3829 3203 3876 est
3224 3828 3406 3876 autem
3431 3819 3530 3874 ob-

1927 3909 2132 3981 jurgari
2151 3927 2181 3966 a
2196 3910 2342 3980 justo
2365 3927 2526 3982 quam
2565 3929 2592 3967 a
2618 3923 2900 3983 peccatore
2919 3913 3144 3969 laudari.
3177 3912 3529 3980 Emendabit,

1931 4004 2126 4072 inquit,
2141 4020 2224 4059 me
2237 4005 2414 4074 justus
2441 4007 2494 4060 in
2513 4006 2906 4077 misericordia,
2922 4015 2980 4062 et
2997 4015 3316 4077 arguetme;
3347 4007 3528 4062 oleum

1933 4105 2111 4151 autem
2157 4099 2456 4165 peccatoris
2487 4113 2595 4152 non
2647 4097 2946 4168 impinguet
2977 4100 3087 4169 σο
3115 4105 3276 4168 caput
3321 4112 3526 4152 meum.

1930 4189 2010 4244 Ite
2035 4204 2164 4260 ergo
2192 4189 2260 4244 ad
2289 4191 2584 4246 vendentes
2609 4199 2665 4246 et
2687 4192 2851 4246 emite
2880 4190 3056 4259 vobis,
3085 4190 3138 4246 id
3168 4198 3252 4245 est
3283 4206 3295 4244 :
3326 4188 3525 4246 Videa-

1933 4295 2053 4336 mus
2085 4282 2320 4351 nunquid
2350 4298 2448 4338 vos
2473 4282 2728 4353 adjuvant
2753 4283 2842 4353 qui
2871 4284 3022 4340 vobis
3076 4281 3260 4338 laudes
3291 4281 3527 4338 vendere

1934 4384 2353 4444 consueverunt,
2382 4384 2436 4432 et
2463 4391 2558 4431 vos
2609 4377 2662 4430 in
2713 4391 2951 4433 errorem
3010 4376 3284 4445 iuducere,
3317 4385 3378 4432 ut
3415 4391 3526 4433 non

1934 4479 2114 4520 coram
2146 4465 2276 4532 Deo,
2310 4468 2403 4522 sed
2460 4468 2528 4522 ab
2556 4467 2864 4523 hominibus
2909 4468 3132 4538 gloriam
3181 4469 3526 4539 quaereretis.

1938 4557 2199 4614 Euntibus
2228 4571 2404 4616 autem
2436 4562 2542 4616 illis
2569 4577 2770 4629 emere,
2803 4562 2952 4617 venit
2975 4577 3223 4633 sponsus,
3251 4563 3302 4617 id
3333 4569 3416 4618 est
3443 4563 3526 4618 in-

1935 4649 2256 4706 clinantibus
2283 4666 2342 4706 se
2363 4651 2471 4707 illis
2492 4652 2544 4708 in
2573 4667 2636 4708 ea
2657 4667 2777 4722 qua:
2799 4651 2927 4708 foris
2956 4663 3099 4721 sunt,
3126 4661 3177 4708 et
3204 4653 3375 4710 solitis
3396 4668 3526 4724 gau-

235 4731 434 4801 placct,
458 4748 564 4786 non
587 4732 746 4788 habet
770 4737 949 4789 oleum
971 4751 1177 4791 secum.
1202 4737 1503 4795 Prudentes
1527 4750 1706 4796 autem
1734 4757 1828 4798 ac-
1855 4723 1912 4787 Ῑ)
1937 4745 2067 4802 dere
2089 4747 2471 4816 quaerentibus,
2501 4747 2625 4817 quia
2650 4746 2838 4818 gaudia
2865 4748 3076 4804 interna
3097 4763 3205 4804 non
3236 4755 3520 4819 noverant,

233 4833 497 4893 ceperunt
521 4827 696 4880 oleum
727 4828 974 4882 secumin
1005 4829 1168 4894 vasis,
1192 4844 1314 4886 cum
1335 4833 1672 4904 lampadibus
1695 4835 1827 4903 suis,

233 4915 288 4972 ld
321 4927 422 4983 cst,
447 4919 683 4972 lmtitiam
711 4920 971 4976 bonorum
998 4937 1220 4992 operum
1240 4926 1294 4980 in
1313 4928 1476 4984 corde
1491 4939 1652 5000 atque
1670 4947 1829 4986 cons-

235 5008 436 5064 cientia
484 5019 778 5079 posuerunt
811 5027 824 5063 :
855 5011 936 5068 sic
964 5020 1018 5067 et
1048 5014 1338 5081 Apostolus
1370 5027 1552 5072 monet
1583 5037 1594 5070 :
1630 5019 1830 5076 Probet

237 5107 419 5156 autem
448 5115 508 5156 se
537 5101 721 5168 homo,
745 5104 914 5173 inquit
939 5145 954 5171 ,
985 5113 1038 5159 et
1061 5114 1187 5160 tunc
1218 5106 1269 5161 in
1297 5110 1588 5178 semetipso
1611 5110 1829 5170 habebit

236 5192 486 5265 gloriam,
511 5203 564 5248 et
585 5211 689 5251 non
713 5196 767 5250 in
789 5197 977 5252 altero.
1009 5199 1276 5256 Tardante
1305 5215 1434 5256 vero
1467 5217 1685 5270 sponso,
1705 5205 1832 5260 dor-

238 5285 476 5341 mierunt
495 5301 682 5343 omnes
701 5305 715 5341 :
736 5291 857 5357 quia
880 5304 947 5344 ex
968 5299 1198 5361 utroque
1223 5307 1419 5362 genere
1439 5296 1827 5355 continentium

237 5377 541 5444 hominum,
571 5379 683 5434 sive
708 5394 894 5435 eorum
920 5383 1008 5450 qui
1046 5398 1225 5439 coram
1258 5385 1368 5441 Deo
1395 5387 1686 5456 exsultant,
1715 5392 1828 5448 sive

236 5485 426 5528 eorum
475 5473 565 5542 qui
609 5470 661 5526 in
714 5473 960 5529 laudibus
1008 5475 1284 5531 hominum
1319 5479 1824 5551 acquiescunt,mo—

234 5566 451 5620 riunlur
483 5563 587 5621 hoc
630 5565 912 5621 intervallo
940 5569 1220 5638 temporis,
1254 5569 1425 5627 donec
1448 5574 1549 5627 sub
1588 5575 1822 5632 adventu

235 5656 453 5712 Domini
500 5660 590 5714 tiat
627 5662 962 5717 resurrectio
1019 5673 1374 5721 mortuorum.
1421 5667 1592 5723 Media
1647 5680 1824 5728 autem

165 5783 174 5789 -
238 5758 421 5815 nocte,
451 5751 499 5805 id
522 5761 605 5807 est
627 5753 772 5808 nullo
799 5755 1003 5811 sciente
1029 5766 1119 5812 aut
1148 5767 1401 5827 sperante
1435 5761 1656 5832 (quippe
1701 5777 1824 5820 cum

241 5844 357 5914 ipse
388 5843 528 5899 dicat
559 5846 815 5902 Dominus
847 5866 860 5905 :
895 5848 971 5903 De
992 5849 1079 5904 die
1099 5859 1278 5906 autem
1306 5851 1392 5907 illa
1417 5861 1470 5908 et
1490 5853 1639 5925 hora,
1667 5873 1827 5914 nemo

239 5938 341 5996 Scit
375 5955 386 5991 :
416 5945 469 5994 et
510 5937 802 6009 Apostolus
847 5942 974 6000 dicit
1005 5962 1014 5996 :
1048 5944 1168 6001 Dies
1201 5944 1411 6003 Domini
1460 5956 1708 6022 tanquam
1740 5951 1822 6010 fur

1939 4842 2084 4896 venit
2113 4841 2202 4896 ille
2245 4843 2332 4912 qui
2385 4841 2611 4912 judicat,
2641 4849 2695 4896 et
2725 4856 2844 4912 quae
2885 4850 3085 4912 paratae
3133 4852 3303 4911 erant,
3339 4843 3392 4898 id
3441 4851 3525 4899 est

1939 4934 2130 5004 quibus
2187 4934 2384 4988 bonum
2433 4929 2616 4989 cor'am
2649 4934 2758 4989 Deo
2798 4935 3162 4991 testimonium
3191 4934 3524 4992 conscientia

1939 5027 2275 5099 perhibebat,
2310 5030 2576 5084 intrarunt
2625 5044 2745 5085 cum
2769 5031 2915 5086 eoin
2958 5029 3066 5102 [ad]
3095 5031 3331 5102 nuptias,
3357 5031 3412 5086 id
3441 5040 3524 5088 est

1938 5121 2028 5176 ubi
2060 5121 2257 5175 munda
2280 5121 2456 5176 anima
2486 5123 2809 5194 sempiterna
2855 5125 2950 5180 Dei
2981 5125 3143 5180 verbo
3187 5122 3523 5182 fecundanda

1941 5214 2244 5284 copulatur.
2273 5215 2466 5271 Clausa
2514 5227 2597 5272 est
2637 5217 2822 5288 janua,
2847 5217 2901 5273 id
2930 5226 3016 5273 est
3042 5217 3273 5287 receptis
3300 5218 3405 5273 illis
3429 5221 3522 5290 qui
3580 5262 3590 5276 ,

1939 5315 2064 5362 sunt
2090 5306 2143 5361 in
2174 5307 2464 5378 angelicam
2494 5310 2658 5367 vitam
2687 5311 2956 5366 immutati
2984 5326 2999 5364 :
3027 5309 3228 5366 Omnes
3270 5311 3414 5366 enim
3437 5326 3520 5366 re-
3588 5335 3599 5376 ε

1934 5411 2244 5467 surgemus,
2278 5399 2488 5472 inquit,
2526 5403 2620 5457 sed
2667 5417 2772 5457 non
2829 5417 3020 5459 omnes
3075 5402 3518 5459 immutabimur:

1934 5489 2145 5545 clausus
2204 5499 2288 5547 est
2337 5494 2512 5552 aditus
2561 5495 2627 5549 ad
2658 5509 2876 5564 regnum
2908 5495 3328 5556 cmlorum.Non
3373 5497 3518 5554 enim

1930 5591 2051 5651 post
2096 5582 2355 5652 judicium
2398 5597 2548 5658 patet
2577 5602 2796 5656 precum
2849 5597 2942 5643 aut
2996 5591 3310 5647 meritorum
3344 5593 3517 5651 locus.

1931 5673 2233 5731 Novissime
2287 5687 2467 5733 autem
2492 5680 2713 5736 veniunt
2742 5689 2798 5736 et
2823 5683 3042 5752 reliqua:
3071 5686 3301 5755 virgines
3329 5687 3517 5744 dicen-

1931 5774 2011 5822 tes
2043 5784 2056 5822 :
2094 5768 2342 5835 Domine,
2369 5771 2616 5840 Domine,
2647 5775 2797 5842 aperi
2841 5776 2992 5832 nobis
3026 5794 3041 5831 :
3076 5795 3180 5835 non
3211 5781 3412 5837 dictum
3433 5791 3516 5839 est

1929 5861 2070 5932 quod
2099 5864 2329 5918 emerint
2355 5865 2554 5931 oleum,
2581 5876 2634 5923 et
2662 5867 2782 5924 ideo
2812 5869 3171 5943 intelligenda:
3203 5883 3350 5942 sunt,
3370 5877 3513 5931 nullo

1926 5955 2034 6025 jam
2059 5967 2372 6017 remanente
2397 5959 2464 6016 de
2494 5961 2685 6022 alienis
2713 5965 2955 6025 laudibus
2982 5970 3196 6042 gaudio,
3230 5970 3283 6029 in
3319 5984 3508 6044 angus,
