3986 6382
500 438 604 497 979

1580 435 1644 491 D.
1689 433 2012 493 EUGYPPII
2054 437 2347 496 ABBATIS
2385 435 2709 494 AFRICANI

3692 446 3786 501 980

497 552 584 611 tiis
616 561 671 611 et
699 558 911 626 magnis
939 552 1316 611 afﬂictionibus
1356 546 1533 608 redire
1567 552 1631 608 ad
1664 552 2099 624 implorationem
2130 553 2183 617 Α
2204 562 2525 621 creaturam,
2551 555 2775 611 denario
2806 568 3034 613 numero
3076 554 3380 613 insinuatur
3414 574 3431 614 :
3464 572 3593 629 quae
3637 561 3790 620 disci—

498 650 617 707 Dei.
636 649 743 708 Sed
773 663 965 723 magna
990 657 1075 707 est
1104 645 1224 720 ejus
1242 647 1500 705 severitas
1530 656 1647 719 post
1665 647 1921 718 judicium
1944 648 2096 718 cujus

495 754 622 801 ante
648 743 905 816 judicium
931 742 1222 799 ineffabilia
1250 742 1621 799 misericordia
1648 750 1941 814 praerogata
1970 751 2053 799 est
2079 758 2092 796 :

494 837 676 903 itaque
717 833 1047 907 respondens
1091 836 1164 891 ait
1196 852 1209 889 :
1239 835 1407 891 Amen
1440 834 1561 891 dico
1589 836 1745 891 vobis
1782 835 1925 906 quod
1960 849 2085 890 nes-

496 931 583 987 cio
596 944 721 996 vos;
748 943 813 986 ex
839 929 927 985 illa
955 928 1159 986 scilicet
1182 929 1393 1000 regula,
1412 943 1517 1001 qua
1545 944 1652 985 non
1679 928 1843 985 habet
1866 944 1955 985 ars
1976 928 2093 997 Dei,

496 1024 600 1080 hoc
617 1022 970 1094 estsapientia
987 1022 1105 1091 Dei,
1126 1023 1396 1079 utintrent
1409 1024 1462 1079 in
1479 1023 1731 1090 gaudium
1746 1024 1862 1093 ejus
1877 1021 1966 1094 qui
1990 1037 2097 1079 non

494 1130 674 1172 coram
708 1113 841 1183 Deo,
857 1115 952 1171 sed
979 1125 1039 1170 ut
1061 1115 1335 1186 placerent
1358 1114 1692 1181 hominibus,
1709 1114 1808 1170 visi
1832 1125 1963 1171 sunt
1990 1115 2095 1171 ali-

494 1208 623 1281 quid
654 1208 949 1265 secundum
981 1218 1253 1280 praecepta
1272 1209 1388 1278 ejus
1410 1206 1646 1277 operari.
1675 1207 1849 1278 Atque
1869 1206 1940 1262 ita
1964 1221 2095 1262 con-

494 1299 662 1357 cludit
693 1297 961 1372 :Yigilate
996 1314 1146 1369 ergo,
1194 1300 1319 1370 quia
1347 1300 1569 1355 nescitis
1609 1297 1751 1354 diem
1784 1314 1957 1369 neque
2001 1299 2097 1355 ho-

494 1409 609 1450 ram
639 1414 651 1450 :
680 1407 787 1449 non
818 1392 980 1449 modo
1010 1392 1152 1449 illius
1200 1391 1375 1448 ultimi
1404 1391 1667 1461 temporis
1692 1407 1797 1463 qua
1838 1400 2099 1448 venturus

494 1493 577 1543 est
600 1499 851 1557 sponsus,
878 1485 973 1543 sed
1002 1478 1113 1542 sua:
1133 1484 1362 1556 quisque
1388 1483 1727 1540 dormitionis
1749 1484 1891 1539 diem
1920 1493 1976 1541 et
1998 1485 2097 1539 ho-

496 1597 611 1638 ram
634 1579 828 1638 nescit.
848 1579 1104 1651 Quisquis
1128 1586 1308 1634 autem
1339 1588 1556 1648 paratus
1576 1586 1659 1635 est
1686 1593 1854 1649 usque
1881 1579 1946 1634 ad
1968 1586 2105 1636 som‘

497 1692 645 1745 num,
672 1676 722 1732 id
748 1686 831 1733 est
851 1687 1022 1746 usque
1048 1672 1117 1730 ad
1149 1682 1401 1738 mortem,
1423 1688 1543 1745 quae
1557 1673 1818 1729 Omnibus
1844 1674 2095 1742 debetur,

498 1778 711 1838 paratus
758 1767 1062 1824 invenietur
1083 1766 1243 1821 etiam
1275 1780 1395 1822 cum
1445 1765 1534 1819 illa
1580 1780 1685 1820 vox
1735 1764 1911 1821 media
1941 1772 2102 1821 nocte

495 1861 769 1928 sonuerit,
825 1874 929 1931 qua
987 1870 1177 1913 omnes
1229 1856 1531 1930 evigilaturi
1582 1866 1727 1912 sunt.
1761 1855 1915 1924 Quod
1972 1871 2101 1914 vero

2202 647 2370 718 plina,
2400 647 2635 717 quandiu
2660 648 2941 719 corporeis
2962 649 3200 707 motibus
3229 652 3612 722 temporaliter
3633 656 3788 726 signia

2201 739 2415 807 ficatur,
2440 740 2713 797 credendo
2735 750 2970 811 constat,
2994 752 3049 800 et
3069 759 3249 801 rerum
3275 756 3558 816 gestarum
3582 751 3807 811 renisu»

2200 831 2332 887 tium
2393 842 2555 905 atque
2613 835 3003 892 transeuntium
3048 839 3387 909 auctoritate,
3444 842 3607 912 quasi
3664 844 3785 903 lacte

2202 927 2455 996 parvulos
2487 928 2691 996 nutrit,
2727 939 2789 986 ut
2826 929 3049 1009 idoneos
3101 928 3264 988 faciat
3308 936 3780 1009 contemplationi,

2201 1033 2319 1089 quae
2348 1035 2456 1075 non
2490 1021 2637 1077 venit
2665 1030 2721 1078 et
2752 1024 2964 1092 transit,
2995 1024 3088 1080 sed
3118 1040 3334 1097 semper
3360 1038 3594 1096 manet;
3625 1032 3674 1086 iu
3698 1049 3781 1103 qua

2200 1110 2429 1182 quisque
2457 1113 2684 1169 narratis
2746 1114 2848 1191 sibi
2880 1116 3042 1172 rebus
3069 1162 3085 1187 ,
3116 1116 3374 1175 divinitus
3432 1124 3783 1194 temporaliter

2202 1218 2301 1274 pro
2332 1205 2505 1262 salute
2534 1206 2814 1263 hominum
2840 1210 3003 1280 geStis
3028 1211 3142 1266 sive
3172 1212 3450 1282 gerendis,
3478 1230 3607 1285 qua:
3633 1218 3780 1273 adhuc

2200 1296 2379 1354 futura
2412 1299 2773 1369 praedicantur
2800 1343 2814 1369 ,
2860 1302 2906 1357 si
2957 1305 3318 1373 permanserit
3345 1306 3401 1361 iu
3434 1304 3571 1376 ﬁde,
3604 1318 3655 1363 et
3681 1326 3777 1379 pre-

2202 1394 2367 1447 missa
2398 1394 2719 1461 speraverit,
2753 1402 2808 1450 et
2837 1411 2957 1466 quas
2996 1395 3175 1452 divina
3224 1398 3533 1454 auctoritas
3565 1404 3776 1472 pracipit

2202 1481 2513 1554 infatigabili
2560 1484 2824 1540 charitate
2875 1486 3101 1557 implere
3136 1490 3447 1555 curaverit,
3501 1502 3652 1547 recte
3676 1502 3772 1564 aget

2203 1578 2371 1631 vitam
2411 1574 2571 1646 hujus
2598 1578 2942 1635 necessitatis
2987 1588 3043 1636 et
3084 1582 3364 1651 temporis,
3408 1598 3540 1654 qua:
3583 1601 3772 1643 numero

2204 1669 2614 1741 quadragesimo
2645 1672 3078 1729 commendatur.
3121 1675 3387 1743 Quoniam
3417 1676 3667 1735 denarius
3691 1698 3767 1736 uu-

2205 1776 2408 1831 merus,
2430 1764 2520 1834 qui
2540 1772 2705 1819 totam
2732 1765 2969 1821 insinuat
2990 1766 3355 1838 disciplinam,
3374 1780 3577 1842 quater
3591 1773 3756 1841 ductus,

2206 1853 2261 1910 id
2291 1864 2374 1911 est
2406 1871 2634 1912 numero
2682 1858 2771 1928 qui
2824 1860 3036 1929 corpori
3071 1860 3323 1917 tribuitur
3374 1866 3743 1936 multiplicatus,

496 1969 693 2025 sponso
726 1950 865 2009 dixit
889 1952 1105 2009 obviam
1136 1952 1357 2007 venisse
1386 1949 1644 2021 virgines,
1668 1949 1748 2005 sic
1787 1950 2093 2022 intelligen-
2120 1943 2172 2006 Β
2198 1948 2321 2017 quia
2376 1962 2471 2018 per
2515 1958 2694 2005 motus
2757 1952 3067 2022 corporales
3118 1953 3525 2013 administratio
3576 1961 3749 2029 geritur,

497 2047 624 2103 dum
669 2057 823 2118 puto,
854 2054 909 2101 ut
937 2061 1005 2102 ex
1047 2044 1180 2115 ipsis
1206 2044 1503 2115 virginibus
1533 2050 1750 2098 constet
1778 2057 1840 2098 ea
1872 2058 1991 2115 quae
2022 2044 2105 2099 di-

498 2143 639 2199 citur
693 2153 889 2211 sponsa
925 2158 940 2195 :
975 2148 1228 2210 tanquam
1273 2139 1319 2194 si
1367 2136 1618 2193 omnibus
1672 2136 1989 2192 Christianis
2048 2137 2101 2193 in

502 2234 800 2293 Ecclesiam
827 2234 1293 2300 concurrentibus,
1314 2232 1410 2288 filii
1432 2232 1498 2288 ad
1519 2239 1748 2287 matrem
1774 2245 2104 2288 concurrere

502 2328 772 2396 dicantur,
795 2341 920 2383 cum
936 2341 1001 2383 ex
1018 2326 1151 2397 ipsis
1174 2323 1653 2395 iiiiisjcongregatis
1674 2331 1885 2378 constet
1901 2335 1967 2378 ea
1984 2336 2105 2392 qua:

502 2422 700 2479 dicitur
726 2429 928 2479 mater.
948 2419 1099 2476 Nunc
1127 2420 1271 2476 enim
1297 2418 1624 2487 desponsata
1655 2424 1739 2472 est
1764 2416 2027 2483 Ecclesia,
2049 2426 2106 2473 et

501 2513 650 2585 virgo
678 2520 764 2570 est
787 2512 853 2569 ad
879 2510 1095 2583 nuptias
1116 2510 1482 2583 perducenda,
1502 2510 1555 2566 id
1578 2519 1663 2567 est
1692 2524 1813 2567 cum
1838 2523 1897 2566 se
1924 2509 2104 2566 conti-

502 2614 595 2663 net
641 2620 671 2661 a
712 2603 1060 2676 corruptione
1087 2604 1332 2660 saeculari
1365 2622 1379 2659 :
1410 2604 1504 2659 illo
1526 2609 1706 2661 autem
1742 2612 1984 2673 tempore
2007 2616 2108 2657 nu-

511 2699 625 2764 bet,
657 2710 764 2769 quo
804 2697 1050 2752 universa
1104 2696 1432 2752 mortalitate
1462 2703 1847 2767 praetereunte,
1882 2695 2105 2749 immor-

514 2790 610 2847 tali
678 2790 1056 2861 conjunctione
1135 2789 1339 2846 fruetur
1390 2807 1404 2844 τ
1464 2790 1835 2861 Desponsavi,
1893 2790 2103 2859 inquit,

507 2898 604 2940 vos
643 2885 732 2939 uni
780 2884 932 2952 viro,
974 2883 1241 2955 virginem
1291 2894 1494 2940 castam
1540 2884 1798 2939 exhibere
1853 2880 2105 2949 Christo;

512 2979 643 3047 Vos,
670 2978 879 3049 inquit,
916 2977 1201 3048 virginem,
1222 2991 1252 3032 a
1283 2977 1477 3047 plurali
1506 2976 1571 3031 ad
1627 2977 1948 3047 singularem
1978 2988 2109 3030 con-

510 3074 760 3131 cludens.
788 3072 915 3129 Ideo
959 3081 1015 3129 et
1044 3071 1279 3142 virgines
1317 3072 1421 3126 dici
1449 3080 1695 3140 possunt,
1725 3079 1779 3124 et
1799 3070 1979 3139 virgo;
2013 3081 2113 3122 cur

512 3173 693 3222 autem
714 3165 951 3236 quinque
979 3163 1137 3219 dictae
1155 3163 1284 3225 sint,
1305 3171 1362 3216 ut
1392 3161 1524 3217 mihi
1551 3160 1786 3228 videtur,
1803 3161 2106 3229 expositum

507 3266 611 3315 est.
645 3256 752 3315 Sed
784 3256 1026 3311 videmus
1055 3268 1201 3310 nunc
1229 3252 1283 3308 iu
1323 3254 1629 3323 aenigmate,
1660 3262 1786 3307 tunc
1814 3260 1992 3306 autem
2024 3250 2104 3306 fa-

2205 2055 2307 2111 qua
2339 2040 2539 2096 dictum
2570 2051 2653 2098 est
2675 2042 2837 2098 iidem
2870 2056 3141 2114 constare,
3187 2048 3643 2120 quadragesimum
3677 2070 3755 2107 nu.

2208 2149 2415 2189 merum
2448 2133 2663 2189 coniicit
2693 2152 2706 2187 :
2738 2136 2808 2189 ita
2843 2136 3096 2207 impetrat
3124 2140 3287 2195 etiam
3321 2142 3561 2199 stabilem
3585 2156 3632 2200 et
3657 2145 3758 2201 nul-

2207 2225 2311 2281 lius
2344 2229 2604 2298 temporis
2651 2229 2980 2300 indigentem
3023 2232 3367 2303 sapientiam,
3406 2252 3519 2307 qua!
3557 2237 3750 2292 denario

2207 2334 2433 2375 numero
2462 2320 2895 2390 commendatur,
2928 2333 2986 2378 ut
3027 2324 3093 2379 ad
3146 2326 3482 2398 quadraginta
3516 2328 3743 2384 addantur

2207 2414 2432 2481 decem;
2474 2414 2598 2484 quia
2647 2426 2701 2471 et
2749 2428 2931 2486 partes
2970 2419 3206 2488 aequales
3254 2421 3637 2492 quadragenarii
3670 2436 3750 2476 ne

2206 2507 2386 2572 meri,
2436 2506 2595 2562 simul
2626 2507 2839 2576 ductas,
2893 2510 2958 2564 ad
3006 2512 3395 2584 quinquaginta
3442 2514 3752 2585 perveniunt;

2208 2608 2389 2671 partes
2432 2608 2609 2656 autem
2646 2602 2881 2673 mquales
2912 2603 3074 2662 habet
3101 2607 3561 2679 quadragenarius
3604 2624 3750 2665 nume-

2208 2704 2321 2760 rus,
2352 2692 2528 2762 primo
2558 2695 2912 2765 quadraginta
2944 2696 2995 2750 in
3027 2698 3253 2768 singulis
3276 2741 3294 2766 ,
3322 2700 3528 2755 deinde
3541 2700 3686 2771 viginti
3702 2702 3744 2755 iu

2208 2786 2372 2854 binis,
2401 2784 2597 2841 deinde
2643 2787 2831 2843 decem
2885 2788 2937 2842 in
2982 2790 3278 2859 quaternis,
3315 2802 3452 2848 octo
3496 2794 3541 2848 iu
3565 2794 3726 2864 quinis,

2209 2880 2443 2950 quinque
2465 2881 2518 2934 in
2540 2882 2771 2949 octonis,
2799 2890 3030 2951 quatuor
3055 2882 3109 2937 in
3134 2884 3311 2950 denis,
3337 2884 3487 2941 duas
3505 2886 3543 2940 in

2211 2970 2389 3027 linum
2416 2986 2569 3041 ergo,
2592 2979 2655 3027 et
2680 2972 2808 3042 duo,
2830 2982 2885 3029 et
2910 2984 3161 3044 quatuor,
3192 2987 3246 3032 et
3271 2979 3538 3049 quinque,
3559 2986 3601 3033 et
3618 2988 3726 3041 octo,

2211 3073 2261 3119 et
2290 3064 2480 3120 decem
2506 3109 2519 3133 ,
2550 3074 2605 3122 et
2632 3066 2820 3138 viginti
2849 3066 3007 3123 simul
3038 3068 3196 3124 ducta
3217 3114 3232 3139 ,
3268 3069 3742 3142 efliciuntquiuqur

2210 3155 2375 3227 ginta.
2428 3160 2769 3230 Quapropter
2819 3161 2961 3215 sicut
2998 3160 3475 3233 quadragenarius
3504 3177 3734 3227 numeras,

2211 3247 2506 3319 aqualibus
2536 3251 2649 3305 suis
2701 3252 2942 3322 partibus
2990 3250 3353 3322 computatis,
3411 3256 3551 3325 parit
3575 3253 3743 3324 amplius

507 3353 585 3411 tie
611 3348 677 3406 ad
705 3350 894 3407 faciem
921 3367 932 3402 :
956 3357 1011 3404 et
1040 3362 1185 3404 nunc
1208 3361 1275 3403 ex
1305 3356 1477 3417 parte,
1504 3355 1632 3400 tunc
1659 3352 1836 3399 autem
1867 3358 1934 3399 ex
1963 3352 2102 3399 toto.
2132 3325 2177 3394 Ο
2210 3342 2513 3412 denarium,
2548 3352 2603 3399 et
2630 3344 2691 3400 iit
2716 3347 3206 3417 quinquagenarius
3234 3363 3251 3405 :
3285 3349 3370 3405 sic
3413 3358 3619 3422 tempus
3641 3346 3749 3415 ﬁdei,

512 3446 688 3515 Ipsum
712 3454 889 3499 autem
910 3444 968 3499 in
991 3444 1275 3514 aenigmate
1298 3448 1354 3498 et
1381 3454 1447 3495 ex
1487 3447 1641 3510 parte
1680 3452 1822 3493 nunc
1852 3438 1903 3493 in
1930 3438 2108 3509 Scrip-

504 3537 637 3592 turis
688 3536 890 3607 aliquid
941 3548 1188 3605 cernere,
1211 3532 1355 3605 quod
1387 3542 1566 3587 tamen
1589 3531 1662 3587 sit
1686 3531 1980 3587 secundum
2012 3544 2106 3585 ca-

505 3630 760 3685 tholicam
788 3628 969 3695 iidem,
995 3642 1061 3685 ex
1094 3628 1183 3683 illo
1231 3629 1456 3698 pignore
1485 3626 1744 3695 contingit
1782 3625 1925 3696 quod
1949 3638 2105 3681 acceo

506 3722 585 3793 pit
622 3722 774 3791 virgo
816 3722 1081 3786 Ecclesia,
1121 3720 1306 3775 humili
1336 3722 1569 3775 adventu
1596 3722 1780 3790 sponsi
1827 3721 1932 3785 sui,
1983 3734 2107 3791 quas

507 3818 601 3873 illo
620 3816 814 3871 ultimo
841 3816 1071 3869 adventu
1090 3856 1107 3880 ,
1136 3826 1257 3867 cum
1285 3813 1467 3868 veniet
1490 3812 1544 3867 in
1570 3813 1839 3881 claritate,
1874 3822 2105 3883 nuptura

508 3916 612 3977 est,
636 3921 760 3964 cum
778 3907 889 3978 jam
914 3905 1049 3962 facie
1070 3904 1137 3960 ad
1166 3904 1356 3961 faciem
1380 3904 1755 3962 contuebitur.
1783 3904 1938 3960 Dedit
1958 3907 2105 3961 enim

508 4004 662 4063 nobis
692 4004 887 4077 pignus
916 4001 1203 4073 Spiritum,
1234 4001 1375 4057 sicut
1402 4000 1532 4056 dicit
1559 4000 1873 4071 Apostolus,
1904 4008 1959 4056 et
1982 4000 2107 4057 ideo

508 4099 610 4156 ista
640 4098 907 4170 expositio
953 4092 1086 4151 nihil
1116 4103 1325 4153 certum
1374 4096 1634 4165 intuetur,
1676 4096 1777 4154 nisi
1815 4105 1875 4153 ut
1910 4110 2107 4154 secun-

508 4194 632 4251 dum
700 4191 863 4249 fidem
902 4191 993 4259 sit,
1033 4204 1207 4263 neque
1257 4190 1378 4248 aliis
1426 4191 1740 4263 prasjudicat
1794 4207 1913 4265 quae
1962 4194 2105 4250 nihi-

507 4284 742 4344 lominus
767 4286 1060 4341 secundum
1106 4283 1266 4341 iidem
1310 4297 1431 4341 esse
1490 4286 1781 4355 potuerint.

998 4426 1228 4485 CAPUT
1267 4426 1616 4483 CCLXXXV.

515 4521 596 4577 De
624 4520 1038 4594 Quadragest'ma
1061 4529 1110 4576 et
1136 4520 1570 4593 Quinquagesima
1587 4536 1608 4587 ;
1640 4535 1703 4575 ex
1742 4520 1918 4575 eodem
1950 4520 2101 4574 libro.

580 4650 772 4707 Omnis
826 4652 1089 4723 sapientia
1138 4658 1192 4709 et
1237 4651 1521 4722 disciplina
1567 4654 1778 4726 [Omnis
1821 4655 2105 4725 sapientiae

512 4742 817 4817 disciplina]
844 4722 925 4799 est
952 4758 1073 4815 qua:
1102 4745 1167 4800 ad
1201 4746 1449 4801 homines
1484 4722 1811 4802 erudiendos
1845 4722 2102 4817 pertinet,
2129 4722 2184 4792 Ῑ)

514 4837 828 4897 Creatorem
858 4848 1269 4909 creaturamque
1295 4840 1633 4909 dignoscere,
1664 4850 1717 4895 et
1740 4840 1891 4895 illum
1921 4842 2103 4899 colere

514 4932 887 4990 dominantem
917 4972 932 4998 ,
983 4932 1143 4986 istam
1200 4933 1495 5003 subjectam
1554 4934 1725 4989 lateri.
1778 4934 1873 4990 Est
1922 4944 2103 4993 autem

515 5033 733 5083 creator
782 5026 925 5081 Deus
951 5064 968 5091 ,
998 5037 1064 5080 ex
1093 5036 1202 5095 quo
1232 5025 1409 5080 omnia
1444 5065 1460 5091 ,
1486 5040 1585 5095 per
1612 5040 1772 5097 quem
1800 5028 1981 5082 omnia
2005 5070 2019 5093 ,
2049 5030 2106 5086 in

512 5133 621 5194 quo
642 5120 823 5177 omnia
858 5137 872 5174 :
905 5126 959 5174 et
989 5118 1114 5173 ideo
1141 5114 1377 5172 Trinitas
1400 5117 1587 5187 Pater,
1613 5126 1666 5173 et
1692 5118 1880 5185 Filius,
1904 5128 1959 5175 et
1983 5119 2108 5191 Spi‘

514 5214 655 5271 ritus
681 5223 901 5270 sanctus
930 5219 1033 5269 est.
1078 5209 1342 5266 Creatura
1373 5224 1503 5265 vero
1531 5253 1544 5273 ,
1582 5210 1773 5280 partim
1807 5222 1890 5267 est
1917 5213 2106 5269 invisi-

514 5307 638 5363 bilis
667 5350 683 5375 ,
735 5306 875 5362 sicut
918 5304 1127 5359 animus
1151 5343 1165 5370 ,
1189 5302 1381 5372 partim
1404 5300 1628 5356 visibilis
1654 5342 1668 5369 ,
1700 5303 1838 5358 sicut
1861 5318 2057 5375 corpus
2087 5322 2103 5361 :

516 5397 772 5455 invisibili
803 5398 1075 5452 ternarius
1097 5408 1355 5451 numerus
1380 5393 1655 5450 tribuitur.
1689 5396 1864 5462 Quare
1884 5396 2107 5468 diligere

514 5496 803 5552 Dominum
855 5494 1139 5565 tripliciter
1165 5492 1452 5565 iubemur,
1482 5510 1551 5553 ex
1585 5503 1699 5551 toto
1726 5496 1923 5561 corde,
1956 5505 2011 5551 et
2037 5510 2104 5552 ex

517 5597 629 5647 tota
658 5590 834 5645 anima
858 5632 873 5657 ,
903 5602 972 5646 ex
1024 5596 1137 5645 tota
1192 5601 1375 5647 mente
1414 5607 1429 5645 :
1475 5591 1689 5659 corpori
1729 5590 2104 5660 quaternarius

519 5683 846 5761 [numerus],
878 5694 1099 5757 propter
1125 5684 1581 5741 evidentissimum
1607 5693 1849 5738 naturam
1880 5685 2015 5754 ejus,
2052 5684 2103 5739 id

519 5790 604 5835 est
621 5780 845 5835 calidam
871 5788 927 5835 et
948 5779 1211 5850 frigidam,
1230 5779 1503 5834 humidam
1527 5785 1582 5833 et
1597 5778 1790 5834 siccam
1813 5795 1823 5830 :
1842 5777 2106 5833 universae

518 5885 650 5943 ergo
663 5882 925 5928 creaturae
943 5871 1193 5927 tribuitur
1210 5876 1565 5941 septenarius.
1583 5871 1919 5943 Quapropter
1932 5871 2103 5925 omnis

518 5965 805 6036 disciplina
837 5966 1157 6037 dignoscens
1188 5976 1241 6021 et
1269 5966 1581 6021 discernens
1603 5965 1913 6023 Creatorem
1944 5972 2104 6034 atque

2208 3448 2390 3490 rerum
2437 3449 2533 3505 pro
2562 3445 2750 3492 nostra
2779 3438 2955 3495 salute
2981 3448 3251 3509 gestarum
3284 3449 3344 3497 et
3396 3444 3753 3514 gerendarum,

2209 3542 2332 3585 cum
2362 3529 2619 3600 aequitate
2643 3532 2769 3587 vita:
2796 3541 3000 3601 actum,
3052 3534 3304 3605 impetrat
3336 3536 3655 3593 intellectum
3676 3545 3759 3590 sti-

2208 3623 2331 3681 bilis
2362 3626 2643 3695 sapientiae
2670 3643 2684 3693 ;
2730 3635 2786 3683 ut
2817 3642 2923 3683 non
2953 3628 3126 3683 solum
3157 3631 3453 3698 credendo,
3503 3631 3590 3688 sed
3625 3631 3760 3686 etiam

2210 3717 2561 3790 intelligendo
2623 3719 2906 3791 disciplina
2978 3721 3245 3779 firmetur.
3305 3724 3373 3779 Et
3414 3724 3530 3778 ideo
3564 3738 3621 3778 ea
3658 3736 3764 3792 qua:

2209 3826 2353 3867 nunc
2384 3819 2469 3867 est
2500 3811 2770 3882 Ecclesia,
2802 3814 3047 3885 quamvis
3080 3815 3172 3870 lilii
3207 3816 3299 3873 Dei
3334 3817 3509 3879 simus,
3538 3825 3654 3869 ante
3680 3825 3760 3868 ta-

2209 3921 2330 3963 men
2360 3923 2520 3979 quam
2551 3917 2807 3979 appareat
2836 3910 2965 3981 quid
3004 3909 3209 3966 erimus
3231 3952 3247 3977 ,
3278 3912 3329 3967 in
3350 3910 3604 3966 laboribus
3630 3909 3760 3964 etin

2210 4000 2587 4059 afflictionibus
2617 4004 2747 4076 agit,
2775 4012 2831 4061 et
2862 4006 2912 4059 in
2940 4020 3003 4061 ea
3022 4004 3198 4077 justus
3222 4021 3291 4062 ex
3334 4006 3435 4062 ﬁde
3461 4007 3587 4060 vivit
3613 4023 3629 4059 ι
3661 4002 3767 4060 Nisi

2210 4094 2353 4149 enim
2402 4095 2743 4151 credideritis
2766 4138 2781 4163 ,
2815 4096 2988 4166 inquit
3018 4140 3033 4165 ,
3085 4111 3191 4153 non
3231 4097 3561 4169 intelligetis.
3590 4096 3651 4152 Et
3684 4097 3771 4151 hoc

2211 4192 2299 4242 cst
2331 4195 2543 4259 tempus
2576 4203 2682 4258 quo
2711 4188 3113 4260 ingemiscimus
3160 4199 3215 4246 et
3265 4191 3515 4247 dolemus
3538 4232 3555 4258 ,
3603 4204 3769 4263 exspe‘

2209 4287 2417 4335 ctantes
2450 4280 2877 4347 redemptionem
2901 4283 3143 4353 corporis
3171 4286 3366 4352 nostri,
3394 4285 3540 4356 quod
3566 4284 3769 4353 Quadm

2208 4372 2411 4443 gesima
2440 4372 2767 4429 celebratur.
2797 4372 3010 4429 Scimus
3034 4382 3212 4430 autem
3243 4376 3370 4447 quia
3402 4392 3533 4433 cum
3563 4376 3769 4448 apparuit

2210 4463 2565 4537 [apparuerit]
2587 4464 2793 4521 similes
2820 4467 2900 4521 illi
2930 4469 3160 4535 erimus,
3203 4471 3465 4539 quoniam
3516 4472 3765 4528 videbimus

2209 4572 2331 4613 eum
2352 4559 2509 4614 sicuti
2538 4569 2624 4615 est
2653 4577 2664 4613 :
2689 4573 2808 4615 cum
2833 4559 3061 4617 addetur
3081 4560 3334 4617 denarius
3355 4561 3757 4635 quadragenario,

2210 4665 2268 4713 ut
2297 4672 2403 4713 non
2436 4658 2609 4713 solum
2638 4657 2864 4715 credere
2908 4673 3029 4729 qua:
3072 4658 3345 4729 pertinent
3386 4660 3461 4714 ad
3496 4662 3677 4727 fidem,
3700 4653 3771 4712 sed

2209 4750 2373 4808 etiam
2416 4749 2752 4821 perspicuam
2774 4752 3056 4808 veritatem
3101 4750 3427 4823 intelligere,
3460 4764 3777 4816 mereamur;

2212 4846 2332 4901 talis
2364 4845 2605 4901 Ecclesia
2659 4845 2711 4899 in
2766 4860 2869 4916 qua
2914 4846 3089 4901 nullus
3120 4846 3222 4901 erit
3256 4861 3492 4919 maeror,
3526 4849 3666 4903 nulla
3693 4860 3784 4917 per-

2210 4938 2401 4994 mixtio
2430 4938 2695 4994 malorum
2728 4937 3030 5005 hominum,
3065 4938 3209 4994 nulla
3238 4939 3529 5011 iniquitas,
3549 4942 3641 4997 sed
3670 4938 3782 4994 lzeti-

2210 5031 2307 5098 tia,
2330 5040 2387 5087 et
2412 5047 2542 5103 pax,
2573 5042 2626 5088 et
2653 5032 2931 5103 gaudium,
2951 5032 3417 5104 Quinquagesima:
3443 5034 3789 5091 celebratione

2212 5129 2583 5199 praefiguratur
2606 5144 2618 5182 :
2636 5136 2942 5197 propterea,
2958 5136 3309 5198 posteaquam
3336 5128 3615 5185 Dominus
3636 5136 3789 5184 noster

2216 5220 2393 5295 [Jesus
2437 5218 2707 5290 Christus]
2735 5223 3041 5277 resurrexit
3080 5237 3107 5275 a
3154 5222 3381 5277 mortuis
3405 5263 3419 5288 ,
3457 5224 3793 5295 quadraginta

2214 5317 2403 5375 diebus
2434 5317 2666 5388 peractis
2692 5330 2814 5371 cum
2842 5315 3120 5385 discipulis
3150 5315 3262 5371 suis
3288 5360 3302 5382 ,
3334 5316 3538 5373 eadem
3570 5320 3683 5389 ipsa
3709 5315 3794 5371 sci.

2214 5410 2340 5467 licet
2363 5424 2459 5480 per
2490 5411 2633 5464 hunc
2663 5423 2949 5464 numerum
2984 5408 3249 5463 insinuata
3275 5412 3574 5480 temporali
3603 5412 3797 5481 diSpcn-

2214 5505 2423 5560 sationc
2453 5517 2573 5573 qua:
2601 5500 2667 5557 ad
2700 5501 2860 5557 fidem
2917 5502 3152 5571 pertinet
3182 5543 3199 5571 ,
3253 5504 3507 5559 ascendit
3540 5503 3594 5557 in
3628 5502 3797 5557 caelum

2214 5608 2266 5653 et
2295 5597 2483 5653 decem
2518 5593 2635 5650 aliis
2666 5593 2860 5649 diebus
2889 5593 3121 5664 peractis
3147 5635 3161 5661 ,
3195 5593 3341 5649 misit
3371 5593 3650 5663 Spiritum
3692 5609 3803 5649 san-

2214 5699 2385 5757 ctum,
2412 5688 2465 5745 id
2497 5696 2580 5745 cst
2627 5696 2687 5743 ut
2733 5701 2841 5743 non
2893 5686 2957 5742 ad
2990 5686 3223 5741 humana
3253 5695 3307 5743 et
3335 5689 3693 5759 temporalia,
3726 5682 3804 5739 sed

2213 5784 2277 5839 ad
2308 5782 2486 5838 divina
2513 5791 2674 5852 atque
2705 5790 2903 5837 aeterna
2932 5779 3232 5836 contuenda
3259 5822 3273 5846 ,
3326 5778 3573 5852 quodam
3625 5779 3807 5835 amoris

2213 5888 2261 5933 ct
2295 5877 2579 5933 charitatis
2608 5879 2944 5949 spiramento
2972 5888 3024 5932 et
3060 5876 3304 5933 incendio
3337 5918 3350 5945 ,
3382 5876 3807 5949 quadragenaeio

2215 5968 2469 6027 denarius
2500 5969 2826 6026 adderetur:
2857 5978 2909 6025 et
2940 5969 3061 6025 ideo
3082 5969 3187 6040 jam
3220 5969 3323 6024 hoc
3361 5977 3542 6024 totum
3582 6012 3597 6037 ,
3644 5970 3696 6023 id
3740 5968 3810 6021 est
