3986 6382
272 361 376 420 981
520 351 529 358 ’

1396 356 1830 418 τηΕεΑυιιιιε.
1872 358 2023 415 CAP.
2068 356 2442 416 CCLXXXVI.

3431 316 3554 425 an

273 478 766 552 quinquagenarius
797 477 1003 534 dierum
1033 490 1291 533 numerus
1317 515 1334 543 ,
1364 475 1565 531 laetitiae
1620 474 1862 531 celebra-
1889 479 1943 539 Α
1965 476 2127 545 caput
2159 477 2396 539 inclinet,
2428 474 2635 531 vicibus
2656 474 2911 532 dicuntur
2930 474 2985 532 id
3020 488 3201 547 agere,
3236 482 3295 533 ut
3322 477 3553 537 lassatus

274 574 423 629 tione
451 572 742 643 signandus
771 580 874 627 est.
905 571 1031 628 Haec
1060 580 1237 627 autem
1267 571 1376 627 duo
1406 580 1671 640 tempora,
1698 571 1750 625 id
1778 580 1860 625 est

274 680 442 721 unum
464 665 663 721 laboris
687 678 739 721 et
770 664 1168 731 sollicitudinis,
1198 664 1425 720 alterum
1461 664 1767 720 securitatis
1808 673 1863 719 et

274 759 483 831 gaudii,
509 769 564 813 et
592 759 901 827 charitatis,
932 760 1094 815 etiam
1134 758 1344 815 retibus
1373 758 1553 812 missis
1584 758 1637 813 in
1668 772 1819 812 mare
1844 799 1859 825 ,

278 853 537 910 Dominus
576 853 734 910 Pater
781 852 1046 924 signiﬁcat
1079 867 1095 911 :
1124 867 1249 907 nam
1288 860 1413 907 ante
1456 852 1766 921 passionem
1795 850 1863 904 de

275 943 503 1000 reticulo
532 943 729 999 dicitur
757 926 923 999 misso
956 946 1007 998 in
1039 959 1211 1009 mare,
1245 944 1368 1014 quia
1400 952 1608 997 tantum
1634 941 1860 1013 piscium

275 1050 558 1112 ceperunt
585 1080 601 1107 ,
636 1050 694 1095 ut
733 1040 818 1095 vix
856 1040 921 1094 ad
964 1040 1114 1095 littus
1163 1038 1425 1095 trahendo
1454 1039 1561 1110 61
1602 1038 1865 1107 perduca-

273 1142 422 1201 rent,
445 1141 499 1187 et
534 1140 588 1187 ut
625 1133 756 1188 retia
788 1139 1189 1202 rnmperentur.
1234 1130 1351 1185 Non
1377 1130 1521 1185 enim
1549 1132 1709 1184 missa
1740 1136 1865 1182 sunt

276 1221 332 1277 in
377 1223 652 1277 dexteram
706 1232 908 1291 partem
929 1262 942 1287 ,
972 1220 1135 1277 habet
1164 1221 1306 1276 enim
1337 1220 1535 1275 multos
1568 1219 1738 1273 malos
1767 1218 1865 1275 Ec-

272 1316 437 1372 clesia
487 1316 645 1387 hujus
696 1316 983 1387 temporis;
1036 1329 1211 1385 neque
1257 1315 1309 1368 in
1353 1313 1667 1376 sinistram,
1699 1311 1863 1367 habet

275 1410 420 1466 enim
442 1410 605 1467 etiam
630 1410 818 1475 bonos;
839 1408 932 1463 sed
952 1408 1175 1477 passim,
1192 1405 1670 1476 utpermixtionem
1692 1404 1867 1459 malo-

274 1518 395 1559 rum
421 1503 790 1573 bonorumque
812 1502 1079 1571 signiﬁcet
1100 1498 1489 1573 [signiﬁcaret].
1512 1498 1665 1566 Quod
1686 1508 1865 1555 autem

275 1607 433 1667 rupta
464 1604 589 1653 sunt
635 1597 772 1652 retia
821 1595 1085 1651 charitate
1130 1594 1325 1650 violata
1353 1634 1368 1659 ,
1400 1594 1599 1647 multas
1629 1592 1867 1648 hatrescs

274 1688 475 1744 exiisse
521 1685 841 1759 [exstitisse]
889 1686 1184 1756 signiﬁcat;
1240 1692 1360 1754 post
1408 1684 1866 1745 resurrectionem

274 1795 427 1850 vero,
451 1796 574 1836 cum
604 1780 766 1836 vellet
792 1778 1086 1837 Ecclesium
1119 1776 1281 1831 futuri
1310 1776 1569 1844 temporis
1596 1787 1867 1844 praemon-

1946 569 2047 621 asui
2077 569 2268 639 capitis
2295 583 2493 635 onere,
2547 567 2642 624 ille
2693 569 2780 639 qui
2814 569 3069 639 praecedit
3095 580 3216 639 post
3244 585 3436 627 omnes
3465 588 3554 630 re—

1963 662 2109 727 deat,
2130 663 2243 718 etei
2273 662 2527 719 succedat
2541 662 2696 734 cujus
2713 662 2921 719 ferebat
2936 672 3100 734 caput
3114 678 3236 721 cum
3262 664 3380 735 ipse
3409 680 3553 735 prm-

1966 756 2119 811 iret:
2160 756 2236 811 ita
2277 756 2509 813 invicem
2574 771 2741 812 onera
2809 771 2909 813 sua
2972 766 3246 828 portantes
3273 799 3291 826 ,
3355 760 3552 816 fretum

1967 857 2297 915 transeunt,
2354 849 2527 907 donec
2588 849 2807 907 veniant
2858 850 2925 906 ad
2968 858 3125 907 terras
3184 850 3548 909 stabilitatem.

1940 943 2129 997 Alstam
2176 957 2456 999 cervorum
2497 952 2742 999 naturam
2786 944 3019 1000 fortasse
3050 945 3357 1001 intenderat
3401 944 3555 1000 Salo-

1966 1052 2117 1102 mon,
2150 1051 2270 1091 cum
2302 1039 2375 1090 ait
2406 1054 2420 1092 :
2453 1040 2657 1093 Cervus
2679 1038 2952 1106 amicitias,
2977 1047 3033 1093 et
3057 1038 3232 1107 pullus
3259 1036 3552 1109 gratiarum

1971 1138 2181 1182 tuarum
2215 1129 2596 1199 colloquantur
2634 1138 2835 1184 tecum.
2865 1128 3005 1185 Nihil
3054 1128 3197 1183 enim
3241 1128 3319 1182 sic
3364 1127 3557 1197 probat

1968 1222 2199 1276 amicum
2244 1220 2698 1288 quemadmodum
2731 1222 2916 1276 oneris
2946 1220 3106 1276 amici
3152 1218 3424 1290 portatio;
3456 1234 3556 1275 nec

1938 1324 2149 1370 tamen
2175 1314 2408 1369 invicem
2440 1323 2799 1384 portarcmus-
2825 1328 2989 1369 onera
3034 1322 3239 1378 nosrta,
3289 1313 3336 1367 si
3388 1326 3555 1373 unum

1940 1420 2183 1480 tempus
2233 1419 2377 1464 esset
2435 1408 2760 1462 inﬁrmitatis
2811 1408 3092 1462 amborum
3129 1407 3221 1475 qui
3262 1419 3431 1459 onera
3459 1418 3554 1467 sua

1970 1505 2257 1569 sustinent,
2300 1512 2392 1557 aut
2421 1515 2585 1556 unum
2615 1500 2944 1557 inﬁrmitatis
2986 1514 3181 1569 genus,
3214 1498 3311 1559 sed
3340 1498 3555 1561 diversa

1971 1608 2217 1668 tempora
2255 1606 2309 1652 et
2336 1596 2545 1651 diversa
2595 1609 2794 1663 genera
2842 1594 3169 1649 inﬁrmitatis
3215 1592 3456 1656 iaciunt,
3498 1598 3559 1653 ut

1970 1706 2136 1746 onera
2173 1700 2354 1745 nostra
2398 1690 2627 1744 invicem
2660 1696 2877 1758 portare
2903 1687 3177 1745 valeamus
3210 1705 3222 1739 :
3257 1684 3410 1745 verbi
3444 1700 3559 1755 gra-

1974 1785 2068 1850 tia,
2102 1783 2235 1838 iram
2264 1781 2444 1837 fratris
2474 1781 2593 1851 [tui]
2618 1788 2744 1837 tunc
2778 1779 3041 1849 portabis,
3073 1794 3193 1836 cum
3221 1788 3277 1835 tu
3298 1778 3559 1834 adversus

272 1881 466 1936 strare,
501 1872 590 1927 ubi
624 1884 811 1926 omnes
843 1869 1063 1939 perfecti
1098 1876 1259 1936 atque
1289 1867 1463 1923 sancti
1494 1865 1661 1922 futuri
1693 1874 1858 1932 sunt,
1893 1868 1944 1930 Β
1972 1893 2123 1933 reum
2158 1893 2263 1931 non
2310 1876 2559 1930 irasceris
2588 1918 2605 1945 ,
2637 1884 2694 1931 ιιι
2723 1890 2936 1931 rursum
2967 1888 3034 1929 eo
3076 1881 3321 1942 tempore
3371 1887 3476 1942 quo
3506 1880 3560 1927 te

272 1963 434 2035 jussit
461 1964 597 2018 mitti
622 1963 753 2019 retia
784 1962 837 2018 in
866 1962 1115 2017 dextram
1148 1968 1356 2029 partem
1379 2000 1396 2025 ,
1446 1968 1499 2013 et
1547 1957 1690 2027 capti
1740 1967 1865 2013 sunt

274 2059 519 2129 ingentes
544 2058 718 2129 pisces
741 2066 957 2113 centum
982 2056 1364 2127 quinquaginta
1388 2063 1521 2120 tres,
1547 2053 1867 2110 mirantibus

274 2150 576 2222 discipulis,
606 2149 750 2221 quod
779 2165 899 2205 cum
951 2159 1055 2204 tam
1110 2148 1284 2217 magni
1335 2156 1541 2213 essent,
1588 2148 1724 2203 retia
1758 2161 1868 2202 non

236 2271 241 2275 -
276 2244 677 2314 suntdisrupta.
702 2243 902 2299 Horum
927 2241 1239 2312 magnitudo
1264 2239 1687 2310 magnitudinem
1712 2238 1868 2310 [ima-

277 2334 805 2408 ginem]'sapienti:e
848 2335 1175 2405 iustitiaque
1232 2332 1541 2401 signiﬁcat;
1602 2344 1867 2389 numerus

278 2443 408 2483 vero
430 2430 598 2498 ipsam
619 2428 982 2498 disciplinam,
1014 2436 1070 2481 et
1107 2424 1388 2494 temporali
1417 2424 1824 2493 dispensatione
1850 2462 1866 2487 ,

279 2527 555 2575 etmterna
606 2520 1013 2591 regeneratione
1058 2515 1374 2587 perfectam,
1428 2530 1586 2585 quam
1628 2514 1866 2570 diximus

277 2611 735 2682 quinquagenaria
764 2625 991 2666 numero
1019 2607 1406 2666 commendari.
1432 2606 1567 2673 Quia
1597 2606 1740 2662 enim
1761 2620 1869 2660 non

278 2716 417 2771 opus
461 2702 564 2761 erit
614 2710 741 2757 tunc
787 2700 1159 2771 corporalibus
1212 2698 1558 2769 adiumentis,
1596 2706 1651 2752 et
1689 2696 1868 2752 animo

282 2792 649 2850 continebitur
695 2792 830 2848 ﬁdes
858 2800 1019 2861 atque
1063 2790 1331 2861 sapientia
1361 2790 1508 2861 (quia
1537 2788 1717 2849 animo
1758 2798 1867 2845 ter-

283 2886 495 2942 narium
538 2901 822 2943 numerum
858 2885 1114 2943 tributum
1145 2882 1448 2955 diximus),
1481 2882 1868 2954 quinquaginta

277 2980 527 3035 ducimus
554 2987 637 3036 ter
659 3020 674 3045 ,
709 2987 765 3034 et
793 2978 926 3035 ﬁunt
949 2988 1163 3037 centum
1193 2976 1602 3046 quinquaginta.
1640 2973 1740 3033 Cui
1770 2988 1870 3033 utt-

280 3087 434 3127 mero
480 3071 712 3128 Trinitas
761 3070 1000 3137 additur,
1033 3070 1155 3139 quia
1185 3070 1365 3124 omnis
1395 3068 1497 3124 ista
1526 3066 1781 3137 perfectio
1813 3066 1869 3122 in

280 3166 500 3223 nomine
526 3166 723 3231 Patris,
752 3173 809 3220 et
831 3163 974 3231 Filii,
1005 3172 1062 3219 et
1100 3163 1330 3232 Spiritus
1353 3161 1524 3221 sancti
1552 3169 1867 3217 consecrata

282 3267 383 3313 est.
415 3258 490 3313 lta
522 3257 653 3313 ﬁunt
677 3265 890 3313 centum
916 3253 1294 3326 quinquaginta
1318 3264 1459 3325 tres,
1485 3254 1577 3325 qui
1606 3265 1869 3317 numerus
1892 3247 1943 3313 C

282 3349 508 3420 piscium
535 3349 601 3405 ad
628 3348 869 3407 dextram
912 3356 1117 3418 partem
1149 3356 1429 3417 captorum
1461 3347 1758 3405 invenitur.

752 3460 980 3518 CAPUT
1018 3460 1397 3516 CCLXXXVI.

284 3554 362 3610 De
379 3569 438 3609 eo
467 3554 602 3624 quod
630 3553 753 3607 dicit
774 3553 1046 3623 Apostolus
1078 3568 1095 3605 :
1124 3550 1352 3624 Invicem
1375 3566 1532 3605 onera
1551 3560 1719 3605 vestra
1745 3566 1871 3621 por-

765 3622 903 3691 tate;
930 3640 993 3679 ea:
1021 3624 1193 3679 eodem
1225 3622 1375 3677 libro.

356 3744 490 3811 Quia
525 3742 733 3800 Veteris
765 3742 1099 3798 Testamenti
1145 3738 1391 3797 custodia
1421 3740 1671 3796 timorem
1706 3738 1873 3795 habe-

286 3838 398 3903 bat,
431 3852 537 3892 non
579 3837 749 3906 potuit
774 3835 1011 3905 apertius
1040 3832 1331 3902 signiﬁcari
1362 3831 1494 3889 Novi
1537 3830 1873 3888 Testamenti

288 3930 487 3983 donum
515 3942 636 3982 esse
667 3927 986 3982 charltatem
1012 3964 1029 3991 ,
1058 3941 1218 3994 quam
1252 3925 1356 3979 hoc
1383 3925 1503 3980 loco
1528 3924 1616 3980 ubi
1641 3926 1875 3995 Aposto-

291 4020 373 4074 lus
402 4019 535 4073 dicit
578 4035 592 4072 :
634 4018 865 4073 invicem
895 4032 1059 4072 onera
1089 4027 1265 4072 vestra
1295 4025 1508 4087 portate
1532 4057 1547 4083 ,
1586 4027 1640 4072 et
1668 4017 1746 4072 sic
1780 4016 1876 4071 ad-

295 4109 590 4180 implebitis
637 4109 810 4180 legem
844 4106 1076 4173 Christi;
1116 4110 1253 4165 hanc
1280 4108 1422 4163 enim
1473 4108 1645 4178 legem
1675 4106 1876 4164 Christi

288 4201 468 4259 dicere
497 4201 832 4273 intelligitur,
863 4216 967 4272 qua
996 4200 1111 4271 ipse
1135 4200 1395 4255 Dominus
1416 4202 1664 4274 przecipit
1694 4210 1753 4257 ut
1778 4217 1876 4259 nos

287 4295 517 4352 invicem
545 4294 852 4366 diligamus.
886 4294 1123 4350 Tantum
1171 4296 1224 4351 in
1297 4310 1359 4351 ea
1408 4296 1675 4351 sententia
1723 4310 1871 4366 prae-

286 4392 431 4467 cepti
462 4392 672 4467 pondus
701 4390 1057 4456 constituens,
1093 4400 1153 4445 ut
1180 4389 1427 4445 diceret:
1459 4389 1515 4445 in
1546 4388 1651 4444 hoc
1677 4403 1877 4461 cogno-

285 4486 457 4544 scitur
507 4487 758 4565 quoniam
791 4484 1042 4557 discipuli
1099 4483 1205 4541 mei
1236 4484 1365 4540 estis
1395 4524 1410 4551 ,
1442 4484 1487 4539 si
1517 4497 1614 4538 vos
1644 4483 1876 4539 invicem

286 4580 541 4657 diligatis.
578 4581 747 4653 Hujus
777 4590 956 4637 autem
999 4578 1301 4636 dilectionis
1330 4576 1563 4633 ofﬁcium
1608 4586 1691 4634 est
1734 4577 1877 4634 invi-

286 4688 403 4730 cem
434 4689 600 4731 onera
630 4684 809 4735 nostra
845 4681 1081 4746 portare.
1132 4671 1238 4729 Sed
1278 4670 1380 4726 hoc
1411 4669 1647 4726 ofﬁcium
1686 4668 1875 4743 [quod]

288 4782 393 4823 non
417 4774 503 4822 est
525 4766 935 4835 sempiternum,
960 4764 1221 4834 perducet
1239 4779 1370 4819 sane
1392 4763 1457 4818 ad
1489 4762 1873 4818 beatitudinem

287 4857 701 4928 sempiternam,
734 4856 787 4911 in
817 4870 917 4925 qua
949 4854 1091 4908 nulla
1138 4864 1298 4910 erunt
1326 4870 1490 4911 onera
1524 4866 1707 4910 nostra
1753 4870 1873 4926 quas

287 4949 517 5005 invicem
553 4955 766 5018 portare
809 4947 1096 5019 jubeamur
1131 4965 1143 5000 :
1178 4962 1322 5002 nunc
1348 4962 1476 5003 vero
1523 4963 1644 5003 cum
1686 4948 1740 5003 in
1772 4949 1873 5005 hac
1920 4974 1924 4979 -

288 5043 420 5110 vita,
449 5040 502 5096 id
532 5051 613 5096 est
643 5042 696 5096 in
729 5039 829 5095 hac
855 5039 939 5095 via
966 5053 1173 5105 sumus,
1198 5053 1361 5094 onera
1384 5051 1570 5094 nosua
1597 5039 1870 5114 [invicem]

290 5145 593 5205 portemus,
635 5142 693 5189 ut
738 5133 804 5189 ad
837 5147 955 5189 eam
989 5132 1150 5187 vitam
1187 5147 1309 5201 quae
1340 5140 1487 5186 caret
1536 5132 1682 5187 omni
1709 5146 1875 5189 onere

288 5225 667 5300 perveniamus
724 5223 1030 5299 [pervenire
1083 5223 1394 5295 possimus].
1452 5222 1604 5279 Sicut
1634 5226 1775 5280 enim
1808 5225 1876 5281 de

287 5320 464 5375 cervis
495 5318 736 5373 nonnulli
771 5317 953 5371 talium
985 5316 1350 5387 cognitionum
1380 5315 1603 5371 studiosi
1644 5317 1877 5386 scripse-

288 5420 415 5468 runt
449 5428 461 5464 :
494 5425 616 5466 cum
649 5408 845 5465 fretum
892 5408 958 5463 ad
995 5409 1197 5464 insulas
1227 5415 1507 5464 transeunt
1556 5420 1873 5478 pascuarum

287 5505 462 5576 gratia
495 5545 510 5570 ,
566 5505 645 5559 sic
689 5518 748 5559 se
800 5502 1051 5557 ordinant
1084 5510 1142 5557 ut
1169 5517 1332 5558 onera
1383 5501 1618 5572 capitum
1650 5516 1873 5557 suorum

290 5613 408 5667 qua:
453 5604 665 5667 gestant
708 5596 761 5649 in
800 5594 1054 5652 cornibus
1093 5594 1486 5666 superinvicem
1520 5603 1769 5665 portent,
1802 5595 1874 5651 ita

291 5700 348 5745 ut
392 5688 657 5759 posterior
712 5704 874 5759 super
932 5692 1255 5745 anteriorem
1325 5689 1595 5745 cervicem
1629 5697 1874 5760 porrecta

293 5784 609 5861 [projects],
643 5795 803 5858 caput
826 5785 1086 5851 collocet;
1114 5796 1169 5843 et
1196 5787 1318 5859 quia
1348 5803 1576 5844 necesse
1602 5798 1681 5843 est
1710 5802 1873 5844 unum

292 5894 414 5934 esse
444 5880 533 5951 qui
563 5888 791 5937 caeteros
841 5882 1150 5952 praecedens
1176 5897 1283 5939 non
1314 5891 1441 5939 ante
1464 5898 1523 5939 se
1550 5882 1747 5938 habeat
1787 5881 1877 5939 cui

1972 1972 2054 2025 ira
2084 1968 2563 2039 prmoceupaverit.
2598 1968 2688 2022 ille
2741 1976 2792 2022 te
2839 1966 3059 2023 lenitate
3093 1974 3148 2021 et
3178 1964 3563 2033 tranquillitate

1973 2064 2113 2139 [sita]
2145 2072 2443 2134 supportet.
2476 2062 2589 2117 Hoc
2616 2061 2928 2131 exemplum
2954 2060 3021 2116 ad
3051 2059 3105 2115 id
3131 2059 3364 2129 pertinet
3393 2096 3406 2121 ,
3438 2070 3564 2111 cum

1972 2159 2191 2212 diversa
2213 2158 2325 2211 sint
2355 2165 2595 2225 tempora
2627 2155 2950 2225 portantium
2973 2168 3137 2209 onera
3166 2166 3282 2218 sua,
3308 2148 3556 2221 quamvis

1974 2255 2089 2321 ipsa
2120 2250 2341 2304 diversa
2371 2265 2478 2302 non
2509 2249 2581 2302 sit
2608 2248 2891 2302 inﬁrmitas
2917 2288 2930 2307 ,
2957 2246 3009 2300 in
3032 2246 3293 2300 ambobus
3315 2243 3462 2298 enim
3496 2240 3565 2295 ab

1974 2342 2203 2397 invicem
2230 2338 2309 2394 ira
2341 2348 2605 2408 portatur.
2630 2338 2712 2393 Ad
2730 2338 3003 2393 diversum
3030 2348 3209 2393 autem
3232 2331 3565 2390 inﬁrmitatis

1971 2451 2140 2508 genus
2162 2476 2177 2499 ,
2216 2434 2360 2489 aliud
2384 2434 2690 2501 exemplum
2715 2431 3006 2487 videndum
3028 2439 3131 2493 est,
3156 2428 3318 2483 veluti
3356 2428 3401 2481 si
3445 2425 3568 2494 quis

1973 2533 2027 2586 in
2060 2545 2120 2586 se
2165 2529 2544 2601 loquacitatem
2593 2526 2801 2591 vicerit,
2845 2534 2901 2581 et
2945 2523 3293 2594 pertinaciam
3324 2518 3565 2574 nondum

1974 2622 2207 2687 vicerit;
2240 2621 2376 2676 alius
2416 2636 2547 2675 vero
2572 2620 2747 2675 adhuc
2770 2619 2997 2687 loquax,
3044 2616 3137 2672 sed
3170 2616 3279 2684 jam
3314 2612 3569 2682 pertinax.

1973 2728 2082 2768 non
2111 2714 2204 2778 sit,
2240 2712 2405 2767 debet
2435 2711 2526 2769 ille
2559 2711 2716 2780 hujus
2748 2709 3128 2779 loquacitatem
3155 2748 3171 2775 ,
3203 2712 3261 2763 et
3290 2706 3393 2760 iste
3422 2702 3568 2758 illius

1974 2808 2331 2876 pertinaciam
2358 2846 2372 2871 ,
2415 2806 2589 2861 donee
2637 2804 2772 2860 illud
2802 2804 2854 2858 in
2888 2803 2980 2861 illo
3006 2843 3022 2868 ,
3054 2811 3109 2857 et
3141 2801 3240 2856 hoc
3270 2801 3321 2856 in
3348 2798 3452 2853 isto
3482 2811 3568 2851 san

1974 2911 2132 2955 netur
2153 2898 2417 2954 charitate
2431 2909 2644 2967 portare
2668 2914 2681 2952 :
2705 2911 2801 2967 par
2820 2896 3019 2966 quippe
3044 2894 3331 2950 inﬁrmitas
3354 2892 3406 2947 in
3431 2890 3568 2947 duo-

1976 2994 2095 3061 bus,
2123 2997 2170 3049 si
2195 3009 2303 3048 uno
2331 2993 2543 3048 accidat
2567 3000 2832 3061 tempore,
2863 2990 3097 3046 tolerare
3120 3003 3182 3044 se
3205 2986 3435 3045 invicem
3460 2998 3573 3045 non

1976 3087 2183 3151 valent,
2214 3101 2337 3140 cum
2367 3086 2655 3140 adversum
2703 3098 2765 3139 se
2794 3081 3115 3138 intenditur.
3145 3079 3278 3141 Nam
3309 3079 3572 3135 adversus

1974 3181 2205 3250 aliquem
2228 3179 2470 3243 tertium,
2495 3186 2551 3231 et
2579 3178 2686 3232 duo
2713 3177 2834 3233 irati
2856 3175 2959 3231 sibi
2990 3174 3327 3230 conveniunt
3353 3211 3369 3237 ,
3412 3179 3470 3227 et
3510 3183 3573 3227 se

1976 3272 2229 3335 tolerant,
2263 3283 2567 3340 quanquam
2596 3283 2697 3325 nec
2719 3268 2955 3324 tolerare
2984 3280 3044 3323 se
3074 3266 3304 3322 invicem
3332 3259 3574 3337 [dicendi

1975 3378 2141 3433 sunt,
2186 3364 2283 3420 sed
2328 3366 2509 3433 potius
2550 3378 2610 3418 se
2647 3360 2898 3431 invicem]
2946 3360 3217 3416 consolari
3268 3377 3279 3412 :
3328 3359 3473 3415 sicut
3516 3364 3574 3413 et

1977 3460 2162 3514 tristes
2186 3459 2255 3513 de
2282 3473 2340 3513 re
2362 3472 2468 3513 una
2498 3459 2668 3527 magis
2712 3472 2772 3512 se
2820 3464 3039 3527 portant
3083 3466 3139 3511 et
3168 3456 3323 3526 quasi
3356 3456 3573 3509 incum-

1978 3552 2115 3605 bunt
2143 3550 2270 3615 sibi,
2298 3565 2459 3621 quam
2494 3550 2539 3603 si
2584 3564 2723 3603 unus
2754 3548 2925 3603 tristis
2953 3554 3099 3604 esset
3125 3558 3181 3603 et
3208 3548 3347 3602 alius
3372 3546 3575 3615 gaude-

1976 3653 2062 3700 ret
2091 3660 2108 3699 :
2135 3644 2181 3699 si
2211 3653 2389 3698 autem
2418 3644 2702 3699 advenam
2730 3658 2791 3699 se
2820 3646 3005 3701 tristes
3054 3645 3163 3699 sint
3184 3681 3203 3711 ,
3245 3657 3467 3714 prorsus
3511 3655 3575 3697 se

1977 3737 2214 3793 tolerare
2253 3751 2359 3792 non
2388 3746 2650 3807 possunt;
2683 3747 2735 3794 et
2765 3738 2889 3819 ideo
2920 3739 2972 3792 in
3004 3734 3575 3808 hujusmodiaﬁ'ectio-

1979 3830 2137 3886 nibus
2162 3829 2504 3900 suscipienda
2537 3841 2623 3887 est
2648 3831 3034 3901 aliquantulum
3066 3831 3180 3902 ipsa
3208 3830 3477 3900 aegritudo
3502 3828 3573 3885 de

1978 3925 2166 3995 quavis
2192 3939 2290 3993 per
2321 3934 2371 3980 te
2400 3924 2596 3997 [parte]
2627 3925 2789 3979 alium
2816 3925 3057 3994 liberari,
3082 3934 3137 3979 et
3162 3925 3242 3980 sic
3265 3924 3572 3992 suscipien-

1978 4017 2045 4073 da
2072 4027 2131 4072 ut
2159 4018 2225 4072 ad
2254 4019 2536 4086 auxilium,
2577 4033 2687 4073 non
2721 4018 2788 4072 ad
2818 4019 3181 4088 aequalitatem
3216 4018 3449 4073 miseriae
3477 4033 3572 4073 va-

1982 4114 2090 4169 leat
2121 4130 2135 4166 2
2166 4112 2616 4184 quemadmodum
2659 4130 2719 4169 se
2764 4115 2983 4169 inclinat
3004 4114 3097 4183 qui
3127 4128 3344 4170 manum
3371 4115 3577 4183 iacenti

1981 4205 2231 4275 porrigit.
2273 4205 2389 4260 Non
2416 4206 2560 4261 enim
2590 4220 2649 4261 se
2680 4206 2894 4276 proiicit
2923 4215 2979 4261 ut
3006 4206 3166 4261 ambo
3200 4207 3447 4275 iaceant,
3474 4208 3575 4266 sed

1982 4301 2227 4352 lncurvat
2255 4305 2462 4353 tantum
2495 4306 2557 4352 ut
2578 4298 2847 4368 jacentem
2888 4301 3081 4370 erigat.
3124 4300 3306 4369 Neque
3349 4300 3455 4354 ulla
3485 4315 3577 4358 res

1982 4389 2280 4445 ofﬁciosum
2309 4391 2469 4446 istum
2501 4392 2738 4448 laborem
2761 4393 2827 4448 ad
2853 4392 3112 4463 portanda
3145 4408 3308 4448 onera
3339 4394 3573 4451 aliorum

1983 4484 2114 4539 facit
2155 4483 2382 4545 libenter
2422 4484 2702 4556 impendi,
2737 4485 2836 4541 nisi
2879 4500 3000 4541 cum
3031 4484 3329 4556 cogitamus
3373 4494 3576 4558 quanta

1984 4592 2084 4649 pro
2114 4578 2266 4634 nobis
2295 4579 2576 4649 pertulerit
2614 4580 2871 4635 Dominus
2904 4597 2918 4633 :
2954 4580 3078 4637 hinc
3101 4582 3243 4636 enim
3274 4582 3574 4642 admonens

1980 4678 2056 4731 ait
2101 4677 2391 4747 Apostolus
2448 4694 2460 4730 :
2519 4676 2632 4732 Hoc
2677 4678 2871 4732 sentite
2921 4678 2975 4732 in
3027 4678 3181 4733 vobis
3230 4682 3371 4749 quod
3420 4689 3476 4737 et
3513 4680 3573 4739 in

1980 4770 2195 4826 Christo
2219 4770 2345 4826 Jesu
2379 4787 2395 4825 :
2427 4772 2518 4842 qui
2541 4787 2662 4826 cum
2690 4772 2939 4827 informa
2969 4772 3063 4829 Dei
3104 4785 3251 4831 esset
3280 4817 3297 4844 ,
3339 4791 3445 4832 non
3481 4790 3572 4833 ra-

1980 4864 2159 4932 pinam
2208 4861 2499 4917 arbitratus
2536 4870 2621 4917 est
2659 4876 2783 4918 esse
2808 4877 2867 4919 se
2889 4865 3147 4935 aequalem
3183 4865 3313 4931 Deo,
3356 4867 3450 4923 sed
3498 4882 3562 4925 se

1981 4956 2268 5026 metlpsum
2301 4954 2621 5027 exinanivit,
2655 4955 2885 5012 formam
2911 4959 3050 5013 servi
3074 4959 3372 5028 accipiens,
3406 4960 3460 5014 in
3488 4961 3571 5016 si-

1981 5047 2338 5103 militudinem
2382 5048 2657 5104 hominum
2717 5049 2892 5107 factus
2923 5093 2939 5117 ,
2988 5061 3043 5107 et
3074 5052 3260 5106 habitu
3316 5054 3573 5113 inventus

1983 5139 2246 5195 utbomo.
2304 5140 2623 5196 Humiliavit
2676 5142 3023 5212 semetipsum
3086 5142 3258 5198 factus
3304 5144 3570 5205 obediens

1981 5246 2153 5301 usque
2214 5232 2278 5286 ad
2311 5242 2563 5300 mortem,
2598 5243 2829 5289 mortem
2857 5241 3034 5287 autem
3073 5234 3270 5290 crucis.
3302 5234 3565 5305 Superius

1982 5334 2157 5380 autem
2192 5325 2399 5382 dixerat
2427 5370 2442 5395 ,
2474 5326 2592 5382 Non
2621 5342 2744 5397 qua:
2773 5341 2866 5383 sua
2897 5337 3024 5381 sunt
3052 5327 3246 5399 singuli
3280 5330 3569 5389 intenden-

1981 5426 2081 5485 tes,
2106 5419 2199 5474 sed
2226 5434 2347 5489 quae
2362 5418 2586 5475 aliorum
2614 5438 2628 5473 :
2652 5420 2779 5474 huic
2808 5420 3091 5476 sententiae
3116 5422 3394 5477 contexuit
3418 5426 3565 5495 quod

1981 5514 2177 5569 dictum
2209 5523 2314 5583 est,
2350 5529 2473 5569 nam
2508 5514 2583 5568 ita
2613 5514 2894 5584 sequitur:
2928 5513 3038 5569 lloc
3081 5515 3279 5571 sentite
3316 5517 3370 5571 in
3410 5520 3564 5578 vobis

1980 5606 2119 5676 quod
2145 5613 2199 5662 et
2224 5607 2280 5662 in
2305 5608 2522 5663 Christo
2549 5604 2706 5669 Jesn;
2734 5606 2800 5661 ad
2851 5605 2954 5662 hoc
2991 5606 3279 5677 duntaxat,
3305 5621 3363 5667 ut
3383 5628 3570 5683 quem-
3604 5590 3609 5595 θ

1981 5700 2267 5755 admodum
2300 5701 2389 5755 ille
2416 5700 2468 5753 in
2489 5714 2554 5754 eo
2575 5698 2719 5769 quod
2750 5698 2986 5755 Verbum
3015 5715 3144 5757 caro
3184 5702 3382 5759 factum
3428 5712 3515 5762 est
3537 5745 3562 5778 ι
3594 5706 3644 5776 :3.

1982 5800 2033 5846 et
2061 5791 2323 5846 habitavit
2369 5791 2424 5845 in
2455 5790 2608 5845 nobis
2633 5831 2648 5852 ,
2696 5801 2747 5846 et
2802 5792 2920 5848 sine
2966 5802 3189 5864 peccato
3218 5809 3339 5851 cum
3370 5808 3517 5855 esset
3543 5817 3571 5868 ,’

1984 5892 2201 5954 peccata
2262 5893 2446 5938 nostra
2512 5884 2776 5955 suscepit,
2852 5901 2961 5941 non
3015 5888 3241 5944 attendit
3290 5904 3415 5956 sua,
3470 5885 3565 5946 sed
