3986 6382
518 351 623 413 983

1592 345 1654 402 D.
1697 341 2015 401 EUGYPPl-l
2058 339 2350 400 ABBATIS
2391 340 2714 400 AFRICANI

3711 336 3804 395 984

517 477 706 524 nostra
737 484 749 520 :
782 467 857 522 ita
883 471 940 522 et
966 477 1068 521 nos
1095 462 1321 519 libenter
1350 457 1418 516 ad
1446 458 1566 530 ejus
1612 459 1964 515 imitationem
2021 459 2105 513 in-
2134 457 2188 520 Δ
2214 474 2446 526 scamus,
2485 474 2581 530 per
2620 455 2895 515 charitatis
2924 454 3264 512 tolerantiam
3295 453 3705 525 perducamur;
3742 458 3806 512 ait

518 563 693 620 vicem
723 575 888 617 onera
921 568 1102 614 nostra
1134 563 1426 626 portemus.
1462 553 1597 608 Huic
1650 553 1961 623 cogitationi
2016 565 2106 608 ac-

519 656 665 711 cedit
687 655 847 710 etiam
871 652 960 708 illa
981 649 1260 720 cogitatio,
1280 647 1402 719 quia
1425 647 1519 704 ille
1542 649 1779 718 suscepit
1807 646 2104 715 hominem,

521 766 624 806 nos
652 758 831 805 autem
857 746 1101 801 homines
1128 759 1338 811 sumus,
1375 753 1428 799 et
1447 742 1796 800 considerare
1820 741 2103 811 debemus,

518 844 661 915 quod
692 840 1062 912 aegritudinem
1091 839 1207 896 sive
1236 837 1400 893 animi
1429 878 1445 904 ,
1495 837 1612 892 sive
1649 837 1913 907 corporis,
1946 850 2107 906 quam

521 938 577 990 in
617 934 830 989 homine
879 931 1060 1001 aliquo
1099 929 1347 985 videmus
1371 971 1386 994 ,
1420 928 1584 984 etiam
1627 941 1726 983 nos
1767 927 1968 983 habere
2014 940 2109 997 po-

519 1027 756 1093 tuimus,
807 1033 898 1079 aut
947 1036 1233 1094 possumus
1279 1039 1294 1077 :
1348 1021 1451 1078 hoc
1495 1036 1625 1092 ergo
1675 1021 2025 1078 exhibeamus
2056 1017 2108 1078 ei

519 1119 674 1188 cujus
706 1118 1072 1173 inﬁrmitatem
1128 1124 1344 1187 portare
1399 1114 1649 1170 volumus
1700 1115 1842 1185 quod
1899 1115 1966 1170 ab
2015 1113 2108 1169 illo

494 1212 679 1267 nobis
711 1211 976 1266 vellemus
999 1209 1270 1273 exhiberi,
1298 1207 1345 1263 si
1376 1206 1516 1262 forte
1545 1221 1644 1262 nos
1673 1206 1726 1261 in
1751 1220 1813 1263 ea
1843 1221 2103 1274 essemus,

518 1312 576 1361 et
604 1304 719 1374 ipse
750 1317 855 1359 non
881 1310 1047 1359 esset.
1081 1301 1160 1358 Ad
1189 1301 1292 1357 hoc
1320 1300 1553 1372 pertinet
1579 1298 1722 1369 quod
1743 1298 1858 1369 ipse
1878 1301 2109 1369 Aposto-

495 1398 608 1455 lus
639 1398 714 1453 ait
744 1414 758 1453 :
788 1397 1049 1454 Omnibus
1078 1398 1258 1453 omnia
1288 1396 1457 1451 factus
1476 1409 1619 1460 sum,
1645 1401 1705 1448 ut
1732 1407 1922 1448 omnes
1947 1393 2109 1448 lucri-

519 1493 789 1559 facerem;
819 1491 1107 1564 cogitando
1135 1490 1346 1546 scilicet
1374 1489 1429 1544 in
1459 1502 1526 1544 eo
1554 1488 1685 1542 vitio
1714 1487 1873 1542 etiam
1905 1501 1966 1543 se
1990 1501 2109 1543 esse

490 1582 765 1657 ’potuisse
794 1586 938 1641 unde
979 1583 1230 1654 cupiebat
1265 1583 1428 1638 alium
1456 1580 1692 1637 liberari.
1724 1580 2109 1650 Compatiendo

485 1693 495 1704 τ
521 1679 665 1734 enim
687 1679 864 1750 potius
889 1677 942 1733 id
964 1677 1174 1747 agebat,
1209 1691 1313 1731 non
1345 1674 1678 1742 mentiendo,
1711 1675 1853 1729 sicut
1882 1674 2100 1744 quidam

486 1774 494 1797 τ
520 1771 884 1843 suspicantur,
914 1779 968 1826 et
998 1769 1052 1824 hi
1081 1769 1313 1824 maxime
1342 1770 1434 1838 qui
1483 1767 1777 1823 mendaciis
1817 1767 2107 1823 defenden-

2213 552 2354 609 enim
2390 573 2403 608 :
2430 553 2549 609 Non
2563 561 2646 609 est
2666 567 2798 622 opus
2821 552 2968 606 sanis
2989 549 3251 614 medicus,
3278 549 3374 605 sed
3388 550 3798 619 aegrotantibus.

2213 647 2446 718 Ideoque
2469 647 2512 701 si
2538 653 2758 716 prepter
2781 644 2981 700 Christi
2999 643 3340 710 charitatem,
3370 644 3551 698 etiam
3581 658 3706 698 eum
3723 647 3799 715 qui

2213 740 2359 796 omni
2389 755 2452 794 ex
2483 747 2635 810 parte
2661 737 2906 795 fortassis
2934 745 3177 809 mgrotat,
3217 737 3495 807 repellere
3531 736 3605 793 ab
3634 739 3796 796 animo

2213 848 2321 888 non
2337 831 2617 898 debemus,
2641 833 2893 904 quoniam
2912 833 3089 886 sanari
3115 840 3289 901 potest
3308 846 3404 901 per
3429 831 3680 887 Verbum
3696 832 3794 894 Dei.

2212 933 2414 995 quanto
2441 925 2618 981 minus
2648 940 2770 981 eum
2801 924 2890 996 qui
2923 925 3208 995 propterea
3231 922 3389 980 nobis
3427 923 3616 978 videri
3643 935 3792 994 petest

2213 1026 2356 1073 totus
2384 1028 2650 1088 aegrotus,
2681 1018 2802 1088 quia
2825 1016 3068 1087 quasdam
3089 1016 3203 1087 ejus
3227 1018 3410 1074 saucia
3440 1021 3503 1074 in
3531 1020 3704 1090 primo
3731 1024 3792 1078 in-

2211 1125 2398 1181 gressu
2424 1111 2674 1167 amicitire
2698 1126 2803 1168 non
2836 1109 3104 1180 potuimus
3133 1111 3444 1178 sustinere;
3481 1122 3542 1168 et
3564 1116 3702 1184 quod
3729 1127 3789 1172 es

2211 1206 2448 1276 gravius,
2491 1220 2613 1261 cum
2644 1205 2942 1262 offensione
2971 1204 3135 1260 animi
3163 1205 3232 1261 de
3274 1213 3388 1262 toto
3439 1207 3674 1264 homine
3698 1210 3787 1264 ausi

2212 1313 2397 1355 sumus
2430 1302 2768 1356 temerariam
2798 1299 3298 1373 praejudiciijferre]
3313 1301 3672 1368 sententiam,
3702 1319 3782 1359 non

2214 1394 2462 1448 timentes
2493 1394 2635 1464 quod
2662 1394 2865 1450 dictum
2898 1403 2982 1449 est
3015 1411 3028 1448 :
3059 1393 3234 1449 Nolite
3259 1393 3542 1464 judicare,
3575 1409 3643 1450 ne
3664 1394 3780 1465 judi-

2212 1490 2436 1556 cemini;
2467 1499 2542 1556 et,
2568 1490 2623 1544 ln
2654 1504 2759 1560 qua
2787 1503 3035 1545 mensura
3063 1489 3236 1546 mensi
3275 1487 3522 1556 fueritis,
3555 1488 3608 1544 in
3632 1504 3686 1545 ea
3713 1507 3778 1546 re-

2213 1581 2465 1638 metietur
2489 1581 2663 1639 vobis.
2692 1583 2845 1653 Saepe
2875 1592 3056 1638 autem
3082 1582 3172 1638 illa
3195 1596 3315 1653 quae
3337 1582 3490 1640 bona
3517 1591 3641 1638 sunt
3663 1586 3780 1658 prius

2211 1683 2492 1745 apparent,
2522 1677 2575 1729 in
2603 1676 2798 1746 quibus
2828 1677 2994 1731 etiam
3025 1677 3370 1732 temerarium
3413 1677 3774 1734 benevolentia:

2211 1769 2464 1839 judicium
2493 1771 2789 1827 cavendum
2808 1779 2913 1837 est,
2940 1785 3028 1837 ne,
3060 1785 3181 1826 cum
3211 1779 3383 1826 totum
3410 1771 3611 1828 bonum
3645 1784 3768 1843 puta-

487 1853 604 1923 ‘dis
637 1882 756 1936 qua:
786 1879 983 1935 negare
1006 1879 1111 1919 non
1143 1872 1388 1934 possunt,
1414 1861 1641 1932 alicujus
1670 1862 1848 1932 magni
1877 1862 2108 1932 exempli
2139 1871 2190 1934 Β
2216 1865 2379 1932 veris,
2403 1880 2466 1920 ea
2492 1880 2611 1935 qua:
2642 1872 2826 1934 postea
2871 1864 3010 1922 mala
3051 1865 3425 1935 apparuerint,
3480 1879 3693 1921 securum
3717 1875 3760 1922 et

485 1959 880 2030 'patrocinium
921 1958 1222 2028 requirunt.
1274 1955 1479 2012 Deinde
1517 1956 1677 2012 etiam
1712 1955 1842 2010 illud
1868 1955 2109 2025 cogitan-

487 2061 491 2075 ί
521 2052 681 2118 dum,
715 2050 925 2106 nullum
974 2063 1097 2106 esse
1138 2048 1410 2104 hominem
1438 2049 1528 2119 qui
1572 2063 1678 2103 non
1708 2047 1880 2117 possit
1908 2047 2109 2103 habere

493 2144 738 2214 aliquod
762 2144 960 2199 bonum
984 2142 1128 2213 quod
1157 2149 1213 2197 tu
1235 2141 1473 2196 nondum
1499 2140 1685 2207 habes,
1712 2140 1922 2197 etiamsi
1946 2141 2110 2197 lateat

485 2249 489 2256 '
519 2239 577 2292 in
604 2252 709 2308 quo
729 2237 845 2293 sine
877 2236 1040 2292 dubio
1061 2235 1236 2306 possit
1273 2249 1395 2291 esse
1436 2234 1705 2304 superior.
1746 2236 1877 2300 Qum
1906 2234 2110 2302 cogita-

485 2348 488 2351 '
520 2331 599 2387 tio
622 2330 687 2386 ad
704 2329 1134 2386 contundendam
1158 2337 1212 2384 et
1235 2325 1593 2383 edomandam
1613 2324 1919 2395 superbiam
1943 2325 2107 2390 valet,

520 2440 593 2482 ne
612 2425 892 2481 arbitreris
932 2425 1184 2496 quoniam
1234 2430 1322 2478 tua
1349 2421 1595 2492 quaedam
1627 2420 1766 2475 bona
1797 2420 2112 2476 eminentet

521 2525 808 2588 apparent,
843 2519 966 2574 ideo
996 2517 1224 2573 alterum
1279 2515 1423 2570 nulla
1455 2513 1660 2570 habere
1688 2527 1809 2584 qua:
1829 2512 2029 2569 lateant
2059 2521 2112 2568 et

520 2608 752 2664 fortasse
797 2609 1018 2679 majoris
1061 2608 1318 2678 ponderis
1349 2607 1489 2662 bona
1518 2648 1534 2674 ,
1585 2606 1779 2677 quibus
1809 2614 1863 2662 te
1890 2617 2111 2675 superat

520 2702 892 2769 nescientem;
942 2717 1049 2757 non
1107 2702 1249 2757 enim
1308 2701 1416 2757 falli
1457 2716 1600 2768 nos,
1658 2709 1750 2756 aut
1800 2701 2112 2758 adulatione

521 2796 700 2866 potius
739 2795 814 2850 uti
840 2837 855 2862 ,
908 2797 1194 2869 Apostolus
1236 2796 1427 2866 jubet,
1460 2811 1584 2852 cum
1612 2795 1742 2852 dicit
1788 2813 1801 2850 :
1849 2795 1987 2851 Nihil
2017 2810 2113 2865 per

520 2887 947 2954 contentionem,
979 2903 1152 2958 neque
1178 2903 1274 2958 per
1297 2888 1509 2942 inanem
1530 2888 1778 2958 gloriam,
1805 2887 1898 2944 sed
1929 2888 1982 2942 in
2013 2887 2112 2942 hu-

520 2978 750 3035 militate
795 2979 1026 3045 mentis;
1067 2981 1205 3035 alter
1253 2979 1484 3036 alterum
1534 2980 1906 3036 existimantes
1953 2993 2113 3049 supe-

520 3075 725 3128 riorem
763 3072 865 3128 sibi
899 3089 914 3128 :
951 3088 1057 3128 non
1112 3073 1216 3129 hoc
1264 3075 1338 3128 ita
1388 3075 1647 3130 debemus
1692 3075 2026 3140 existimare,
2055 3085 2114 3130 ut

520 3182 630 3222 non
658 3167 1028 3224 existimemus
1057 3208 1073 3233 ,
1105 3167 1204 3222 sed
1232 3181 1330 3221 nos
1358 3167 1669 3223 existimare
1700 3167 1984 3237 ﬁngamus,
2017 3167 2112 3223 sed

2215 1959 2532 2029 imparatum
2560 1967 2614 2014 te
2640 1958 2913 2014 inveniant
2942 1967 2996 2014 et
3019 1959 3236 2029 gravius
3266 1958 3573 2023 offendant;
3596 1971 3643 2014 ut
3666 1975 3764 2014 eum

2213 2066 2372 2122 quem
2401 2057 2609 2107 temere
2637 2050 2930 2118 dilexeras,
2962 2051 3213 2106 acerbius
3244 2049 3446 2117 oderis,
3474 2051 3607 2120 quod
3645 2051 3766 2108 nefas

2215 2154 2298 2199 est
2331 2160 2345 2197 :
2375 2145 2497 2214 quia
2526 2145 2739 2200 etiamsi
2766 2143 2907 2198 nulla
2935 2144 3053 2214 ejus
3094 2145 3234 2199 bona
3268 2144 3634 2213 prtecederent,
3665 2145 3767 2199 haec

2214 2253 2334 2308 quae
2383 2246 2504 2306 post
2543 2245 2906 2308 apparuerant
2952 2236 3100 2294 mala.
3135 2237 3286 2306 prius
3320 2237 3611 2301 eminerent,
3640 2235 3758 2291 tole-

2215 2332 2383 2388 randa
2432 2341 2608 2387 tamen
2667 2340 2843 2402 erant,
2873 2331 3048 2388 donec
3095 2331 3278 2386 omnia
3324 2346 3433 2386 eum
3474 2330 3561 2386 illo
3588 2345 3756 2400 ageres

2215 2426 2406 2496 quibus
2438 2428 2562 2481 talia
2590 2426 2769 2481 sanari
2825 2425 3032 2491 solent;
3086 2433 3290 2495 quanto
3332 2422 3514 2492 magis,
3556 2437 3667 2477 cum
3711 2435 3763 2477 ea

2214 2519 2351 2575 bona
2379 2526 2769 2588 prtecesserunt
2796 2534 2914 2598 qum
2941 2527 3194 2587 tanquam
3225 2517 3450 2587 pignora
3476 2530 3569 2571 nos
3594 2516 3759 2572 debent

2215 2612 2283 2668 ad
2325 2613 2621 2684 posteriora
2664 2611 2942 2667 toleranda
2982 2610 3396 2679 constringere?
3426 2609 3539 2679 Ipsa
3565 2617 3756 2678 estergo

2215 2706 2304 2762 lex
2375 2706 2577 2762 Christi
2630 2714 2689 2760 ut
2739 2704 2968 2760 invicem
3017 2718 3183 2758 onera
3237 2709 3450 2756 nostra
3486 2711 3747 2773 portemus:

2213 2800 2490 2858 Christum
2521 2809 2702 2855 autem
2733 2796 3008 2869 diligendo
3036 2795 3192 2851 facile
3215 2795 3544 2851 sustinemus
3564 2791 3733 2849 inlimi-

2216 2907 2382 2977 tatem
2412 2877 2657 2962 alterius,
2680 2893 2842 2949 etiam
2868 2907 3029 2962 quem
3059 2889 3293 2946 nondum
3311 2900 3525 2961 propter
3543 2903 3614 2942 sua
3629 2888 3731 2941 bona

2216 2992 2515 3062 diligimus;
2551 2989 2852 3061 cogitamus
2881 2986 3026 3041 enim
3059 2985 3181 3056 quia
3212 2984 3304 3039 ille
3329 2998 3498 3052 quem
3520 2981 3741 3051 diligimus,

2215 3084 2474 3140 Dominus
2506 3090 2724 3152 propter
2740 3095 2863 3136 eum
2895 3088 3135 3134 mortuus
3157 3086 3262 3133 est.
3291 3077 3474 3145 Quam
3505 3074 3745 3130 Charitelen

2219 3177 2373 3232 nobis
2403 3175 2677 3244 apostolus
2707 3173 2904 3228 Paulus
2935 3170 3173 3240 ingessit,
3200 3183 3327 3224 cum
3349 3170 3587 3224 diceret:
3619 3165 3740 3231 Etra-

521 3273 649 3315 vere
697 3260 1067 3315 existimemus
1109 3273 1270 3327 posse
1325 3272 1445 3314 esse
1490 3258 1694 3329 aliquid
1737 3258 2006 3314 occultum
2039 3258 2108 3324 ~in

2221 3271 2348 3326 ribit
2376 3269 2622 3325 inﬁrmus
2663 3269 2718 3322 in
2747 3275 2837 3322 tua
2877 3266 3101 3321 scientia
3149 3264 3336 3330 frater,
3388 3271 3606 3332 propter
3644 3272 3748 3329 quem

521 3351 628 3406 alio
650 3367 756 3421 quo
779 3351 933 3408 nobis
972 3351 1221 3422 superior
1249 3351 1341 3421 sit,
1381 3351 1592 3407 etiamsi
1617 3351 1816 3407 bonum
1845 3361 2108 3419 nostrum,

521 3461 628 3514 quo
643 3446 734 3501 illo
745 3445 994 3502 videmur
1006 3447 1312 3518 superiores
1323 3461 1467 3514 esse,
1486 3461 1593 3502 non
1607 3448 1674 3502 sit
1686 3446 1974 3502 occultum.
1993 3446 2113 3503 Istae

499 3546 503 3551 ’
523 3538 878 3606 cogitationes
898 3539 1266 3610 deprimentes
1291 3539 1621 3608 superbiam,
1645 3549 1700 3594 et
1720 3548 1974 3610 augentes
1986 3540 2114 3596 cha-

519 3628 758 3695 ritatem,
797 3632 906 3701 62
920 3629 1122 3686 faciunt
1148 3647 1314 3687 onera
1342 3629 1580 3687 fraterna
1611 3633 1840 3688 invicem
1883 3648 1990 3688 non
2021 3647 2116 3688 so-

519 3720 631 3775 lum
660 3735 813 3790 aequo
840 3723 1042 3790 animo,
1074 3725 1170 3779 sed
1219 3724 1383 3781 etiam
1429 3725 1786 3781 libentissime
1831 3728 2108 3781 sustineri.

520 3812 682 3867 Nullo
713 3813 872 3868 modo
897 3823 1076 3870 autem
1119 3815 1188 3871 de
1243 3831 1512 3886 quoquam
1571 3818 1790 3873 homine
1840 3819 2113 3890 incognito

469 3938 476 3942 ι
523 3902 744 3960 ferenda
764 3906 1027 3962 sententia
1051 3915 1155 3972 est,
1187 3916 1242 3964 et
1270 3922 1430 3963 nemo
1460 3909 1563 3964 nisi
1596 3924 1694 3979 per
1712 3910 2002 3966 amicitiam
2021 3927 2113 3968 co-

469 4037 475 4039 -
520 3997 820 4068 gnoscitur.
858 3998 925 4053 Et
962 3998 1084 4055 ideo
1128 3999 1428 4056 amicorum
1479 4002 1619 4057 mala
1643 4001 1848 4058 ﬁrmius
1877 4006 2114 4061 sustine-

489 4106 668 4160 -mus,
693 4092 814 4162 quia
828 4091 969 4148 bona
989 4106 1175 4148 eorum
1205 4107 1304 4148 nos
1329 4093 1596 4150 delectant
1644 4102 1700 4150 et
1731 4103 1930 4152 tenent.
1976 4096 2111 4153 Nul-

520 4184 628 4240 lius
651 4184 830 4254 itaque
858 4184 1192 4255 repudianda
1240 4193 1326 4242 est
1364 4187 1620 4255 amicitia,
1672 4201 1792 4243 sese
1822 4189 2113 4260 ingerentis

519 4278 589 4332 ad
618 4278 908 4334 amicitiam
947 4279 1327 4348 copulandam,
1357 4295 1465 4335 non
1488 4289 1549 4335 ut
1579 4281 1761 4336 statim
1800 4283 2108 4353 recipiatur,

519 4370 620 4425 sed
651 4377 708 4422 ut
729 4371 1068 4439 recipiendus
1090 4379 1326 4440 optetur,
1356 4379 1518 4442 atque
1546 4373 1618 4428 ita
1647 4382 1906 4430 tractetur
1937 4385 1994 4430 ut
2017 4391 2106 4431 re-

519 4459 630 4532 cipi
656 4462 850 4528 possit;
889 4462 1036 4517 illum
1069 4462 1212 4517 enim
1241 4472 1514 4533 receptum
1543 4465 1595 4519 in
1642 4466 1933 4538 amicitiam
1983 4482 2110 4538 pos-

519 4565 710 4607 sumus
740 4553 940 4617 dicere,
990 4555 1075 4608 cui
1108 4554 1288 4610 omnia
1319 4564 1507 4611 nostra
1552 4558 1776 4612 consilia
1827 4557 2110 4616 refundere

2218 3360 2462 3418 Christus
2498 3369 2740 3416 mortuus
2795 3359 2918 3413 est!
2954 3367 3011 3412 ut
3051 3356 3094 3412 si
3144 3355 3296 3410 illum
3361 3353 3625 3408 inﬁrmum
3668 3363 3752 3420 pro

2217 3465 2337 3529 pter
2368 3455 2558 3510 vitium
2584 3469 2691 3524 quo
2719 3452 2964 3508 inﬁrmus
2997 3457 3080 3506 est
3115 3449 3290 3503 minus
3315 3446 3617 3517 diligamus,
3645 3443 3757 3498 illum

2217 3552 2273 3607 in
2300 3566 2366 3606 eo
2396 3548 2805 3605 consideremus
2826 3545 2916 3616 qui
2947 3553 3189 3598 mortuus
3233 3549 3317 3596 est
3347 3549 3560 3609 propter
3584 3539 3761 3608 ipsum;

2217 3644 2488 3700 Christum
2539 3651 2716 3697 autem
2749 3655 2857 3694 non
2898 3638 3144 3708 diligere,
3177 3649 3282 3689 non
3343 3633 3636 3694 inﬁrmitas,
3688 3629 3767 3682 sed

2217 3751 2362 3792 mors
2387 3744 2489 3792 est.
2522 3734 2858 3804 Quapropter
2887 3730 3090 3802 ingenti
3119 3743 3272 3796 cura,
3297 3736 3352 3783 et
3391 3725 3650 3792 implente
3677 3721 3765 3774 Dei

2217 3826 2608 3894 misericordia,
2649 3824 2988 3896 cogitandum
3019 3832 3100 3879 est
3144 3837 3213 3876 ne
3255 3835 3342 3876 nos
3382 3816 3631 3872 Christum
3671 3828 3758 3865 nc-

2216 3923 2477 3994 gligamus
2523 3928 2742 3991 propter
2772 3917 3064 3982 inﬁrmum,
3113 3930 3236 3971 cum
3285 3912 3537 3970 inﬁrmum
3581 3905 3766 3964 debea-

2217 4031 2337 4071 mus
2367 4014 2591 4086 diligere
2622 4020 2841 4084 propter
2866 4011 3164 4066 Christum.

2678 4150 2905 4208 CAPUT
2941 4147 3344 4206 CCLXXXVI].

2215 4268 2296 4324 De
2323 4267 2525 4322 eresi
2544 4264 2942 4338 Pelagiana,“
2970 4263 3099 4338 libro
3129 4263 3192 4314 de
3216 4260 3525 4314 Hteresibus
3544 4257 3606 4311 ad
3629 4255 3767 4321 Quod-

2723 4335 2982 4390 vultdeum
3005 4335 3300 4387 diaconum.

2285 4454 2691 4525 Pelagianorum
2740 4459 2823 4507 est
2870 4449 3094 4505 haeresis
3145 4447 3246 4502 hoc
3274 4455 3531 4516 tempore
3574 4444 3760 4499 omnium

2213 4549 2605 4614 recentissima,
2643 4562 2672 4601 a
2698 4545 2915 4614 Pelagio
2950 4542 3215 4598 monacho
3244 4550 3462 4596 exorta.
3500 4540 3656 4608 Quem
3676 4548 3756 4589 ma-

519 4647 821 4703 audeamus
854 4665 868 4702 :
910 4659 963 4703 et
990 4650 1036 4703 si
1075 4653 1358 4722 quisquam
1389 4661 1474 4708 est
1500 4654 1588 4721 qui
1619 4668 1680 4708 se
1706 4667 1811 4708 non
1836 4655 1999 4710 audet
2028 4655 2108 4710 in;

2215 4647 2440 4716 gistrum
2467 4643 2753 4700 Caelestius
2783 4642 2861 4697 sic
2889 4649 3105 4695 secutus
3131 4646 3232 4703 est,
3262 4646 3318 4692 ut
3369 4648 3668 4694 sectatores
3700 4646 3769 4687 eo-

520 4753 714 4809 gerere
761 4740 829 4792 ad
853 4740 1142 4795 amicitiam
1191 4743 1516 4810 faciendam,
1549 4759 1670 4800 cum
1711 4747 1891 4816 aliquo
1923 4757 2109 4804 nostro

517 4831 807 4901 temporali
858 4831 1066 4886 honore
1095 4842 1185 4887 aut
1231 4835 1492 4905 dignitate
1530 4848 1837 4903 revocetur,
1881 4839 2109 4895 descen-

517 4925 757 4982 dendum
799 4933 883 4980 est
910 4925 978 4978 ad
1012 4939 1158 4992 eum,
1195 4935 1250 4982 et
1279 4928 1611 4984 offerendum
1651 4929 1724 4985 illi
1755 4931 1985 5001 quadam
2015 4947 2108 4988 co-

513 5018 706 5075 mitate
749 5027 804 5074 et
853 5017 1212 5081 submissione
1261 5019 1424 5076 animi
1467 5023 1607 5091 quod
1655 5023 1881 5095 [petere]
1925 5039 2019 5092 per
2046 5040 2105 5081 se

513 5108 634 5181 ipse
663 5125 768 5165 non
798 5111 960 5165 audet
989 5128 1002 5164 :
1034 5124 1167 5165 sane
1189 5113 1435 5180 quamvis
1464 5114 1654 5179 rarius,
1693 5124 1874 5170 tamen
1897 5117 2103 5186 aliquo-

513 5203 619 5259 ties
669 5201 996 5276 [aliquando]
1040 5202 1256 5268 accidit,
1309 5211 1366 5258 ut
1396 5202 1514 5274 ejus
1558 5220 1716 5275 quem
1769 5208 2021 5263 volumus
2051 5211 2103 5264 in

511 5297 804 5354 amicitiam
826 5298 1066 5367 recipere
1088 5298 1235 5367 prius
1259 5297 1764 5354 nobisinuotescant
1784 5302 1922 5356 mala
1941 5317 2102 5371 quam

510 5392 689 5456 bona;
717 5390 912 5459 quibus
933 5391 1122 5446 offensi
1153 5402 1206 5446 et
1230 5391 1630 5462 quodammodo
1662 5397 1986 5464 repercussi,
2013 5412 2104 5454 re-

509 5483 806 5554 linquimus
836 5499 979 5549 eum,
1011 5493 1065 5538 et
1108 5484 1174 5538 ad
1203 5485 1464 5540 bonorum
1495 5487 1633 5555 ejus,
1680 5504 1797 5558 quae
1830 5489 1968 5545 forte
2014 5505 2105 5546 oc-

509 5578 738 5633 cultiora
760 5584 908 5644 sunt,
941 5577 1336 5648 indagationem
1356 5595 1464 5637 non
1497 5583 1863 5652 pervenimus.
1899 5585 2099 5639 Admo-

509 5680 603 5726 not
651 5671 827 5739 itaque
856 5671 1113 5725 Dominus
1139 5681 1321 5727 noster
1349 5671 1507 5730 Jesus
1563 5672 1812 5729 Christus
1865 5677 1955 5744 qui
2001 5693 2098 5734 nos

451 5827 472 5849 ο
511 5759 627 5812 vult
648 5760 787 5814 efﬁci
816 5759 1112 5817 imitatores
1140 5776 1289 5830 suos,
1313 5773 1371 5818 ut
1399 5765 1514 5835 ejus
1542 5767 1753 5821 inﬁrma
1772 5766 2093 5836 toleremus;

433 5878 464 5908 Α
513 5857 571 5906 ut
599 5849 663 5903 ad
695 5851 934 5919 quaedam
967 5867 1097 5910 sana
1129 5854 1183 5910 in
1225 5869 1455 5928 quorum
1485 5856 1852 5916 delectatione
1883 5860 2096 5931 acquie-

2219 4754 2336 4794 rum
2381 4735 2689 4792 leestiani
2718 4734 2879 4790 etiam
2912 4740 3301 4802 nuncupentur.
3354 4731 3420 4786 Hi
3479 4731 3580 4787 Dei
3610 4727 3776 4802 gratim,

2216 4845 2318 4902 qua
2352 4827 2713 4899 praedestinati
2742 4841 2928 4883 sumus
2968 4826 3022 4881 in
3063 4824 3406 4894 adoptionem
3441 4824 3679 4880 filiorum
3709 4837 3780 4890 per

2217 4928 2398 4984 Jesum
2419 4926 2714 4991 Christum,
2757 4923 2810 4978 in
2843 4924 3042 4993 ipsum,
3075 4930 3128 4977 et
3157 4936 3261 4991 qua
3289 4921 3544 4976 eruimur
3567 4921 3634 4977 de
3658 4929 3782 4990 pote-

2214 5029 2354 5076 state
2383 5020 2749 5085 tenebrarum,
2781 5017 2914 5071 utin
2945 5030 3067 5071 eum
3107 5013 3417 5081 credamus,
3451 5024 3629 5085 atque
3652 5013 3702 5067 in
3724 5027 3786 5065 re-

2213 5132 2375 5188 gnum
2403 5116 2572 5185 ipsius
2600 5112 3005 5179 transferamur,
3048 5117 3268 5181 propter
3295 5106 3434 5179 quod
3475 5110 3562 5164 ait
3594 5125 3609 5163 :
3649 5106 3790 5162 Nemo

2211 5208 2361 5264 venit
2393 5207 2460 5262 ad
2487 5221 2594 5272 me,
2629 5205 2730 5260 nisi
2761 5203 2922 5259 fuerit
2949 5203 2997 5259 ei
3045 5202 3227 5257 datum
3279 5215 3310 5255 a
3361 5200 3536 5258 Patre
3565 5216 3720 5257 meo:
3746 5207 3788 5252 et

2209 5317 2312 5372 qua
2341 5300 2655 5357 diffunditur
2687 5297 2923 5355 eharitas
2954 5298 3010 5353 in
3034 5296 3290 5352 cordibus
3320 5298 3554 5362 nostris,
3593 5307 3651 5353 ut
3675 5295 3786 5350 ﬁdes

2208 5411 2305 5467 per
2331 5394 2674 5451 dilectionem
2697 5400 2950 5463 operetur
2981 5408 2995 5445 :
3028 5391 3290 5445 intantum
3322 5386 3538 5445 inimici
3572 5399 3717 5453 sunt,
3745 5395 3790 5440 ut

2209 5490 2324 5545 sine
2348 5489 2447 5544 hac
2476 5501 2636 5558 posse
2663 5485 2936 5542 hominem
2959 5483 3181 5540 credant
3205 5483 3385 5539 facere
3403 5483 3600 5538 omnia
3629 5481 3790 5537 divina

2206 5583 2454 5641 mandata
2488 5600 2502 5640 :
2535 5597 2654 5638 cum
2683 5583 2728 5636 si
2760 5582 2861 5636 hoc
2906 5595 3089 5636 verum
3120 5586 3282 5644 esset,
3315 5578 3517 5632 frustra
3546 5576 3792 5632 Dominus

2203 5678 2402 5734 dixisse
2447 5677 2719 5732 videretur
2771 5693 2783 5729 :
2834 5675 2966 5730 Siue
3014 5689 3101 5730 me
3145 5673 3275 5728 nihil
3324 5673 3562 5742 potestis
3606 5670 3789 5726 facere.

2205 5768 2444 5839 Denique
2472 5767 2764 5837 Pelagiusa
2809 5767 3058 5823 fratribus
3109 5767 3413 5834 increpatus
3460 5764 3616 5834 quod
3668 5761 3789 5818 nihil

2204 5860 2458 5918 tribueret
2505 5860 2770 5931 adjutorio
2817 5860 3004 5931 gratim
3047 5858 3140 5916 Dei
3171 5857 3234 5914 ad
3263 5857 3380 5928 ejus
3414 5856 3681 5913 mandata
3725 5853 3791 5910 fa-
