3986 6382
202 357 307 416 985

1302 364 1738 425 THESAURUS.
1777 360 1931 424 CAP.
1972 365 2393 430 CCLXXXVIII.

3375 386 3480 446 986

202 476 416 545 cirnda,
452 480 781 550 rorreptioni
813 494 997 537 eorum
1030 481 1289 539 hactenus
1335 484 1519 550 cessit,
1575 490 1635 538 ut
1684 497 1753 539 no

1856 478 1986 543 thic
2017 481 2301 556 presbyter
2338 483 2458 552 fuit,
2492 490 2545 541 et
2572 486 2733 542 modo
2762 494 2849 545 est
2874 489 3144 550 Siccensis
3171 496 3474 571 episcopus,

205 583 323 624 cam
356 569 524 626 libero
555 573 775 628 arbitrio
807 586 1164 646 praeponeret,
1209 575 1304 631 sed
1347 576 1548 632 inﬁdeli
1578 577 1784 633 callidi-

202 671 309 718 tate
333 673 675 732 supponeret,
700 665 920 721 dicens:
944 667 1024 721 Ad
1050 667 1149 723 hoc
1174 682 1290 724 eam
1305 668 1419 724 dari
1450 668 1778 738 hominibus,

204 766 269 810 ut
291 772 406 825 quae
443 759 619 813 facere
647 773 741 828 per
771 758 995 814 liberum
1041 759 1321 815 arbitrium
1366 761 1619 829 iubentur
1657 762 1782 818 faci-

208 846 310 900 lius
341 848 543 916 possint
571 849 793 918 implere
825 863 918 920 per
941 851 1185 921 gratiam.
1218 845 1456 908 Dicendo
1485 853 1688 925 utique,
1724 863 1782 910 ut
1807 841 1822 850 ’

197 937 411 994 facilius
444 943 670 1010 possint,
699 943 867 999 voluit
911 945 1078 1012 credi,
1113 947 1322 1001 etiamsi
1362 946 1654 1014 difﬁcilius,
1699 957 1779 1002 ta-

197 1051 319 1090 men
355 1050 510 1104 posse
551 1035 796 1092 homines
837 1039 953 1093 sine
999 1039 1168 1109 gratia
1203 1039 1378 1092 divina
1410 1039 1586 1096 facere
1629 1039 1776 1110 iussa

187 1128 390 1182 divina.
422 1128 569 1184 Illam
596 1115 722 1185 vero
752 1130 974 1201 gratiam
1009 1131 1126 1198 Dei,
1179 1131 1298 1186 sine
1344 1147 1447 1202 qua
1479 1132 1612 1187 nihil
1649 1132 1777 1187 boni

188 1233 472 1287 possumus
505 1220 701 1287 facere,
732 1237 838 1276 non
864 1237 986 1278 esse
1015 1222 1201 1277 dicunt
1229 1223 1330 1278 nisi
1354 1223 1406 1278 in
1433 1223 1602 1279 libero
1633 1224 1778 1280 arbi-

188 1310 314 1376 trio,
351 1310 490 1378 quod
532 1311 695 1367 nullis
720 1314 832 1368 suis
875 1313 1304 1383 praecedentibus
1345 1315 1552 1371 meritis
1581 1317 1649 1371 ab
1681 1318 1776 1373 illo

186 1403 394 1474 accepit
424 1414 604 1460 nostra
647 1416 857 1461 natura.
911 1407 994 1462 Ad
1049 1408 1152 1463 hoc
1209 1416 1416 1464 tantum
1461 1410 1579 1480 ipso
1616 1411 1772 1481 adju-

181 1503 345 1550 vante
375 1510 470 1564 per
519 1512 669 1553 suam
702 1499 872 1570 legem
919 1508 1080 1570 atque
1133 1500 1453 1568 doctrinam,
1496 1511 1554 1558 ut
1602 1503 1774 1560 disca-

183 1602 304 1641 mus
350 1604 468 1659 qua:
509 1589 686 1646 facere
733 1598 788 1647 et
834 1607 954 1660 quae
1004 1607 1226 1662 sperare
1279 1594 1601 1663 debeamus;
1663 1613 1770 1654 non

178 1689 357 1734 autem
383 1681 449 1735 ad
482 1681 583 1737 hoc
604 1691 662 1737 ut
687 1697 780 1753 per
800 1683 1000 1739 donum
1032 1685 1265 1754 Spiritus
1288 1687 1370 1742 sui
1401 1687 1619 1762 [sancti]
1650 1705 1770 1759 qua:

179 1771 523 1830 didicerimus
547 1788 667 1830 esse
706 1775 970 1844 facienda,
1001 1777 1290 1834 faciamus:
1324 1794 1387 1836 ac
1418 1796 1516 1851 per
1547 1781 1649 1838 hoc
1680 1781 1769 1837 di-

1885 586 2007 627 cum
2041 585 2338 633 remeasset
2364 577 2431 633 ab
2461 579 2593 634 urbe
2641 579 2831 651 Roma,
2865 594 2918 640 et
2962 586 3034 641 ibi
3081 602 3202 644 cum
3245 593 3474 662 quodam

1887 669 2012 724 talia
2045 673 2316 729 sentiente
2337 675 2671 746 conﬂigeret,
2700 679 2783 734 vel
2814 695 2872 736 se
2895 682 3200 741 conﬂixisse
3226 687 3468 759 referret,

1883 774 2003 816 cum
2033 773 2348 833 urgueretur
2371 766 2699 841 [urgeretur]
2739 772 2978 840 pondere
3008 777 3271 834 orationis
3297 779 3474 837 Domi-

1883 853 2017 908 nicac
2061 854 2320 927 (Urgebat
2364 860 2506 915 enim
2539 875 2659 918 eum
2708 873 2761 919 et
2807 865 3016 922 dicebat
3046 886 3060 924 :
3087 869 3144 927 Si
3188 870 3244 926 in
3291 886 3473 932 nostra

1880 955 2145 1014 potestate
2200 959 2283 1006 εει
2333 967 2440 1006 ηοη
2494 969 2738 1025 peccare,
2775 968 2829 1014 Θῑ
2881 960 2934 1016 in
2994 971 3176 1020 ηοεῑηι
3233 979 3472 1038 potesta-

1880 1046 1934 1095 te
1973 1048 2056 1095 est
2109 1055 2295 1098 omnes
2336 1059 2675 1115 peccatorum
2729 1054 3052 1113 tentationes
3097 1059 3227 1115 solis
3283 1064 3469 1122 volun-

1881 1133 2003 1188 tatis
2043 1146 2238 1192 nostrze
2269 1139 2470 1196 viribus
2509 1159 2784 1213 superare,
2819 1164 2986 1219 quare
3041 1153 3151 1208 Deo
3192 1155 3417 1214 dicimus
3448 1203 3464 1228 ,

1879 1227 1956 1282 Ne
1986 1245 2082 1284 nos
2108 1230 2306 1288 inferas
2363 1233 2414 1288 in
2470 1238 2877 1312 tcntationem?)
2924 1243 3052 1313 quid
3104 1261 3228 1303 cum
3262 1227 3462 1320 putatis

1877 1320 2252 1386 respondisse?
2285 1321 2575 1393 Rogamus,
2611 1330 2802 1400 inquit,
2836 1331 3005 1390 Deum
3042 1353 3055 1390 :
3091 1335 3170 1393 Ne
3201 1355 3298 1395 nos
3327 1342 3466 1400 infe-

1878 1425 1966 1465 ras
2004 1412 2056 1466 in
2090 1413 2460 1483 tentationem,
2510 1435 2576 1476 ne
2604 1421 2806 1493 aliquid
2840 1427 2967 1483 mali
3005 1431 3290 1500 patiamur,
3323 1439 3465 1507 quod

1876 1518 1982 1557 non
2016 1505 2270 1561 habemus
2303 1509 2354 1563 in
2407 1519 2672 1579 potestate
2700 1532 2715 1568 :
2741 1531 2806 1571 ne
2835 1533 2986 1576 ruam
3028 1523 3096 1578 de
3126 1540 3284 1597 equo,
3316 1505 3368 1583 et
3399 1546 3465 1587 ne

1873 1593 2112 1667 frangam
2137 1598 2351 1667 pedem,
2380 1616 2447 1656 ne
2479 1602 2616 1659 latro
2657 1620 2742 1661 me
2768 1607 3075 1680 interﬁciat,
3121 1593 3334 1689 etquid
3367 1623 3466 1679 hu-

1829 1686 2102 1758 sjusmodi
2134 1707 2148 1744 :
2179 1690 2304 1748 Haec
2334 1695 2496 1763 enim,
2521 1697 2709 1768 inquit,
2734 1717 2840 1757 non
2868 1704 3042 1762 habeo
3074 1709 3126 1763 in
3158 1686 3460 1780 potestate:

1873 1795 1995 1836 nam
2021 1784 2240 1841 vincere
2253 1790 2577 1847 tentationes
2595 1804 2937 1861 peccatorum
2962 1815 3228 1873 meorum,
3253 1807 3298 1862 si
3317 1809 3462 1876 volo,

175 1866 373 1921 vinitus
404 1869 557 1922 nobis
601 1868 715 1923 dari
754 1869 1036 1926 scientiam
1071 1873 1422 1941 conﬁtentur,
1469 1890 1571 1945 qua
1608 1876 1764 1946 igno-
1795 1888 1846 1952 Β
1872 1881 1925 1930 et
1951 1889 2192 1964 possum.
2227 1891 2326 1934 nec
2370 1880 2464 1936 Dei
2492 1883 2767 1951 adju'orio
2814 1903 3054 1959 Possum-
3091 1894 3316 1964 νὶἀθιίε,
3351 1901 3461 1954 ffa-

174 1960 348 2014 rantia
381 1961 612 2029 pellitur,
666 1963 985 2019 cliaritatem
1035 1974 1213 2022 autem
1243 1966 1360 2021 dari
1402 1976 1625 2038 negant,
1659 1984 1763 2040 qua

172 2051 261 2121 pie
289 2052 521 2120 vivitur;
553 2063 610 2109 ut
637 2057 861 2123 scilicet,
895 2073 1014 2114 cum
1047 2061 1120 2114 sit
1153 2060 1246 2116 Dei
1289 2061 1491 2117 donum
1531 2063 1761 2121 scientia

168 2159 291 2214 quae
319 2144 434 2201 sine
464 2146 722 2203 charitate
770 2150 943 2219 inﬂat,
995 2167 1104 2206 non
1132 2153 1206 2208 sit
1255 2153 1348 2209 Dei
1394 2155 1592 2211 donum
1645 2157 1760 2227 ipsa

170 2234 430 2304 Charitas,
458 2254 577 2309 quae
617 2249 674 2296 ut
721 2241 946 2298 scientia
996 2258 1104 2299 non
1162 2244 1336 2312 inﬂet,
1368 2246 1618 2303 aediﬁcat.
1654 2250 1760 2305 De-

167 2336 383 2384 strunnt
411 2331 573 2387 etiam
597 2335 870 2391 orationes
903 2329 1038 2405 quas
1067 2334 1196 2392 facit
1228 2338 1493 2406 Ecclesia,
1520 2341 1634 2395 sive
1663 2355 1759 2410 pro

171 2418 478 2478 infidelibus
504 2430 560 2477 et
589 2423 849 2481 doctrina:
877 2426 975 2482 Dei
1015 2428 1410 2495 resistentibus,
1448 2440 1506 2485 ut
1533 2445 1761 2487 conver-

170 2516 349 2566 tantur
374 2512 440 2566 ad
465 2527 610 2579 eum,
653 2517 768 2571 sive
793 2532 892 2585 pro
913 2517 1184 2586 ﬁdelibus,
1219 2528 1276 2573 ut
1303 2530 1564 2590 augeatur
1601 2522 1653 2576 in
1679 2522 1760 2578 eis

167 2602 323 2671 fides,
349 2615 402 2661 et
440 2619 785 2676 perseverent
824 2611 878 2664 in
909 2626 995 2667 ea.
1030 2612 1155 2668 Haec
1177 2614 1375 2684 quippe
1405 2629 1510 2670 non
1547 2616 1614 2671 ab
1642 2617 1759 2686 ipso

164 2697 430 2768 accipere,
459 2700 553 2755 sed
599 2717 628 2754 a
659 2702 852 2770 seipsis
880 2703 1126 2761 homines
1156 2705 1358 2762 habere
1398 2709 1752 2779 contendunt,

163 2789 390 2858 gratiam
438 2789 531 2846 Dei
563 2805 666 2862 qua
702 2791 992 2850 liberamur
1035 2796 1102 2852 ab
1157 2796 1453 2868 impietate,
1512 2801 1756 2858 dicentes

161 2887 456 2941 secundum
485 2885 874 2945 merita'nostra
901 2890 1038 2947 dari.
1071 2891 1227 2960 Quod
1259 2893 1475 2964 quidem
1504 2896 1754 2968 Pelagius

161 2977 216 3034 in
249 2979 540 3048 episcOpali
585 2979 790 3050 judicio
849 2983 1134 3040 Palaestino
1185 2985 1428 3043 damnari
1486 2999 1751 3060 metuens,

161 3067 426 3124 damnare
454 3073 763 3140 compulsus
793 3081 906 3138 est;
955 3075 1050 3131 sed
1102 3077 1154 3132 in
1207 3080 1596 3148 posterioribus
1639 3084 1751 3140 suis

158 3160 394 3229 scriptis,
420 3162 521 3216 hoc
566 3164 833 3220 invenitur
872 3165 1087 3223 docere.
1130 3168 1187 3224 In
1242 3169 1296 3225 id
1339 3171 1499 3228 etiam
1530 3189 1750 3246 progre-

156 3253 378 3308 diuntur
407 3264 463 3308 ut
489 3254 668 3311 dicant
692 3259 855 3313 vitam
881 3258 1151 3328 iustorum
1182 3261 1235 3318 in
1261 3262 1363 3320 hoc
1399 3267 1600 3324 saeculo
1624 3270 1745 3324 nul-

159 3345 271 3402 lum
305 3348 524 3402 omnino
564 3348 764 3406 habere
794 3361 1094 3422 peccatum,
1139 3363 1195 3410 et
1220 3371 1290 3411 ex
1332 3357 1414 3412 his
1447 3358 1741 3418 Ecclesiam

161 3438 364 3494 Christi
389 3440 442 3494 in
469 3439 568 3495 hac
594 3443 917 3500 mortalitate
947 3446 1149 3515 perfici,
1183 3457 1240 3502 ut
1268 3449 1340 3504 sit
1372 3452 1596 3508 omnino
1627 3457 1744 3510 sine

152 3530 366 3586 macula
411 3539 466 3586 et
494 3546 623 3601 ruga
659 3549 673 3586 :
702 3534 852 3603 quasi
887 3550 991 3590 non
1022 3537 1092 3591 sit
1120 3536 1320 3594 Christi
1350 3539 1591 3598 Ecclesia
1623 3561 1744 3614 qua:

155 3631 276 3679 toto
317 3632 582 3679 terrarum
621 3626 753 3682 orbe
781 3629 978 3684 clamat
1030 3630 1096 3686 ad
1151 3631 1474 3690 Dominum:
1526 3638 1744 3696 Dimitte

150 3714 316 3771 nobis
347 3715 527 3771 debita
569 3727 774 3773 nostra.
822 3718 1080 3777 Parvulos
1119 3724 1279 3779 etiam
1326 3736 1524 3798 negant
1549 3744 1743 3787 secun-

153 3807 286 3862 dum
312 3809 482 3865 Adam
511 3813 800 3869 carnaliter
828 3823 1006 3882 natos,
1030 3819 1334 3889 contagium
1363 3824 1551 3880 mortis
1577 3823 1740 3899 [anti-

149 3899 297 3970 quae]
333 3903 501 3968 prima
531 3905 809 3961 nativitate
849 3910 1192 3967 contrahere.
1221 3913 1310 3970 Sic
1338 3918 1481 3973 enim
1509 3934 1604 3977 eos
1625 3924 1742 3981 sine

147 3991 265 4046 ullo
291 3992 494 4058 peccati
516 3995 792 4062 originalis
813 3999 1029 4054 vinculo
1049 4013 1301 4059 asserunt
1317 4010 1489 4075 nasci,
1509 4021 1567 4065 ut
1591 4027 1742 4081 pror-

148 4094 250 4137 Sus
281 4095 384 4135 non
415 4082 486 4137 sit
515 4086 656 4152 quod
687 4087 765 4141 eis
794 4099 1041 4157 oporteat
1064 4096 1302 4150 secunda
1343 4099 1622 4160 nativitate
1659 4105 1743 4160 di-

145 4173 325 4240 mitti;
358 4175 453 4230 sed
487 4191 581 4232 eos
608 4189 890 4249 propterea
922 4182 1180 4252 baptizari
1226 4198 1306 4256 ut,
1332 4197 1741 4262 regeneratione

143 4265 410 4335 adoptati,
443 4268 794 4328 admittantur
820 4275 883 4329 ad
907 4291 1128 4346 regnum
1159 4279 1358 4346 Dei,de
1379 4285 1589 4344 bonoin
1624 4308 1741 4348 me-

143 4356 255 4413 lius
287 4360 548 4426 translati,
579 4377 687 4418 non
717 4365 819 4422 ista
848 4371 1257 4437 regeneratione
1280 4376 1350 4432 ab
1391 4379 1571 4451 aliquo
1599 4387 1741 4442 malo

141 4451 492 4522 obligationis
519 4459 714 4513 veteris
745 4460 1008 4517 absoluti:
1040 4479 1162 4522 nam
1195 4469 1407 4528 etiamsi
1435 4491 1543 4531 non
1568 4477 1742 4549 bapti-

141 4556 358 4617 zentur,
379 4549 697 4618 promittunt
716 4555 795 4610 eis
817 4567 968 4611 extra
999 4573 1223 4631 regnum
1249 4566 1465 4634 quidem
1494 4569 1612 4638 Dei,
1642 4575 1738 4630 sed

141 4645 325 4691 tamen
352 4649 605 4697 aeternam
633 4653 686 4698 et
715 4645 926 4702 beatam
955 4653 1241 4720 quamdam
1260 4658 1423 4714 vitam
1452 4677 1628 4721 suam.
1656 4665 1740 4736 lp-
1770 4680 1826 4741 D
1849 4677 2042 4724 caetera
2074 4671 2218 4726 talia.
2245 4645 2494 4744 Prorsus,

138 4739 264 4782 sum
277 4743 490 4800 quoque
506 4733 675 4789 Adam
687 4736 892 4806 dicunt,
907 4741 1124 4799 etiamsi
1149 4761 1254 4802 non
1270 4764 1566 4823 peccasset,
1581 4733 1744 4816 fuisse

138 4833 374 4888 corpore
387 4824 702 4880 moriturum
723 4846 736 4895 ;
752 4845 924 4900 neque
945 4834 1017 4889 ita
1037 4848 1308 4896 mortuum
1323 4846 1518 4901 merito
1543 4850 1738 4922 culpae,

135 4913 243 4969 sed
288 4915 596 4972 conditione
635 4928 861 4976 naturae.
891 4922 1229 4995 Objiciuntur
1259 4935 1338 4988 eis
1377 4943 1432 4991 et
1467 4938 1571 4992 alia
1603 4913 1739 4997 non;

135 5004 312 5070 nulla,
347 5008 440 5062 sed
476 5008 574 5063 ista
603 5021 729 5066 sunt
768 5017 1029 5085 maxime,
1082 5035 1150 5076 ex
1199 5024 1390 5093 quibus
1431 5031 1735 5104 intelligun-

136 5105 236 5153 tur
272 5099 430 5154 etiam
478 5101 589 5171 illa,
622 5105 709 5159 vel
735 5116 924 5163 cuncta
965 5111 1046 5164 vel
1077 5127 1214 5180 pene
1249 5128 1440 5176 cuncta
1471 5099 1728 5193 pendere.

597 5195 820 5254 CAPUT
858 5201 1277 5265 CCLXXXVIII.

131 5311 253 5383 63
284 5308 416 5366 Item
442 5312 504 5366 de
533 5315 711 5369 eadem
734 5314 1140 5396 Pelagianorum
1173 5327 1373 5396 haeresi,
1407 5348 1471 5386 ea:
1504 5349 1736 5392 sermone

64 5415 88 5461 ,ἐ
758 5390 838 5442 Ad
864 5393 1131 5461 populant.

217 5474 315 5531 llla
342 5474 449 5532 duo
481 5496 492 5531 :
522 5477 740 5534 Dimitte
769 5482 922 5536 nobis
944 5484 1122 5542 debita
1155 5502 1363 5565 nostra,
1397 5498 1534 5553 sicut
1555 5509 1607 5556 et
1637 5517 1738 5560 nos

133 5567 470 5626 dimittimus
497 5571 826 5628 debitoribus
850 5578 1083 5648 nostris,
1118 5589 1193 5649 et,
1227 5585 1303 5642 Ne
1331 5603 1430 5642 nos
1456 5591 1655 5648 inferas
1685 5596 1738 5651 in

135 5662 498 5718 tentationem
518 5707 532 5729 ,
559 5665 776 5734 quando
795 5666 1093 5740 Pelagianis
1115 5675 1462 5750 objiciuntur,
1493 5685 1616 5754 quid
1646 5702 1738 5744 eos

137 5756 347 5825 putatis
396 5758 724 5828 respondere
752 5760 774 5813 7
807 5761 1010 5829 horrui,
1033 5764 1231 5824 fratres
1260 5773 1386 5840 mei,
1411 5777 1625 5845 quando
1644 5797 1738 5835 au-

136 5847 256 5925 divi
291 5858 428 5916 :ego
469 5848 684 5919 quidem
720 5865 826 5906 non
855 5853 1035 5908 audivi
1064 5859 1285 5916 auribus
1309 5863 1461 5932 meis,
1484 5868 1577 5923 sed
1612 5885 1737 5926 san-

137 5945 271 5994 ctus
298 5939 462 5998 frater
492 5951 546 5999 et
572 5944 922 6019 coepiscopus
951 5965 1103 6010 meus
1124 5953 1374 6017 Urbanus
1419 5972 1618 6033 noster,
1648 5967 1739 6039 qui

1865 1958 1996 2033 tres,
2028 1984 2188 2038 quam
2220 1972 2452 2043 maligna
2485 1975 2733 2044 haeresis;
2768 1982 2962 2040 videtis
3011 1989 3460 2056 quemadmodum

1862 2073 2051 2115 omnes
2074 2060 2323 2130 horretis,
2354 2076 2541 2124 cavete
2571 2084 2638 2125 ne
2671 2074 2960 2143 capiamini
2985 2095 2997 2143 ;
3026 2080 3150 2134 novi
3173 2083 3316 2138 enim
3349 2088 3463 2141 eal-

1862 2149 2100 2206 liditates
2124 2162 2177 2206 et
2201 2155 2678 2225 tergiversationes
2696 2164 2977 2223 hominum
3004 2170 3288 2242 impiorum
3307 2194 3462 2235 aver-

1861 2258 2047 2299 sorum
2094 2261 2121 2297 a
2164 2249 2424 2315 veritate;
2471 2261 2523 2306 et
2554 2257 2679 2322 quia
2720 2255 2851 2328 jam]
2880 2261 2933 2315 in
2978 2277 3104 2319 suas
3165 2273 3462 2329 sententias

1861 2337 2194 2405 ceciderunt,
2229 2342 2368 2398 vinci
2394 2345 2713 2418 nolentium,
2729 2352 2924 2424 videte,
2951 2357 3178 2416 obsecro
3197 2378 3312 2430 vos,
3333 2381 3460 2426 ecce

1862 2429 2065 2486 invenit
2096 2434 2235 2501 quod
2265 2436 2494 2506 diceret,
2523 2440 2645 2497 ideo
2682 2459 2780 2500 nos
2811 2447 2992 2505 dicere
3019 2469 3030 2506 :
3063 2453 3139 2508 Ne
3178 2471 3276 2511 nos
3302 2429 3480 2515 infe-r

1861 2536 1950 2576 ras
1980 2523 2031 2577 in
2067 2527 2438 2600 tentationem,
2473 2547 2539 2586 ne
2570 2533 2776 2605 aliquid
2807 2540 2963 2597 nobis
2985 2546 3279 2616 contingat,
3311 2553 3454 2621 quod

1861 2629 1968 2669 non
1996 2616 2252 2675 habemus
2283 2621 2335 2676 in
2366 2631 2652 2692 potestate,
2678 2632 2974 2688 secundum
3005 2640 3249 2708 corporis
3285 2616 3458 2697 tenta-

1860 2706 2085 2764 tionem.
2149 2711 2277 2768 Inde
2335 2729 2464 2786 ergo
2519 2718 2732 2775 dicebat
2785 2723 3040 2783 Dominus
3075 2706 3351 2803 :iV’igilate
3404 2744 3456 2792 et

1858 2811 2042 2870 orate,
2078 2819 2144 2859 ne
2177 2805 2391 2864 intretis
2429 2810 2483 2865 in
2519 2815 2866 2871 tentationem
2893 2836 2912 2890 ε
2944 2820 3046 2876 hoc
3080 2822 3335 2880 dicebat:
3364 2826 3456 2882 Vi-

1857 2895 2020 2963 gilate
2061 2907 2116 2952 et
2159 2909 2340 2968 orate,
2377 2917 2445 2958 ne
2486 2904 2677 2974 pedem
2721 2907 3012 2981 frangatis,
3059 2923 3151 2968 aut
3184 2931 3251 2970 ne
3293 2927 3454 2988 caput

1857 2987 2116 3059 deleatis,
2166 3003 2256 3048 aut
2296 3010 2363 3050 ne
2414 2998 2466 3052 in
2519 2999 2772 3056 damnum
2819 3003 3138 3074 incurratis;
3193 3025 3298 3064 non
3349 3011 3452 3071 hoc

1856 3076 2092 3148 dicebat,
2134 3085 2228 3138 sed
2283 3086 2409 3155 quid
2453 3088 2706 3145 dicebat?
2734 3095 2877 3162 quod
2929 3096 3087 3154 Petro
3134 3100 3310 3157 dixit:
3341 3103 3451 3161 Ro-

1853 3174 1972 3240 gavi
2004 3189 2101 3243 pro
2151 3187 2225 3244 te,
2261 3193 2329 3234 ne
2358 3180 2574 3238 deﬁciat
2630 3185 2761 3241 ﬁdes
2805 3197 2928 3255 tua;
2977 3191 3203 3263 Rogavi,
3256 3197 3446 3270 inquit,

1773 3285 1822 3351 α
1852 3296 1948 3354 pro
1980 3295 2052 3356 te,
2087 3289 2216 3346 dicit
2269 3292 2412 3350 Deus
2443 3294 2680 3367 homini;
2731 3300 3001 3374 dominus,
3049 3322 3242 3377 servo;
3278 3285 3446 3386 magi-

1847 3389 1979 3447 ster,
2031 3383 2326 3454 discipulo;
2377 3391 2639 3461 medicus,
2697 3407 2898 3465 aegroto
2932 3414 2948 3456 :
2983 3404 3160 3471 rogavi
3212 3420 3311 3474 pro
3369 3383 3442 3476 te,

1848 3475 2019 3543 quid?
2050 3491 2118 3531 ne
2146 3477 2359 3533 deﬁciat
2384 3497 2397 3532 :
2446 3482 2627 3548 Quid?
2657 3500 2849 3542 manus
2882 3497 2991 3556 tua,
3022 3507 3116 3561 pcs
3144 3503 3285 3561 tuus,
3317 3513 3448 3555 ocu-

1846 3562 1929 3619 lus
1960 3574 2100 3629 tuus,
2134 3569 2308 3637 lingua
2343 3579 2454 3638 tua,
2485 3574 2666 3644 aliqua
2691 3580 2972 3649 paralysis,
3006 3583 3057 3637 id
3091 3593 3176 3639 est
3205 3587 3439 3648 dissolu-

1845 3651 1922 3709 tio
1962 3657 2365 3716 membrorum?
2389 3677 2519 3730 non,
2542 3667 2658 3737 sed,
2694 3683 2761 3724 ne
2801 3670 3015 3728 deﬁciat
3045 3674 3177 3732 ﬁdes
3202 3687 3309 3734 tua.
3345 3683 3442 3739 Se-

1846 3746 2079 3804 cundum
2103 3750 2235 3806 istos
2259 3752 2311 3808 in
2348 3764 2612 3824 potestate
2653 3759 2936 3830 habemus,
2966 3780 3035 3821 ne
3065 3766 3278 3826 deﬁciat
3309 3772 3442 3832 ﬁdes

1845 3848 2053 3895 nostra.
2083 3842 2262 3910 Quare
2305 3861 2404 3917 pro
2431 3849 2585 3904 nobis
2611 3861 2828 3923 rogatur
2859 3855 3021 3927 Deus,
3072 3869 3128 3916 ut
3172 3867 3439 3925 concedat

1845 3944 2036 4000 rogare
2055 3933 2208 3990 nobis
2234 3938 2376 4006 quod
2404 3929 2494 3994 isti
2519 3941 2727 4011 dicunt,
2753 3960 2850 4002 nos
2882 3964 2987 4004 non
3008 3949 3208 4010 debere
3235 3970 3264 4010 a
3293 3972 3438 4014 sem-

1845 4023 2052 4091 piterna
2080 4026 2382 4096 majestate,
2409 4032 2500 4087 sed
2531 4033 2730 4089 habere
2783 4038 2834 4090 in
2880 4048 3170 4106 potestate.
3210 4045 3441 4103 Benedi-

1845 4113 2071 4178 Ctiones,
2097 4115 2290 4172 fratres
2318 4122 2450 4187 mei,
2483 4121 2887 4182 benedictiones
2917 4139 3152 4200 nostras,
3180 4149 3315 4205 quas
3343 4152 3438 4193 sn-

1845 4219 1943 4274 per
1975 4222 2064 4261 vos
2089 4208 2335 4279 facimus,
2364 4225 2647 4282 evacuant,
2680 4218 3018 4290 exinaniunt,
3047 4225 3274 4284 elidunt.
3322 4229 3438 4285 Au-

1845 4295 2002 4353 distis
2022 4314 2130 4365 me,
2165 4303 2350 4370 credo,
2380 4301 2576 4363 fratres
2606 4311 2731 4375 mei,
2767 4314 2980 4382 quando
3004 4302 3148 4383 dico,
3192 4323 3439 4380 conversi

1845 4389 1910 4444 ad
1932 4391 2210 4449 Dominum
2239 4396 2621 4457 benedicamus
2645 4417 2841 4461 nomen
2858 4405 3008 4476 ejus;
3034 4409 3291 4470 detnobis
3318 4431 3440 4484 per-

1844 4494 2098 4538 severare
2123 4486 2175 4540 in
2236 4489 2505 4546 mandatis
2542 4494 2673 4558 suis,
2727 4496 3002 4553 ambulare
3046 4500 3104 4556 in
3153 4505 3234 4558 via
3289 4516 3439 4565 recta

1843 4573 2164 4632 eruditionis
2193 4593 2328 4650 sum,
2362 4583 2574 4652 placere
2605 4586 2685 4642 illi
2718 4586 2772 4641 in
2803 4590 2948 4645 omni
2995 4606 3160 4662 opere
3189 4595 3352 4665 bono,
3383 4610 3438 4656 et

2548 4679 2813 4748 inquiunt,
2861 4681 2965 4739 hoc
2993 4692 3163 4743 totum
3202 4686 3254 4746 in
3287 4701 3438 4761 pote-

1848 4766 1987 4815 state
2013 4773 2191 4818 nostra
2219 4779 2300 4821 est
2328 4769 2701 4826 constitutum.
2738 4773 2882 4845 Ergo
2908 4793 3007 4833 nos
3051 4779 3283 4840 inaniter
3312 4783 3437 4840 talia

1844 4850 1998 4908 vobis
2019 4864 2287 4922 optamus,
2309 4857 2657 4916 defendamus
2688 4879 2788 4920 nos
2809 4875 2864 4920 et
2887 4883 3007 4936 vos,
3037 4886 3104 4927 ne
3129 4881 3185 4928 et
3201 4887 3301 4932 nos
3320 4873 3438 4930 sine

1842 4956 2002 5000 causa
2025 4948 2429 5018 benedicamus,
2463 4962 2518 5008 et
2540 4969 2633 5011 vos
2661 4958 2781 5014 sine
2808 4973 2970 5016 causa
3000 4964 3171 5020 Amen
3201 4966 3437 5022 subscri-

1839 5035 2000 5096 batis.
2031 5041 2245 5099 Fratres
2267 5047 2392 5115 mei,
2424 5047 2592 5105 Amen
2617 5061 2852 5111 vestrum
2881 5059 3101 5128 scriptio
3122 5069 3298 5116 vestri.
3327 5072 3432 5128 est,

1842 5137 2128 5190 consensio
2157 5145 2335 5194 vestra
2360 5149 2464 5208 est,
2491 5143 2834 5216 adstipulatio
2862 5160 3042 5206 vestra
3068 5159 3172 5218 est,
3206 5168 3273 5208 ne
3295 5154 3437 5212 forte

1843 5221 2008 5295 aliqui
2033 5228 2268 5298 ipsorum
2292 5241 2346 5288 et
2374 5249 2477 5291 nos
2495 5239 2821 5303 condemnet
2842 5250 2897 5300 et
2913 5256 3008 5296 vos
3033 5260 3045 5296 :
3077 5245 3436 5304 defendamus

1845 5327 1946 5369 nos
1970 5315 2039 5373 de
2064 5320 2308 5390 apostolo
2335 5323 2521 5394 Paulo,
2554 5328 2835 5386 videamus
2857 5333 2900 5386 si
2923 5332 3044 5389 talia
3069 5338 3274 5405 Optavit
3293 5339 3435 5409 plebi

1843 5421 1977 5465 suae.
2007 5411 2203 5470 Audite
2232 5417 2356 5485 quid
2403 5420 2617 5489 dixerit,
2652 5425 2828 5494 qualia
2858 5441 3074 5485 oramus
3105 5444 3266 5500 super
3309 5448 3428 5502 vos,

1846 5503 2026 5560 audite
2052 5507 2178 5577 quid
2209 5511 2400 5568 dixerit
2427 5516 2658 5585 quodam
2692 5517 2812 5573 loco
2843 5535 2857 5573 :
2899 5534 3013 5576 rem
3046 5521 3263 5580 brevem
3286 5525 3431 5595 dico,

1844 5595 1984 5665 quod
2002 5596 2154 5666 dicis,
2178 5615 2210 5655 ο
2242 5617 2378 5660 nove
2399 5605 2675 5673 baeretice,
2701 5608 3008 5682 quicunque
3051 5629 3140 5671 me
3171 5616 3350 5684 audis,
3385 5619 3433 5675 sl

1843 5700 2083 5756 praesens
2111 5706 2192 5759 es,
2223 5695 2349 5763 quid
2400 5697 2572 5752 dicis?
2600 5699 2735 5765 Quia
2785 5717 2892 5758 non
2925 5719 3147 5774 peccare
3193 5709 3248 5763 in
3276 5719 3402 5779 pote
3428 5746 3434 5767 ι

1843 5787 1982 5835 state
2029 5783 2106 5838 sic
2167 5785 2445 5854 habemus,
2497 5798 2554 5845 ut
2601 5792 2702 5847 hoc
2754 5795 2872 5853 sine
2925 5797 3191 5869 adjutorio
3237 5802 3432 5861 divinis

1842 5876 2024 5944 gratiae
2050 5879 2272 5950 implere
2304 5884 2573 5952 possimus
2594 5887 2724 5955 ;hpc
2753 5891 2908 5960 dicis,
2941 5895 3061 5966 hoc,
3083 5897 3272 5969 inquit,
3301 5916 3429 5971 crgo

1845 5970 1900 6026 in
1948 5981 2214 6044 potestate
2255 5976 2538 6050 habemus,
2570 5997 2674 6045 non
2707 5999 2933 6060 peccare
2986 5990 3103 6049 sine
3155 5993 3424 6066 adjutorio
