3986 6382
565 416 667 473 987

1638 410 1699 467 Ι).
1746 408 2069 468 EUGYPPII
2105 406 2397 467 ABBATIS
2436 408 2761 466 AFRICANI
3755 417 3833 473 933

538 528 706 586 Dei?
757 526 933 599 plane,
982 525 1176 597 inquit,
1226 523 1453 581 liberum
1486 522 1763 581 arbitrium
1807 535 2051 581 nostrum
2084 520 2149 579 ad
2180 524 2231 601 Α
2259 522 2455 578 fratres
2502 522 2605 577 ιιιεί
2642 539 2656 576 :
2697 521 2939 596 quisquis
2988 525 3055 581 ad
3088 538 3183 583 vos
3226 524 3556 591 accesserit,
3590 533 3646 580 et
3672 526 3831 584 dixerit

565 622 671 680 hoc
697 624 852 679 nobis
879 621 1069 677 sufﬁcit
1093 637 1107 673 :
1134 618 1259 690 quid
1288 628 1371 675 est
1399 633 1529 690 ergo
1558 619 1700 691 quod
1733 619 1806 674 ait
1837 618 2149 688 Apostolus,

566 717 807 775 scribens
837 714 902 769 ad
922 711 1264 769 Corinthios?
1290 712 1519 769 Oramus
1550 712 1615 766 ad
1645 712 1810 768 Deum
1838 727 1903 767 nc
1925 712 2051 784 quid
2076 710 2155 766 fa-

568 808 724 865 ciatis
755 807 909 871 mali;
938 803 1271 873 attendistis,
1300 804 1544 873 audistis,
1576 804 1885 875 accepistis,
1930 812 1984 861 et
2027 804 2152 874 quia

570 898 1063 957 manifestissimum
1113 906 1217 967 est,
1264 897 1381 953 sine
1428 896 1593 952 dubio
1642 896 1980 953 intellexistis
2008 895 2152 970 quod

564 992 736 1047 oravit
765 992 1055 1064 Apostolus
1085 990 1371 1059 :Oramus,
1406 991 1603 1063 inquit,
1629 989 1694 1045 ad
1724 989 1892 1047 Deum
1930 1006 1996 1046 ne
2027 990 2152 1059 quid

561 1087 747 1143 aciatis
772 1088 933 1155 mali;
964 1095 1175 1159 poterat
1215 1087 1397 1142 dicere
1424 1103 1437 1140 :
1471 1086 1751 1142 Monemus
1782 1100 1877 1141 vos
1909 1100 1976 1142 nc
2004 1083 2135 1156 quid

564 1180 773 1237 faciatis
802 1182 951 1246 mali,
975 1180 1233 1236 docemus
1264 1194 1359 1235 vos
1391 1194 1459 1235 ne
1488 1178 1612 1251 quid
1642 1179 1848 1235 faciatis
1888 1178 2036 1245 mali,
2066 1178 2153 1249 iu-

525 1320 531 1327 .
562 1274 757 1331 bemus
785 1273 959 1341 vobis,
994 1273 1337 1346 praecipimus
1362 1272 1551 1340 vobis;
1582 1270 1723 1343 quod
1755 1271 1969 1342 quidem
1998 1271 2041 1327 si
2073 1272 2155 1328 di-

564 1376 730 1434 ceret,
767 1376 970 1423 certum
1004 1366 1226 1434 diceret,
1261 1367 1381 1437 quia
1435 1376 1490 1421 et
1536 1366 1783 1423 voluntas
1836 1376 2015 1423 n05tra
2044 1366 2154 1437 agit

563 1460 787 1531 aliquid,
821 1474 925 1514 non
959 1459 1101 1515 enim
1134 1458 1381 1513 voluntas
1439 1466 1618 1513 nostra
1670 1457 1802 1511 nihil
1852 1458 1984 1530 agit,
2037 1459 2152 1514 sola

559 1568 666 1611 non
698 1552 892 1607 sufﬁcit
916 1570 928 1619 ;
954 1551 1140 1607 maluit
1165 1560 1340 1608 tamen
1370 1551 1570 1617 dicere,
1619 1550 1869 1619 Oramus,
1895 1561 1950 1607 ut
1982 1553 2151 1624 ipsam

562 1650 785 1721 gratiam
818 1649 1247 1719 commendaret,
1282 1659 1339 1705 ut
1384 1648 1743 1723 intelligerent
1792 1648 1888 1715 illi,
1938 1649 2153 1720 quando

563 1760 669 1800 non
701 1742 974 1798 sufﬁciunt
1001 1743 1201 1817 aliquid
1244 1742 1389 1808 mali,
1442 1756 1545 1797 non
1584 1742 1700 1799 sola
1750 1758 1846 1799 sua
1877 1732 2153 1799 voluntate

560 1854 620 1895 se
648 1839 817 1894 vitare
844 1838 1064 1906 malum,
1113 1838 1206 1893 sed
1255 1835 1522 1908 adiutorio
1588 1836 1685 1891 Dei
1736 1836 1965 1906 implere
2008 1838 2151 1908 quod

2261 614 2447 670 vobis:
2495 614 2632 683 Quid
2681 628 2808 685 ergo
2838 632 2935 672 nos
2978 617 3221 685 facimus,
3250 617 3295 673 si
3325 617 3466 672 nihil
3500 616 3755 673 habemus
3791 622 3826 675 in

2260 717 2521 779 potestate
2553 708 2654 765 nisi
2689 711 2826 769 Deus
2848 710 2941 767 det
2960 711 3181 777 omnia;
3210 725 3341 782 ergo
3372 724 3488 765 non
3516 723 3619 764 nos
3641 724 3828 765 corona-

2260 800 2335 856 bit
2364 800 2505 857 Deus
2526 841 2542 869 ,
2574 803 2664 859 sed
2694 818 2753 860 se
2783 802 3106 859 coronabit:
3133 802 3247 876 iam
3278 802 3489 859 videtis
3510 803 3637 872 quia
3666 803 3727 859 de
3761 806 3823 860 iu:

2256 910 2391 951 vena
2417 896 2600 965 venit';
2634 912 2766 953 vena
2810 908 2914 964 est,
2954 897 3050 955 sed
3071 912 3341 957 venenum
3372 897 3587 955 habet:
3613 914 3823 968 permissa

2257 1000 2340 1047 est
2368 1006 2509 1047 enim
2533 1007 2563 1047 a
2589 1003 2862 1065 serpente,
2890 1007 3021 1051 sana
3048 1008 3155 1049 non
3184 1000 3301 1059 est;
3326 993 3430 1050 hoc
3454 992 3609 1047 enim
3638 994 3737 1062 agit
3764 995 3821 1047 ho-

2256 1080 2345 1139 die
2360 1080 2608 1152 Satanas,
2632 1084 3023 1157 quomodo'per
3038 1099 3245 1142 venena
3271 1083 3665 1142 hereticorum
3686 1086 3820 1157 eiiciat

2257 1172 2323 1229 dc
2352 1174 2624 1243 Ecclesia,
2673 1177 2815 1232 sicut
2844 1186 2970 1232 tunc
3002 1191 3098 1247 per
3126 1191 3333 1233 venena
3386 1180 3670 1248 serpentis
3704 1180 3817 1248 eiait

2257 1267 2324 1324 de
2354 1268 2620 1338 paradiso.
2652 1270 2807 1327 Illum
2856 1286 3015 1329 nemo
3063 1269 3207 1328 dicat
3254 1270 3579 1327 absolutum
3625 1285 3735 1327 esse
3772 1274 3816 1325 ab

2256 1360 2553 1431 episcopis,
2579 1362 2820 1419 absoluta
2846 1374 2950 1430 εει,
2975 1364 3071 1420 sed
3099 1362 3377 1420 confessio
3402 1362 3574 1436 quasi
3599 1366 3813 1419 correctio

2256 1452 2369 1523 ipsa
2394 1463 2479 1509 cst
2518 1453 2791 1522 absoluta,
2825 1458 2947 1527 quia
2990 1469 3054 1511 ea
3097 1470 3219 1526 quae
3247 1454 3393 1512 dixit
3429 1470 3570 1513 ante
3590 1456 3815 1526 episcopos

2256 1546 2521 1604 catholica
2548 1548 2887 1616 videbantur,
2903 1563 3022 1621 quae
3044 1558 3221 1605 autem
3248 1548 3484 1619 scripsit
3506 1548 3561 1604 in
3592 1548 3813 1604 libristuis

2257 1640 2493 1712 episcopi
2521 1642 2611 1713 qui
2643 1642 3015 1710 absolverunt,
3040 1642 3372 1707 nescierunt,
3405 1650 3468 1697 et
3507 1642 3704 1697 forsitan
3727 1655 3813 1695 cor-

2250 1742 2438 1805 rectus
2463 1744 2563 1789 est.
2600 1732 2899 1804 Desperare
2928 1736 3071 1790 enim
3102 1734 3169 1789 de
3203 1734 3427 1790 homine
3455 1748 3570 1790 non
3600 1733 3808 1788 debemus

2257 1827 2347 1899 qui
2383 1825 2519 1882 forte
2544 1826 2667 1885 ﬁdei
2698 1827 2979 1885 catholica:
2998 1827 3216 1900 adiungi
3240 1843 3299 1883 se
3330 1828 3554 1895 maluit,
3577 1838 3619 1882 ct
3638 1826 3692 1881 ad
3714 1826 3805 1893 eius

561 1932 766 2005 iussum
798 1940 899 1986 est.
937 1929 1103 2001 Ergo,
1147 1928 1359 1999 fratres,
1395 1928 1610 2000 quando
1638 1928 1967 2000 praecipitur,
1992 1942 2157 1999 agno-
2180 1920 2232 1984 Β
2261 1918 2486 1989 Sraliam
2520 1919 2895 1991 auxiliumque
2917 1918 3185 1992 confugit,
3219 1920 3361 1979 forte
3388 1921 3499 1978 hoc
3534 1919 3695 1977 factum
3717 1916 3807 1990 ei

560 2026 697 2081 scite
736 2023 1025 2079 voluntatis
1056 2022 1361 2092 arbitrium,
1396 2022 1609 2095 quando
1636 2032 1822 2079 oratur
1853 2022 1996 2093 quod
2028 2038 2166 2093 pra:-

562 2114 777 2191 cipitur,
809 2099 1081 2191 agnoscite
1108 2116 1292 2187 gratim
1322 2115 1665 2184 beneﬁcium,
1697 2126 1989 2186 utrumque
2011 2118 2160 2173 enim

565 2214 619 2271 in
648 2213 939 2286 Scripturis
985 2211 1151 2267 habes
1180 2228 1195 2279 ;
1228 2221 1283 2268 et
1322 2210 1654 2283 praecipitur,
1687 2219 1742 2267 et
1785 2220 1991 2279 oratur,
2020 2212 2164 2284 quod

564 2306 893 2379 praecipitur,
920 2304 1021 2360 hoc
1047 2314 1232 2361 oratur
1257 2322 1269 2357 :
1298 2304 1474 2359 videte
1504 2303 1629 2377 quid
1661 2303 1784 2360 ilico
1809 2321 1823 2370 ;
1849 2304 2165 2376 prmcipitut'

564 2412 623 2456 ut
653 2400 1012 2471 intelligamus
1048 2418 1059 2454 :
1093 2397 1267 2455 Nolite
1314 2413 1435 2456 esse
1484 2400 1623 2457 sicut
1664 2414 1835 2470 equus
1862 2408 1916 2455 et
1965 2399 2162 2469 mulus,

567 2508 672 2550 non
705 2493 965 2549 habentes
992 2490 1364 2557 intellectum;
1397 2490 1624 2549 audistis
1654 2490 1777 2564 quia
1810 2490 2024 2565 iussum
2059 2502 2164 2562 est,

568 2596 691 2657 pete
722 2595 779 2641 ut
806 2584 981 2659 possis
1012 2582 1240 2654 implere
1293 2584 1661 2657 quodiussum
1715 2584 2161 2655 est.»Quomodo,

570 2677 773 2748 inquis,
804 2677 963 2750 peto?
994 2676 1117 2731 audi
1151 2675 1487 2747 Srripturam
1518 2676 1646 2748 quid
1672 2676 1767 2733 tibi
1802 2676 2009 2746 iussum
2037 2686 2119 2734 est
2148 2693 2163 2733 :

566 2771 743 2829 Nolite
773 2786 891 2828 esse
915 2771 1055 2827 sicut
1076 2785 1247 2842 equus
1275 2780 1327 2829 et
1358 2771 1558 2837 mulus,
1588 2786 1692 2825 non
1719 2770 1979 2827 habentes
2006 2770 2166 2827 intel-

570 2863 802 2932 lectum;
836 2864 959 2934 quia
980 2863 1187 2933 iussum
1212 2871 1319 2931 est,
1348 2863 1611 2935 agnovisti
1635 2863 1963 2920 voluntatem
1998 2881 2009 2917 :
2041 2862 2167 2921 audi

542 2984 545 2985 ν
570 2956 696 3028 quia
717 2965 920 3024 oratur,
946 2966 1275 3027 utagnoscas
1296 2956 1518 3029 gratiam
1545 2955 1654 3012 :Da
1680 2955 1813 3012 mibi
1838 2955 2169 3015 intellectum

571 3056 630 3103 ut
650 3047 856 3105 discam
885 3045 1135 3103 mandata
1168 3054 1281 3114 tua;
1315 3046 1525 3118 iussum
1572 3061 1654 3105 est
1682 3057 1740 3105 ut
1766 3048 2058 3105 habeamus
2081 3062 2168 3107 sa-

573 3139 853 3209 pientiam,
884 3138 1008 3207 quia
1045 3138 1254 3208 iussum
1308 3147 1392 3194 est
1447 3140 1600 3210 lego;
1631 3140 1721 3199 ubi
1752 3141 1906 3212 legis,
1966 3141 2172 3211 inquit?

575 3232 791 3299 Audite,
822 3231 923 3299 Qui
950 3230 1266 3301 insipientes
1297 3234 1429 3286 estis
1458 3232 1512 3285 in
1556 3233 1774 3303 populo,
1808 3241 1863 3288 et
1893 3234 2043 3290 stulti
2074 3235 2171 3290 ali-

2272 2014 2368 2079 sit;
2401 2021 2577 2069 tamen
2610 2028 2715 2068 non
2759 2012 2983 2071 b.crcsis
3009 2023 3089 2072 est
3118 2014 3388 2079 absoluta,
3424 2013 3519 2071 sed
3549 2014 3689 2071 homo
3718 2012 3808 2063 lu:-

2268 2104 2429 2163 t‘esim
2458 2119 2681 2177 negans.

2738 2222 2967 2279 CAPUT
3006 2221 3378 2277 CCLXXXIX.

2272 2316 2421 2382 Quod
2454 2315 2705 2371 mundum
2751 2313 2889 2371 Deus
2932 2323 3137 2385 propter
3182 2316 3384 2387 gratiam
3420 2323 3591 2387 senet,
3620 2322 3812 2387 propter

2342 2388 2555 2467 liberum
2609 2388 2878 2443 arbitrium
2919 2382 3153 2459 judicet;
3183 2382 3251 2443 ξπ
3298 2387 3497 2457 epistola
3532 2385 3595 2440 ad
3638 2382 3811 2437 Valen-

2343 2467 2536 2513 (mum.

2343 2571 2582 2629 Obsecro
2610 2571 2789 2642 itaque
2808 2584 2925 2639 vos,
2961 2569 3179 2641 fratres,
3212 2569 3349 2627 sicut
3368 2568 3661 2627 Corinthios
3684 2568 3805 2624 obse-

2271 2664 2437 2721 oravit
2482 2656 2774 2735 Apostolus
2804 2704 2817 2727 .
2863 2678 2959 2733 per
2999 2678 3196 2721 nomen
3252 2664 3474 2719 Domini
3519 2663 3665 2718 nostri
3703 2660 3802 2718 δεῦε

2272 2755 2496 2824 Christi,
2528 2763 2585 2809 ut
2613 2757 2786 2825 ipsum
2812 2755 3002 2811 dicatis
3031 2770 3237 2823 omnes,
3269 2765 3328 2811 et
3352 2771 3469 2813 non
3506 2756 3659 2813 sintiu
3684 2753 3801 2813 vehit

2272 2850 2582 2906 schismata.
2617 2848 2797 2909 Primo
2835 2848 2979 2907 enim
3010 2849 3270 2907 Dominus
3294 2849 3488 2915 Jesus,
3513 2850 3623 2905 sicut
3649 2845 3792 2917 scrip-

2276 2953 2386 2997 tum
2416 2950 2496 2998 est
2523 2941 2577 2996 in
2602 2940 2895 3011 Evangelia
2923 2939 3141 2999 Joannis
3167 2942 3439 3011 apostoli,
3494 2955 3577 2999 non
3598 2938 3717 2997 venit
3739 2946 3790 2992 ut

2270 3033 2535 3111 iudicaret
2579 3034 2860 3100 mundum,
2907 3034 3004 3093 sed
3045 3044 3100 3093 ut
3144 3034 3462 3091 salvaretur
3507 3033 3694 3091 mundus
3726 3044 3794 3101 per

2276 3127 2486 3200 ipsum;
2517 3138 2701 3201 postea
2728 3142 2880 3195 vero,
2906 3128 3047 3185 sicut
3085 3127 3271 3185 scribit
3316 3128 3601 3198 apostolus
3626 3125 3778 3189 Paulus,

2272 3220 2531 3295 iudicabit
2560 3220 2703 3279 Deus
2733 3220 3017 3292 mundum,
3045 3220 3259 3293 quando
3290 3231 3559 3277 venturus
3595 3218 3775 3283 estsitvt

575 3324 793 3395 quando
824 3323 1026 3395 sapite;
1067 3322 1177 3394 iam
1234 3322 1323 3378 ille
1347 3322 1475 3395 quid
1510 3322 1681 3378 dicit?
1706 3322 1871 3381 Vides
1900 3326 2165 3396 quomodo

2279 3322 2391 3369 tota
2421 3315 2661 3373 Ecclesia
2696 3315 2748 3371 in
2779 3312 3037 3393 Symbolo
3065 3314 3354 3373 conﬁtetur
3379 3331 3397 3370 :
3422 3314 3663 3373 Judieare
3692 3310 3783 3361 vitat

574 3419 732 3476 nobis
762 3417 1017 3488 prtecepit
1051 3418 1190 3472 Deus
1229 3426 1288 3471 ut
1325 3417 1620 3490 sapiamus.
1656 3416 1797 3487 Ergo
1823 3417 2084 3488 sapientia
2114 3420 2168 3474 in

574 3518 757 3567 nostra
779 3520 862 3567 est
884 3510 1185 3581 potestate?
1205 3508 1321 3565 Jam
1341 3510 1481 3575 dixi,
1511 3518 1834 3582 praeceptum
1859 3511 2060 3580 audivi,
2076 3528 2172 3569 vo-

577 3605 834 3660 luntatem
886 3605 1143 3675 cognovi;
1192 3602 1316 3658 audi
1371 3603 1692 3669 orationem,
1727 3611 1785 3657 ιιι
1831 3605 2058 3674 gratiam
2114 3614 2174 3669 tu

576 3697 750 3768 possis
780 3711 1093 3764 agnoscere.
1128 3695 1204 3750 De
1235 3694 1497 3763 sapientia
1531 3695 1705 3763 agitur
1750 3712 1867 3766 qua:
1911 3696 2060 3767 iussa
2088 3706 2173 3757 est

576 3790 733 3845 nobis
765 3804 780 3843 :
814 3788 1095 3842 audiamus
1125 3787 1251 3859 quid
1302 3787 1449 3841 dicat
1492 3788 1764 3857 apostolus
1806 3787 2037 3843 Jacobus
2071 3808 2083 3843 :
2116 3789 2173 3846 Si

577 3881 699 3950 quis
724 3887 902 3934 autem
931 3887 1170 3933 vestrum
1199 3878 1399 3949 indiget
1436 3880 1719 3947 sapientia,
1750 3881 1983 3951 postulet
2006 3896 2033 3933 a
2064 3881 2174 3939 Deo

578 3972 1036 4043 quidatomnibus
1063 3970 1367 4037 aliiuenter;
1389 3969 1607 4041 iubetur
1628 3972 1781 4027 nobis
1808 3973 2169 4031 continentia:

578 4062 667 4120 ubi
686 4063 942 4134 iubetur?
966 4062 1255 4133 Apostolus
1271 4063 1337 4116 ad
1360 4060 1737 4117 Timotheum:
1763 4061 1992 4119 Contine
2025 4075 2074 4120 te
2098 4065 2177 4135 ip-

577 4168 718 4223 sum;
747 4154 917 4227 iussio
939 4154 1350 4226 est,pra:ceptio
1378 4162 1480 4220 est,
1505 4153 1828 4210 audiendum
1855 4164 1957 4221 est,
1975 4153 2177 4212 iacien-

578 4249 707 4305 dum
720 4257 822 4313 est,
845 4247 939 4302 sed
972 4246 1073 4301 nisi
1103 4247 1240 4301 Deus
1266 4246 1505 4319 adiuvet,
1528 4250 2176 4311 remanemus.Conamur

578 4338 796 4411 quidem
813 4339 985 4395 facere
996 4341 1359 4407 voluntate,’et
1373 4340 1558 4396 nititur
1573 4342 1767 4415 aliquid
1785 4344 2050 4415 voluntas,
2069 4363 2176 4407 non

579 4440 869 4502 praesumat
921 4438 1178 4499 potestas,
1226 4431 1324 4485 nisi
1359 4431 1642 4502 adjuvetur
1682 4434 1996 4503 inﬁrmitas;
2030 4448 2177 4496 certe

579 4522 947 4591 enimiussum
979 4530 1061 4578 est
1088 4520 1345 4579 :Contine
1370 4533 1420 4579 te
1440 4526 1636 4593 ipsum.
1656 4524 1794 4581 Audi
1820 4528 1980 4583 alium
2000 4531 2175 4589 locum

581 4611 918 4683 Scriptura:
953 4613 1021 4668 Et
1048 4628 1169 4669 cum
1191 4615 1409 4683 scirem,
1450 4617 1639 4687 inquit,
1685 4618 1809 4689 quia
1857 4636 2015 4675 nemo
2056 4638 2177 4681 esse

2276 3419 2325 3466 et
2352 3418 2611 3465 mortuos.
2649 3408 2705 3464 Si
2738 3424 2867 3481 ergo
2898 3424 3003 3465 nou
3034 3416 3116 3465 est
3138 3408 3231 3465 Dei
3253 3402 3793 3481 gratia,quomodoni'

2286 3516 2377 3563 vat
2408 3506 2707 3563 mundum?
2736 3514 2788 3563 et
2817 3505 2860 3561 si
2885 3519 2993 3561 non
3021 3512 3103 3561 est
3122 3504 3355 3561 liberum
3400 3504 3688 3567 arbitrium,
3709 3510 3803 3567 quo

2276 3599 2437 3654 modo
2463 3598 2668 3669 iudicat
2694 3596 2991 3655 mundum?
3022 3596 3276 3653 Prohibet
3303 3596 3586 3667 Apostolus
3620 3592 3803 3649 dicens:

2276 3689 2445 3746 Nemo
2470 3690 2726 3759 glorietur
2759 3690 2811 3747 in
2844 3688 3091 3755 homine;
3123 3697 3178 3745 et
3208 3689 3315 3742 alio
3341 3688 3456 3743 loco
3485 3705 3498 3741 :
3530 3686 3626 3753 Qui
3649 3681 3813 3752 gloria~

2278 3792 2383 3849 ῑυτι
2418 3784 2609 3855 inQuit,
2644 3783 2697 3839 in
2747 3782 2975 3839 Domino
3022 3781 3302 3855 glorietur.
3333 3782 3401 3837 illi
3434 3794 3549 3835 vero
3595 3774 3821 3833 haeretici

2277 3875 2484 3945 seipsos
2514 3888 2542 3927 a
2565 3872 2757 3944 seipsis
2782 3873 2959 3949 iustos
2991 3874 3105 3929 ﬁeri
3135 3882 3396 3944 putantes,
3427 3870 3573 3941 quasi
3605 3868 3702 3924 hoc
3740 3870 3824 3923 eis

2278 3984 2385 4023 non
2420 3968 2563 4025 Deus
2602 3968 2833 4036 dederit,
2864 3968 2958 4024 sed
2989 3968 3090 4039 ipsi
3121 3967 3253 4037 sibi,
3277 3982 3379 4024 non
3414 3966 3593 4035 utique
3630 3964 3687 4019 iu
3727 3961 3826 4016 Do«

2278 4061 2457 4129 mino,
2507 4061 2602 4117 sed
2645 4061 2699 4116 in
2747 4057 3052 4133 semetipsis
3099 4060 3427 4132 gloriantur;
3474 4058 3670 4113 talibus
3717 4053 3828 4111 dicit

2282 4153 2571 4224 Apostolus
2605 4174 2618 4209 :
2651 4154 2779 4223 Quis
2806 4153 2951 4209 enim
2985 4163 3035 4209 te
3064 4152 3359 4211 discernit?
3386 4150 3531 4223 quod
3565 4150 3681 4209 ideo
3704 4145 3825 4209 die“.

2279 4248 2402 4319 quia
2433 4248 2499 4305 de
2531 4262 2707 4305 massa
2754 4247 2898 4304 illius
2952 4246 3270 4317 perditionis
3310 4260 3435 4317 qua
3484 4244 3625 4301 facta
3668 4251 3741 4298 est
3774 4255 3825 4294 ex

2280 4340 2474 4409 Adam,
2506 4356 2610 4396 non
2640 4340 2903 4399 discernit
2930 4341 3229 4405 hominem,
3262 4349 3322 4395 ut
3350 4354 3480 4395 eum
3513 4338 3763 4394 iecisti-as
3785 4331 3823 4389 in

2280 4433 2565 4502 honorem,
2593 4449 2698 4490 non
2722 4434 2774 4489 in
2804 4434 3214 4502 contumeliam,
3250 4433 3355 4491 nisi
3387 4434 3541 4491 Deus
3567 4452 3577 4487 :
3610 4432 3688 4488 sed
3720 4441 3822 4496 quo-

2280 4529 2421 4583 niam
2448 4527 2609 4583 ltomo
2637 4527 2867 4584 carnalis
2896 4536 2952 4583 et
2975 4527 3207 4585 inaniter
3249 4527 3505 4595 inflatus,
3537 4543 3648 4585 cum
3674 4521 3809 4576 audis-

2281 4617 2519 4686 set,Quis
2536 4618 2677 4675 enim
2701 4628 2754 4676 ιε
2771 4618 3691 4691 discernit?possetiresponderevel
3703 4628 3823 4677 vote.

580 4712 759 4778 potest
778 4707 1076 4772 continens,
1104 4708 1201 4762 nisi
1229 4707 1369 4764 Deus
1390 4707 1512 4775 det;
1542 4717 1597 4764 et
1627 4708 1729 4765 hoc
1758 4711 1927 4782 ipsum
1955 4723 2073 4769 erat
2091 4731 2176 4771 sa-
2203 4716 2258 4779 D
2282 4711 2364 4767 vel
2393 4711 2735 4783 cogitatione,
2769 4722 2824 4769 et
2853 4712 3038 4768 dicere
3071 4731 3085 4767 :
3118 4710 3386 4771 Discernit
3435 4729 3538 4770 me
3571 4712 3692 4771 ﬁdes
3721 4720 3830 4769 mea.

580 4798 780 4871 pientia
799 4799 938 4853 scire
969 4800 1120 4868 cuius
1150 4809 1294 4857 esset
1324 4801 1425 4857 hoc
1447 4801 1676 4871 donum;
1714 4803 1780 4859 Et
1808 4805 1956 4875 quid,
1981 4806 2177 4881 inquit,

582 4888 733 4947 feci?
762 4888 869 4945 adii
894 4887 1176 4946 Dominum
1201 4892 1588 4962 etdepreeatus
1611 4910 1750 4949 sum.
1776 4895 1912 4966 Quid
1936 4913 2069 4968 opus
2096 4910 2179 4960 est

580 4987 747 5042 multa
774 4999 1112 5056 percurrere,
1139 4983 1331 5040 fratres
1364 4989 1508 5042 mei?
1539 4989 1798 5061 quidquid
1836 4991 1989 5049 nobis
2014 4992 2177 5063 jube-

582 5092 689 5149 tur,
722 5082 986 5138 orandum
1018 5092 1099 5138 est
1124 5090 1183 5139 ut
1218 5083 1502 5155 impleatur
1538 5103 1551 5139 :
1578 5086 1669 5141 sed
1698 5104 1801 5141 non
1833 5088 1967 5143 sicut
1991 5087 2169 5144 dimit-

578 5180 758 5231 tamus
787 5191 907 5246 nos,
939 5186 993 5231 et
1020 5176 1290 5248 quomodo
1316 5179 1443 5250 aegri
1472 5178 1749 5249 iaceamus
1780 5182 1974 5250 supini,
2014 5193 2067 5238 et
2090 5183 2172 5239 di-

580 5281 801 5324 camus:
850 5269 1003 5325 Pluat
1032 5270 1173 5326 Deus
1207 5284 1359 5326 escas
1409 5286 1571 5342 super
1614 5271 1778 5329 facies
1826 5262 2075 5342 nostras,
2116 5286 2175 5335 ut

579 5376 801 5433 prorsus
826 5378 923 5420 nos
951 5364 1083 5419 nihil
1116 5380 1278 5437 agere
1309 5364 1535 5421 velimus
1560 5383 1575 5433 ;
1620 5375 1678 5423 et
1704 5382 1824 5423 cum
1867 5383 1989 5427 esca
2014 5384 2170 5427 eom-

580 5457 729 5527 pluta
753 5457 913 5513 fuerit
954 5474 1116 5528 snper
1156 5476 1217 5515 os
1243 5468 1515 5527 nostrum,
1544 5460 1808 5527 dicamus,
1840 5464 2000 5519 etiam
2032 5465 2172 5523 Deus

580 5549 767 5621 glutiat
788 5549 855 5606 de
886 5550 1043 5605 nobis
1078 5568 1087 5603 :
1119 5551 1319 5623 aliquid
1346 5562 1398 5608 et
1425 5568 1522 5608 nos
1549 5568 1709 5625 agere
1746 5554 2025 5624 debemus,
2058 5567 2171 5613 stu-

578 5641 708 5697 dere
734 5639 1013 5704 debemus,
1038 5642 1520 5713 conaridebemus,
1539 5653 1595 5701 et
1612 5645 1663 5699 in
1688 5662 1752 5701 eo
1776 5647 1974 5717 gratias
2009 5663 2177 5721 agere

578 5748 635 5791 tn
666 5751 772 5807 quo
801 5736 1163 5807 potuerimus;
1185 5738 1237 5793 in
1267 5753 1331 5795 eo
1357 5740 1499 5810 quod
1522 5756 1630 5796 non
1650 5743 1983 5813 potuerimus
1998 5760 2173 5800 orare.

583 5829 808 5896 Quando
838 5834 1035 5906 gratias
1072 5835 1207 5907 agis,
1239 5848 1397 5891 caves
1450 5852 1516 5891 ne
1565 5834 1839 5891 damneris
1882 5834 2168 5904 ingratus:

583 5924 796 5991 quando
821 5936 998 5981 autem
1031 5928 1171 5995 quod
1200 5928 1433 5982 nondum
1466 5930 1629 5984 babes
1684 5930 1839 6001 petis,
1892 5945 2049 5985 caves
2107 5946 2173 5987 ne

583 6027 866 6069 remaneas
896 6018 1069 6072 inanis
1121 6018 1243 6079 quia
1273 6018 1581 6086 impediris;
1619 6023 1847 6092 cogitate
1876 6038 2004 6092 ergo
2031 6022 2155 6092 ista,

2282 4802 2533 4858 discernit
2555 4818 2640 4859 me
2680 4804 2852 4861 oratio
2882 4818 3022 4869 mea,
3054 4803 3313 4861 discernit
3359 4819 3456 4865 me
3487 4805 3691 4876 iustitia
3723 4815 3833 4859 mea:

2280 4910 2402 4951 mox
2431 4896 2717 4967 Apostolus
2743 4897 2977 4954 occurrit
3005 4898 3416 4970 cogitationibus
3455 4901 3610 4971 eius,
3630 4909 3682 4954 et
3709 4895 3831 4952 dixit:

2278 4992 2415 5061 Quid
2438 4995 2579 5049 enim
2610 4994 2776 5050 habes
2806 4993 2947 5064 quod
2976 5008 3081 5048 non
3107 4992 3404 5063 accepisti?
3436 4994 3491 5048 si
3518 5004 3702 5049 autem
3728 5004 3841 5045 acce-

2278 5086 2420 5155 pisti,
2452 5085 2576 5157 quid
2619 5087 2870 5158 gloriaris
2900 5087 3051 5158 quasi
3099 5101 3205 5143 non
3254 5088 3588 5156 acceperis?
3639 5087 3683 5141 si
3712 5094 3843 5138 autem

2278 5178 2593 5248 gloriantur,
2628 5182 2780 5249 quasi
2804 5194 2910 5236 non
2940 5183 3267 5249 acceperint,
3293 5178 3381 5249 qui
3410 5195 3481 5235 se
3509 5195 3540 5233 a
3568 5178 3849 5249 seipsisiuss

2282 5270 2469 5325 tiﬁcari
2500 5281 2706 5337 putant,
2735 5287 2797 5326 ac
2822 5288 2917 5345 per
2940 5272 3045 5326 hoc
3085 5274 3137 5326 in
3168 5271 3514 5342 semetipsis,
3556 5288 3668 5329 non
3711 5274 3754 5326 iu
3782 5270 3850 5321 De

2281 5367 2425 5421 mino
2458 5367 2780 5437 gloriantur.
2812 5367 3009 5423 Dicunt
3043 5368 3267 5439 gratiam
3302 5366 3393 5421 Dci
3439 5368 3753 5424 secundum
3777 5376 3857 5413 ιίηεο

2282 5463 2381 5516 rita
2414 5473 2595 5517 nosua
2626 5460 2764 5532 dari,
2796 5461 2941 5532 quod
2972 5462 3195 5518 omnino
3224 5461 3595 5537 falsissimum
3628 5473 3711 5518 est
3738 5478 3753 5513 :
3782 5470 3857 5509 non

2282 5557 2403 5626 quia
2430 5556 2632 5612 nullum
2666 5566 2747 5613 est
2769 5557 3018 5612 meritum
3041 5556 3121 5611 vel
3154 5556 3353 5612 bonum
3388 5555 3654 5625 piorum,
3680 5555 3757 5608 τρι
3780 5565 3864 5603 ma-

2278 5649 2388 5705 lum
2437 5651 2758 5721 impiorum;
2810 5648 3044 5721 alioquin
3093 5650 3361 5719 quomodo
3411 5650 3704 5718 iudicabit
3752 5648 3864 5701 Deli

2281 5744 2573 5799 mundum?
2603 5742 2697 5799 sed
2747 5742 3117 5799 misericordia
3165 5751 3219 5798 et
3257 5744 3429 5812 gratia
3478 5742 3588 5797 Dei
3637 5736 3871 5797 Convertit

2279 5840 2576 5907 hominem,
2608 5840 2673 5895 de
2712 5856 2814 5909 qua
2851 5840 3093 5909 psalmus
3124 5839 3292 5895 dicit:
3328 5840 3472 5894 Deus
3517 5854 3708 5901 meus,
3737 5836 3871 5889 nti-e-

2277 5934 2506 5989 ricordia
2542 5933 2656 6003 eius
2704 5936 3003 6004 prtevvniet
3050 5950 3154 5998 me,
3209 5943 3259 5988 ut
3287 5932 3641 6002 iustiﬁcetur
3671 5931 3875 6000 impius,

2277 6028 2376 6082 lioc
2406 6034 2507 6095 est,
2536 6041 2601 6082 ex
2635 6027 2800 6097 impio
2841 6025 2931 6080 ﬁat
2955 6026 3152 6097 iustus,
3177 6036 3229 6081 et
3266 6026 3495 6097 incipiat.
3536 6026 3753 6081 habere
3780 6036 3875 6077 πιέν
