3986 6382
157 454 258 515 989

1328 443 1770 507 THESAURUS.
1812 443 1972 505 CAP.
2008 442 2212 500 CCXC.

3319 406 3427 493 99o

157 576 306 631 ritum
329 574 553 642 bonum,
580 571 728 646 quod
756 571 1018 631 Dominus
1040 571 1321 630 coronabit
1344 569 1561 644 quando
1582 567 1730 641 judi-
1758 566 1811 628 Α
1844 564 1945 637 ipsi
1977 564 2165 636 gratiae
2194 564 2498 621 invenietur
2525 562 2790 634 ingratus,
2815 559 2904 632 qui
2929 566 3126 631 praeter
3147 558 3291 615 illam
3318 557 3430 615 vult

100 682 110 739 ς
155 670 352 724 cabitur
398 666 650 725 mundus.
703 664 823 737 ipsa
869 676 952 723 est
1003 666 1146 723 enim
1196 666 1422 737 quaestio
1452 664 1518 719 de
1559 662 1726 735 gratia

160 762 251 817 Dei
277 776 392 833 quae
416 760 543 817 fecit
564 770 623 815 ut
650 758 896 816 homines
926 775 1033 816 non
1076 758 1440 829 intelligentes
1479 762 1731 828 putarent

156 856 445 925 apostolum
486 854 709 910 Paulum
756 853 935 910 dicere
966 871 980 909 :
1008 853 1290 911 Faciamus
1326 852 1489 920 mala,
1538 858 1598 907 ut
1642 867 1733 905 ve-

104 976 108 985 ~
158 947 302 1004 niant
334 948 497 1003 bona.
537 945 691 1004 Unde
720 946 994 1017 apostolus
1032 945 1223 1002 Petrus
1244 946 1297 1001 in
1342 943 1574 1002 secunda
1613 943 1729 1015 epi-

155 1041 284 1097 stola
323 1054 417 1095 sua
443 1055 457 1095 :
489 1039 853 1110 Quapropter,
884 1038 1092 1110 inquit,
1120 1037 1451 1106 charissimi,
1487 1037 1603 1094 haec
1631 1052 1729 1093 ex-

157 1146 453 1208 spectantes
499 1136 729 1209 satagite
781 1135 1020 1191 inviolati
1078 1144 1135 1191 et
1201 1134 1528 1191 immaculati
1589 1132 1729 1206 apud

158 1229 316 1285 Deum
369 1225 538 1301 [eum]
568 1227 792 1298 reperiri
824 1228 877 1283 in
911 1242 1061 1299 pace,
1094 1236 1149 1284 et
1190 1226 1401 1282 Domini
1434 1226 1603 1283 nostri
1634 1241 1729 1297 pa-

156 1325 384 1379 tientiam
414 1324 641 1381 salutem
674 1323 1000 1391 existimate,
1033 1325 1175 1379 sicut
1208 1321 1591 1379 dilectissimus
1621 1322 1731 1380 ira;

155 1428 235 1475 ter
262 1426 438 1474 noster
489 1418 686 1474 Paulus
732 1418 1031 1475 secundum
1072 1432 1193 1473 eam
1243 1433 1365 1489 qum
1395 1416 1521 1473 data
1566 1426 1649 1473 est
1679 1414 1741 1474 ei

152 1513 458 1583 sapientiam
491 1511 711 1582 scripsit
733 1512 913 1578 vobis,
944 1519 1002 1566 ut
1028 1519 1082 1567 et
1108 1511 1160 1565 in
1185 1510 1434 1567 omnibus
1463 1509 1728 1580 epistolis,

150 1607 366 1676 loquens
387 1606 439 1660 in
468 1604 545 1661 eis
577 1604 645 1661 de
675 1604 757 1660 bis
785 1604 836 1657 in
873 1602 1067 1674 quibus
1098 1612 1222 1658 sunt
1261 1602 1504 1673 quaedam
1533 1600 1729 1656 diffici-

150 1698 220 1754 lia
248 1697 535 1765 intellectu,
567 1710 686 1768 quae
710 1694 912 1751 indocti
943 1703 998 1750 et
1030 1694 1314 1750 instabiles
1344 1692 1589 1749 homines
1609 1707 1731 1762 pcr-

148 1798 352 1846 vertunt
401 1789 541 1843 sicut
588 1796 644 1843 et
690 1794 914 1842 caeteras
966 1785 1293 1857 Scripturas,
1333 1785 1399 1840 ad
1448 1784 1729 1857 proprium

146 1899 296 1938 suum
327 1881 628 1937 interitum.
656 1880 854 1935 Cavete
890 1894 1018 1951 ergo
1049 1877 1189 1950 quod
1234 1887 1413 1933 tantus
1454 1876 1729 1951 aposwlus

1846 661 2032 716 vivere
2064 661 2115 715 in
2155 669 2383 734 peccato
2413 674 2507 732 per
2530 674 2687 731 quam
2712 658 2973 713 morimur
3003 666 3241 727 peccato.

2387 795 2615 854 CAPUT
2653 795 2854 853 CCXG.

1816 911 1938 979 ‘Qui
1982 913 2093 967 sine
2140 910 2250 983 lege
2297 922 2669 982 peccaverunt,
2722 913 2833 967 sine
2886 912 2996 981 lege
3043 910 3312 981 peribunt;
3363 924 3429 966 ea:

2460 985 2637 1041 eodem
2662 984 2813 1040 libro.

1910 1113 2007 1172 Ubi
2036 1115 2250 1182 dicitur,
2280 1116 2388 1171 noli
2414 1115 2515 1171 hoc
2541 1123 2595 1170 et
2616 1114 2729 1169 noli
2760 1113 2913 1178 illud,
2941 1122 2993 1169 et
3011 1112 3097 1168 ubi
3130 1112 3195 1168 ad
3220 1111 3422 1184 aliquid

1834 1207 2145 1265 faciendum
2166 1209 2254 1265 vel
2280 1224 2387 1263 non
2421 1208 2721 1265 faciendum
2754 1209 2808 1263 in
2836 1207 3031 1262 divinis
3055 1206 3271 1261 monitis
3293 1219 3426 1277 opus

1826 1304 2124 1359 voluntatis
2141 1302 2523 1374 exigitur,satis
2536 1302 2760 1358 liberum
2776 1301 3107 1357 demonstrat
3122 1302 3423 1357 arbitrium.

1833 1394 2005 1453 Nemo
2025 1412 2153 1468 ergo
2165 1396 2333 1453 Deum
2347 1404 2595 1453 causetur
2607 1397 2660 1451 in
2673 1397 2834 1453 corde
2849 1397 3071 1465 suo,sed
3089 1397 3187 1453 sibi
3203 1396 3427 1467 imputet

1836 1492 2061 1563 quisque
2088 1508 2210 1549 cum
2260 1499 2473 1563 peccat;
2516 1506 2694 1563 neque
2725 1506 2848 1546 cum
2891 1491 3091 1563 aliquid
3130 1491 3426 1547 secundum

1835 1583 2005 1640 Deum
2055 1595 2341 1655 operatur,
2388 1584 2587 1640 alienet
2633 1583 2738 1639 hoc
2782 1596 2813 1638 a
2859 1582 3076 1657 propria
3122 1584 3424 1640 voluntate.

1834 1676 2061 1753 Quando
2104 1677 2247 1733 enim
2278 1676 2466 1733 volens
2507 1677 2610 1732 hoc
2640 1673 2788 1743 facit,
2824 1685 2951 1732 tunc
3001 1676 3285 1733 dicendum
3318 1685 3424 1751 est,

1834 1785 1970 1841 opus
1998 1771 2233 1839 bonum,
2272 1780 2399 1826 tunc
2426 1767 2692 1840 speranda
2730 1777 2815 1824 est
2842 1769 2969 1825 boni
2999 1770 3178 1841 operis
3218 1784 3428 1826 merces

1835 1862 1904 1918 ab
1932 1877 1997 1917 eo
2021 1862 2088 1917 de
2114 1877 2220 1934 quo
2246 1862 2444 1919 dictum
2473 1870 2577 1929 est,
2631 1860 2734 1929 Qui
2776 1861 2971 1918 reddet
3005 1863 3301 1934 unicuique
3339 1878 3427 1918 se-

148 1985 248 2030 tam
279 1973 589 2030 terribiliter
618 1973 777 2039 dicit;
811 1981 865 2027 et
902 1972 988 2027 ubi
1019 1972 1229 2028 sentitis
1275 1987 1373 2027 vos
1400 1987 1505 2027 non
1531 1972 1729 2028 intelli-
1758 1962 1807 2028 Β
1835 1954 2069 2011 cundum
2107 1970 2273 2025 Opera
2303 1970 2419 2013 ειη·
2451 1955 2554 2024 Qui
2584 1969 2719 2028 ετεο
2758 1963 3023 2012 “Verum
3063 1954 3243 2011 ἀίνίπθ
3274 1970 3427 2009 man“

143 2086 286 2141 gere,
312 2070 522 2125 interim
544 2068 748 2125 credite
764 2068 960 2125 divinis
987 2067 1235 2140 eloquiis,
1261 2067 1387 2136 quia
1410 2074 1465 2121 et
1495 2065 1729 2120 liberum

142 2163 263 2237 [est]
294 2164 525 2220 hominis
545 2163 852 2230 arbitrium,
877 2170 932 2219 et
960 2162 1131 2234 gratia
1161 2162 1277 2230 Dei,
1302 2160 1419 2216 sine
1447 2159 1604 2231 cujus
1638 2160 1735 2216 ad-

140 2258 335 2328 jutorio
366 2257 616 2314 liberum
666 2256 946 2314 arbitrium
996 2270 1098 2313 nec
1144 2256 1387 2311 converti
1446 2262 1622 2324 potest
1666 2252 1734 2310 ad

142 2347 328 2416 Deum,
368 2364 469 2405 nec
501 2348 768 2419 proficere
810 2347 863 2403 in
909 2346 1053 2403 Deo:
1085 2354 1140 2402 et
1179 2344 1324 2416 quod
1361 2344 1447 2415 pie
1485 2343 1733 2410 creditis,

143 2448 199 2496 ut
227 2438 385 2495 etiam
424 2440 697 2509 sapienter
738 2438 1051 2510 intelligatis
1097 2445 1284 2505 orate;
1314 2444 1369 2493 et
1405 2435 1471 2491 ad
1520 2435 1624 2491 hoc
1653 2436 1735 2507 ip-

140 2544 257 2584 sum
281 2530 446 2600 enim,
481 2530 532 2585 id
573 2540 656 2585 est
687 2539 743 2584 ut
786 2531 1057 2599 sapienter
1095 2527 1478 2598 intelligamus,
1518 2534 1603 2583 est
1628 2526 1734 2584 uti-

136 2637 242 2694 que
267 2622 494 2679 liberum
533 2622 834 2678 arbitrium.
862 2622 974 2678 Nisi
1017 2621 1160 2678 enim
1193 2621 1366 2678 libero
1399 2621 1625 2677 arbitrio
1650 2619 1734 2676 in-

134 2715 497 2788 telligeremus
522 2727 683 2789 atque
725 2731 1063 2788 saperemus,
1089 2732 1197 2771 non
1227 2715 1383 2772 nobis
1408 2716 1737 2787 praecipere-

135 2815 226 2862 tur
255 2807 468 2863 dicente
489 2807 764 2878 Scriptura
792 2826 804 2862 :
833 2807 1118 2877 lntelligite
1138 2822 1268 2879 ergo
1295 2808 1385 2879 qui
1411 2806 1735 2880 insipientes

131 2898 266 2957 estis
310 2901 365 2955 in
410 2900 629 2972 populo,
659 2909 713 2955 et
756 2900 905 2956 stulti
939 2901 1226 2973 aliquando
1272 2903 1462 2973 sapite.
1503 2902 1583 2959 Eo
1613 2902 1732 2974 ipso

130 2994 328 3067 quippe
351 3010 458 3064 quo
488 3003 816 3067 praeceptum
840 3002 1001 3066 atque
1022 2996 1347 3067 imperatum
1377 3004 1461 3052 est
1491 3005 1547 3052 ut
1570 2996 1736 3053 intel-

130 3086 366 3159 ligamus
406 3095 568 3158 atque
608 3087 913 3158 sapiamus,
956 3087 1263 3144 obedientia
1317 3097 1505 3144 nostra
1547 3088 1731 3158 requi-

128 3180 288 3247 ritur,
315 3196 434 3252 quze
458 3179 601 3235 nulla
629 3189 806 3251 potest
834 3195 955 3238 esse
982 3180 1103 3237 sine
1130 3181 1301 3237 libero
1330 3181 1594 3248 arbitrio;
1627 3180 1724 3237 sed

127 3272 178 3330 si
210 3280 396 3344 posset
422 3272 524 3330 hoc
562 3273 738 3344 ipsum
768 3272 889 3330 sine
915 3273 1183 3345 adjutorio
1212 3274 1400 3344 gratia:
1423 3272 1584 3347 [Dei]
1610 3273 1727 3329 ﬁeri

1835 2047 1983 2113 data,
2013 2047 2251 2101 aufertur
2280 2045 2360 2101 eis
2391 2046 2669 2102 excusatio
2697 2062 2855 2119 quam
2885 2048 3060 2103 solent
3090 2046 3290 2103 habere
3320 2046 3424 2101 ho-

1835 2140 2009 2195 mines
2051 2140 2119 2194 de
2158 2140 2491 2210 ignorantia;
2521 2140 2614 2197 sed
2648 2154 2747 2196 nec
2779 2139 2879 2209 ipsi
2918 2139 3036 2197 sine
3067 2154 3225 2211 poena
3271 2148 3429 2199 erunt

1835 2231 1925 2300 qui
1954 2231 2127 2301 legem
2160 2230 2254 2285 Dei
2292 2232 2539 2287 nesciunt
2568 2249 2583 2287 :
2625 2230 2717 2300 qui
2754 2232 2897 2287 enim
2929 2233 3046 2287 sine
3076 2233 3195 2304 lege
3225 2248 3422 2302 pecca-

1835 2331 2050 2389 verunt,
2082 2324 2199 2379 sine
2232 2324 2348 2395 lege
2375 2325 2657 2395 peribunt;
2688 2326 2776 2395 qui
2806 2334 2983 2381 autem
3015 2327 3067 2380 in
3092 2326 3209 2396 lege
3234 2341 3427 2396 pecca-

1836 2422 2054 2481 verunt,
2086 2430 2184 2484 per
2214 2415 2385 2485 legem
2422 2415 2826 2486 iudicabuntur.
2859 2415 3011 2483 Quod
3043 2416 3173 2471 mihi
3205 2431 3311 2471 non
3348 2417 3429 2471 vi-

1836 2508 1994 2564 detur
2026 2509 2341 2579 Apostolum
2371 2510 2444 2564 ita
2472 2509 2703 2577 dixisse,
2738 2517 2993 2581 tanquam
3024 2509 3177 2581 pejus
3221 2509 3428 2580 aliquid

1838 2598 2223 2670 significaverit
2268 2613 2389 2655 esse
2431 2614 2685 2671 passuros
2728 2600 2819 2671 qui
2865 2600 3036 2671 legem
3084 2598 3336 2655 nesciunt
3375 2599 3431 2656 in

1835 2694 2073 2762 peccatis
2098 2692 2232 2759 suis,
2266 2707 2427 2763 quam
2460 2692 2581 2749 illos
2619 2694 2711 2765 qui
2740 2693 2920 2749 sciunt
2950 2711 2961 2747 :
2993 2694 3149 2764 pejus
3178 2692 3320 2749 enim
3351 2693 3428 2748 vi-

1837 2787 1995 2841 detur
2033 2800 2154 2843 esse
2200 2788 2400 2858 perire,
2430 2803 2589 2860 quam
2632 2787 2883 2860 judicari.
2918 2787 3025 2845 Sed
3068 2786 3188 2843 ’cum
3232 2787 3334 2844 hoc
3362 2782 3430 2845 de

1834 2880 2085 2951 gentibus
2132 2889 2186 2937 et
2224 2881 2423 2938 Iudaeis
2479 2884 2813 2955 loqueretur,
2860 2883 2984 2955 quia
3038 2883 3118 2938 illi
3159 2882 3276 2940 sine
3312 2884 3432 2955 lege

1836 2981 1982 3039 sunt,
2013 2973 2101 3029 isti
2140 2981 2320 3030 autem
2352 2975 2529 3046 legem
2560 2984 2904 3047 acceperunt,
2954 2974 3075 3048 quis
3105 2975 3300 3032 audeat
3344 2977 3430 3031 di-

1834 3078 1961 3121 cere
1984 3065 2200 3122 .ludaeos
2229 3067 2319 3137 qui
2347 3068 2399 3122 in
2434 3068 2549 3139 lege
2579 3077 2802 3138 peccant
2840 3084 2948 3126 non
2977 3083 3101 3125 esse
3138 3071 3428 3140 perituros,

1834 3170 1958 3212 cum
1986 3157 2040 3211 in
2068 3156 2340 3213 Christum
2373 3174 2481 3216 non
2514 3161 2865 3229 crediderint,
2895 3163 3328 3236 quandoquidem
3362 3165 3432 3221 de

1835 3250 1942 3306 illis
1968 3251 2171 3307 dictum
2215 3261 2340 3308 est:
2371 3252 2475 3309 Per
2516 3254 2690 3325 legem
2722 3253 3141 3327 iudicabuntur;
3173 3257 3291 3313 sine
3328 3257 3443 3325 fide

126 3342 230 3442 per
259 3370 487 3427 liberum
509 3342 812 3436 arbitrium,
838 3378 895 3424 ut
920 3342 1356 3440 intelligeremus
1382 3342 1728 3439 atque—sape-
1752 3350 1803 3415 Ο
1831 3343 1975 3442 ξἠίίη
2018 3342 2228 3442 9"”5“
2258 3358 2420 3401 “emo
2458 3344 2680 3402 liberari
2723 3356 2900 3442 Ρθίίῗθί
2935 3365 2969 3442 ἴ
2990 3364 3053 3404 ac
3094 3364 3189 3420 per
3218 3348 3321 3406 hoc
3351 3349 3424 3407 ita

126 3479 342 3530 remus,
384 3479 490 3519 non
536 3464 808 3519 diceretur
836 3463 948 3519 Deo
975 3481 987 3517 :
1016 3464 1091 3518 Da
1121 3462 1251 3519 mibi
1290 3463 1626 3518 intellectum
1674 3470 1734 3516 ut

125 3555 339 3612 discam
387 3553 635 3610 mandata
667 3565 753 3609 tua
782 3571 796 3621 ;
832 3568 1008 3623 neque
1043 3555 1097 3608 in
1135 3552 1428 3623 Evangelio
1471 3554 1732 3622 scriptum

126 3661 279 3706 esset
316 3666 329 3702 :
375 3647 529 3703 Tunc
566 3648 778 3717 aperuit
829 3647 935 3703 illis
981 3662 1221 3715 sensum,
1265 3655 1321 3703 ut
1368 3646 1735 3718 intelligerent

126 3739 482 3809 Scripturas;
512 3754 613 3796 nec
649 3738 883 3794 Jacobus
921 3739 1199 3810 apostolus
1239 3736 1444 3795 diceret
1475 3757 1487 3792 :
1517 3738 1572 3792 Si
1611 3737 1735 3807 quis

128 3842 317 3889 autem
351 3842 593 3899 vestrum,
622 3831 824 3903 indiget
853 3832 1140 3903 sapientia,
1168 3832 1405 3903 postulet
1425 3846 1455 3886 a
1479 3831 1610 3899 Deo,
1641 3830 1735 3902 qui

128 3923 229 3977 dat
258 3922 512 3977 omnibus
541 3923 850 3991 affluenter,
884 3932 937 3979 et
959 3940 1064 3979 non
1097 3924 1464 3994 improperat;
1492 3933 1546 3979 et
1584 3923 1738 3979 dabi-

130 4024 230 4069 tur
271 4013 341 4065 ei.
374 4013 731 4082 Quapmpter,
787 4014 1149 4080 dilectissimi,
1205 4016 1512 4087 quicunque
1561 4014 1732 4071 dicit:

133 4103 407 4159 Voluntas
440 4118 557 4158 mea
600 4103 733 4157 mihi
766 4103 967 4160 sufficit
992 4104 1058 4160 ad
1086 4104 1335 4161 facienda
1371 4122 1537 4175 opera
1570 4107 1733 4175 bona,

130 4196 386 4254 declinat
424 4196 477 4250 in
503 4194 813 4265 dexteram;
847 4199 942 4254 sed
983 4214 1170 4254 rursus
1202 4200 1278 4254 illi
1305 4200 1394 4272 qui
1424 4207 1617 4271 putant
1641 4201 1735 4258 bo-

128 4308 263 4349 nam
317 4291 479 4347 vitam
529 4306 649 4347 esse
696 4290 1077 4362 deserendam,
1123 4293 1339 4365 quando
1381 4294 1608 4349 audiunt
1658 4294 1738 4352 sic

128 4385 237 4440 Dei
287 4384 514 4455 gratiam
570 4383 874 4452 praedicari,
907 4394 965 4439 ut
1006 4384 1261 4441 credatur
1304 4393 1359 4442 et
1407 4384 1738 4456 intelligatur

126 4480 445 4536 voluntates
465 4480 739 4536 hominum
756 4480 926 4551 ipsam
939 4495 1007 4537 ex
1020 4480 1176 4537 malis
1187 4480 1360 4538 bonas
1374 4479 1576 4549 facere,
1593 4482 1737 4552 ipsas

124 4575 307 4631 etiam
340 4590 473 4646 quas
514 4574 704 4631 fecerit
739 4575 1033 4647 custodire,
1073 4582 1130 4631 et
1172 4583 1461 4647 propterea
1502 4574 1740 4643 dicunt,

126 4670 431 4726 Faciamus
469 4669 609 4725 mala
642 4678 699 4723 ut
727 4670 949 4726 veniant
975 4669 1139 4737 bona,
1169 4668 1225 4724 in
1264 4669 1544 4725 sinistram
1572 4666 1740 4724 decli-

1831 3436 2217 3506 judicabuntur
2256 3446 2312 3491 ut
2354 3447 2609 3506 pereant;
2645 3454 2766 3493 nam
2800 3441 2845 3495 sl
2888 3440 3041 3511 pejor
3071 3450 3156 3497 est
3184 3442 3427 3499 conditio

1837 3529 2190 3583 nescientium
2223 3543 2381 3597 quam
2408 3530 2695 3584 scientium
2714 3531 2888 3601 legem
2918 3531 3313 3602 Dei,quomodo
3339 3548 3429 3590 ve-

1838 3637 1954 3677 rum
1977 3622 2080 3678 erit
2106 3622 2248 3693 quod
2276 3624 2328 3678 in
2352 3624 2641 3694 Evangelio
2668 3623 2930 3680 Dominus
2957 3626 3031 3681 ait
3059 3644 3071 3680 :
3100 3627 3302 3683 Servus
3337 3627 3432 3700 qui

1839 3715 2013 3771 nescit
2049 3717 2387 3773 voluntatem
2405 3716 2615 3772 Domini
2663 3719 2768 3787 sui,
2801 3726 2856 3775 et
2899 3718 3027 3775 facit
3049 3720 3206 3792 digna
3236 3720 3430 3793 plagis,

1840 3811 2527 3883 vapulabitpauca;servus
2544 3822 2723 3868 autem
2746 3813 2836 3885 qui
2861 3814 2961 3870 scit
2984 3814 3311 3870 voluntatem
3334 3815 3434 3870 do-

1839 3906 1972 3962 mini
1999 3906 2102 3970 sui.
2130 3906 2328 3962 etfacit
2347 3905 2505 3979 digna
2531 3907 2726 3978 plagis,
2762 3906 3037 3977 vapulabit
3066 3907 3253 3963 multa.
3291 3905 3433 3963 Ecce

1841 4001 1927 4057 ubi
1984 4000 2221 4055 ostendit
2274 4001 2489 4071 gravius
2550 4013 2777 4071 peccare
2834 4000 3110 4056 hominem
3167 3999 3431 4056 scientem

1840 4106 1999 4162 quam
2049 4091 2427 4147 nescientem:
2474 4106 2574 4146 nec
2618 4099 2793 4146 tamen
2842 4092 2962 4147 ideo
3015 4089 3431 4161 confugiendum

1841 4192 1926 4239 est
1966 4185 2034 4239 ad
2080 4184 2397 4257 ignorantia
2447 4185 2721 4253 tenebras,
2757 4193 2813 4240 ut
2842 4184 2896 4239 in
2946 4185 3024 4241 eis
3066 4184 3293 4254 quisque
3341 4200 3431 4239 re-

1841 4278 2021 4349 quirat
2083 4277 2531 4344 excusationem;
2585 4278 2729 4334 aliud
2792 4287 2873 4335 est
2933 4280 3072 4335 enim
3153 4280 3431 4349 nescisse,

1841 4371 1986 4428 aliud
2041 4370 2181 4428 scire
2236 4371 2497 4428 noluisse.
2549 4370 2808 4428 Voluntas
2856 4372 3051 4443 quippe
3099 4372 3336 4445 arguitur
3379 4373 3433 4429 in

1841 4481 1909 4524 eo
1937 4466 2006 4523 de
2054 4480 2165 4539 quo
2200 4465 2437 4523 dicitur:
2472 4464 2653 4522 Noluit
2692 4464 2993 4537 intelligere
3020 4472 3076 4519 ut
3117 4466 3252 4521 bene
3304 4482 3430 4539 age-

1842 4568 1967 4628 ret,
2018 4559 2114 4615 sed
2144 4567 2199 4614 et
2238 4558 2326 4614 illa
2359 4559 2660 4629 ignorantia
2687 4602 2700 4625 ,
2728 4574 2848 4629 quas
2877 4574 2981 4613 non
3011 4567 3094 4612 est
3129 4573 3315 4613 eorum
3345 4556 3433 4630 qui

1841 4652 1982 4708 scire
2042 4650 2253 4720 nolunt,
2309 4650 2405 4706 sed
2434 4664 2623 4706 eorum
2668 4650 2758 4718 qui
2815 4656 3069 4720 tanquam
3120 4648 3435 4721 simpliciter

3450 4252 3462 4278 δ

128 4769 276 4818 nant
303 4780 317 4817 :
346 4760 469 4817 ideo
500 4760 653 4817 vobis
677 4760 848 4816 dixit:
879 4760 997 4816 Non
1024 4760 1308 4818 declinetis
1330 4774 1504 4831 neque
1530 4760 1584 4817 in
1608 4758 1734 4817 dex-

1848 4744 2119 4812 nesciunt,
2158 4743 2431 4799 neminem
2454 4743 2535 4798 sic
2569 4751 2791 4799 excusat
2835 4752 2895 4798 ut
2942 4743 3273 4814 sempiterno
3316 4738 3467 4817 igne

126 4866 339 4922 teram,
374 4869 548 4927 neque
576 4855 628 4910 in
656 4854 964 4922 sinistram;
1006 4853 1111 4910 hoc
1139 4866 1243 4924 est,
1276 4870 1346 4911 ne
1374 4857 1455 4911 sic
1483 4852 1741 4913 defenda-

126 4952 207 5005 tis
290 4947 521 5005 liberum
598 4947 919 5016 arbitrium,
1000 4955 1061 5004 ut
1111 4948 1164 5004 ei
1216 4947 1358 5005 bona
1404 4962 1571 5018 opera
1619 4947 1742 5005 sine

124 5040 238 5098 Dei
282 5041 458 5112 gratia
490 5039 770 5096 tribuatis:
802 5054 871 5097 ne
917 5040 998 5097 sic
1041 5038 1344 5098 defendatis
1382 5040 1634 5110 gratiam,
1680 5048 1741 5096 ut

122 5136 301 5207 quasi
329 5135 395 5191 de
423 5135 515 5191 illa
543 5135 724 5191 securi
755 5134 898 5190 mala
926 5149 1091 5207 opera
1116 5133 1393 5206 diligatis;
1444 5134 1590 5204 quod
1618 5134 1735 5205 ipsa

120 5228 319 5300 gratia
344 5228 440 5284 Dei
477 5235 689 5285 avertat
707 5241 737 5283 a
760 5226 935 5285 vobis.
969 5227 1177 5283 Talium
1222 5225 1421 5298 quippe
1444 5225 1607 5282 verba
1636 5225 1739 5281 sibi

123 5336 457 5395 proponens
483 5320 772 5392 Apostolus
819 5320 895 5376 ait
926 5338 939 5375 :
966 5321 1103 5390 Quid
1132 5334 1263 5391 ergo
1290 5318 1575 5376 dicemus?
1618 5332 1741 5388 per-

120 5414 485 5473 manebimus
521 5414 575 5471 in
614 5421 854 5485 peccato,
886 5423 946 5469 ut
986 5414 1161 5485 gratia
1188 5412 1325 5486 [Dei]
1354 5412 1633 5470 abundet?
1660 5421 1744 5468 at.

121 5524 250 5582 que
281 5509 371 5565 his
397 5508 576 5565 verbis
618 5507 893 5564 hominum
922 5510 1248 5576 errantium,
1283 5519 1341 5567 et
1372 5508 1470 5566 Dei
1512 5508 1739 5580 gratiam
1774 5552 1777 5559 α

121 5618 251 5658 non
286 5601 723 5673 intelligentium,
749 5601 1025 5671 respondit
1051 5609 1113 5657 ut
1139 5602 1329 5658 debuit
1361 5602 1548 5660 dicens
1586 5618 1603 5659 :
1631 5603 1739 5659 Ab-

118 5698 233 5754 sit.
265 5694 329 5750 Si
357 5697 500 5751 enim
528 5696 725 5751 mortui
748 5710 936 5750 sumus
957 5704 1201 5765 peccato,
1217 5696 1742 5766 quomodovivemus

119 5790 187 5845 in
219 5788 331 5844 eo?
360 5788 496 5844 nihil
525 5788 629 5845 dici
660 5788 833 5859 potuit
858 5788 1076 5844 brevius
1106 5796 1163 5844 et
1184 5789 1407 5856 melius;
1438 5790 1565 5860 quid
1596 5789 1740 5845 enim

120 5882 305 5939 nobis
338 5882 507 5954 gratia
547 5883 637 5937 Dei
674 5882 861 5939 utilius
896 5880 1108 5937 confert
1146 5882 1199 5938 in
1217 5882 1320 5938 hoc
1355 5883 1607 5952 praesenti
1639 5897 1742 5937 sae-

120 5974 272 6033 culo
301 5974 562 6047 maligno,
591 5974 695 6031 nisi
721 5984 778 6032 ut
800 5974 1095 6031 moriamur
1128 5974 1382 6046 peccato?
1413 5976 1489 6033 Ac
1513 5990 1608 6046 per
1637 5976 1741 6030 hoc
1776 6008 1781 6013 ι

1845 4854 1952 4927 35
1977 4870 2082 4911 non
2106 4856 2314 4921 ardeat,
2340 4855 2385 4910 si
2417 4862 2705 4924 propterea
2750 4870 2856 4909 non
2908 4854 3138 4911 credidit
3164 4855 3283 4922 quia
3328 4871 3437 4910 non

1848 4949 2053 5003 audivit
2082 4947 2301 5002 omnino
2323 4947 2451 5018 quid
2480 4947 2744 5014 crederet,
2789 4946 2885 5004 sed
2912 4947 3141 5011 fortasse
3167 4960 3221 5004 ut
3248 4947 3435 5004 mitius
3464 4936 3467 4945 “

1848 5041 2053 5096 ardeat.
2089 5040 2205 5095 Non
2248 5041 2393 5096 enim
2435 5041 2551 5099 sine
2606 5056 2761 5097 causa
2800 5042 3003 5098 dictum
3053 5051 3134 5098 est
3164 5059 3177 5095 :
3208 5040 3437 5100 Eil‘unde

1848 5136 1982 5191 iram
2009 5146 2151 5190 tuam
2175 5134 2226 5190 in
2254 5145 2441 5207 gentes
2484 5150 2602 5207 quae
2657 5144 2706 5193 te
2734 5151 2843 5192 non
2898 5142 3198 5199 noverunt;
3223 5144 3273 5190 et
3307 5135 3437 5193 illud

1850 5225 1993 5297 quod
2041 5226 2115 5281 ait
2165 5227 2495 5297 Apostolus:
2528 5227 2661 5283 Cum
2698 5230 2908 5283 venerit
2936 5226 2986 5279 in
3054 5225 3269 5281 ﬂamma
3302 5227 3438 5297 ignis

1849 5320 1980 5377 dare
2012 5320 2301 5377 vindictam
2328 5321 2381 5375 in
2414 5335 2507 5375 eos
2560 5321 2649 5392 qui
2692 5321 2943 5391 ignorant
2990 5317 3183 5375 Deum.
3209 5319 3437 5375 Verum-

1850 5396 2029 5468 tamen
2053 5422 2113 5467 ut
2164 5412 2459 5469 habeamus
2500 5422 2554 5469 et
2602 5413 2772 5484 ipsam
2822 5410 3124 5480 scientiam,
3177 5426 3246 5468 ne
3294 5412 3437 5472 dicat

1849 5503 2241 5574 unusquisque,
2267 5503 2504 5571 Nescivi,
2535 5517 2643 5559 non
2675 5502 2883 5570 audivi,
2914 5517 3021 5558 non
3046 5503 3309 5571 intellexi,
3337 5520 3432 5560 vo-

1848 5596 2024 5653 luntas
2060 5597 2378 5654 convenitur
2408 5597 2664 5663 humana,
2696 5594 2787 5649 ubi
2832 5594 3065 5652 dicitur:
3094 5595 3273 5652 Nolite
3313 5612 3437 5655 esse

1847 5688 2007 5763 [fieri]
2047 5691 2187 5747 sicut
2234 5705 2405 5762 equus
2449 5696 2503 5745 et
2533 5688 2733 5753 mulus,
2758 5687 2811 5742 in
2851 5688 3048 5760 quibus
3091 5703 3199 5743 non
3226 5697 3308 5745 est
3353 5691 3437 5744 in-

1846 5784 2128 5851 tellectus;
2157 5783 2402 5855 quamvis
2429 5779 2580 5851 pejor
2600 5790 2857 5851 appareat
2873 5780 2938 5836 de
2960 5796 3064 5853 quo
3079 5782 3282 5837 dictum
3305 5789 3390 5838 est
3418 5794 3437 5838 :

1846 5880 2035 5937 Verbis
2058 5895 2164 5936 non
2223 5876 2596 5934 emendabitur
2653 5891 2840 5930 servus
2872 5874 3060 5942 durus;
3088 5876 3133 5931 si
3164 5877 3308 5932 enim
3357 5878 3431 5933 in-
3472 5944 3477 5949 _

1848 5972 2138 6049 tellexerit,
2174 5987 2280 6028 non
2310 5970 2582 6028 obaudiet.
2616 5969 2840 6037 Quando
2882 5976 3062 6027 autem
3092 5969 3222 6027 dicit
3253 5970 3429 6035 homo,
