3986 6382
616 389 718 446 991

1691 391 1752 446 D.
1795 389 2123 449 EUGYPPII
2159 391 2453 451 ABBATIS
2491 395 2820 456 AFRICANI

3795 422 3863 479 993

611 511 730 569 Non
762 524 979 581 possum
1025 509 1200 565 facere
1229 508 1370 578 quod
1419 505 1746 577 praecipitur,
1777 508 2030 576 quoniam
2061 521 2194 563 con-
2225 511 2278 572 Α
2303 509 2392 563 rit.
2424 509 2510 565 Ad
2532 511 2632 566 hoc
2653 513 2794 569 enim
2821 513 2969 571 valet
2993 516 3138 586 quod
3179 518 3438 590 scriptum
3471 532 3562 579 est
3590 542 3603 577 :
3637 526 3694 582 Si
3716 531 3855 590 volue-

613 607 943 675 cupiscentia
977 620 1094 660 mea
1127 605 1341 671 vincor,
1369 605 1481 674 jam
1533 603 1750 672 quidem
1781 603 1849 660 de
1899 604 2198 674 ignorantia

613 713 721 751 non
756 698 916 752 habet
937 696 1356 762 excusationem,
1382 711 1480 751 nec
1496 695 1660 751 Deum
1684 705 1936 752 causatur
1958 697 2011 751 in
2036 697 2200 753 corde

612 805 732 854 suo,
762 790 855 844 sed
885 791 1081 844 malum
1133 806 1287 845 suum
1321 792 1376 845 in
1407 806 1467 847 se
1502 792 1780 862 cognoscit
1823 800 1880 846 et
1909 791 2075 848 dolet.
2101 791 2216 848 Cui'

611 892 786 935 tamen
815 881 944 936 dicit
974 882 1261 952 Apostolus
1296 902 1308 937 :
1343 883 1460 938 Noli
1484 884 1623 940 vinci
1665 900 1694 940 a
1728 884 1894 952 malo,
1922 886 2016 941 sed
2045 888 2198 942 vince

610 975 662 1029 in
695 975 832 1029 bono
863 976 1100 1040 malum;
1151 987 1206 1032 et
1237 979 1418 1048 utique
1467 980 1552 1034 cui
1601 979 1828 1048 dicitur,
1858 980 1976 1036 Noli
2027 982 2193 1049 vinci,

607 1067 890 1122 arbitrium
913 1071 1030 1126 sine
1043 1071 1205 1126 dubio
1228 1073 1516 1128 voluntatis
1539 1074 1656 1144 ejus
1676 1074 2031 1141 convenitur;
2057 1075 2194 1132 velle

607 1160 748 1214 enim
780 1170 835 1214 et
860 1162 1002 1216 nolle
1050 1165 1282 1233 propria:
1337 1166 1629 1221 voluntatis
1669 1177 1772 1222 est.
1803 1166 1909 1222 Sed
1950 1175 2195 1222 metuen—

605 1251 730 1306 dum
758 1263 841 1308 est
870 1269 936 1309 ne
967 1255 1068 1309 ista
1097 1258 1276 1311 omnia
1306 1257 1482 1312 divina
1510 1259 1836 1327 testimonia,
1861 1269 1912 1316 et
1939 1276 2196 1332 qurecun-

605 1356 708 1410 que
729 1343 830 1396 alia
853 1355 999 1408 sunt,
1031 1363 1150 1416 quae
1191 1349 1307 1404 sine
1337 1350 1672 1406 dubitatione
1702 1362 1828 1406 sunt
1848 1354 2100 1423 plurima,
2136 1354 2192 1409 in

605 1432 918 1490 defensione
948 1437 1101 1492 liberi
1120 1439 1329 1495 arbitrii
1360 1442 1437 1497 sic
1461 1444 1846 1514 intelligantur,
1885 1457 1943 1502 ut
1993 1448 2060 1502 ad
2110 1451 2194 1503 vi-

606 1534 713 1580 tam
758 1529 897 1596 piam
945 1539 1000 1584 et
1036 1530 1229 1586 bonam
1286 1538 1791 1600 conversationem,
1842 1541 1928 1595 cui
1981 1557 2190 1598 merces

602 1629 799 1675 teterna
829 1623 1073 1691 debetur,
1107 1627 1377 1697 adjutorio
1423 1639 1476 1686 et
1504 1632 1689 1701 gratiae
1745 1634 1841 1690 Dei
1885 1637 2033 1692 locus
2081 1635 2220 1694 non

600 1713 953 1783 relinquatur,
999 1728 1052 1772 et
1105 1719 1302 1774 audeat
1343 1723 1505 1778 miser
1548 1723 1743 1794 homo,
1791 1730 2004 1797 quando
2053 1730 2189 1787 bene

601 1805 727 1861 vivit
756 1815 810 1861 et
840 1808 979 1866 bene
1032 1825 1310 1881 operatur,
1355 1817 1436 1870 vel
1500 1819 1675 1885 potius
1719 1821 1855 1878 bene
1903 1824 2086 1880 vivere
2136 1835 2190 1881 et

2305 616 2400 668 l'lS,
2441 605 2782 662 conservabis
2820 607 3066 664 mandata
3091 651 3104 676 ,
3143 620 3203 665 ut
3244 612 3406 668 homo
3433 617 3536 685 qui
3579 619 3794 678 voluerit
3821 641 3855 681 et

2304 709 2410 751 non
2442 699 2698 766 potuerit,
2724 699 2960 756 nondum
2991 717 3051 758 se
3097 705 3249 772 plene
3302 709 3443 764 velle
3501 726 3796 782 cognoscat,
3819 733 3852 776 et

2303 795 2421 841 oret
2453 797 2508 842 ut
2537 789 2733 845 habeat
2776 801 2978 848 tantam
3009 795 3339 854 voluntatem
3375 811 3590 869 quanta
3617 808 3848 867 sullicitad

2302 876 2572 949 implenda
2606 883 2889 951 mandata;
2928 887 3005 942 sic
3042 890 3240 959 quippe
3291 891 3590 961 adjuvatur
3636 909 3689 952 ut
3733 901 3846 960 faciat

2301 972 2442 1040 quod
2466 972 2689 1042 jubetur
2709 969 2725 1032 ἐ
2778 988 2903 1032 tunc
2940 978 3083 1034 enim
3113 982 3243 1037 utile
3271 994 3354 1039 est
3384 985 3534 1043 velle
3557 1004 3676 1045 cum
3710 1009 3844 1062 possu-

2299 1077 2440 1128 mus,
2470 1073 2525 1120 et
2550 1074 2673 1120 tunc
2699 1068 2829 1124 utile
2855 1080 2937 1125 est
2963 1088 3120 1142 posse
3145 1088 3266 1130 cum
3291 1078 3587 1146 volumus;
3613 1099 3725 1140 nam
3751 1094 3834 1158 quid

2301 1155 2522 1224 prodest
2543 1158 2587 1212 si
2619 1161 2759 1229 quod
2811 1178 2917 1217 non
2970 1181 3281 1236 possumus,
3311 1171 3578 1230 volumus
3601 1216 3620 1243 ,
3651 1155 3835 1250 autquod

2301 1262 2619 1318 possumus,
2647 1253 2931 1311 nolumus?
2964 1257 3211 1330 Magnum
3241 1263 3454 1335 aliquid
3485 1283 3549 1324 se
3588 1271 3714 1327 scire
3733 1273 3835 1328 Pela-

2295 1342 2438 1410 giani
2464 1349 2923 1416 putant,jquando
2953 1351 3160 1424 dicunt,
3193 1355 3309 1410 Non
3335 1357 3566 1427 juberet
3598 1363 3831 1435 Deusquod

2295 1435 2461 1490 sciret
2484 1452 2588 1491 non
2619 1454 2778 1507 posse
2809 1442 2875 1496 ab
2904 1442 3122 1501 homine
3165 1448 3282 1504 ﬁeri
3323 1468 3336 1504 :
3362 1452 3495 1520 quis
3533 1455 3632 1510 hoc
3657 1461 3831 1514 nesciat?

2293 1523 2387 1578 sed
2413 1525 2534 1580 ideo
2561 1527 2715 1597 jubet
2743 1531 2916 1603 aliqua
2946 1550 3065 1605 quae
3095 1553 3200 1592 nou
3228 1554 3556 1609 possumus,
3591 1557 3643 1600 ut
3674 1553 3825 1604 noveri-

2294 1631 2414 1671 mus
2441 1618 2568 1687 quid
2599 1620 2783 1678 abillo
2806 1635 2986 1692 petere
3029 1629 3351 1699 debeamus;
3387 1636 3508 1704 ipsa
3548 1651 3623 1692 est
3649 1643 3761 1695 enim
3785 1643 3826 1695 ti-

2291 1708 2389 1764 des
2420 1726 2540 1780 quae
2562 1713 2767 1769 orando
2804 1716 3077 1788 impetrat.
3127 1722 3370 1794 Denique
3410 1728 3529 1797 ipse
3570 1732 3646 1799 qui
3687 1733 3822 1798 dixit,

2293 1799 2351 1854 Si
2384 1803 2640 1872 volueris,
2665 1809 3010 1864 conservabis
3035 1813 3306 1880 mandata,
3331 1816 3389 1871 in
3417 1819 3598 1873 eodem
3616 1821 3725 1877 libro
3747 1824 3820 1878 Ec.

598 1893 735 1953 bene
763 1904 978 1968 cperari
1008 1903 1110 1959 sibi
1142 1906 1374 1976 videtur,
1404 1909 1453 1962 in
1487 1913 1684 1981 seipso,
1735 1931 1841 1970 non
1879 1918 1931 1971 in
1959 1917 2169 1974 Domini

2297 1891 2601 1950 clesiastico
2629 1897 2903 1968 aliquanto
2948 1912 3064 1972 post
3119 1904 3287 1961 dicit:
3317 1907 3457 1975 Quis
3501 1911 3626 1966 dabit
3666 1914 3706 1968 in
3742 1931 3818 1971 ore

598 1991 839 2060 gloriari,
875 2004 929 2050 et
959 2012 1104 2067 spem
1139 2010 1286 2056 recte
1331 2003 1544 2059 vivendi
1570 2006 1623 2061 in
1652 2007 1833 2077 seipso
1882 2025 2102 2078 ponere,
2134 2020 2192 2067 ut

597 2097 851 2155 sequatur
872 2104 994 2146 eum
1025 2095 1366 2151 maledictum
1390 2099 1640 2158 Jeremiaa
1682 2105 1958 2175 prophetae
2001 2107 2189 2166 dicen-

597 2174 664 2228 tis
697 2194 706 2228 :
741 2178 1056 2237 Maledictus
1080 2183 1238 2240 homo
1269 2189 1360 2259 qui
1383 2204 1536 2260 spem
1565 2192 1726 2251 habet
1779 2174 1831 2252 in
1864 2197 2101 2268 homine,
2135 2211 2188 2257 et

595 2265 774 2324 ﬁrmat
801 2286 1017 2328 carnem
1043 2276 1246 2333 brachii
1270 2282 1372 2348 sui,
1409 2295 1462 2339 et
1514 2300 1545 2340 a
1574 2287 1804 2344 Domino
1830 2291 2063 2348 discedit
2093 2311 2187 2352 cor

593 2359 728 2431 ejus.
766 2362 1076 2438 lntelligite,
1110 2369 1323 2439 fratres,
1357 2375 1458 2432 hoc
1509 2383 1877 2450 propheticum
1935 2390 2184 2443 testimo-

591 2454 938 2529 nium:quia
994 2463 1138 2518 enim
1180 2482 1285 2522 non
1334 2469 1475 2524 dixit
1529 2475 1811 2543 propheta,
1864 2479 2182 2538 Maledictus

589 2549 752 2605 homo
782 2553 871 2621 qui
899 2569 1048 2624 Spem
1083 2559 1243 2616 habet
1273 2562 1327 2617 in
1358 2565 1559 2634 seipso,
1605 2580 1786 2636 posset
1812 2573 1974 2645 alicui
2015 2575 2183 2634 videri

589 2639 711 2696 ideo
738 2642 937 2700 dictum
970 2662 1092 2704 esse
1115 2692 1128 2717 ,
1153 2651 1464 2712 Maledictus
1497 2658 1657 2715 homo
1686 2661 1777 2731 qui
1817 2639 1974 2733 spem.
2021 2665 2183 2724 habet

587 2732 641 2787 in
675 2733 912 2804 homine,
937 2749 994 2795 ut
1017 2757 1174 2798 nemo
1203 2759 1354 2816 Spem
1387 2749 1581 2807 habeat
1611 2753 1662 2808 in
1711 2757 1880 2812 altero
1939 2762 2177 2830 homine,

589 2826 691 2895 scd.
717 2827 768 2882 in
797 2843 857 2884 se
889 2848 900 2882 :
935 2841 1142 2904 uter-go
1172 2843 1485 2897 ostenderet
1514 2845 1593 2899 sic
1623 2861 1683 2901 se
1709 2849 2058 2908 admonuisse
2083 2854 2179 2909 ho-

584 2919 808 2987 minem,
836 2931 893 2976 ut
923 2939 1021 2980 nec
1051 2927 1106 2980 in
1160 2930 1341 2998 seipso
1383 2931 1608 2990 haberet
1658 2953 1830 3008 spem,
1893 2953 2177 3015 propterea

585 3024 708 3065 cum
732 3012 976 3082 dixisset,
1012 3019 1329 3076 Maledictus
1380 3024 1543 3081 homo
1595 3031 1683 3097 qui
1714 3046 1868 3102 Spem
1916 3012 2078 3094 habet
2123 3041 2176 3096 in

582 3102 826 3171 homine,
854 3121 981 3160 mox
1013 3109 1219 3165 addidit
1252 3130 1265 3166 :
1300 3114 1366 3166 Et
1395 3115 1568 3172 ﬁrmat
1595 3137 1815 3180 carnem
1844 3127 2049 3184 brachii
2067 3134 2173 3188 sui.

583 3192 866 3250 Drachium
895 3214 991 3267 pro
1021 3204 1253 3270 potentia
1286 3209 1465 3277 posuit
1511 3217 1770 3282 operandi
1803 3237 1814 3272 :
1846 3221 1897 3275 in
1957 3227 2174 3284 nomine

2301 2001 2424 2041 meo
2448 1990 2765 2057 custodiam,
2793 2002 2850 2048 et
2878 2007 3041 2064 super
3079 1995 3221 2053 labia
3261 2015 3385 2056 mea
3417 2003 3711 2074 signaculum
3749 2023 3818 2062 as-

2294 2086 2491 2146 tutum,
2522 2096 2589 2136 ne
2609 2082 2748 2138 forte
2762 2085 2951 2141 cadam
2979 2087 3046 2141 ab
3069 2087 3222 2157 ipsis,
3239 2090 3336 2163 [et]
3363 2094 3532 2164 lingua
3552 2112 3652 2152 mea
3673 2098 3817 2168 perdat

2290 2185 2398 2227 me.
2426 2172 2542 2228 Jam
2571 2185 2720 2233 certe
2749 2181 3002 2234 mandata
3057 2196 3380 2254 acceperat:
3412 2189 3598 2244 Cohibe
3623 2191 3818 2262 linguam

2291 2273 2435 2332 tuam
2466 2283 2494 2320 a
2524 2269 2688 2338 malo,
2723 2282 2776 2326 et
2810 2271 2948 2327 labia
2979 2283 3067 2329 tua
3099 2291 3166 2330 ne
3199 2277 3466 2348 loquantur
3485 2281 3665 2335 dolum.
3696 2283 3815 2339 Cum

2288 2371 2418 2430 ergo
2449 2375 2633 2415 verum
2666 2363 2738 2416 sit
2763 2364 2906 2433 quod
2937 2365 3075 2420 dixit
3100 2384 3114 2422 :
3149 2367 3208 2424 Si
3244 2371 3483 2439 volueris,
3512 2376 3814 2429 conservabis

2287 2451 2562 2519 mandata,
2596 2469 2762 2523 quare
2785 2459 2978 2524 quaerit
3026 2458 3078 2514 in
3121 2477 3217 2516 ore
3245 2477 3344 2518 suo
3371 2465 3484 2519 dari
3521 2466 3814 2522 custodiam!

2285 2544 2479 2599 similis
2502 2531 2557 2600 ei.
2580 2548 2668 2616 qui
2692 2547 2822 2602 dicit
2849 2549 2901 2604 in
2928 2552 3137 2620 psalmo
3169 2571 3183 2610 :
3218 2555 3390 2623 Pone,
3423 2559 3645 2623 Domine,
3667 2573 3804 2616 custo-

2283 2633 2426 2689 diam
2457 2637 2540 2692 ori
2563 2654 2719 2705 meo;
2755 2655 2860 2696 non
2891 2644 2940 2698 ei
2979 2644 3176 2701 sufﬁcit
3226 2649 3538 2705 mandatum
3562 2651 3642 2706 Dei
3676 2662 3716 2708 et
3737 2669 3800 2708 vo-

2284 2724 2462 2782 luntas
2501 2745 2617 2797 sua,
2657 2733 3092 2804 quandoquidem
3151 2739 3196 2794 si
3236 2741 3481 2798 voluerit
3531 2749 3787 2801 conscrrabit

2280 2821 2552 2876 mandata.
2587 2823 2754 2892 Quam
2786 2828 2949 2882 multa
2985 2831 3076 2886 Dei
3114 2835 3368 2890 mandata
3404 2847 3532 2892 sunt
3555 2851 3683 2893 contra
3704 2854 3769 2893 su-

2282 2914 2548 2984 perbiam,
2575 2916 2684 2984 jam
2709 2920 2858 2975 novit
2883 2937 2968 2988 ea,
2997 2934 3052 2979 et
3096 2927 3141 2980 si
3189 2928 3434 2985 voluerit
3470 2933 3778 2989 obsenabitea.

2283 3001 2465 3070 Quare
2490 3020 2620 3077 ergo
2653 3011 2812 3078 paulo
2843 3021 2964 3081 post
2986 3014 3114 3068 dicit
3149 3033 3162 3069 :
3197 3017 3438 3076 Domine
3482 3023 3611 3077 Pater
3632 3022 3784 3078 etbeus

2280 3100 2408 3152 vitze
2439 3115 2593 3166 meae,
2615 3103 2901 3161 elationem
2930 3109 3208 3166 oculorum
3235 3129 3305 3168 ne
3326 3115 3547 3174 dederis
3561 3120 3675 3172 mihi.
3695 3118 3767 3172 Jun

2282 3187 2491 3246 dixerat
2517 3193 2567 3248 ei
2590 3194 2698 3250 Lex
2732 3214 2744 3249 :
2778 3197 2892 3252 Non
2943 3205 3328 3274 concupisces;
3373 3209 3510 3264 velit
3536 3221 3693 3280 ergoet
3722 3208 3768 3261 la.

582 3297 762 3343 autem
793 3293 972 3348 carnis
1010 3295 1354 3368 intelligenda
1385 3312 1470 3358 est
1517 3281 1751 3365 humana
1788 3312 2076 3384 fragilitas;
2109 3281 2172 3378 ac
2199 3303 2247 3367 (ἶ
2280 3281 2388 3336 cm
2416 3285 2560 3384 (ψθά
2583 3285 2802 3355 iubetur
2824 3330 2840 3356 ’
2870 3293 3123 3360 quoniam
3155 3297 3198 3350 Si
3244 3298 3486 3354 vomer“
3537 3300 3778 3357 conseram

579 3393 678 3449 per
710 3379 810 3436 hoc
833 3383 1010 3440 ﬁrmat
1038 3402 1256 3446 carnem
1285 3393 1490 3452 brachii
1519 3399 1598 3454 sui
1629 3401 1718 3470 qui
1743 3409 2038 3474 potentiam
2065 3412 2172 3469 fra-

577 3473 740 3542 gilem
778 3485 940 3546 atque
982 3482 1311 3554 invalidam,
1358 3489 1411 3544 id
1453 3501 1538 3548 est
1574 3473 1885 3567 humanam,
1919 3505 2169 3564 sufficere

578 3569 680 3625 sibi
711 3571 777 3626 ad
811 3573 949 3630 bene
969 3581 1302 3648 operandum
1334 3593 1519 3654 putat,
1552 3604 1650 3645 nec
1687 3593 2011 3661 adjutorium
2042 3616 2168 3671 spc-

574 3671 718 3718 rata
747 3667 995 3724 Domino.
1031 3672 1260 3742 Propter
1295 3679 1397 3734 hoc
1440 3683 1582 3736 enim
1618 3685 1869 3756 subjecit,
1905 3690 1971 3746 Et
1999 3707 2028 3746 a
2060 3667 2166 3749 Do-

573 3953 696 3994 nem
728 3941 931 4000 brachii
959 3953 1149 4020 nostri,
1183 3969 1283 4010 nec
1311 3971 1340 4010 a
1365 3959 1590 4018 Domino
1619 3965 1860 4023 discedat
1905 3985 2000 4026 cor
2029 3989 2158 4030 nos-

572 4039 844 4102 trum,sed
868 4041 915 4095 ei
935 4041 1079 4099 dicat
1100 4063 1113 4100 :
1135 4048 1363 4119 Adjutor
1392 4070 1544 4112 meus
1569 4067 1708 4126 esto,
1727 4077 1795 4117 ne
1817 4063 2160 4138 derelinquas

568 4145 688 4198 me;
723 4135 1127 4195 meminerimus
1180 4160 1305 4202 eum
1362 4149 1542 4208 dicere
1583 4154 1705 4211 :Et
1757 4161 2154 4231 convertimini,

566 4232 620 4280 et
644 4226 836 4283 vivetis
861 4245 876 4295 ;
901 4239 959 4286 et
983 4235 1069 4288 cui
1101 4236 1301 4294 dicitur
1332 4258 1346 4296 :
1372 4241 1639 4304 Converte
1689 4264 1811 4317 nos,
1842 4253 2013 4322 Deus;
2043 4275 2156 4313 me-

566 4320 883 4380 minerimus
915 4327 1083 4384 Deum
1124 4332 1309 4391 dicere
1354 4354 1366 4391 :
1420 4340 1673 4412 Projicite
1713 4360 1745 4400 a
1777 4349 1928 4405 vobis
1966 4367 2154 4412 omnes

565 4409 868 4478 impietates
901 4431 1134 4489 vestras,
1161 4440 1283 4481 cum
1317 4430 1433 4499 ipse
1465 4409 1728 4501 justiﬁcet
1756 4440 2012 4511 impium;
2041 4462 2154 4503 me-

563 4501 878 4563 minerimus
908 4512 1081 4580 ipsum
1111 4517 1293 4577 dicere
1323 4541 1336 4575 :
1371 4524 1555 4582 Facite
1593 4531 1748 4588 vobis
1802 4551 1897 4592 cor
1927 4554 2146 4608 novum,

562 4601 619 4647 et
646 4597 890 4664 spiritum
920 4619 1138 4674 novum,
1163 4613 1250 4682 qui
1273 4614 1404 4672 dicit
1429 4637 1441 4670 :
1474 4620 1622 4676 Dabo
1643 4626 1794 4682 vobis
1810 4643 1904 4686 cor
1925 4647 2120 4690 novum

560 4694 615 4798 et
643 4690 1115 4798 spiritummovum
1163 4706 1303 4764 dabo
1334 4714 1504 4770 vobis.
1537 4717 1819 4783 Quomodo
1846 4682 2144 4798 θὲέξξέιῖιοᾶ
2175 4689 2228 4750 θ

559 4776 732 4892 dicit:
783 4782 965 4886 Facite
1007 4795 1180 4863 vobis,
1211 4799 1311 4856 hoc
1357 4804 1510 4875 dicit,
1539 4776 1686 4868 Dabo
1731 4776 2145 4892 vobisfq‘uare

556 4869 730 4940 jubet,
762 4875 807 4929 si
842 4876 954 4946 ipse
986 4883 1207 4943 daturus
1236 4896 1357 4949 est?
1409 4869 1576 4968 quare
1603 4905 1713 4976 dat,
1745 4910 1790 4964 si
1837 4869 2008 4968 bomt:
2028 4915 2143 4972 fac-

557 4973 710 5074 turus
739 4977 855 5038 est,
891 4972 991 5028 nisi
1024 4978 1147 5046 quia
1185 4982 1276 5038 dat
1313 4991 1453 5057 quod
1484 4993 1642 5062 jubet
1675 4972 1795 5057 cum
1824 5004 2044 5074 adjuvat
2088 5021 2144 5067 ut

556 5053 721 5113 faciat
749 5062 831 5116 cui
862 5063 1055 5133 jubet?
1092 5053 1342 5143 Semper'
1363 5094 1441 5136 cst
1474 5053 1572 5159 [vin]
1619 5092 1776 5148 nobis
1808 5053 2052 5158 voluntas
2077 5105 2142 5160 li-

553 5147 704 5217 bera,
737 5155 830 5210 sed
864 5173 968 5215 non
994 5177 1211 5235 semper
1231 5180 1313 5225 est
1353 5174 1492 5232 bona
1527 5194 1657 5238 :aut
1681 5191 1822 5244 enim
1869 5207 1898 5246 a
1935 5193 2140 5264 justitia

553 5238 719 5264 ιιι-.--
758 5256 828 5264 Αλι
1023 5255 1036 5264 “
1234 5261 1245 5264 “

552 5238 725 5299 libera
751 5256 832 5301 est
859 5255 1073 5320 quando
1105 5261 1272 5316 servit
1313 5279 1555 5340 peccato,
1588 5286 1644 5330 et
1673 5287 1796 5336 tunc
1843 5238 1985 5342 mala
2016 5301 2138 5360 est;

550 5341 642 5385 aut
681 5349 709 5386 a
759 5352 980 5406 peccato
1015 5347 1182 5406 libera
1221 5364 1304 5410 est
1347 5364 1562 5430 quando
1593 5372 1760 5428 servit
1793 5375 2054 5451 justitim,
2087 5341 2143 5442 et

551 5431 784 5544 tunclcst
809 5434 965 5492 bona.
1001 5440 1181 5502 Gratia
1229 5466 1355 5508 vero
1386 5455 1481 5512 Dei
1516 5475 1729 5534 semper
1777 5480 1863 5526 est
1888 5431 2054 5544 bona:
2086 5490 2142 5536 et

547 5528 646 5638 per
671 5517 811 5577 hanc
835 5536 890 5579 ut
918 5529 986 5584 sit
1024 5532 1187 5595 homo
1217 5546 1508 5608 voluntatis
1540 5555 1692 5614 bona:
1723 5565 1812 5633 qui
1848 5569 1995 5638 prius
2035 5518 2140 5632 ’fuit

547 5617 615 5638 an
643 5614 838 5638 unl...2..
894 5622 995 5638 _.-_|
1258 5635 1266 5638 _

547 5608 838 5728 voluntatis
893 5622 1068 5691 malae,
1103 5644 1198 5695 per
1253 5635 1392 5694 hanc
1437 5645 1598 5701 etiam
1643 5608 1812 5709 (itaut.
1840 5608 2138 5728 ίᾝέξσδξιῖξ

1749 5701 1803 5709 --
1840 5701 1853 5710 .
1896 5701 1954 5715 υ..
2001 5701 2131 5723 υυιια

545 5701 822 5814 volutum,
855 5728 974 5781 qua:
1000 5717 1110 5785 jam
1128 5739 1248 5781 esse
1288 5736 1471 5804 erepit,
1500 5753 1779 5812 augeatur,
1807 5701 1991 5809 etrtam
2017 5774 2131 5814 ma-

547 5801 648 5917 lgna
671 5798 796 5917 liart,
833 5813 890 5857 ut
921 5811 1091 5876 possit
1113 5815 1337 5887 implere
1382 5828 1558 5887 divina
1589 5837 1862 5910 mandata,
1893 5861 2011 5917 qua:
2043 5868 2136 5908 vo-

575 5896 700 5917 nor-il
760 5898 898 5917 .----J
1015 5914 1023 5917 -
1097 5908 1108 5917 ·
1140 5911 1155 5917 ‘

1191 5879 1207 5887 _
1420 5879 1558 5887 _,____.
1589 5879 1837 5896 "mnuum
1893 5879 1908 5899 ι
1933 5879 2011 5905 uas
2046 5879 2132 5908 vu-

547 5879 705 5939 luerit
735 5888 899 5960 [quod
939 5908 1178 5981 poterit],
1211 5928 1329 5974 cum
1371 5924 1527 5984 valde
1560 5879 1926 6010 perfectequel
1948 5947 2132 6008 volue-

2277 3375 2563 3443 mandata;
2590 3394 2757 3448 quare
2777 3385 3022 3454 sequitur
3051 3395 3107 3441 et
3154 3388 3285 3444 dicit
3322 3409 3335 3444 :
3367 3394 3786 3465 Concupisceutiam

2275 3479 2458 3524 averte
2493 3485 2521 3524 a
2574 3487 2696 3539 me;
2747 3486 2938 3532 contra
2982 3479 3250 3536 luxuriam
3297 3484 3446 3541 Deus
3492 3503 3635 3557 quam
3676 3487 3790 3542 multa

2272 3563 2585 3619 mandavit?
2608 3565 2764 3623 faciat
2785 3585 2868 3636 ea,
2892 3571 3015 3642 quia
3029 3574 3076 3628 si
3098 3576 3335 3632 voluerit
3355 3581 3674 3636 conservabit
3689 3595 3796 3634 mau-

2275 3651 2419 3708 data.
2451 3655 2586 3723 Quid
2615 3667 2698 3714 est
2721 3661 2860 3731 quod
2892 3663 3089 3719 clamat
3112 3667 3180 3722 ad
3215 3669 3383 3725 Deum
3418 3690 3433 3727 :
3466 3673 3657 3727 Ventris
3679 3689 3801 3742 appe-

2269 3746 2387 3803 titio
2414 3758 2469 3803 et
2493 3753 2808 3810 concubitus
2835 3771 2903 3813 ne
2947 3762 3316 3829 apprehendat
3345 3767 3457 3822 me?
3477 3765 3534 3822 Si
3552 3768 3658 3820 hzec
3683 3769 3727 3820 ei
3755 3769 3798 3821 in

2267 3842 2531 3908 praesenti
2555 3842 2876 3916 diceremus,
2910 3853 3215 3912 rectissime
3246 3857 3383 3911 nobis
3407 3858 3728 3927 responderet
3754 3867 3805 3914 et

2265 3930 2470 3988 diceret
2501 3953 2514 3987 :
2547 3935 2626 3990 Ex
2660 3937 2758 3992 ista
2792 3942 3038 4000 oratione
3082 3962 3230 4016 mea,
3280 3967 3376 4017 qua
3412 3950 3524 4006 haec
3551 3966 3580 4004 a
3601 3951 3806 4006 Domino

2266 4033 2413 4093 peto,
2446 4026 2730 4100 intelligite
2758 4036 3033 4102 quomodo
3065 4039 3323 4110 dixerim,
3356 4044 3410 4097 Si
3432 4044 3654 4101 volueris
3701 4061 3804 4100 con-

2262 4117 2504 4173 servabis
2555 4123 2803 4178 mandata
2843 4140 3095 4187 :certum
3143 4143 3229 4189 est
3269 4137 3414 4191 enim
3462 4154 3557 4194 nos
3599 4141 3803 4194 mandata

2259 4223 2483 4267 servare
2504 4213 2548 4267 si
2581 4216 2852 4288 volumus,
2878 4222 2972 4277 sed
3003 4225 3128 4294 quia
3173 4239 3510 4297 praeparatur
3545 4233 3756 4287 voluntas
3779 4247 3798 4283 a

2259 4303 2521 4373 Domino,
2555 4310 2622 4364 ab
2667 4311 2756 4365 illo
2798 4319 3086 4382 petendum
3129 4330 3210 4375 est
3253 4332 3310 4376 ut
3352 4333 3563 4380 tantum
3613 4327 3787 4380 velimus

2257 4405 2513 4464 quantum
2546 4399 2744 4457 sufﬁcit
2783 4412 2842 4458 ut
2875 4407 3108 4464 volendo
3166 4411 3457 4470 faciamus.
3512 4416 3702 4474 Certum
3737 4427 3794 4471 est

2255 4501 2354 4541 nos
2384 4489 2525 4544 velle
2554 4507 2677 4546 cum
2719 4496 3102 4567 volumus,sed
3126 4504 3222 4559 ille
3254 4507 3382 4562 facit
3405 4520 3474 4566 ut
3506 4513 3696 4568 velimus
3716 4512 3780 4561 be

2255 4593 2408 4646 num,
2441 4582 2510 4637 de
2536 4599 2641 4653 quo
2669 4586 2872 4644 dictum
2906 4603 3009 4659 est,
3042 4605 3099 4650 ut
3131 4601 3290 4665 paulo
3321 4586 3457 4659 ante
3508 4607 3664 4675 posui,
3687 4602 3788 4673 quod

2254 4683 2581 4740 praeparatur
2605 4679 2852 4736 voluntas
2900 4699 2928 4737 a
2960 4685 3210 4755 Domino,
3238 4692 3304 4747 de
3345 4711 3462 4762 quo
3518 4699 3794 4753 dictumest:

2259 4763 2302 4822 Α
2325 4761 2553 4820 Domino
2584 4783 2806 4836 gressus
2840 4777 3074 4834 hominis
3099 4761 3399 4853 dirigentur
3421 4829 3442 4855 ,
3480 4800 3540 4846 et
3568 4794 3695 4846 viam
3718 4788 3803 4859 ejus

2256 4854 2432 4920 volet;
2461 4857 2527 4912 de
2549 4874 2655 4928 quo
2699 4863 2898 4920 dietum
2931 4879 3013 4924 est
3041 4890 3052 4923 :
3086 4872 3187 4940 Qui
3209 4854 3475 4947 Operatur
3521 4884 3577 4937 in
3616 4883 3743 4938 vobis
3768 4893 3803 4935 et

2253 4945 2416 5002 velle.
2453 4947 2672 5007 Certum
2700 4964 2783 5008 est
2820 4972 2918 5013 nos
2953 4959 3130 5018 facere
3161 4945 3282 5021 cum
3319 4969 3562 5030 facimus
3597 4995 3610 5030 :
3649 4975 3730 5031 sed
3746 4974 3807 5028 ille

2250 5036 2376 5093 facit
2399 5048 2457 5095 ut
2483 5041 2763 5115 faciamus,
2794 5051 3084 5118 praebendo
3121 5057 3266 5114 vires
3305 5059 3719 5121 efﬁcacissimas
3743 5080 3806 5118 vo-

2249 5128 2468 5199 luntati,
2505 5137 2595 5205 qui
2623 5137 2759 5193 dixit
2793 5159 2806 5195 :
2839 5142 3056 5201 Faciam
3077 5150 3693 5221 utinjustiﬁcationibus
3713 5160 3810 5213 meis

2244 5225 2551 5294 ambuletis,
2586 5239 2639 5285 et
2662 5232 2865 5300 judicia
2895 5253 3014 5295 mea
3043 5242 3346 5303 observetis
3376 5258 3432 5303 et
3462 5253 3693 5308 faciatis.
3713 5254 3808 5306 Cum

2243 5315 2394 5384 dicit,
2422 5318 2636 5376 Faciam
2666 5333 2721 5379 ut
2744 5325 2971 5398 faciatis,
2994 5333 3122 5403 quid
3163 5337 3305 5391 aliud
3346 5338 3487 5396 dicit
3524 5345 3653 5412 nisi,
3681 5344 3812 5400 Aufe-

2246 5423 2360 5463 ram
2401 5427 2430 5465 a
2469 5414 2622 5471 vobis
2662 5432 2758 5472 cor
2791 5421 3083 5493 lapideum,
3116 5429 3258 5486 unde
3297 5447 3404 5488 non
3439 5435 3750 5502 faciebatis,
3778 5448 3814 5492 ει

2245 5498 2385 5557 dabo
2423 5518 2517 5560 cor
2547 5522 2821 5580 carneum,
2870 5517 3009 5575 unde
3048 5519 3287 5578 faciatis?
3323 5535 3380 5580 et
3423 5527 3536 5585 hoc
3573 5532 3697 5602 quid
3735 5541 3813 5589 est.

2247 5596 2370 5663 nisi,
2404 5597 2658 5657 Auferam
2701 5620 2794 5661 cor
2839 5609 3069 5680 durum,
3109 5616 3249 5673 unde
3280 5633 3387 5674 non
3429 5621 3750 5691 faciebatis,
3775 5635 3816 5677 et

2246 5685 2386 5742 dabo
2407 5703 2500 5744 cor
2528 5692 2808 5764 obediens,
2843 5702 2986 5758 unde
3013 5706 3258 5763 faciatis?
3291 5710 3387 5766 Ille
3416 5713 3555 5771 facit
3591 5727 3648 5772 ut
3680 5685 3815 5771 facia-

2243 5790 2385 5846 mue,
2417 5780 2503 5837 cui
2531 5783 2662 5840 dicit
2693 5787 2891 5846 homo:
2924 5793 3101 5865 Pone,
3137 5799 3378 5869 Domine,
3411 5809 3725 5863 custodiam
3753 5808 3816 5859 ori

2241 5881 2401 5924 meo:
2437 5873 2539 5928 hoc
2560 5886 2644 5932 est
2663 5883 2806 5936 enim
2837 5884 3037 5955 dicere,
3078 5891 3182 5949 Fac
3207 5904 3264 5950 ut
3298 5913 3497 5966 ponam
3536 5905 3818 5961 custodiam

2239 5961 2323 6018 ori
2350 5979 2490 6036 meo,
2513 5971 2658 6040 quod
2687 5973 3007 6041 beneﬁcium
3045 5985 3140 6044 Dei
3164 5988 3274 6060 jam
3304 5992 3481 6053 fuerat
3511 6009 3819 6060 consecutus
