3986 6382
158 329 254 390 99ὅ

1329 328 1768 388 THESAURUS.
1809 327 1963 386 CAP.
2004 325 2088 385 CC
2098 327 2228 386 XCI.

3318 326 3428 393 996

153 453 240 524 qui
265 451 402 508 dixit
433 469 446 506 :
479 447 638 508 Posui
676 451 759 508 ori
794 465 918 508 meo
953 449 1273 507 custodiam.
1308 449 1411 518 Qui
1437 465 1567 520 ergo
1597 451 1711 505 vult
1745 451 1796 512 Α
1822 446 1989 501 Deum
2019 446 2218 502 habere
2249 446 2301 500 in
2330 445 2537 514 notitia,
2565 443 2780 501 tradidit
2810 443 2933 500 illos
2953 444 3094 501 Deus
3126 445 3178 499 in
3231 464 3420 518 repro-

156 543 321 601 facere
339 545 433 601 Dei
461 545 794 612 mandatum,
827 553 1008 600 etnon
1033 550 1231 614 potest,
1252 541 1362 612 jam
1376 543 1592 614 quidem
1615 541 1720 597 ha-

149 636 238 694 bet
260 637 586 694 voluntatem
611 639 830 708 bonam,
857 639 950 694 sed
989 638 1166 692 adhuc
1197 651 1417 707 parvam
1456 645 1512 692 et
1540 635 1727 690 invali-

149 733 293 798 dam;
327 733 522 801 p0terit
545 741 749 798 autem,
777 747 898 786 cum
926 745 1176 800 magnam
1200 727 1728 784 habueritetrobns-

149 834 274 880 tam.
304 825 526 894 Quando
548 826 690 881 enim
724 836 986 897 martyres
1017 838 1207 895 magna
1249 823 1337 878 illa
1367 823 1615 877 mandata
1647 823 1726 876 fe-

145 927 347 984 cerunt,
376 933 566 987 magna
597 919 785 988 utique
811 917 1108 982 voluntate,
1147 917 1248 972 hoc
1276 925 1359 972 est
1383 929 1572 987 magna
1593 914 1725 970 cha-

144 1010 312 1076 ritate,
345 1008 623 1076 fecerunt;
654 1011 721 1065 de
752 1025 856 1081 qua
885 1010 1150 1065 charitate
1181 1011 1297 1079 ipse
1321 1008 1584 1063 Dominus
1615 1010 1723 1062 ait:

145 1100 398 1172 Majorem
431 1103 568 1158 hanc
597 1103 916 1159 charitatem
940 1117 1101 1159 nemo
1130 1103 1312 1167 habet,
1343 1117 1502 1172 quam
1524 1111 1584 1157 ut
1609 1101 1726 1156 ani-

141 1209 277 1250 mam
305 1210 454 1251 suam
487 1204 651 1266 ponat
689 1211 788 1268 pro
827 1195 1016 1251 amicis
1058 1196 1201 1262 suis;
1236 1195 1380 1251 unde
1408 1203 1464 1250 et
1493 1193 1725 1264 Aposto-

139 1285 227 1342 lus
241 1285 364 1342 dicit
383 1305 396 1341 :
411 1287 512 1354 Qui
527 1288 672 1344 enim
699 1288 874 1358 diligit
905 1287 1230 1358 proximum,
1257 1286 1430 1354 legem
1446 1284 1720 1356 implevit;

139 1394 262 1435 nam
274 1379 388 1436 Non
400 1379 748 1449 adulterabis,
763 1379 879 1435 Non
893 1379 1240 1437 homicidium
1253 1378 1439 1445 facies,
1457 1376 1573 1434 Non
1586 1376 1723 1432 fura-

141 1473 301 1542 beris,
316 1475 430 1532 Non
446 1476 819 1546 concupisces,
840 1477 947 1532 etsi
961 1475 1102 1546 quod
1122 1484 1206 1531 est
1219 1473 1365 1530 aliud
1383 1472 1719 1539 mandatum,

141 1568 194 1624 in
218 1568 313 1624 hoc
331 1583 583 1625 sermone
596 1567 978 1639 recapitulatur
997 1585 1010 1622 :
1029 1568 1228 1638 Diliges
1244 1566 1548 1638 proximum
1571 1573 1720 1620 tuum

139 1666 381 1729 tanquam
413 1658 666 1728 teipsum.
688 1657 915 1714 Dilectio
938 1657 1380 1728 proximimalum
1396 1671 1502 1712 non
1526 1669 1720 1725 opera-

141 1759 226 1808 tur
247 1754 382 1825 τω
399 1754 677 1824 plenitudo
691 1767 820 1823 ergo
835 1752 968 1824 legis
985 1762 1068 1809 est
1080 1752 1298 1808 dilectio
1319 1769 1332 1813 ;
1356 1750 1525 1821 ipsam
1541 1748 1720 1804 chari-

1833 541 1956 597 bam
1986 551 2242 608 mentem,
2270 550 2330 597 ut
2357 541 2554 597 faciant
2579 557 2641 598 ea
2671 557 2790 612 qua:
2816 555 2924 597 non
2975 541 3323 597 conveniunt.
3356 543 3425 599 Et

1830 633 1896 687 ad
1920 631 2430 690 Thessalonicenses
2461 636 2513 690 in
2547 633 2787 704 Epistola
2817 634 3051 690 secunda
3095 633 3171 689 ait
3190 633 3260 689 de
3304 634 3423 704 qui-

1829 724 2054 780 busdam
2079 743 2094 783 :
2122 727 2226 783 Pro
2250 743 2317 784 eo
2343 727 2482 798 quod
2514 727 2860 784 dilectionem
2891 728 3137 784 veritatis
3167 741 3275 784 non
3324 742 3420 784 re-

1830 823 2107 884 ceperunt,
2141 826 2196 871 ut
2227 817 2363 872 salvi
2393 818 2600 885 fierent,
2637 816 2762 875 ideo
2785 817 2950 872 mittit
2970 818 3080 874 illis
3111 818 3252 874 Dens
3293 833 3425 888 ope-

1829 909 2092 965 rationem
2121 913 2344 977 erroris,
2370 921 2430 966 ut
2455 911 2678 967 credant
2705 912 3009 981 mendacio,
3038 911 3422 982 utjudicentur

1829 1013 2016 1057 omnes
2049 1001 2141 1072 qui
2169 1015 2273 1057 non
2318 1005 2664 1061 crediderunt
2713 1004 2949 1068 veritati,
2999 1005 3093 1060 sed
3133 1019 3423 1062 consense—

1827 1098 1956 1147 runt
1983 1092 2274 1163 iniquitati.
2300 1094 2391 1149 llis
2421 1104 2477 1151 et
2516 1096 2710 1150 talibus
2741 1096 3064 1151 testimoniis
3110 1096 3420 1152 divinorum

1826 1183 2184 1253 eloquiorum,
2211 1201 2332 1257 qua:
2360 1188 2536 1242 omnia
2565 1202 2992 1243 commemorare
3014 1187 3177 1242 nimis
3198 1190 3418 1258 perlon-

1825 1290 1949 1346 gum
1972 1285 2078 1344 est,
2109 1278 2241 1333 satis
2267 1286 2523 1349 quantum
2557 1279 2807 1335 existimo
2837 1279 3232 1343 manifestatur,
3283 1294 3418 1350 ope-

1834 1369 1941 1423 rari
1997 1367 2168 1425 Deum
2227 1372 2279 1426 in
2311 1370 2566 1427 cordibus
2611 1372 2911 1439 hominum,
2972 1371 3038 1426 ad
3090 1371 3422 1428 inclinandas

1823 1473 2011 1516 eorum
2039 1462 2340 1520 voluntates
2385 1478 2704 1535 quocunque
2742 1465 2992 1530 voluerit,
3017 1465 3133 1520 sive
3171 1465 3237 1520 ad
3280 1465 3420 1521 bona

1823 1567 1923 1624 pro
1945 1569 2040 1610 sua
2069 1555 2459 1624 misericordia,
2483 1559 2599 1612 sive
2622 1557 2690 1611 ad
2706 1559 2842 1612 mala
2866 1573 2962 1628 pro
2978 1558 3183 1614 meritis
3206 1573 3416 1627 eorum,

1818 1644 2022 1715 judicio
2052 1649 2240 1718 utique
2262 1662 2360 1703 suo
2387 1647 2673 1718 aliquando
2693 1657 2902 1718 aperto,
2921 1649 3209 1719 aliquando
3235 1650 3418 1706 occul-

1824 1747 1901 1804 to,
1928 1755 2146 1811 semper
2171 1751 2351 1798 autem
2379 1742 2543 1812 justo.
2585 1741 2777 1796 Fixum
2808 1743 2954 1797 enim
3001 1742 3161 1799 debet
3202 1758 3324 1799 esse
3365 1750 3419 1798 et

139 1852 294 1900 tatem
316 1845 592 1916 apostolus
638 1846 830 1902 Petrus
869 1845 1108 1901 nondum
1157 1844 1366 1908 habuit,
1399 1843 1614 1913 quando
1645 1842 1712 1897 ti-

1820 1831 2095 1890 immobile
2142 1835 2194 1889 in
2244 1833 2407 1889 corde
2462 1843 2663 1900 vestro,
2713 1834 2837 1904 quia
2891 1848 2997 1888 non
3039 1844 3122 1889 est
3164 1835 3418 1904 iniquitas

137 1950 283 1992 more
313 1935 596 1990 Dominum
620 1945 703 1992 ter
737 1936 978 2009 negavit.
1006 1936 1192 1991 Timor
1220 1933 1366 1992 enim
1407 1947 1511 1989 non
1549 1943 1631 1988 est
1663 1934 1716 1988 in

132 2028 423 2096 charitate,
454 2028 593 2083 sicut
632 2029 704 2084 ait
735 2028 972 2085 Joannes
1014 2029 1342 2098 evangelista
1391 2027 1443 2082 in
1479 2025 1716 2094 Epistola

129 2133 245 2187 sua,
273 2120 364 2176 sed
409 2121 649 2191 perfecta
683 2120 921 2178 charitas
959 2120 1104 2177 foras
1143 2120 1308 2177 mittit
1347 2121 1633 2185 timorem;
1663 2127 1717 2173 et

133 2217 330 2279 tamen,
382 2213 628 2281 quamvis
677 2227 844 2284 parva
891 2223 946 2269 et
1002 2213 1352 2285 imperfecta,’
1382 2228 1488 2267 non
1529 2211 1718 2267 deerat

127 2302 341 2373 quando
370 2303 584 2360 dicebat
624 2305 853 2361 Domino
886 2323 898 2360 :
931 2306 1180 2361 Animam
1209 2318 1383 2361 meam
1413 2317 1508 2374 pro
1539 2311 1591 2358 te
1623 2317 1717 2371 po-

129 2409 285 2451 nam:
319 2397 538 2463 putabat
564 2398 708 2453 enim
734 2414 795 2454 se
822 2413 984 2468 posse
1008 2398 1150 2468 quod
1174 2412 1233 2453 se
1261 2396 1400 2452 velle
1427 2393 1713 2460 sentiebat,

125 2491 183 2537 et
212 2482 330 2554 quis
355 2484 531 2553 istam,
555 2487 658 2542 etsi
705 2488 1099 2558 parvam,dare
1114 2495 1350 2558 eruperat
1371 2486 1710 2553 charitatem,

123 2572 231 2628 nisi
259 2573 350 2630 ille
377 2576 468 2646 qui
500 2578 1134 2647 przeparatvoluntatem,
1151 2588 1205 2634 et
1227 2581 1571 2648 cooperando
1591 2592 1714 2647 per-

120 2663 236 2721 ﬁcit
261 2669 401 2736 quod
426 2671 700 2738 operando
729 2672 952 2743 incipit,
977 2673 1232 2743 quoniam
1260 2673 1379 2744 ipse
1409 2681 1466 2727 ut
1488 2671 1712 2728 velimus

119 2767 377 2828 operatur
407 2761 691 2833 incipiens,
723 2765 814 2835 qui
842 2765 1150 2823 volentibus
1195 2772 1521 2836 cooperatur
1552 2765 1714 2834 perli-

117 2851 297 2907 ciens?
334 2852 560 2928 PrOpter
587 2857 730 2926 quod
752 2858 826 2914 ait
855 2858 1144 2929 Apostolus
1176 2878 1189 2914 :
1224 2858 1419 2914 Certus
1435 2872 1552 2913 sum
1573 2871 1710 2929 quo-

114 2943 266 2999 niam
297 2946 388 3014 qui
415 2957 672 3017 Opcratur
700 2949 752 3006 in
783 2951 936 3008 vobis
957 2967 1094 3023 opus
1123 2954 1348 3019 bonum,
1367 2951 1607 3023 perficiet
1623 2966 1712 3006 us-

114 3051 231 3107 que
263 3039 321 3094 in
346 3038 490 3096 diem
529 3040 660 3099 Jesu
705 3043 927 3100 Christi.
957 3045 1026 3102 Ut
1047 3061 1178 3117 ergo
1204 3045 1453 3111 velimus,
1483 3044 1599 3100 sine
1614 3059 1712 3099 no-

107 3127 202 3184 bis
229 3141 518 3200 operatur;
552 3151 674 3191 cum
704 3144 882 3192 autem
910 3137 1177 3205 volumus,
1203 3149 1255 3194 ct
1277 3139 1355 3194 sic
1381 3137 1628 3193 volumus
1650 3145 1710 3191 ut

1819 1927 1960 1996 apud
1989 1926 2157 1981 Deum
2186 1942 2201 1992 ;
2232 1943 2294 1981 ac
2326 1943 2422 1996 per
2453 1926 2554 1982 hoc
2579 1927 2794 1995 quando
2816 1926 2990 1996 legitis
3021 1927 3073 1981 in
3103 1927 3294 1982 litteris
3323 1942 3416 1983 ve-

1818 2019 1990 2075 ritatis
2015 2034 2046 2075 a
2073 2020 2185 2076 Deo
2211 2019 2391 2076 seduci
2420 2020 2685 2085 homines,
2715 2029 2808 2075 aut
2837 2020 3080 2090 obtundi,
3113 2022 3195 2076 vel
3241 2022 3418 2076 obdu-

1818 2115 1925 2170 rari
1953 2114 2119 2170 corda
2148 2130 2360 2182 eorum,
2393 2115 2558 2171 nolite
2593 2115 2838 2170 dubitare
2892 2115 3235 2184 prtecessisse
3273 2115 3416 2169 mala

1817 2210 2010 2266 merita
2030 2225 2243 2276 eorum,
2269 2220 2325 2264 ut
2343 2211 2484 2279 juste
2507 2211 2610 2265 ista
2639 2217 2967 2278 paterentur,
3021 2223 3088 2262 ne
3126 2208 3418 2262 incurratis

1816 2301 1872 2355 in
1892 2300 2022 2355 illud
2055 2300 2718 2369 proverbiumSalomonis
2747 2300 3092 2367 :lnsipicntia
3117 2300 3218 2354 viri
3249 2300 3416 2354 violat

1817 2390 1931 2445 vias
1959 2392 2076 2459 ejus
2102 2406 2116 2455 ;
2160 2391 2324 2446 Deum
2354 2399 2533 2446 autem
2565 2404 2816 2446 causatur
2840 2391 2892 2446 in
2931 2391 3094 2446 corde
3120 2406 3240 2446 suo.
3270 2391 3415 2446 Gra-

1817 2485 1890 2540 tia
1921 2500 2052 2539 vero
2083 2500 2189 2540 non
2213 2486 2508 2541 secundum
2541 2487 2729 2541 merita
2761 2486 3041 2541 hominum
3071 2486 3250 2554 datur,
3283 2488 3415 2542 alio-

1815 2574 1943 2644 quin
1974 2575 2142 2646 gratia
2166 2575 2278 2646 jam
2305 2592 2411 2632 non
2432 2587 2514 2632 est
2538 2578 2731 2646 gratia,
2763 2578 2884 2648 quia
2905 2577 3026 2634 ideo
3053 2579 3222 2646 gratia
3253 2594 3413 2634 voca-

1818 2673 1934 2732 tur,
1973 2669 2094 2738 quia
2115 2671 2280 2738 gratis
2309 2669 2486 2726 datur.
2524 2671 2580 2728 Si
2607 2679 2786 2727 autem
2806 2681 2993 2742 potens
3020 2682 3127 2743 est,
3175 2674 3291 2728 sive
3323 2689 3413 2744 per

1814 2761 2036 2831 angelos
2065 2762 2259 2830 bonos,
2288 2766 2403 2821 sive
2437 2780 2530 2834 per
2571 2766 2762 2832 malos,
2795 2767 2908 2822 sive
2937 2781 3254 2838 quocunque
3305 2768 3413 2822 alio

1813 2853 1998 2922 modo,
2029 2859 2242 2927 operari
2274 2863 2440 2915 etiam
2471 2860 2524 2915 in
2551 2860 2808 2916 cordibus
2835 2863 3121 2928 malorum,
3155 2878 3250 2932 pro
3297 2877 3413 2919 me-

1814 2947 1934 3003 ritis
1959 2963 2146 3004 eorum
2178 2966 2410 3020 quorum
2438 2953 2694 3008 malitiam
2724 2969 2830 3008 non
2863 2953 2979 3023 ipse
3011 2953 3155 3021 fecit,
3191 2956 3284 3010 sed
3316 2965 3410 3010 aut

1771 3039 1778 3045 ’
1814 3041 2145 3113 originaliter
2174 3053 2342 3100 tracta
2371 3053 2452 3100 est
2480 3045 2546 3100 ab
2573 3045 2763 3111 Adam,
2793 3055 2886 3100 aut
2930 3045 3102 3100 crevit
3147 3061 3241 3116 per
3286 3061 3412 3117 pro-

1812 3135 1983 3204 priam
2014 3135 2383 3202 voluntatem;
2415 3137 2540 3207 quid
2570 3137 2770 3193 mirum
2795 3145 2879 3193 est
2907 3138 2953 3193 si
3007 3153 3102 3207 per
3148 3138 3410 3208 Spiritum

104 3220 398 3295 faciamus,
423 3227 704 3284 nobiscum
732 3239 1076 3300 cooperator,
1121 3239 1299 3285 tamen
1339 3231 1460 3286 sine
1500 3230 1591 3284 illo
1612 3226 1706 3295 vel
1735 3229 1783 3295 ο
1811 3233 2056 3281 sanctum
2073 3235 2329 3296 operatur
2354 3227 2407 3282 in
2435 3227 2996 3284 cordibuselectorum
3009 3243 3229 3285 suorum
3248 3231 3407 3298 bona,

102 3326 373 3382 operante
402 3328 460 3374 ut
480 3321 740 3389 velimus,
770 3322 858 3378 vel
887 3331 1216 3394 cooperante
1248 3333 1305 3379 ut
1345 3322 1517 3398 [cum]
1547 3323 1702 3378 volu-

105 3420 262 3472 mus,
293 3408 362 3464 ad
391 3409 534 3467 bona
566 3413 783 3482 pietatis
809 3428 976 3484 opera
1005 3415 1141 3470 nihil
1171 3416 1434 3472 valemus.
1470 3416 1546 3473 De
1577 3433 1707 3488 ope-

100 3504 270 3552 rante
297 3497 390 3553 illo
420 3507 479 3553 ut
500 3500 734 3557 velimus
763 3500 966 3557 dictum
1000 3512 1084 3559 est
1117 3521 1129 3556 :
1164 3503 1304 3559 Deus
1338 3513 1421 3559 est
1448 3505 1592 3560 enim
1615 3508 1705 3576 qui

99 3595 370 3656 operatur
402 3589 650 3659 invobis,
679 3599 736 3647 et
762 3591 901 3649 velle
928 3610 942 3659 ;
974 3593 1046 3648 de
1073 3603 1399 3664 cooperante
1438 3595 1556 3663 illo,
1581 3611 1704 3652 cum

97 3680 221 3751 jam
259 3683 510 3740 volumus
546 3693 601 3740 et
638 3685 871 3743 volendo
921 3685 1152 3744 facimus
1185 3705 1198 3743 :
1231 3687 1477 3756 Scimus,
1509 3690 1704 3762 inquit,

96 3777 367 3847 quoniam
417 3779 760 3850 diligentibus
808 3781 978 3838 Deum
1025 3782 1208 3839 omnia
1253 3792 1611 3855 cooperantur
1650 3785 1707 3841 in

97 3871 340 3928 bonum.
361 3873 498 3941 Quid
531 3884 617 3931 est
638 3875 854 3944 Omnia,
869 3876 972 3933 nisi
988 3887 1041 3934 et
1060 3877 1205 3949 ipsas
1222 3879 1493 3936 terribiles
1510 3894 1706 3936 saevas-

94 3986 219 4038 que
261 3972 546 4039 passiones
562 3974 828 4041 ?jsarcina
864 3977 1061 4046 quippe
1103 3977 1218 4044 illa,
1247 3992 1369 4047 quae
1401 3976 1705 4033 inﬁrmitati

99 4060 300 4129 gravis
330 4069 432 4126 est,
467 4061 600 4116 levis
626 4061 859 4119 efficitur
881 4065 1155 4120 charitati.
1184 4066 1405 4122 Talibus
1433 4068 1578 4123 enim
1603 4069 1707 4122 Do-

95 4152 294 4208 minus
321 4152 454 4208 dixit
474 4167 596 4210 esse
621 4168 774 4210 suam
796 4157 1062 4212 sarcinam
1095 4159 1288 4224 levem,
1312 4157 1487 4230 qualis
1517 4159 1707 4216 Petrus

94 4242 212 4298 fuit
233 4243 453 4312 quando
483 4259 676 4315 passus
706 4256 791 4303 est
837 4263 934 4318 pro
971 4247 1212 4316 Christo,
1250 4264 1358 4304 non
1401 4252 1572 4320 qualis
1610 4251 1710 4307 fuit

93 4334 329 4406 quando
352 4337 566 4406 negavit
591 4337 884 4395 Christum.
911 4340 1074 4396 Istam
1086 4340 1427 4410 charitatem,
1447 4343 1500 4398 id
1517 4351 1600 4400 est
1627 4345 1709 4400 di-

91 4425 237 4480 vino
300 4441 484 4483 amore
532 4429 969 4486 ardentissimam
1016 4431 1372 4500 voluntatem,
1427 4447 1704 4492 commen-

91 4519 246 4571 dans
278 4519 567 4587 Apostolus
596 4522 761 4579 dicit:
794 4523 926 4593 Quis
954 4539 1054 4582 nos
1086 4527 1358 4598 separabit
1384 4541 1414 4584 a
1437 4528 1704 4597 charitate

92 4608 363 4667 Christi?
392 4620 498 4671 etc.

673 4687 897 4748 CAPUT
927 4689 1146 4747 CCXCI.

95 4776 268 4845 Quod
298 4778 474 4834 cordis
519 4779 784 4836 induratio
817 4784 1226 4857 rprwcedentibus
1273 4785 1426 4842 malis
1480 4785 1593 4857 fiat,
1646 4803 1710 4844 ex

728 4856 906 4908 eodem
932 4855 1078 4910 libro.

185 4962 466 5036 Scriptum
494 4965 966 5036 estin;Proverbio
993 4968 1344 5044 [Proverbiis]
1367 4973 1706 5032 Salomonis:

91 5053 531 5126 Sicut-impetus
555 5073 729 5129 aquae,
755 5059 835 5115 sic
858 5075 951 5116 cor
981 5063 1123 5132 regis
1149 5063 1201 5116 in
1231 5079 1390 5120 manu
1419 5067 1542 5134 Dei;
1569 5083 1705 5137 quo-

89 5160 328 5217 cunque
355 5149 584 5205 voluerit
611 5151 1050 5209 inclinabitillud.
1083 5155 1218 5211 Etin
1247 5158 1454 5227 psalmo
1480 5175 1567 5215 crv
1595 5160 1707 5216 dic-

90 5248 220 5293 tum
255 5250 341 5296 est
369 5240 437 5298 de
456 5241 725 5314 Egyptiis
747 5245 872 5316 quid
889 5247 966 5302 eis
985 5245 1170 5303 fecerit
1194 5247 1334 5305 Deus
1355 5267 1366 5304 ε
1393 5250 1462 5305 Ει
1482 5266 1708 5307 conver-

97 5327 178 5383 tit
209 5343 311 5385 cor
339 5346 525 5392 eorum
547 5375 563 5400 ,
595 5342 653 5390 ut
679 5335 923 5392 odissent
953 5338 1208 5409 populum
1256 5340 1395 5413 ejus,
1421 5352 1476 5398 et
1523 5343 1703 5400 dolum

87 5418 356 5477 facerent
398 5422 451 5479 in
481 5439 666 5481 servos
697 5426 836 5497 ejus.
867 5428 924 5483 In
970 5430 1164 5487 litteris
1204 5434 1366 5489 etiam
1394 5437 1706 5506 apostolicis

83 5510 292 5568 videte
320 5529 440 5585 quae
467 5517 667 5587 scripta
701 5529 847 5587 sunt,
875 5528 933 5575 ut
954 5520 1008 5576 in
1037 5521 1277 5591 Epistula
1309 5524 1459 5580 Pauli
1490 5537 1706 5597 aposto-

83 5605 130 5659 li
163 5604 240 5660 ad
266 5605 568 5667 Romanos:
598 5610 890 5682 Propterea
922 5614 1138 5670 tradidit
1189 5614 1311 5673 illos
1340 5616 1482 5674 Deus
1513 5619 1565 5674 in
1612 5621 1707 5676 de-

83 5697 315 5756 sideria
337 5704 516 5760 cordis
558 5720 770 5776 eorum,
816 5706 870 5763 in
915 5709 1347 5777 immunditiam;
1377 5710 1504 5768 item
1549 5712 1706 5783 paulo

85 5800 287 5861 post:
353 5794 645 5867 Propterea
707 5799 928 5856 tradidit
975 5801 1099 5858 illos
1149 5803 1289 5860 Deus
1319 5803 1370 5861 in
1422 5808 1704 5877 passiones

85 5881 458 5959 incutiam;
481 5889 610 5950 item
639 5893 804 5964 paulo
841 5904 995 5970 post;
1023 5896 1178 5956 Sicut
1203 5913 1312 5958 non
1343 5901 1703 5972 probaverunt

1808 3315 1900 3386 qui
1929 3327 2190 3387 operatus
2215 3326 2298 3373 est
2325 3327 2382 3373 ut
2401 3318 2515 3389 ipsa
2549 3320 2711 3375 corda
2741 3329 2927 3376 essent
2954 3335 3020 3376 ex
3053 3322 3209 3377 malis
3236 3321 3408 3377 bona:

1807 3407 1903 3464 sed
1961 3409 2309 3477 suspicentur
2358 3409 2606 3467 homines
2649 3411 2902 3480 quaalibet
2947 3420 3004 3468 et
3045 3414 3233 3468 merita
3269 3415 3411 3469 bona

1808 3513 1929 3568 quae
1944 3509 2132 3568 putant
2153 3501 2456 3570 precedere
2473 3514 2529 3557 ut
2543 3503 3016 3573 justiiicentttrIper
3031 3505 3124 3561 Dei
3146 3508 3399 3578 gratiam,

1810 3606 1918 3647 non
1946 3592 2312 3662 intelligentes
2337 3609 2457 3650 cum
2482 3595 2585 3651 hoc
2612 3597 2818 3663 dicunt,
2851 3596 2983 3652 nihil
3015 3597 3157 3653 aliud
3175 3599 3411 3672 [dicere]

1809 3700 1970 3754 quam
2002 3702 2282 3758 negarese
2307 3689 2558 3759 gratiam,
2600 3689 2718 3760 sed,
2755 3699 2812 3746 ut
2861 3690 2997 3756 dixi,
3045 3692 3187 3760 quod
3223 3692 3409 3748 volunt

1811 3776 1880 3833 de
1902 3777 2198 3848 majoribus
2228 3781 2571 3851 suspicentur
2587 3781 2656 3838 de
2683 3783 2944 3853 parvulis?
2959 3781 3117 3840 Certe
3140 3784 3410 3855 Pelagiani

1809 3870 1938 3940 quid
1967 3873 2332 3942 respondeant
2357 3889 2465 3931 non
2496 3875 2795 3944 inveniunt,
2826 3893 3054 3948 quorum
3087 3893 3185 3933 nec
3219 3878 3409 3934 volun-

1809 3972 1894 4020 tas
1921 3965 2026 4020 ulla
2049 3976 2132 4022 est
2154 3967 2207 4023 in
2238 3969 2550 4039 accipienda
2575 3971 2766 4039 gratia,
2792 3971 2944 4040 cujus
2971 3970 3264 4026 voluntatis
3295 3987 3409 4027 me-

1808 4057 1973 4112 ritum
2002 4059 2348 4128 prtucessisse
2377 4060 2581 4127 dicant,
2611 4071 2665 4116 et
2692 4061 2913 4130 insuper
2944 4075 3037 4116 eos
3089 4063 3251 4116 etiam
3284 4077 3408 4118 cum

1811 4146 1942 4202 fletu
1972 4148 2223 4206 reluctari
2250 4150 2496 4206 videmus
2521 4151 2738 4222 quando
2764 4152 3105 4222 baptizantur
3129 4161 3182 4208 et
3228 4152 3409 4207 divina

1810 4249 2145 4296 sacramenta
2180 4241 2502 4313 percipiunt,
2533 4243 2676 4313 quod
2705 4244 2786 4300 eis
2808 4243 2876 4298 ad
2919 4258 3170 4312 magnum
3217 4244 3408 4312 impie-

1811 4331 1934 4386 tatis
1963 4342 2239 4402 peccatnm
2287 4335 2669 4404 imputaretur,
2715 4335 2762 4392 si
2804 4335 2916 4406 jam
2965 4335 3137 4392 libero
3180 4335 3408 4393 arbitrio

1809 4431 2104 4480 uterentur.
2123 4428 2188 4482 Et
2203 4436 2380 4483 tamen
2405 4427 2748 4484 haeretetiam
2761 4428 2815 4484 in
2830 4427 3216 4484 reluctantibus
3232 4431 3404 4499 gratia

1809 4519 2337 4590 apertissime,nullo
2367 4521 2510 4577 bono
2542 4523 2736 4578 merito
2767 4521 3137 4592 praecedente;
3169 4523 3404 4594 alioquin

1735 4617 1791 4680 ι)
1815 4611 1983 4680 gratia
2003 4610 2115 4681 jam
2149 4627 2254 4669 non
2286 4623 2432 4669 esset
2453 4613 2646 4684 gratia,
2677 4623 2732 4670 et
2752 4613 3039 4684 aliquando
3067 4614 3191 4670 filiis
3219 4615 3408 4674 inlide-

1817 4700 1946 4756 lium
1978 4712 2265 4772 praestatur
2305 4706 2420 4761 haec
2441 4706 2633 4776 gratia,
2668 4722 2788 4762 cum
2819 4707 3026 4762 occulta
3083 4707 3178 4763 Dei
3228 4710 3410 4778 provi-

1816 4795 2003 4852 dentia
2055 4798 2108 4852 in
2139 4797 2387 4856 manibus
2439 4798 2649 4868 piorum
2695 4797 3184 4870 quomodocunque
3219 4815 3408 4871 perve-

1816 4889 2000 4955 niunt;
2031 4889 2321 4960 aliquando
2343 4891 2436 4947 filii
2452 4892 2684 4948 fidelium
2708 4908 2815 4948 non
2836 4907 2955 4948 eam
2973 4906 3397 4965 consequuntur,

1817 4983 1997 5052 aliquo
2026 4983 2411 5053 impedimento
2442 4986 2705 5043 existente
2730 5001 2798 5042 ne
2832 4986 3001 5058 possit
3052 4987 3406 5056 periclitanti-

1814 5073 1914 5130 bus
1945 5075 2240 5132 subveniri.
2275 5076 2436 5132 Fiunt
2465 5093 2590 5134 vero
2619 5079 2718 5135 ista
2749 5095 2846 5150 per
2871 5079 3134 5135 occultam
3157 5077 3252 5132 Dei
3285 5093 3407 5147 pro-

1815 5165 2129 5234 videntiam,
2153 5168 2303 5240 cujus
2322 5169 2681 5226 inscrutabilia
2703 5180 2828 5227 sunt
2849 5169 3074 5240 judicia,
3102 5177 3157 5223 et
3183 5169 3408 5227 investi-

1814 5259 2018 5329 gabiles
2066 5259 2167 5315 vite
2222 5261 2551 5334 ejus:quod
2578 5273 2634 5318 ut
2663 5263 2950 5332 Apostolus
2995 5261 3233 5328 diceret,
3277 5263 3406 5332 quid

1815 5350 2122 5421 praedixerit
2145 5351 2424 5410 intuemini
2452 5371 2466 5408 :
2495 5354 2683 5425 agebat
2711 5355 2852 5409 enim
2883 5352 2952 5407 de
2974 5351 3177 5407 Judteis
3195 5361 3251 5408 et
3277 5368 3406 5423 gen-

1815 5442 1978 5508 tibus,
2007 5458 2127 5499 cum
2157 5445 2419 5500 scriberet
2446 5444 2513 5501 ad
2544 5445 2837 5512 Romanos,
2872 5443 2924 5499 id
2970 5453 3053 5500 est
3102 5445 3166 5498 ad
3190 5453 3403 5514 gentes,

1815 5542 1870 5588 et
1897 5535 1996 5589 ait:
2023 5535 2171 5591 Sicut
2199 5536 2338 5591 enim
2366 5536 2653 5605 aliquando
2676 5549 2772 5592 vos
2796 5549 2902 5590 non
2931 5535 3240 5592 credidistis
3270 5537 3404 5604 Deo,

1816 5640 1959 5683 nunc
1998 5637 2174 5684 autem
2203 5629 2626 5686 misericordiam
2666 5629 2939 5685 consecuti
2969 5629 3103 5684 estis
3134 5627 3258 5702 [in]
3288 5629 3404 5685 illo-

1814 5735 1930 5776 rum
1955 5720 2356 5788 incredulitate;
2393 5723 2462 5776 ita
2491 5731 2543 5788 et
2573 5721 2626 5776 hi
2657 5737 2800 5777 nunc
2838 5737 2946 5777 non
2977 5721 3322 5778 crediderunt
3351 5723 3404 5779 in

1814 5825 2048 5870 vestram
2072 5814 2525 5881 misericordiam,
2554 5823 2677 5870 utet
2698 5813 2801 5886 ipsi
2826 5815 3252 5873 misericordiam
3276 5829 3403 5873 con-

1812 5917 2130 5982 sequantur.
2156 5905 2431 5966 Conclusit
2450 5907 2594 5966 enim
2613 5907 2755 5968 Deus
2773 5923 2962 5968 omnes
2992 5908 3046 5967 in
3068 5908 3403 5981 infidelitate,
