3986 6382
588 278 701 351 oss

1682 284 1744 341 ι).
1787 284 2107 345 ΕῢϐἶΡΡΙΙ
2146 286 2440 350 ABBATIS
2476 290 2801 353 AFRICANI

3771 314 3851 379 996

588 404 650 452 ut
677 386 918 452 omniain
948 396 1303 455 misereatur:
1333 406 1389 455 et
1410 412 1534 457 cum
1548 402 1864 458 attendisset
1875 402 2001 474 quid
2027 402 2177 459 dixe-
2209 396 2265 467 Α
2288 407 2409 475 quia
2440 423 2546 464 non
2570 410 2673 465 erit
2692 409 2871 467 inanis
2892 410 3044 467 labor
3065 420 3263 483 vester,
3287 415 3333 472 si
3357 415 3413 473 in
3442 412 3598 477 bono
3613 433 3849 497 proposito

588 489 680 559 rit,
732 489 1009 567 admirans
1065 491 1346 547 sententia
1380 506 1491 548 sua:
1512 502 1719 550 certam
1739 495 1955 565 quidem
1989 497 2185 552 verita.

589 594 723 650 tem,
767 585 865 640 sed
909 598 1155 655 magnam
1196 584 1633 655 profunditatem,
1683 604 1808 644 mox
1860 590 2186 646 exclamavit

589 688 752 747 atque
772 679 883 733 ait:
908 678 951 732 Ο
980 678 1206 734 altitudo
1222 679 1527 735 divitiarum
1559 680 1839 750 sapientiae
1856 691 1911 738 et
1937 684 2184 738 scientia

594 770 712 825 Dei!
742 783 902 840 quam
925 768 1297 826 inscrutabilia
1328 780 1455 828 sunt
1479 772 1678 841 judicia
1701 773 1840 844 ejus,
1874 782 1932 829 ct
1962 774 2186 829 investi-

589 861 793 932 gabiles
847 860 946 916 viae
974 861 1123 931 ejus!
1153 862 1279 918 Haec
1303 864 1449 919 enim
1498 863 1703 934 judicia
1734 865 2101 921 inscrutabilia
2130 874 2186 922 et

585 952 985 1023 investigabiles
1019 954 1135 1010 vias
1165 956 1405 1024 perversi
1435 956 1684 1013 homines
1714 974 1819 1011 non
1857 960 2182 1027 cogitantes,

584 1054 639 1103 et
673 1044 935 1115 proclives
964 1043 1033 1099 ad
1082 1046 1609 1115 reprehendendum,
1662 1062 1768 1103 non
1793 1050 1972 1104 idonei
2011 1050 2079 1104 ad
2103 1050 2183 1104 in-

584 1136 953 1207 telligendum,
978 1137 1235 1207 putabant
1260 1146 1315 1194 et
1326 1140 1643 1208 jactitabant
1665 1141 1942 1210 apostolos
1962 1141 2148 1197 dicere
2166 1158 2191 1198 ι

583 1232 865 1289 Faciamus
895 1232 1056 1299 mala,
1082 1240 1141 1288 ut
1164 1234 1381 1288 veniant
1402 1232 1545 1289 bona
1564 1252 1580 1300 ;
1599 1234 1740 1304 quod
1770 1234 1914 1289 absit
1944 1244 2003 1290 ut
2025 1250 2185 1305 apos-

582 1325 678 1380 toli
708 1313 995 1381 dicerent':
1021 1324 1117 1381 sed
1148 1323 1395 1381 homines
1427 1340 1534 1379 non
1584 1325 1943 1395 intelligentes
1960 1326 2066 1383 hoc
2087 1342 2185 1397 pu-

581 1421 764 1477 tabant
791 1419 921 1489 dici,
953 1420 1169 1492 quando
1191 1418 1485 1483 audiebant
1513 1419 1657 1489 quod
1686 1420 1825 1475 dixit
1852 1421 2180 1491 Apostolus:

580 1508 690 1575 Lex
749 1520 930 1567 autem
995 1511 1339 1577 subiutravit,
1406 1521 1462 1565 ut
1520 1511 1819 1569 abundaret
1880 1513 2193 1585 delictum;

580 1605 667 1660 ubi
712 1614 893 1660 autem
944 1604 1238 1663 abundavit
1264 1605 1547 1672 delictum,
1584 1605 2044 1676 superabundavit
2060 1623 2185 1680 gra-

579 1699 690 1765 tia;
735 1698 834 1755 sed
887 1697 1075 1771 utique
1136 1698 1312 1770 gratia
1368 1698 1424 1756 id
1480 1699 1596 1769 agit
1641 1708 1700 1755 ut
1739 1700 1851 1772 jam
1905 1702 2035 1757 fiant
2080 1703 2181 1758 ho-

2289 500 2653 571 proﬁcientes,
2684 506 3040 575 perseveretis
3067 522 3237 579 usque
3261 508 3317 565 in
3344 512 3541 571 tium.
3563 516 3845 596 Densenim,

2287 596 2377 664 qui
2424 596 2584 652 modo
2603 597 2712 654 illis
2739 611 2874 670 quos
2894 599 3089 655 liberat
3115 615 3221 656 non
3243 602 3421 659 reddit
3440 611 3738 669 sectandum
3754 633 3847 688 ope-

2288 700 2587 755 raeorum,
2621 696 2748 745 tunc
2798 690 2992 747 reddet
3036 691 3327 765 unicuique
3372 699 3681 756 secundum
3726 720 3844 777 open

2286 776 2423 848 ejus.
2455 778 2668 835 Reddet
2690 782 2912 837 omnino
2940 783 3086 839 Deus
3132 795 3188 841 et
3217 787 3356 842 mala
3389 804 3493 859 pro
3539 794 3713 865 malis,
3748 817 3842 866 quo.

2286 871 2431 927 niam
2449 873 2629 943 justus
2654 882 2757 941 est,
2796 881 2855 930 et
2883 874 3025 930 bona
3057 891 3157 945 pro
3186 880 3367 947 malis,
3414 886 3677 952 quoniam
3719 890 3839 947 hours

2286 971 2392 1031 est,
2437 974 2494 1020 et
2545 964 2685 1021 bona
2734 978 2834 1035 pro
2889 967 3071 1037 bonis,
3134 972 3386 1040 quoniam
3441 975 3630 1033 bonos
3673 991 3723 1035 et
3763 984 3838 1051 jus-

2289 1063 2385 1123 tusj
2435 1067 2547 1125 est;
2611 1060 2983 1116 tantummodo
3033 1063 3171 1119 mala
3228 1080 3327 1135 pro
3383 1067 3555 1126 bonis
3609 1088 3706 1127 non
3755 1079 3835 1130 red-

2286 1149 2401 1217 det,
2431 1153 2684 1222 quoniam
2713 1152 2945 1223 injustus
2972 1169 3077 1211 non
3105 1168 3211 1212 est.
3235 1157 3451 1216 Reddet
3474 1177 3614 1234 ergo
3636 1167 3753 1222 mala
3770 1184 3833 1239 pro

2286 1246 2466 1313 malis,
2498 1263 2710 1317 pmnam
2740 1264 2840 1319 pro
2865 1250 3147 1321 injustitia,
3169 1261 3227 1308 et
3251 1255 3444 1312 reddet
3476 1258 3623 1313 bona
3652 1276 3732 1330 pro
3757 1278 3833 1317 ma-

2285 1338 2374 1406 lis,
2401 1341 2631 1412 gratiam
2656 1356 2756 1412 pro
2782 1342 3045 1414 injustitia
3069 1362 3083 1413 ;
3106 1355 3165 1402 et
3193 1347 3389 1405 reddet
3410 1350 3560 1407 bona
3590 1366 3685 1424 pro
3702 1349 3827 1423 me,

2286 1432 2512 1500 gratiam
2529 1447 2627 1503 pro
2652 1433 2848 1503 gratia.

2849 1517 3081 1577 CAPUT
3095 1520 3343 1579 CGXCII.

2289 1582 2425 1651 Bina
2446 1589 2684 1673 quaedam
2706 1588 2913 1673 diuidit,
2946 1590 3108 1673 Posse
3128 1610 3234 1649 non
3262 1612 3505 1673 peccare,
3528 1610 3578 1655 α
3597 1601 3704 1673 Non
3720 1620 3828 1673 pars

2365 1672 2575 1737 peccare
2592 1660 2877 1746 gsimfliter
2907 1672 2952 1746 εξ
2998 1664 3061 1746 de
3090 1660 3281 1746 morte}
3326 1684 3393 1723 ea:
3424 1660 3561 1746 libro
3585 1674 3642 1727 de
3662 1660 3826 1746 Co'ner

2364 1728 2501 1782 tione
2527 1738 2575 1782 et
2599 1727 2782 1785 Gratia
2808 1732 2876 1785 ad
2912 1727 3319 1791 Valentinum'et
3347 1743 3637 1799 monachos.

482 1793 487 1798 ’
577 1808 646 1849 na
692 1792 762 1849 ab
805 1795 885 1850 eis
933 1795 1027 1865 qui
1080 1795 1321 1851 fecerant
1370 1795 1533 1862 mala,
1587 1811 1695 1852 non
1744 1808 1802 1853 ut
1832 1812 2163 1868 perseverent

576 1883 627 1906 ,_
655 1885 805 1906 ψη,
865 1885 1091 1906 _._,_.,,
1127 1887 1222 1906 ,ηε
1632 1889 1691 1906 ι,
1747 1904 1758 1906 Α
1834 1890 1904 1906 ,τι
1996 1892 2027 1906 ..

2357 1816 2497 1885 Quid
2550 1818 2655 1874 erit
2701 1829 2881 1878 autem
2931 1823 3155 1881 liberius
3187 1826 3357 1885 libero
3396 1831 3626 1901 arbitrio,
3650 1837 3820 1906 quando

574 1883 631 1940 in
653 1885 831 1952 malis,
861 1891 917 1940 et
942 1885 1093 1941 reddi
1124 1887 1225 1941 sibi
1274 1885 1585 1943 existiment
1631 1889 1791 1946 bona.
1829 1890 1951 1946 Non
1994 1892 2176 1963 itaque

574 1975 775 2033 debent
801 1978 1003 2045 dicere,
1021 1978 1304 2034 Faciamus
1327 1980 1469 2035 mala
1513 1988 1570 2035 ut
1609 1983 1830 2038 veniant
1864 1984 2170 2053 bona:sed,

575 2066 999 2138 Fecimusmala,
1024 2078 1084 2126 et
1103 2079 1371 2127 venerunt
1394 2071 1558 2139 bona,
1578 2074 1695 2143 jam
1718 2072 1984 2131 faciamus
2008 2076 2170 2143 bona,

575 2168 635 2215 ut
665 2158 721 2215 in
770 2158 952 2217 futuro
993 2162 1194 2219 siccqu
1222 2162 1550 2232 recipiamus
1578 2179 1677 2235 pro
1699 2165 1858 2223 bonis
1884 2167 2048 2233 bona.
2077 2171 2173 2239 qui

574 2254 632 2313 in
688 2253 791 2310 hoc
841 2256 1042 2313 saeculo
1080 2257 1373 2329 recipimus
1422 2263 1705 2329 promalis
1754 2263 1915 2320 bona.
1947 2264 2175 2335 Propter

571 2348 715 2420 quod
742 2350 1001 2421 scriptum
1030 2362 1117 2408 est
1136 2352 1191 2408 in
1216 2354 1455 2423 psalmo,
1484 2354 1907 2413 Iisericordiam
1938 2368 1993 2415 et
2027 2359 2170 2427 judi-

571 2444 714 2500 cium
762 2447 993 2502 cantabo
1021 2447 1139 2513 tibi,
1194 2447 1443 2505 Domine.
1478 2449 1633 2506 Prius
1682 2452 1865 2523 itaque
1893 2470 1999 2508 non
2049 2454 2199 2510 ideo

569 2537 774 2594 venitF
779 2538 900 2594 ilius
928 2536 1162 2597 hominis
1180 2541 1236 2596 in
1264 2542 1543 2608 mundum,
1568 2554 1627 2598 ut
1652 2544 1858 2614 judicet
1885 2546 2163 2613 mundum,

568 2631 665 2687 sed
692 2641 746 2688 ut
774 2632 1013 2689 salvetur
1040 2635 1273 2691 mundus
1306 2653 1400 2706 per
1428 2637 1637 2706 ipsum:
1676 2639 1778 2695 hoc
1810 2648 2038 2711 propter
2067 2643 2170 2697 mi-

568 2724 914 2780 sericordiam
939 2744 953 2793 ;
982 2735 1170 2797 postea
1214 2743 1344 2786 vero
1375 2746 1469 2799 per
1494 2731 1756 2800 judicium
1796 2746 2054 2792 venturus
2082 2747 2167 2793 est

565 2817 805 2892 judicare
830 2822 979 2877 vivos
1002 2830 1059 2877 et
1089 2835 1355 2879 mortuos.
1380 2824 1639 2891 Quamvis
1683 2837 1739 2883 et
1767 2829 1819 2884 in
1871 2828 1976 2884 hoc
2023 2841 2164 2887 tem-

568 2925 701 2982 pore
732 2914 844 2985 ipsa
898 2916 1123 2973 salvatio
1148 2933 1256 2973 non
1288 2918 1383 2974 fiat
1406 2921 1526 2976 sine
1535 2920 1759 2991 judicio,
1792 2923 1885 2980 sed
1904 2925 2160 2993 occulto;

569 3002 695 3059 ideo
706 3004 809 3060 ait:
831 3004 884 3060 ln
896 3006 1156 3075 judicium
1173 3011 1295 3064 veni
1320 3011 1373 3065 in
1396 3014 1539 3067 hunc
1556 3014 1837 3082 mundum,
1859 3025 1917 3070 ut
1937 3017 2026 3086 qui
2053 3032 2160 3073 non

2279 1924 2385 1967 non
2447 1912 2645 1982 poterit
2697 1916 2905 1979 servire
2960 1928 3214 1989 peccato,
3270 1939 3393 1992 quae
3447 1924 3609 1983 futura
3647 1940 3740 1985 erat
3772 1940 3819 1987 et

2280 2001 2509 2074 homini,
2541 2008 2678 2063 sicut
2702 2008 2842 2065 facta
2862 2022 2948 2069 est
2971 2015 3176 2087 angelis
3201 2021 3425 2090 sanctis,
3451 2036 3644 2093 merces
3660 2025 3822 2082 meriti?

2275 2096 2429 2156 Nunc
2478 2109 2655 2157 autem
2707 2119 2803 2173 per
2841 2117 3121 2176 peccatum
3166 2111 3379 2181 perdito
3406 2114 3542 2173 bono
3568 2120 3754 2186 merito,
3780 2119 3819 2174 in

2275 2194 2360 2250 his
2408 2197 2495 2268 qui
2551 2197 2846 2256 liberantur
2895 2202 3095 2260 factum
3146 2216 3231 2264 est
3275 2210 3459 2268 donum
3495 2216 3819 2288 gratia-,qua:

2274 2296 2480 2347 merces
2504 2295 2678 2349 meriti
2713 2294 2886 2351 futura
2918 2307 3057 2354 erat.
3092 2301 3413 2376 Quapmpter
3442 2306 3557 2363 bina
3584 2308 3674 2365 ista
3698 2311 3816 2382 quid

2271 2388 2414 2443 inter
2459 2398 2518 2440 se
2562 2385 2812 2442 dilfcrant
2856 2388 3141 2459 diligenter
3169 2404 3226 2450 et
3249 2397 3515 2467 vigilanter
3534 2401 3815 2457 intuendum

2271 2484 2355 2530 est
2386 2495 2398 2529 :
2428 2491 2586 2547 posse
2614 2494 2720 2535 non
2748 2496 2994 2553 peccare,
3025 2494 3078 2540 et
3108 2502 3217 2543 non
3244 2503 3402 2553 posse
3425 2506 3666 2564 peccare;
3688 2510 3811 2565 posse

2271 2582 2380 2622 non
2406 2568 2567 2635 mori,
2612 2579 2667 2626 et
2694 2588 2800 2628 non
2831 2589 2989 2644 posse
3030 2579 3196 2645 mori;
3231 2582 3432 2639 bonum
3459 2600 3608 2655 posse
3631 2604 3717 2643 non
3740 2586 3806 2645 dc-

2268 2673 2471 2727 serere,
2502 2660 2695 2717 bonum
2726 2679 2831 2720 non
2867 2681 3026 2735 posse
3054 2670 3327 2729 deserere.
3358 2673 3545 2733 Potuit
3580 2680 3695 2735 enim
3720 2696 3795 2736 non

2271 2765 2497 2821 peccare
2550 2756 2752 2824 primus
2822 2758 3020 2828 homo,
3063 2766 3233 2832 potuit
3310 2782 3423 2822 non
3482 2771 3616 2837 mori,
3667 2774 3792 2841 potuit

2275 2843 2475 2899 bonum
2548 2861 2651 2900 non
2736 2848 3007 2908 deserere.
3087 2853 3342 2926 Nunquid
3416 2859 3591 2917 dicturi
3633 2876 3784 2930 manus,

2274 2951 2381 2992 non
2416 2938 2591 3008 potuit
2634 2955 2863 3009 peccare
2902 2947 2990 3015 qni
3034 2946 3140 3004 tale
3187 2947 3433 3008 habebat
3478 2954 3660 3012 liberum
3689 2956 3792 3011 arbi-

2271 3029 2472 3083 trium?
2496 3042 2609 3099 aut,
2636 3048 2742 3089 non
2769 3036 2939 3105 potuit
2971 3042 3105 3095 mori
3130 3042 3210 3097 cui
3230 3042 3443 3101 dictum
3474 3058 3580 3105 est:
3598 3047 3643 3105 Si
3664 3065 3791 3121 pecn-

564 3094 754 3150 v'sdent
782 3096 1170 3169 videantetqui
1202 3101 1788 3162 videntcacillant.Ad
1806 3109 2160 3181 occultaergo
2266 3125 2428 3189 veris,
2476 3137 2649 3182 mone
2699 3094 2985 3185 ιηίξτίει-ίετ
3015 3140 3125 3200 θυι,
3158 3150 3265 3189 non
3296 3142 3483 3207 ροιυῖι
3504 3094 3778 3199 bouum’dge.

565 3185 662 3207 “‘3
698 3186 883 3207 ;___.g‘,A
920 3200 1133 3207 ____A_A_
1388 3193 1401 3207 ι
1520 3194 1570 3207 αι
1634 3199 1645 3207 -
1726 3197 1739 3207 ι
2195 3189 2238 3207 Α

564 3185 665 3243 Dei
692 3186 889 3256 judicia
919 3200 1193 3261 revocate,
1224 3193 1441 3263 quando
1481 3194 1678 3253 videtis

562 3295 723 3351 quam
754 3293 903 3339 cene
926 3284 1150 3353 habent,
1175 3301 1367 3344 omnes
1388 3290 1594 3359 parvuli
1614 3292 2021 3348 hereditarium
2052 3309 2161 3351 ma-

558 3372 674 3434 lum
704 3376 979 3435 trahentes
1014 3392 1081 3435 ex
1122 3379 1315 3450 Adam,
1348 3380 1473 3439 huic
1518 3383 1790 3440 subveniri
1822 3394 1883 3442 ut
1922 3387 2164 3459 baptize—

557 3473 681 3529 tur;
712 3468 793 3524 illi
823 3486 927 3526 non
956 3471 1261 3541 subveniri,
1294 3484 1352 3529 ut
1374 3475 1429 3530 in
1453 3474 1568 3546 ipsa
1599 3477 1929 3549 obligatione
1958 3481 2156 3536 moria-

556 3567 675 3616 tur:
704 3561 857 3618 illum
884 3564 1211 3633 baptizatum
1240 3567 1468 3639 relinqui
1497 3570 1553 3624 in
1572 3568 1675 3625 hac
1704 3570 1835 3639 vita,
1858 3572 1970 3644 67
1994 3588 2156 3644 quem

557 3651 832 3721 prmscivit
879 3652 1023 3711 Deus
1049 3655 1272 3726 impium
1313 3656 1580 3727 futurum,
1614 3662 1775 3718 istnm
1799 3677 1932 3719 vero
1983 3665 2157 3736 bapti-

559 3750 739 3797 zatum
769 3745 885 3813 rapi
930 3761 997 3801 ex
1024 3746 1128 3803 hac
1158 3750 1289 3816 vita,
1320 3766 1388 3805 ne
1454 3753 1659 3808 malitia
1717 3766 1953 3812 mutaret
1997 3759 2158 3814 intel-

556 3832 757 3892 lectum
805 3836 957 3907 ejus:
994 3848 1053 3895 et
1096 3842 1264 3897 nolite
1298 3843 1353 3898 in
1382 3844 1504 3899 istis
1544 3845 1676 3902 dare
1720 3848 2037 3918 injustitiam
2071 3854 2155 3909 vel

555 3922 919 3997 insipientiam
945 3930 1073 3997 Deo,
1092 3933 1233 4002 apud
1254 3948 1415 4004 quem
1430 3936 1657 4005 justitiae
1685 3939 1808 3997 fons
1835 3950 1920 3998 est
1966 3953 2023 4000 et
2064 3959 2154 4001 sa-

559 4021 808 4092 pientiai;
840 4023 935 4079 sed
964 4025 1103 4081 sicut
1131 4041 1228 4083 vos
1252 4027 1570 4086 exhortatus
1595 4048 1717 4089 sum
1742 4034 1810 4091 ab
1836 4036 1993 4092 initio
2035 4054 2152 4094 ser-

557 4116 734 4171 monis
762 4116 940 4187 hujes,
972 4119 1028 4173 in
1054 4122 1201 4190 quod
1252 4125 1595 4193 pervenistis,
1644 4127 1699 4183 in
1740 4143 1807 4185 eo
1849 4132 2151 4191 ambulate:

554 4207 970 4280 ethecquoqae
1007 4212 1160 4268 vobis
1185 4214 1324 4271 Dens
1362 4218 1644 4289 revelabit,
1676 4223 1778 4276 etsi
1811 4239 1916 4278 non
1956 4225 2011 4279 in
2051 4226 2152 4284 hac

552 4300 684 4364 vita,
710 4310 858 4357 certe
882 4304 936 4359 in
964 4305 1133 4361 altera
1160 4344 1175 4371 .
1198 4306 1333 4365 nihil
1376 4321 1461 4367 est
1499 4314 1641 4369 enim
1688 4317 1958 4374 occultum
2007 4324 2149 4392 quod

494 4398 497 4401 ‘
554 4404 663 4446 non
688 4396 1039 4453 revelabitur.
1068 4399 1297 4466 Quando
1325 4417 1456 4474 ergo
1492 4408 1692 4464 auditis
1732 4410 2019 4470 Dominum
2062 4416 2150 4472 di-

1724 3197 1779 3253 in
1834 3214 1944 3255 una
1998 3216 2160 3258 causa
2190 3189 2244 3255 (ἶ
2268 3227 2411 3281 rere,
2465 3233 2583 3272 cum
2617 3218 2717 3275 hoc
2753 3224 3030 3292 peccando
3051 3226 3377 3300 deseruerit,
3415 3244 3471 3289 et
3498 3235 3615 3293 ideo
3631 3249 3777 3292 musas

2264 3309 2359 3364 sit?
2384 3310 2560 3366 Prima
2586 3328 2714 3384 ergo
2742 3314 2962 3373 libertas
2978 3319 3271 3379 voluntatis
3291 3336 3414 3381 erat
3436 3343 3596 3400 posse
3615 3346 3697 3386 non
3712 3344 3785 3399 pet-

2261 3417 2407 3467 care,
2434 3405 2722 3463 novissima
2752 3413 2856 3466 erit
2879 3414 3048 3469 multo
3081 3417 3270 3489 major,
3297 3436 3407 3475 non
3441 3438 3597 3493 posse
3621 3438 3796 3496 peccare.

2273 3493 2453 3551 Prima
2512 3500 2885 3557 immortalitas
2929 3517 3045 3561 erat
3075 3524 3231 3579 posse
3261 3528 3367 3568 nun
3390 3519 3550 3586 mori,
3583 3493 3804 3573 novissima

2264 3588 2371 3643 erit
2395 3588 2564 3646 multo
2593 3593 2785 3662 major,
2818 3610 2920 3650 non
2954 3612 3109 3667 posse
3137 3601 3291 3657 mori.
3320 3603 3499 3661 Prima
3526 3604 3631 3664 erat
3656 3624 3802 3680 perse-

2260 3684 2520 3737 Verantin‘,
2545 3694 2807 3755 potestas,
2832 3689 3035 3745 bonum
3062 3708 3220 3762 posse
3248 3712 3352 3751 non
3384 3699 3634 3767 deserere,
3658 3702 3809 3756 novis-

2259 3776 2393 3831 sima
2436 3776 2538 3832 erit
2598 3782 3014 3848 perseverantiae
3044 3786 3295 3858 felicitas,
3328 3793 3505 3845 bonum
3536 3808 3635 3847 non
3664 3808 3811 3862 posse

2256 3868 2528 3926 deserere.
2556 3870 2799 3943 Nunquid
2832 3877 2955 3945 quia
2980 3888 3139 3935 erunt
3168 3882 3309 3937 bona
3332 3884 3599 3939 novissima
3626 3886 3815 3955 potiora

2264 3970 2428 4031 atque
2478 3962 2728 4031 meliora,
2764 3966 2883 4023 ideo
2923 3958 3137 4028 fuerunt
3166 3974 3257 4029 illa
3279 3975 3816 4047 prima,velnulla,ve1

2258 4054 2458 4123 parva?
2506 4055 2743 4127 itemque
2799 4060 2912 4131 ipsa
2965 4062 3230 4134 adjutoria
3276 4066 3644 4142 distinguenda
3680 4087 3811 4126 sum:

2256 4142 2410 4198 aliud
2467 4146 2792 4215 adjutorium
2846 4151 2962 4207 sine
3014 4170 3119 4227 quo
3149 4156 3353 4230 aliquid
3381 4177 3487 4219 non
3523 4162 3595 4227 lit,
3628 4173 3675 4217 et
3700 4162 3811 4217 al’ud

2263 4245 2348 4291 est
2401 4236 2725 4309 adjutorium
2772 4257 2879 4315 quo
2923 4246 3126 4317 aliquid
3182 4252 3261 4307 fit.
3294 4253 3431 4312 Nam
3457 4258 3576 4313 sine
3600 4258 3810 4313 alimentis

2268 4342 2374 4383 non
2390 4346 2672 4399 possumus
2685 4336 2887 4407 vivere,
2906 4353 3005 4395 nec
3022 4352 3198 4399 tamen
3212 4358 3336 4402 cum
3350 4348 3625 4408 adfuerint
3638 4351 3807 4405 alimen-

2264 4427 2338 4486 ta,
2364 4423 2443 4476 eis
2474 4423 2529 4478 fit
2551 4435 2612 4480 ut
2639 4426 2780 4482 vivat
2814 4430 2902 4500 qui
2925 4434 3061 4489 mori
3082 4439 3333 4496 voluerit.
3366 4440 3521 4514 Ergo
3544 4445 3797 4515 adjutoriaaz

551 4490 793 4607 “item:
826 4487 938 4558 Εεο
992 4490 1250 4548 [δοηιίηυσ
1281 4495 1469 4551 κάεικί
1503 4501 1818 4570 prophetam
1848 4505 2061 4576 illum;
2096 4520 2151 4565 et
2183 4575 2238 4607 ἢ
2260 4514 2641 4574 alimentorum
2667 4528 2745 4577 est
2775 4524 2892 4579 sine
2921 4542 3027 4598 quo
3044 4543 3150 4585 non
3196 4530 3260 4585 fit
3291 4549 3396 4589 non
3430 4487 3549 4607 εἷυο
3578 4487 3793 4593 ﬂint-ira-

554 4586 624 4607 nn
731 4576 803 4607 nn
844 4581 1123 4607 annual---
1146 4601 1159 4607 -
1188 4583 1354 4607 nus---
1383 4589 1488 4607 ω-..
1591 4590 1604 4604 ο
1740 4604 1748 4607 .

553 4574 699 4643 quod
730 4576 805 4631 ait
834 4581 1159 4648 Apostolus:
1186 4583 1356 4656 Cujus
1382 4589 1495 4643 vult
1534 4590 1839 4664 miseretur,
1892 4607 1944 4653 et
1992 4574 2150 4671 quem
2178 4575 2239 4638 θ

540 4669 946 4745 vultobdurat;
982 4677 1033 4729 in
1065 4692 1130 4732 eo
1176 4695 1335 4751 quem
1388 4683 1571 4741 seduci
1617 4689 1878 4755 permittit
1925 4669 2020 4751 vel
2053 4698 2155 4754 ob-

539 5043 797 5141 auferatis
811 5061 839 5101 a
860 5047 1141 5106 Pharaone
1154 5052 1379 5112 liberum
1394 5062 1700 5134 arbitrium,
1723 5070 1843 5139 quia
1860 5073 2043 5130 multis
2058 5076 2139 5141 lo-

538 5136 622 5231 cis
644 5138 775 5195 dicit
788 5141 965 5199 Deus:
992 5143 1104 5216 Ego
1127 5145 1371 5206 induravi
1393 5136 1754 5228 Pharaonem,
1770 5165 1882 5231 vel,
1919 5136 2140 5225 Indura-

539 5229 591 5284 vi
618 5240 713 5285 aut
734 5233 999 5293 indurabo
1024 5252 1120 5295 cor
1150 5240 1483 5314 Pharaonis;
1516 5265 1624 5306 non
1655 5255 1797 5311 enim
1850 5229 2137 5330 promereat

536 5320 657 5393 ipse
687 5323 896 5383 Pharao
927 5343 1033 5385 non
1057 5332 1325 5391 induravit
1354 5351 1450 5394 cor
1478 5357 1668 5399 suum:
1700 5362 1823 5405 nam
1850 5320 1907 5406 et
1937 5320 2038 5409 hoc
2068 5355 2135 5412 de

533 5411 630 5519 illo
651 5414 1110 5519 tegmina-quando
1137 5427 1314 5483 ablata
1346 5439 1430 5486 est
1456 5432 1525 5489 ab
1540 5434 1808 5510 Egyptiis
1835 5443 2125 5519 κυνάμυια,

531 5504 745 5565 ἁίωιηθ
775 5510 1055 5584 Scriptura
1086 5535 1100 5571 :
1133 5519 1199 5575 Et
1229 5522 1529 5595 ingravavit
1580 5504 1795 5590 Pharao
1825 5552 1920 5592 cor
1951 5504 2129 5610 suum;

531 5608 590 5656 et
614 5601 672 5700 in
696 5602 803 5660 isto
834 5615 1095 5679 tempore,
1128 5621 1183 5668 et
1207 5617 1377 5673 noluit
1404 5620 1677 5681 dimittere
1720 5630 1971 5698 populum
2001 5649 2016 5700 ;
2065 5601 2129 5691 ac

533 5694 760 5796 pernhoc
780 5707 838 5753 et
854 5698 1007 5796 .Dcus
1030 5702 1297 5796 induravit
1325 5725 1421 5780 per
1441 5714 1644 5783 justum
1664 5694 1951 5792 judicium,
1969 5694 2020 5781 et
2043 5725 2127 5796 ip-

505 5792 595 5851 ,κ
620 5786 829 5847 Plures
854 5789 994 5866 [per]
1014 5795 1245 5855 liberum
1275 5803 1577 5866 arbitrium.
1605 5786 1752 5869 certi
1784 5828 1910 5887 ergo
1932 5786 2124 5879 esto-te

2260 4622 2379 4663 mus
2403 4626 2417 4675 ;
2451 4621 2506 4665 at
2535 4630 2662 4669 vero
2713 4618 2987 4677 beatitudo
3011 4639 3173 4693 quam
3196 4642 3312 4684 non
3336 4627 3513 4688 habet
3536 4630 3697 4701 homo,
3716 4645 3804 4685 cum

2261 4699 2382 4755 data
2418 4703 2599 4774 fuerit,
2630 4711 2886 4766 continuo
2914 4714 3202 4775 litbeatus.
3245 4720 3597 4793 Adjutorium
3614 4699 3810 4780 esth

2052 4789 2157 4849 ise-
2262 4810 2366 4849 non
2413 4797 2586 4853 solum
2637 4802 2754 4858 sine
2809 4822 2914 4875 quo
2966 4824 3075 4866 non
3124 4810 3204 4878 fit,
3253 4789 3446 4871 verum
3479 4821 3643 4875 etiam
3672 4818 3815 4888 qutltl

2247 5182 2408 5257 quam
2443 5171 2621 5243 fuerit,
2637 5193 2906 5249 nunquam
2926 5183 3052 5239 erit.
3088 5186 3360 5246 Alimenta
3382 5208 3521 5250 vero
3540 5211 3656 5252 non
3675 5170 3851 5252 ωειδευῖ

2245 5271 2478 5329 quenter
2525 5263 2727 5323 faciunt
2765 5280 2821 5325 ut
2869 5273 3029 5330 homo
3057 5275 3224 5345 vivat,
3258 5283 3361 5338 sed
3394 5292 3587 5345 tamen
3614 5289 3727 5345 sine
3748 5284 3853 5340 iliise

2244 5369 2349 5410 non
2402 5366 2577 5426 potest
2628 5364 2830 5421 vivere.
2881 5365 3065 5426 Primo
3110 5372 3291 5445 itaque
3312 5375 3559 5449 homini,
3592 5384 3685 5451 qui
3713 5380 3851 5436 λειω

2243 5447 2385 5506 bono
2407 5468 2513 5523 quo
2538 5454 2707 5512 factus
2726 5466 2843 5517 erat
2868 5470 3049 5520 rectus
3074 5477 3356 5538 acceperat
3732 5486 3827 5543 μετ’

2244 5560 2387 5615 care,
2450 5565 2607 5619 posse
2664 5569 2777 5609 non
2820 5559 2988 5626 mori,
3039 5575 3200 5631 posse
3250 5565 3428 5635 ipsum
3488 5570 3704 5629 honu-
3746 5580 3829 5623 Ml

2242 5635 2510 5716 deserere,
2561 5640 2741 5699 datum
2774 5656 2858 5704 est
2896 5651 3225 5725 adiutorium
3253 5664 3831 5729 perseverantiae,”

2238 5745 2345 5802 quo
2404 5734 2555 5793 fleret
2580 5748 2638 5794 ut
2664 5756 3064 5815 perseveraret,
3092 5748 3187 5807 sed
3214 5750 3334 5809 siue
3357 5769 3470 5825 quo
3488 5772 3601 5828 per
3626 5758 3832 5817 liben-

2236 5826 2518 5888 ttrbitrium
2544 5848 2896 5906 perseverare
2914 5856 3030 5903 non
3049 5850 3226 5919 potest
3249 5826 3507 5925 [νουσιιᾷ
3534 5849 3708 5927 ﬁll)!
3722 5858 3834 5909 9⁸1*
