3986 6382
168 320 275 400 τω
1250 340 1255 343 ·
1288 282 1289 285 γ
1340 321 1760 389 russanttus

1865 318 1982 377 ap.
2021 317 2295 379 ccxcut.
2362 334 2373 339 ι
3350 309 3468 381 βαι

169 433 371 507 sanctis
415 433 471 489 in
500 448 723 509 regnum
752 434 849 492 Dei
879 450 974 507 per
994 434 1221 509 gratiam
1252 436 1350 494 Dei
1378 437 1777 508 prtedestinatis
1802 438 1859 502 Α
1881 432 2043 489 etiam
2088 430 2512 504 perseveraturis
2888 429 2989 489 ista
3006 429 3289 538 dicuntur:
3310 429 3471 503 quasi

171 542 276 584 non
305 529 409 585 tale
435 528 759 602 adjutorium
790 532 1206 602 perseverantia:
1239 532 1418 602 datur,
1454 533 1551 591 sed
1582 533 1686 589 tale
1712 536 1771 588 ut
1873 540 1968 629 eos
2033 536 2482 629 perseverat-ures.
2522 525 2804 629 habeatur
2824 525 3136 629 \incertum,
3184 525 3296 597 68
3330 539 3464 629 Lnon

172 625 251 680 eis
294 628 693 696 perseverantia
731 628 848 698 ipsa
897 628 1154 696 donetur;
1207 644 1317 686 non
1363 629 1536 686 solum
1566 637 1621 684 ut
1651 627 1769 685 sine
1871 619 2029 674 aliter
2056 618 2172 675 ιιωο
2222 619 2409 676 audire
2451 618 2650 723 άῖδθ-υι
2695 619 2891 723 (litibus
2926 616 3271 723 θκρςῆίλιῐξφ
3296 616 3463 723 αξξιξπι

168 694 272 786 {ﬁlo
300 694 469 774 ‘40,“,
523 694 931 792 ρθτδενείιρηιρς
971 736 1094 777 “se
1141 694 1256 778 tum,
1302 722 1530 792 ροεείηι,
1582 734 1768 777 verum
1870 727 2083 781 sapere,
2114 714 2207 769 sed
2247 715 2457 771 timere.
2498 714 2628 782 Quis
2668 714 2810 769 enim
2854 729 2920 768 ex
2958 710 3295 768 multitudine
3332 712 3463 765 title-

173 815 334 868 etiam
368 825 425 869 ut
454 830 549 884 per
577 815 677 871 hoc
715 817 913 872 donum
948 818 1165 875 nonnisi
1201 829 1611 889 perseverantes
1636 818 1767 873 sint.

166 903 285 961 Non
314 906 485 963 solum
507 909 654 965 enim
683 909 817 965 dixit
842 929 853 964 :
881 910 1011 967 Sine
1037 927 1124 967 me
1146 912 1280 969 nihil
1308 914 1532 983 potestis
1554 912 1762 977 facere;

165 1012 351 1065 verum
403 1002 564 1058 etiam
588 1002 724 1059 dixit
770 1023 781 1057 ε
829 1005 945 1060 Non
987 1022 1080 1063 vos
1105 1024 1191 1064 tne
1229 1009 1490 1082 elegistis,
1532 1008 1627 1065 sed
1662 1021 1769 1077 ego

164 1090 301 1162 elegi
350 1108 465 1161 vos,
511 1103 567 1149 et
601 1095 754 1165 posui
804 1112 900 1151 vos
922 1100 1143 1155 utentis
1170 1110 1226 1154 et
1248 1099 1479 1157 fructum
1506 1099 1762 1166 adoratis,

168 1190 229 1259 ct
295 1181 495 1239 fructus
547 1194 728 1242 vester
783 1200 996 1244 maneat
1038 1208 1051 1245 :
1089 1191 1282 1261 quibus
1323 1193 1500 1250 verbis
1537 1193 1617 1249 eis
1655 1204 1768 1249 non

164 1274 335 1329 solum
360 1274 648 1346 justitiam,
679 1295 863 1336 verum
906 1283 1067 1337 etiam
1093 1284 1146 1339 in
1186 1285 1277 1339 illa
1308 1288 1765 1355 perseverantiam

164 1380 231 1420 se
257 1365 467 1423 dedisse
495 1372 833 1426 monstravit.
866 1372 1081 1430 Christo
1108 1374 1248 1429 enim
1277 1377 1356 1432 sic
1392 1392 1488 1433 eos
1527 1387 1763 1446 ponente

166 1467 230 1513 ut
252 1468 393 1525 eant,
413 1470 467 1515 et
487 1460 717 1519 fructum
732 1464 978 1533 aﬁ‘erant,
1001 1478 1057 1523 et
1077 1468 1282 1526 fructus
1302 1485 1495 1527 eorum
1521 1480 1762 1538 maneat,

60 1554 65 1557 ‘
164 1551 286 1621 quis
302 1552 496 1608 audeat
513 1553 713 1625 dicere,
745 1556 992 1614 Forsitan
1012 1575 1117 1615 non
1140 1562 1411 1618 manebit?
1435 1562 1762 1634 Sineppsni-

172 1649 339 1705 tentia
384 1662 509 1706 sunt
551 1651 693 1707 enim
740 1653 883 1709 dona
923 1664 980 1710 et
1003 1658 1213 1714 vocatio
1246 1658 1374 1726 Dei,
1416 1659 1514 1715 sed
1546 1660 1762 1715 vocatio

164 1755 353 1796 eorum
399 1742 490 1813 qui
534 1745 831 1800 secundum
872 1749 1205 1817 propositum
1252 1750 1425 1805 vocati
1455 1758 1625 1806 sunt:
1659 1764 1759 1820 pro

1868 806 2016 871 lium,
2050 808 2286 877 quandiu
2321 810 2377 864 in
2407 811 2510 864 hac
2552 806 2878 864 mortalitate
2906 806 3121 875 vivitur,
3155 806 3207 861 in
3236 818 3463 860 numero

1867 906 2370 977 praedestinatorum
2399 923 2457 962 se
2484 921 2607 963 esse
2627 905 2952 978 praesumat?
2971 905 3109 972 Quia
3132 904 3182 959 id
3204 900 3463 959 omnltari

1866 1011 2002 1066 eptts
2051 1006 2135 1055 est
2172 998 2227 1054 in
2270 999 2373 1056 hoc
2402 1000 2542 1067 loco,
2573 1000 2660 1055 ubi
2706 1000 2786 1055 sic
2812 997 3051 1055 cavenda
3077 1005 3161 1053 est
3184 996 3373 1062 elatio,
3408 1002 3463 1049 nt

1868 1090 2025 1146 etiam
2077 1104 2173 1161 per
2218 1091 2431 1147 Satanae
2478 1091 2755 1161 angelum,
2791 1106 2860 1147 ne
2887 1090 3256 1155 extolleretur,
3282 1095 3463 1143 tantus

1867 1184 2300 1256 colaphizaretur
2314 1187 2626 1259 apostolus;
2652 1186 2779 1243 hinc
2791 1184 3053 1256 apostolis
3072 1184 3350 1240 dicebatur
3371 1199 3383 1235 :
3404 1179 3465 1243 Si

1867 1280 2171 1336 immeritis
2209 1280 2262 1335 in
2306 1295 2415 1347 me,
2445 1280 2659 1338 dicente
2690 1281 2781 1337 illo
2802 1280 3013 1352 quieos
3044 1279 3229 1352 utique
3257 1276 3464 1335 sciebat

1866 1384 1986 1427 esse
2016 1386 2323 1439 mansuros,
2365 1380 2422 1428 et
2467 1387 2563 1442 per
2614 1372 2953 1443 prophetam,
2994 1372 3053 1429 Si
3101 1370 3379 1427 volueritis
3408 1372 3464 1431 et

1864 1462 2212 1521 obandieritis
2226 1479 2313 1521 me
2329 1479 2450 1520 cum
2467 1464 2651 1535 utique
2669 1464 2835 1531 sciret
2851 1465 2965 1534 ipse
2981 1465 3035 1519 in
3054 1462 3248 1534 quibus
3270 1475 3466 1531 opem

1869 1563 2018 1609 retur
2037 1563 2093 1609 et
2112 1554 2282 1623 velle;
2305 1564 2360 1611 et
2386 1556 2583 1612 similia
2607 1557 2770 1613 multa
2788 1556 3071 1623 dicuntur;
3095 1570 3218 1612 nam
3242 1560 3465 1625 propter

1864 1642 2023 1714 hujus
2054 1646 2336 1703 utilitatem
2363 1647 2580 1718 secreti,
2611 1662 2679 1703 ne
2704 1646 2842 1704 forte
2880 1648 3002 1717 quis
3020 1647 3330 1713 extollatur,
3358 1643 3459 1700 sed

1863 1752 2055 1794 omnes
2104 1740 2265 1795 etiam
2312 1741 2404 1811 qui
2435 1740 2575 1797 bene
2602 1749 2831 1797 currunt
2855 1743 3098 1806 timeant,
3125 1740 3253 1796 dum
3279 1738 3463 1794 occul-

164 1833 254 1891 bis
302 1835 462 1907 igitur
516 1836 893 1910 interpellante
940 1840 1157 1899 Christo
1180 1858 1248 1900 ne
1271 1842 1485 1900 deﬁciat
1510 1845 1760 1902 ﬁdeseo-

1868 1839 1981 1887 tum
2028 1841 2114 1888 est
2158 1834 2247 1903 qui
2288 1834 2637 1903 perveniant;
2691 1845 2910 1906 propter
2948 1836 3109 1905 hujus
3154 1848 3282 1904 ergo
3318 1832 3467 1889 utilia

164 1938 307 1992 rum,
355 1928 474 1984 sine
522 1927 686 1985 dubio
718 1946 827 1986 non
872 1931 1088 1989 deﬁciet
1138 1949 1310 2006 usque
1358 1936 1414 1992 in
1466 1935 1649 2005 ﬁnem,
1697 1952 1767 1995 ac

164 2032 266 2088 per
315 2017 420 2075 hoc
473 2022 839 2092 perseverabit
870 2039 1038 2096 usque
1089 2026 1144 2081 in
1171 2026 1353 2093 ﬁnem,
1388 2043 1487 2084 nec
1505 2042 1624 2087 eam
1657 2030 1764 2087 nisi

163 2123 474 2169 manentem
515 2113 642 2170 vita:
692 2115 852 2187 hujus
902 2118 1107 2174 invenit
1155 2118 1295 2176 linis.
1347 2118 1517 2191 Major
1560 2121 1763 2193 quippe

165 2202 383 2278 libertas
410 2215 493 2261 est
513 2209 821 2264 necessaria
842 2210 1105 2267 adversus
1134 2220 1211 2268 tot
1232 2222 1287 2269 et
1312 2222 1487 2270 tantas
1508 2219 1763 2272 tentatio-

165 2311 283 2365 ncs,
314 2312 433 2368 qure
460 2300 512 2352 in
545 2300 795 2369 paradiso
826 2318 932 2358 non
966 2302 1206 2373 fuerunt,
1236 2305 1380 2361 dono
1411 2322 1761 2376 perseveran-

166 2387 257 2442 tia:
280 2390 477 2445 munita
499 2400 659 2462 atque
687 2394 921 2464 ﬁrmata,
954 2405 1011 2451 ut
1036 2411 1157 2452 cum
1184 2398 1435 2456 omnibus
1462 2401 1760 2469 amoribus,

168 2479 491 2548 terroribus,
522 2484 801 2541 erroribus
831 2488 945 2541 suis
967 2487 1215 2544 vincatur
1263 2489 1349 2545 hic
1378 2492 1630 2557 mundus,
1658 2493 1760 2552 hoc

163 2580 474 2627 sanctorum
530 2577 790 2648 martyria
820 2578 1139 2636 docuerunt.
1170 2580 1407 2653 Denique
1432 2582 1545 2650 ille,
1570 2594 1626 2642 et
1646 2596 1759 2643 ter-

161 2670 318 2719 rente
341 2665 511 2733 nullo,
565 2676 619 2724 et
660 2668 881 2741 insuper
928 2681 1115 2728 contra
1166 2673 1261 2731 Dei
1307 2677 1560 2732 terrentis
1589 2678 1762 2748 impe-

162 2754 327 2824 rium,
360 2754 534 2812 libero
574 2774 744 2830 usque
769 2762 996 2819 arbitrio
1023 2781 1132 2820 non
1154 2769 1301 2821 stetit
1326 2768 1378 2822 in
1408 2778 1553 2824 tanta
1582 2769 1760 2827 felici-

164 2854 297 2917 tate,
337 2845 390 2903 in
450 2857 597 2905 tanta
643 2868 749 2907 non
800 2855 1057 2923 peccandl
1106 2857 1402 2927 facilitate;
1436 2860 1527 2917 isti
1554 2872 1759 2931 autem,

163 2956 273 2997 non
327 2943 448 3000 dico
500 2955 732 3004 terrente
764 2948 980 3016 mundo,
1013 2951 1107 3007 sed
1150 2954 1407 3011 saviente
1433 2971 1501 3011 ne
1528 2966 1757 3023 starent,

164 3046 430 3094 steterunt
461 3036 516 3093 in
560 3039 705 3097 ﬁde:
739 3058 861 3099 cum
916 3044 1126 3102 videret
1169 3047 1261 3104 illa
1302 3048 1440 3105 bona
1472 3054 1759 3121 prmaentia
1800 3104 1803 3109 .

163 3146 285 3201 quae
336 3131 509 3190 fuerat
537 3135 846 3209 relicturus,
879 3138 972 3195 isti
993 3140 1167 3196 futura
1191 3158 1311 3212 qua
1334 3146 1606 3214 accepturi
1635 3146 1755 3203 iue-

1870 1931 2031 1978 tatem
2062 1925 2282 1993 secreti,
2317 1925 2646 1983 credendum
2689 1937 2774 1983 est
2800 1928 3062 1997 quosdam
3090 1930 3159 1987 de
3188 1931 3307 1986 liliis
3339 1947 3465 2004 per-

1866 2013 2102 2080 ditionis.
2160 2031 2267 2072 non
2312 2027 2537 2087 accepto
2586 2016 2729 2074 dono
2784 2021 3159 2088 perseverandi
3192 2036 3363 2093 usque
3402 2025 3461 2084 in

1866 2112 2053 2176 ﬁnem,
2078 2113 2128 2167 in
2155 2112 2281 2179 ﬁde,
2298 2129 2419 2184 qum
2440 2128 2536 2185 per
2560 2114 2902 2171 dilectionem
2924 2127 3198 2187 operatur,
3222 2118 3461 2190 incipere

1866 2210 2066 2273 vivere,
2123 2219 2177 2263 et
2224 2208 2533 2278 aliquandiu
2582 2207 2813 2264 ﬁdeliter
2863 2223 2926 2264 ac
2972 2210 3118 2280 juate
3163 2216 3363 2281 vivere,
3404 2221 3466 2273 et

1866 2308 2047 2367 postea
2088 2298 2311 2363 cadere;
2343 2314 2518 2370 neque
2557 2299 2625 2354 de
2655 2298 2758 2354 hac
2787 2300 2893 2355 vita
2924 2303 3234 2373 priusquam
3259 2306 3362 2362 hoc
3381 2309 3471 2365 eis

1864 2391 2136 2459 contingat
2208 2388 2430 2457 auferri,
2483 2404 2714 2459 quorum
2767 2389 2816 2446 si
2866 2393 3068 2449 nemini
3124 2394 3463 2469 contigisset,

1866 2484 2050 2539 tandiu
2080 2483 2345 2540 haberent
2390 2483 2637 2541 homines
2661 2484 2823 2541 istum
2861 2485 3271 2545 saluberrimum
3303 2492 3462 2549 timo.

1864 2591 1977 2631 rem
1996 2592 2101 2645 quo
2124 2575 2307 2631 vitium
2327 2576 2580 2633 elationis
2599 2577 2948 2648 opprimitur,
2969 2578 3144 2635 donec
3164 2580 3231 2635 ad
3254 2582 3477 2644 Christi

1863 2668 2112 2738 gratiam,
2155 2686 2258 2740 qua
2317 2673 2404 2740 pie
2430 2672 2651 2742 vivitur,
2681 2675 3043 2744 pervenirent,
3074 2676 3331 2750 deinceps
3346 2680 3463 2751 jam

1862 2763 2039 2819 securi
2079 2780 2347 2836 nunquam
2401 2782 2461 2822 se
2486 2766 2555 2822 ab
2598 2767 2689 2823 illo
2715 2783 2836 2826 esse
2869 2783 3093 2827 casuros
3124 2787 3144 2828 :
3170 2789 3288 2845 qua:
3321 2792 3469 2845 ρςοωι

1860 2844 2096 2928 sumptio
2150 2860 2204 2915 in
2260 2862 2363 2916 isto
2420 2861 2774 2919 tentationum
2820 2865 2942 2920 loco
2966 2879 3073 2921 non
3100 2844 3339 2937 expedit,
3368 2870 3465 2946 ubi

1862 2961 2010 3007 tanta
2054 2962 2139 3009 est
2176 2953 2477 3021 inﬁrmitas,
2524 2962 2586 3011 ut
2627 2956 2953 3027 superbiam
2989 2957 3161 3026 possit
3194 2974 3465 3029 generare

1861 3050 2148 3105 securitas.
2177 3050 2419 3121 Denique
2443 3051 2605 3107 etiam
2629 3052 2731 3107 hoc
2761 3053 2883 3119 erit,
2908 3054 3004 3110 sed
3034 3063 3161 3112 tunc
3183 3055 3331 3126 quod
3346 3056 3463 3128 jam

1859 3148 1942 3193 est
1995 3141 2048 3194 in
2081 3142 2286 3212 angelis
2326 3142 2490 3198 etiam
2523 3143 2579 3197 in
2609 3143 2920 3202 hominibus
2947 3147 3072 3214 erit,
3123 3151 3337 3219 quando
3362 3152 3459 3216 sui

164 3230 308 3291 rant,
363 3240 467 3281 non
522 3227 799 3298 viderent;
852 3230 994 3287 unde
1037 3232 1163 3303 hoc,
1216 3235 1317 3291 nisi
1347 3236 1581 3295 donante
1603 3238 1697 3295 illo
1725 3255 1759 3296 a
1787 3219 1835 3285 Ο
1863 3232 2047 3303 perbia
2067 3234 2175 3290 ulla
2201 3246 2327 3291 esse
2355 3249 2462 3290 non
2484 3236 2705 3305 poterit.

164 3330 274 3386 quo
319 3316 747 3376 misericordiam
801 3324 1080 3379 consecuti
1099 3336 1225 3381 sunt
1252 3337 1308 3381 ut
1336 3326 1524 3385 ﬁdeles
1553 3340 1760 3399 essent,

162 3422 195 3462 a
248 3424 353 3480 quo
397 3422 719 3482 acceperunt
752 3413 1010 3485 Spiritum
1039 3431 1145 3474 non
1176 3419 1405 3489 timoris,
1438 3438 1545 3491 quo
1574 3438 1761 3493 perse-

161 3498 455 3572 quentibus
484 3503 768 3572 cederent,
804 3506 899 3563 sed
929 3508 1142 3565 virtutis
1169 3518 1226 3567 et
1252 3511 1528 3569 charitatis
1557 3524 1613 3571 et
1632 3530 1762 3572 con-

163 3597 430 3662 tinentiae,
482 3614 589 3669 quo
637 3607 829 3656 cuncta
883 3602 1166 3672 minantia,
1220 3614 1418 3661 cuncta
1455 3608 1755 3674 invitantia,

160 3701 358 3748 cuncta
408 3694 653 3750 cruciant
683 3710 715 3751 a
760 3707 1105 3768 superarent.
1137 3698 1221 3755 illi
1236 3714 1367 3772 ergo
1390 3701 1508 3759 sine
1538 3712 1762 3773 peccato

161 3784 277 3839 ullo
299 3784 422 3841 data
444 3795 529 3843 est
549 3804 673 3844 cum
696 3804 802 3860 qua
831 3790 1077 3847 conditus
1103 3801 1188 3848 est
1210 3793 1463 3850 voluntas
1481 3794 1671 3862 libera,
1704 3806 1760 3852 et

158 3895 284 3935 eam
340 3880 465 3937 fecit
516 3884 721 3940 servire
748 3895 991 3955 peccato;
1038 3885 1232 3943 horum
1261 3903 1393 3946 vero
1416 3902 1539 3945 cum
1567 3889 1762 3948 fuisset

161 3972 414 4029 voluntas
470 3989 626 4032 serva
678 3978 907 4048 peccati,
966 3978 1188 4036 liberata
1234 3989 1318 4037 est
1366 3997 1461 4052 per
1488 3984 1640 4039 illum
1668 3986 1758 4056 qui

163 4063 311 4117 dixit
336 4082 347 4116 :
374 4064 430 4121 Si
453 4080 547 4121 vos
565 4066 734 4123 Filius
750 4066 1081 4139 liberaverit,
1103 4082 1228 4131 tunc
1244 4090 1371 4132 vere
1392 4076 1547 4133 liberi
1573 4078 1754 4143 eritis;

163 4160 222 4209 et
249 4153 522 4224 accipiunt
552 4164 755 4214 tantam
779 4175 873 4230 per
901 4163 1061 4219 istam
1089 4166 1316 4235 gratiam
1345 4168 1669 4236 libertatem,
1698 4178 1761 4226 ut

159 4246 411 4313 quamvis
442 4249 679 4319 quandiu
712 4251 800 4307 hic
829 4253 1036 4323 vivunt,
1072 4266 1312 4327 pugnent
1330 4268 1519 4316 contra
1548 4276 1758 4319 concu-v

160 4339 457 4407 pisceutias
510 4352 879 4415 peccatorum,
926 4349 1116 4419 eisque
1155 4352 1413 4409 nonnulla
1461 4356 1756 4426 subrepant

155 4442 387 4503 propter
436 4450 556 4504 qum
605 4438 786 4495 dicant
827 4442 1096 4513 quotidie,
1145 4445 1363 4504 Dimitte
1393 4449 1548 4506 nobis
1574 4450 1754 4509 debita

157 4535 373 4594 nostra,
403 4542 511 4585 non
557 4539 736 4588 tamen
767 4534 905 4591 ultra
935 4537 1174 4595 serviant
1215 4551 1457 4611 peccato,
1498 4545 1642 4615 quod
1672 4556 1755 4603 est

2387 3341 2615 3403 CAPUT
2655 3347 2925 3405 DCXCIII.

1869 3437 2020 3504 Quod
2040 3453 2130 3492 nec
2155 3439 2321 3509 gratia
2344 3439 2607 3519 prohibeat
2643 3444 3034 3519 correptiartem,
3078 3460 3170 3499 nec
3199 3448 3455 3519 correptis

2307 3511 2573 3580 gratiam;
2602 3527 2667 3566 ea;
2692 3511 2870 3568 eodem
2889 3514 3042 3569 libra.

1935 3602 1994 3657 Si
2047 3602 2193 3657 enim
2248 3602 2535 3672 aliquando
2575 3604 2768 3660 timore
2825 3621 2933 3661 non
2979 3610 3330 3679 corripimus,
3383 3627 3454 3669 ne

1865 3696 2061 3767 aliquis
2081 3697 2207 3753 inde
2226 3706 2431 3768 pereat,
2456 3712 2555 3755 cur
2576 3714 2685 3755 non
2710 3701 2873 3756 etiam
2899 3702 3090 3760 timore
3108 3705 3453 3775 corripimus,

1866 3807 1934 3849 ne
1947 3791 2140 3862 aliquis
2162 3792 2288 3849 inde
2310 3793 2428 3863 plus
2457 3803 2645 3864 pereat
2672 3795 2695 3849 ?
2724 3793 2913 3868 Neque
2946 3796 3091 3853 enim
3143 3798 3455 3859 dilectionis

1865 3888 2071 3944 viscera
2096 3890 2301 3959 majora
2331 3898 2628 3959 gestamus,
2652 3905 2814 3961 quam
2836 3891 3027 3947 beatus
3056 3894 3334 3963 apostolus
3358 3898 3452 3968 qui

1863 3981 1996 4037 dicit
2015 3999 2029 4035 :
2046 3981 2319 4051 Corripite
2343 3983 2635 4052 inquietos,
2663 3983 3024 4039 consolamini
3048 3986 3448 4058 pusillanimes,

1864 4073 2124 4143 suscipite
2146 4073 2417 4137 inﬁrmos,
2444 4075 2715 4143 patientes
2737 4082 2914 4130 estote
2936 4075 3000 4129 ad
3027 4088 3248 4144 omnes;
3276 4074 3457 4135 videte
3494 4108 3495 4113 η

1864 4179 1933 4220 ne
1952 4164 2075 4235 quis
2092 4165 2292 4219 malum
2313 4178 2409 4234 pro
2436 4164 2579 4220 malo
2598 4164 2758 4220 alicui
2780 4165 2994 4233 reddat;
3024 4166 3117 4221 ubi
3147 4168 3456 4238 intelligen-

1863 4256 1990 4310 dum
2040 4264 2144 4321 est,
2177 4264 2304 4311 tunc
2332 4255 2512 4325 potius
2560 4256 2763 4311 malum
2810 4272 2910 4328 pro
2959 4257 3104 4313 malo
3152 4259 3344 4329 reddi,
3404 4262 3453 4319 si

1862 4346 2237 4416 corripiendus
2266 4362 2374 4402 non
2419 4347 2734 4423 corripitur,
2786 4348 2883 4404 sed
2928 4364 3089 4419 prava
3135 4350 3451 4409 dissimula-

1864 4440 2008 4496 tione
2028 4440 2336 4511 negligitur.
2370 4440 2509 4495 Dicit
2534 4442 2705 4506 etaim.
2761 4442 3054 4499 Peccantes
3092 4456 3277 4499 coram
3313 4446 3449 4513 fom-

1861 4534 2018 4590 nibus
2048 4535 2280 4605 corripe,
2308 4544 2367 4590 ut
2411 4536 2595 4591 caeteri
2622 4536 2873 4592 timorem
2902 4537 3165 4605 habeant;
3201 4541 3340 4609 quod
3385 4542 3456 4599 de

156 4616 229 4673 ad
283 4631 537 4688 mortem,
592 4624 659 4681 de
701 4642 807 4697 quo
857 4627 991 4684 dicit
1042 4629 1277 4690 Joannes
1307 4637 1760 4705 apostolus:Est

1865 4626 1949 4689 his
1980 4626 2212 4695 peccatis
2253 4626 2624 4697 accipiendum
2666 4636 2752 4683 est
2798 4643 2921 4699 qua;
2969 4643 3075 4686 non
3115 4632 3319 4699 latent,
3379 4650 3450 4691 ne

154 4723 442 4809 precatum
494 4717 561 4772 ad
607 4731 874 4788 mortem;
927 4739 1033 4781 non
1084 4742 1182 4797 pro
1238 4729 1333 4787 illo
1368 4731 1492 4789 dico
1522 4744 1762 4809 ntroget

150 4804 305 4874 quis.
342 4805 415 4863 De
445 4823 554 4879 quo
596 4821 839 4881 peccato,
881 4818 1135 4883 quoniam
1168 4836 1275 4875 non
1302 4837 1620 4893 expressum
1650 4804 1755 4897 est,

152 4910 389 4968 possunt
412 4900 577 4956 multa
604 4911 659 4958 et
702 4903 914 4960 diversa
962 4910 1174 4967 sentiri.
1200 4912 1314 4982 Ege
1338 4925 1517 4973 autem
1547 4918 1671 4976 dico
1702 4920 1761 4977 id

144 5006 282 5049 esse
306 5004 605 5063 peccatum,
636 4995 817 5064 ﬁdem,
842 5012 961 5068 quas
989 5016 1084 5071 per
1110 5004 1457 5063 dilectionem
1482 5021 1757 5082 operatur,

144 5082 412 5141 deserere
441 5101 611 5159 usque
653 5087 720 5143 ad
756 5099 983 5146 mortem
1015 5110 1031 5150 :
1060 5092 1186 5150 huic
1213 5108 1432 5166 peccato
1462 5099 1601 5157 ultra
1650 5117 1758 5161 non

140 5174 424 5243 serviunt,
476 5195 583 5235 non
631 5181 802 5251 prima
842 5185 1156 5243 conditione
1180 5188 1321 5246 sicut
1348 5190 1426 5246 illi
1455 5192 1633 5260 liberi,
1660 5196 1757 5252 sed

141 5281 253 5337 per
301 5269 600 5326 secundum
628 5273 798 5330 Adam
826 5276 917 5333 Dei
960 5280 1135 5350 gratia
1162 5280 1398 5352 liberati,
1424 5292 1479 5340 et
1500 5284 1602 5342 ista
1622 5286 1757 5344 libe-

136 5358 369 5417 ratione
399 5361 661 5421 habentes
680 5366 906 5425 liberum
930 5371 1211 5429 arbitrium
1234 5390 1341 5446 quo
1356 5378 1597 5434 serviant
1618 5380 1751 5447 Deo,

135 5466 262 5507 non
294 5468 403 5524 quo
450 5455 792 5528 captiventur
817 5474 849 5515 a
873 5460 1109 5520 diabolo.
1134 5463 1369 5522 Liberali
1400 5468 1545 5524 enim
1565 5486 1597 5527 a
1625 5486 1753 5541 pec-

131 5555 298 5611 cato,
334 5546 473 5601 servi
520 5558 645 5603 sunt
682 5547 807 5605 facti
851 5552 1096 5623 justitiaz,
1130 5556 1182 5611 in
1216 5573 1318 5627 qua
1344 5560 1564 5617 stabunt
1586 5579 1754 5634 usque

128 5636 197 5692 in
248 5635 439 5709 ﬁnem,
482 5637 716 5698 donante
745 5642 846 5699 sibi
894 5650 1349 5715 perseverantiam
1381 5650 1477 5708 illo
1514 5651 1605 5724 qui
1658 5670 1755 5713 eos

131 5728 425 5799 praescivit
454 5741 508 5788 et
551 5734 975 5805 praedestinavit,
1008 5747 1060 5795 et
1092 5743 1388 5800 secundum
1417 5746 1753 5817 propositum

129 5823 385 5894 vocavit,
412 5833 468 5884 et
502 5826 835 5904 jusﬁﬁcavit,
868 5842 922 5895 et
966 5834 1309 5907 gloriﬁcavit.
1361 5838 1513 5911 Quod
1568 5851 1748 5903 autem

1863 4730 2049 4774 contra
2081 4718 2293 4774 Domini
2320 4722 2645 4776 sententiam
2673 4728 2892 4789 putetur
2918 4721 3159 4790 iocatus;
3186 4726 3279 4782 ille
3304 4728 3450 4785 enim

1864 4810 2031 4865 dicit:
2059 4810 2117 4866 Si
2142 4812 2446 4880 peccaverit
2474 4811 2530 4867 in
2573 4818 2629 4867 te
2652 4812 2825 4870 frater
2868 4822 3012 4880 tuus,
3059 4819 3273 4889 corripe
3320 4834 3448 4875 eum
3500 4850 3501 4853 η

1866 4904 2005 4960 inter
2032 4913 2087 4959 te
2108 4912 2164 4960 et
2190 4905 2387 4974 ipsum.
2429 4904 2810 4962 Verumtamen
2837 4915 2891 4964 et
2930 4908 3049 4979 ipse
3100 4914 3450 4967 severitatem

1864 4997 2222 5066 correptionis
2247 5012 2488 5068 eousque
2511 4998 2758 5068 perducit
2777 5009 2835 5055 ut
2850 5001 2995 5058 dicat
3018 5002 3110 5058 :Si
3128 5017 3228 5059 nec
3261 5003 3453 5059 Eccle-

1863 5089 2267 5156 siamaudierit,
2290 5092 2361 5146 sit
2380 5092 2473 5147 tibi
2499 5101 2749 5164 tanquam
2765 5094 3015 5151 ethnicus
3038 5094 3449 5165 etpublicanus:

1863 5195 1919 5242 et
1944 5188 2067 5257 quis
2098 5188 2264 5257 magis
2292 5187 2478 5243 dilexit
2504 5188 2746 5245 inﬁmos
2767 5205 2930 5259 quam
2962 5190 3055 5243 ille
3072 5191 3166 5260 qui
3196 5205 3297 5260 pro
3332 5207 3452 5246 om-

1862 5281 2019 5336 nibus
2040 5289 2124 5336 est
2144 5280 2322 5336 factus
2350 5281 2619 5347 inﬁrmus,
2635 5290 2690 5338 et
2728 5298 2825 5353 pro
2846 5282 3191 5339 omnibusex
3224 5286 3339 5354 ipsa
3368 5296 3452 5343 est

1850 5372 2178 5428 inﬁrmitate
2207 5374 2533 5429 cruciﬁxus?
2554 5373 2690 5441 Quae
2732 5388 2857 5429 cum
2880 5375 2951 5428 ita
2978 5374 3108 5441 sint,
3148 5388 3250 5430 nec
3274 5378 3446 5447 gratia

1864 5466 2111 5536 prohibet
2138 5468 2561 5537 correptionem,
2587 5480 2689 5522 nec
2711 5467 2984 5537 correptio
3001 5478 3161 5538 negat
3182 5468 3411 5539 gratiam
3433 5488 3444 5522 :

1858 5568 1913 5616 et
1941 5559 2063 5615 ideo
2090 5560 2171 5616 sic
2206 5569 2289 5616 est
2343 5559 2701 5631 pracipienda
2743 5560 2955 5631 iustitia
2980 5602 2995 5627 ,
3045 5571 3103 5617 ut
3129 5576 3161 5618 a
3192 5563 3303 5619 Deo
3324 5579 3450 5635 gra-

1860 5654 1955 5723 tia,
2008 5669 2114 5725 qua
2168 5653 2221 5710 id
2270 5654 2412 5725 quod
2472 5653 2787 5724 precipitur
2838 5654 2961 5720 ﬁat,
3008 5654 3155 5711 ﬁdeli
3202 5658 3450 5711 oratione

1860 5756 2142 5819 poscatur:
2172 5746 2350 5804 ethoc
2380 5755 2669 5818 utrumque
2700 5749 2772 5805 ita
2810 5748 3112 5807 faciendum
3138 5758 3244 5818 est,
3267 5759 3325 5805 ut
3352 5764 3449 5805 ηδε

1859 5855 1966 5914 quo
1986 5838 2132 5914 iusta
2160 5840 2431 5913 correptio
2456 5840 2787 5916 negligatur,
2812 5844 2993 5902 omnia
3022 5857 3151 5903 vero
3172 5842 3294 5909 hoc
3312 5852 3449 5901 cui
