4010 6382
571 321 678 387 999

1653 327 1718 386 D.
1758 325 2084 388 EUGYPPII
2122 323 2416 386 ABBATIS
2454 323 2784 385 AFRICANI

3719 325 3842 387 1000

567 433 835 503 'cliaritale
861 445 992 503 fiant
1044 459 1059 502 :
1104 444 1358 518 quoniam
1408 441 1643 500 charilas
1669 459 1771 501 nec
1816 445 1945 502 facit
1970 460 2158 518 pecca-
2187 447 2239 509 Α
2263 451 2369 511 cat,
2400 443 2606 500 ldeoex
2621 441 3128 513 fide,utsecundum
3142 438 3366 514 gratiam
3379 440 3536 497 firma
3554 442 3835 513 sitpromis-

572 550 712 608 tum,
741 551 799 599 et
823 541 998 612 operit
1025 536 1425 596 multitudinem
1451 546 1819 606 peccatorum.

1105 651 1335 709 CAPUT
1374 649 1644 708 CCXCIV.

579 749 656 805 De
681 748 1123 822 prtedestiniatione
1153 763 1264 815 qua
1297 763 1395 800 non
1421 747 1574 822 possit
1605 761 1714 822 esse
1755 747 1862 800 sine
1888 745 2159 822 prtescien-

656 817 744 888 tia,
776 820 1097 891 proscientia
1131 835 1257 891 gero
1299 821 1455 887 possit
1488 835 1595 873 esse
1621 819 1728 872 sine
1755 817 2161 889 prazdestinatio-

647 911 707 946 ne
730 911 748 958 ,'
776 888 842 947 ex
864 892 994 946 libro
1024 891 1092 946 ad
1120 888 1460 962 Prosperum.

663 1003 1076 1060 Praedestinatio
1145 1013 1232 1060 est
1297 1019 1416 1075 quae
1465 1005 1582 1062 sine
1645 1005 1980 1075 praescientia
2050 1019 2159 1061 non

575 1105 757 1170 potest
795 1112 937 1165 esse,
994 1105 1172 1167 potest
1200 1107 1380 1154 autem
1438 1113 1558 1154 esse
1613 1098 1733 1154 sine
1801 1097 2159 1168 praedestina-

569 1195 716 1249 tione
744 1195 1106 1264 prtescientia.
1132 1193 1608 1250 Praedestinatione
1657 1193 1855 1264 quippe
1906 1193 2048 1248 Deus
2093 1206 2158 1248 ea

569 1289 837 1360 prazscivit
863 1303 982 1359 quae
1014 1287 1185 1343 fuerat
1209 1289 1324 1358 ipse
1353 1287 1612 1354 facturus,
1646 1287 1788 1342 unde
1811 1286 2012 1342 dictum
2039 1293 2156 1342 est:

569 1380 721 1438 Fecit
746 1396 866 1452 qua:
899 1380 1077 1436 futura
1110 1389 1256 1436 sunt.
1300 1380 1560 1436 Praescire
1611 1390 1791 1435 autem
1841 1389 2032 1449 potens
2073 1385 2159 1434 est

569 1473 729 1530 etiam
759 1487 879 1543 quae
906 1472 1023 1542 ipse
1051 1487 1160 1527 non
1196 1471 1338 1536 facit,
1366 1472 1508 1528 sicut
1535 1486 1869 1543 quaecunque
1911 1477 2153 1541 peccata,

567 1567 690 1638 quia
719 1567 822 1622 etsi
856 1575 982 1622 sunt
1029 1567 1277 1637 quadam
1301 1581 1418 1636 quae
1450 1567 1519 1621 ita
1554 1575 1772 1638 peccata
1799 1575 1922 1621 sunt
1951 1574 2009 1619 ut
2039 1581 2155 1634 pa:-

568 1677 650 1717 nte
679 1662 787 1717 sint
807 1661 968 1716 etiam
995 1671 1361 1732 peccatorum,
1383 1661 1525 1715 unde
1552 1661 1754 1715 dictum
1780 1670 1866 1716 est
1886 1652 2158 1716 :Tradidit

567 1754 693 1810 illos
723 1754 863 1810 Deus
897 1755 949 1809 in
984 1753 1269 1824 reprobam
1303 1761 1563 1820 mentem,
1596 1760 1652 1807 ut
1681 1752 1878 1807 faciant
1903 1767 2019 1820 qua:
2049 1766 2156 1806 non

2265 534 2365 601 sio,
2397 535 2566 592 miror
2594 535 2840 593 homines
2865 536 3164 593 infirmitati
3191 551 3301 592 sua:
3325 550 3386 592 se
3409 537 3580 592 malle
3609 542 3831 598 commit-

2264 638 2401 699 tere,
2433 647 2594 701 quam
2619 631 2856 688 ﬁrmitati
2879 631 3246 704 promissionis
3263 631 3378 686 Dei.
3397 631 3508 688 Sed
3540 633 3742 690 incerta
3763 645 3829 694 est

2263 722 2417 791 mihi,
2438 723 2632 795 inquit,
2651 724 2720 780 de
2740 724 2948 796 meipso
2969 725 3211 780 voluntas
3236 724 3351 780 Dei.
3376 724 3523 792 Quid
3553 726 3714 797 ergo?
3734 738 3828 785 tua-

2264 835 2333 875 ne
2365 821 2457 876 tibi
2492 821 2741 878 voluntas
2781 821 2850 878 de
2879 822 3050 892 teipso
3078 831 3223 877 certa
3253 831 3357 887 est,
3391 837 3496 878 nec
3521 823 3681 879 times
3705 867 3718 892 ,
3747 828 3818 896 qui

2263 913 2474 970 videtur
2497 924 2640 971 stare
2664 916 2849 971 timeat
2877 913 3094 990 [videat]
3144 930 3211 970 ne
3250 915 3458 970 cadat?
3511 913 3649 970 Cum
3697 917 3824 988 igitur

2263 1015 2488 1078 utraque
2514 1009 2719 1064 incerta
2733 1008 2822 1076 sit,
2845 1023 2940 1063 cur
2953 1023 3057 1064 non
3083 1009 3243 1063 homo
3265 1009 3497 1065 ﬁrmiori
3518 1025 3681 1080 quam
3700 1010 3817 1066 inﬁr-

2277 1097 2439 1153 miori
2464 1097 2624 1154 fidem
2650 1113 2825 1168 suam,
2855 1114 3028 1170 spem,
3060 1099 3489 1172 charitatemque
3529 1103 3819 1158 committit?

2265 1188 2372 1246 Sed
2392 1204 2514 1246 cum
2537 1189 2754 1256 dicitur,
2780 1193 3042 1261 inquiunt,
3077 1191 3132 1248 Si
3161 1194 3482 1259 credideris,
3519 1199 3694 1250 salvus
3720 1198 3817 1262 eris,

2262 1296 2426 1336 unum
2457 1282 2648 1337 borum
2677 1265 2927 1354 exigitur,
2979 1283 3204 1339 alterum
3236 1285 3459 1340 olfertur
3480 1300 3501 1341 :
3559 1286 3693 1355 quod
3730 1288 3815 1340 exi-

2261 1372 2404 1443 gitur
2442 1373 2494 1428 in
2521 1372 2772 1440 hominis,
2804 1373 2946 1444 quod
2973 1374 3195 1430 offertur
3227 1375 3280 1430 in
3309 1376 3404 1431 Dei
3432 1384 3524 1432 est
3561 1387 3801 1446 potestate.

2262 1463 2370 1521 Cur
2391 1480 2495 1522 non
2525 1476 2812 1538 utrumque
2835 1469 2887 1522 in
2921 1467 3012 1524 Dei
3029 1468 3176 1542 [est],
3204 1480 3256 1525 et
3277 1472 3420 1542 quod
3445 1471 3602 1542 jubet
3637 1478 3810 1544 etquod

2262 1558 2461 1616 offert?
2517 1561 2753 1632 Rogatur
2781 1562 2923 1619 enim
2953 1574 3006 1618 ut
3037 1565 3127 1620 det
3155 1565 3294 1635 quod
3325 1567 3508 1636 jubet,
3569 1578 3620 1623 et
3657 1583 3810 1639 rogant

2263 1653 2547 1710 credentes
2578 1664 2637 1710 ut
2663 1657 2766 1711 sibi
2813 1665 3071 1726 augeatur
3119 1657 3294 1713 fides:
3352 1670 3558 1730 rogant
3601 1677 3686 1731 pro
3730 1678 3810 1721 non

2262 1747 2623 1816 credentibus,
2659 1757 2718 1804 ut
2744 1750 2824 1805 eis
2851 1750 3082 1806 donetur
3115 1752 3279 1816 lides;
3325 1762 3379 1808 et
3408 1754 3463 1809 in
3527 1756 3629 1809 suis
3677 1757 3808 1825 igitur

565 1847 914 1911 conveniunt;
941 1860 1046 1901 non
1066 1846 1138 1900 ibi
1174 1855 1454 1914 peccatum
1489 1845 1581 1900 Dei
1609 1853 1713 1912 est,
1740 1844 1832 1900 sed
1862 1844 2148 1914 judicium.
2185 1845 2234 1906 B
2259 1839 2606 1897 incrementis
2632 1850 2689 1896 et
2715 1842 2766 1896 in
2794 1842 2906 1897 suis
2933 1842 3101 1898 initiis
3124 1843 3220 1898 Dei
3243 1842 3449 1899 donum
3473 1855 3559 1901 est
3584 1844 3708 1900 fides.
3728 1846 3804 1901 Sic

566 1941 831 2008 Quocirca
863 1939 1265 2011 praedestinatio
1296 1939 1388 1994 Dei
1417 1953 1538 2010 quae
1568 1939 1619 1993 in
1649 1938 1790 1992 bono
1834 1946 1936 2001 est,
1973 1939 2158 2007 gratia:

564 2041 670 2100 est,
695 2041 752 2086 ut
779 2032 908 2097 dixi,
934 2032 1286 2101 praeparatio;
1320 2031 1491 2100 gratia
1523 2044 1654 2085 vero
1689 2039 1773 2084 est
1810 2028 1984 2099 ipsius
2021 2043 2159 2098 pra:-

565 2125 942 2182 destinationis
992 2124 1232 2180 effectus.
1266 2123 1492 2192 Quando
1540 2137 1667 2194 ergo
1714 2121 1959 2192 promisit
2015 2121 2157 2177 Deus

574 2218 805 2274 Abrahae
828 2217 879 2272 in
907 2217 1113 2273 semine
1143 2218 1260 2286 ejus
1292 2216 1452 2270 ﬁdem
1485 2217 1754 2286 gentium,
1787 2215 2013 2269 dicens:
2052 2215 2153 2268 Pa-

568 2319 706 2368 trem
737 2311 1022 2366 multarum
1061 2311 1300 2381 gentium
1342 2311 1495 2379 posui
1521 2317 1608 2377 te;
1649 2307 1792 2363 unde
1836 2307 1969 2363 dicit
2007 2307 2156 2377 Apo-

562 2405 759 2471 stolus,
792 2404 918 2459 Ideo
957 2419 1024 2459 ex
1055 2403 1179 2472 fide,
1214 2409 1273 2458 ut
1297 2402 1593 2458 secundum
1622 2403 1848 2473 gratiam
1892 2402 2043 2456 firma
2086 2401 2157 2456 sit

566 2497 852 2569 promissio
901 2497 1048 2552 omni
1101 2495 1327 2561 semini;
1360 2510 1466 2551 non
1513 2496 1581 2550 de
1611 2503 1813 2551 nostra:
1860 2494 2156 2549 voluntatis

567 2600 853 2662 potestate,
884 2591 975 2650 sed
1004 2591 1072 2647 de
1098 2605 1192 2646 sua
1217 2589 1694 2659 praedestinatione
1724 2589 1996 2660 promisit:
2032 2603 2157 2658 pro-

574 2687 721 2744 misit
745 2687 889 2744 enim
921 2687 1064 2756 quod
1094 2687 1210 2756 ipse
1239 2687 1480 2742 facturus
1509 2685 1703 2754 fuerat,
1731 2700 1836 2744 non
1876 2683 2014 2752 quod
2060 2682 2158 2738 ho-

573 2783 771 2849 mines,
823 2781 948 2851 quia
979 2781 1080 2836 etsi
1111 2780 1316 2836 faciunt
1360 2779 1606 2835 homines
1653 2780 1790 2832 bona
1820 2792 1939 2846 qua:
1993 2776 2158 2846 perti-

565 2885 695 2933 nent
721 2875 786 2931 ad
819 2874 1107 2931 colendum
1154 2874 1350 2943 Deum,
1404 2874 1523 2943 ipse
1552 2871 1690 2928 facit
1735 2879 1808 2962 ut‘
1837 2872 1911 2926 illi
1960 2871 2157 2926 faciant

559 2983 679 3039 quae
721 2968 993 3039 prazcepit,
1030 2982 1138 3023 non
1172 2966 1246 3021 illi
1293 2966 1497 3021 faciunt
1545 2976 1603 3020 ut
1647 2965 1762 3036 ipse
1811 2964 1968 3019 faciat
2013 2963 2156 3035 quod

563 3061 844 3132 promisit;
868 3061 1109 3130 alioquin
1140 3067 1198 3114 ut
1225 3059 1319 3114 Dei
1343 3058 1607 3130 promissa
1628 3057 2020 3127 compleantur,
2048 3071 2155 3109 non

571 3155 626 3210 in
659 3153 884 3220 Dei,sed
915 3154 969 3208 in
989 3152 1265 3207 hominum
1294 3161 1376 3206 est
1403 3157 1698 3220 potestate:
1727 3157 1782 3204 et
1806 3149 1948 3218 quod
1980 3163 2008 3201 a
2043 3147 2154 3203 Deo

2268 1943 2449 1990 autem
2475 1935 2703 1990 dicitur:
2730 1934 2786 1990 Si
2811 1935 3121 2002 credideris,
3144 1937 3326 1992 salvus
3349 1938 3483 2006 eris,
3510 1939 3803 2009 quemadmo-

2263 2027 2390 2083 dum
2418 2027 2614 2085 dicitur
2647 2045 2662 2082 :
2701 2028 2759 2084 Si
2789 2029 2980 2098 spiritu
3008 2029 3142 2084 facta
3173 2033 3355 2087 carnis
3371 2033 3804 2098 mortiﬁcaveritis,

2261 2119 2488 2187 vivetis;
2518 2134 2639 2175 nam
2671 2131 2724 2175 et
2746 2119 2834 2176 hic
2860 2137 2925 2175 ex
2971 2121 3180 2178 duobus
3223 2139 3384 2179 unum
3418 2127 3653 2195 exigitur,
3684 2127 3800 2181 alte-

2261 2229 2379 2270 rum
2409 2215 2653 2271 oli'ertur.
2678 2215 2734 2272 Si
2762 2216 2976 2286 spiritu,
3010 2217 3210 2287 inquit,
3246 2218 3377 2275 facta
3407 2222 3572 2275 carnis
3598 2222 3806 2276 mortiﬁ-

2263 2307 2534 2374 caveritis,
2568 2306 2762 2362 vivetis
2795 2325 2807 2361 :
2835 2316 2893 2362 ut
2929 2323 3060 2378 ergo
3087 2309 3280 2379 spiritu
3313 2311 3436 2366 facta
3474 2313 3635 2367 carnis
3663 2327 3801 2367 mor-

2262 2401 2548 2471 tificemns,
2609 2403 2877 2474 exigitur;
2935 2414 2995 2460 ut
3041 2414 3221 2462 autem
3273 2409 3534 2477 vivamus,
3579 2407 3804 2462 offertur.

2260 2493 2399 2550 Num
2433 2495 2592 2566 igitur
2636 2497 2835 2567 placet,
2868 2506 2924 2552 ut
2955 2497 3092 2553 facta
3141 2500 3321 2556 carnis
3368 2501 3677 2556 mortiﬁcarc
3714 2516 3803 2555 non

2261 2585 2461 2642 donum
2493 2587 2586 2644 Dei
2611 2601 2731 2644 esse
2759 2589 3023 2658 dicamus,
3058 2606 3231 2662 neque
3261 2593 3317 2648 id
3345 2593 3541 2648 donum
3577 2592 3666 2648 Dei
3704 2607 3800 2648 esse

2261 2676 2546 2744 fateamur,
2579 2681 2830 2751 quoniam
2884 2684 3026 2754 exigi
3059 2685 3310 2742 audimus
3357 2702 3388 2741 a
3423 2687 3576 2743 nobis
3622 2687 3797 2758 przmio

2261 2770 2408 2838 vitae,
2439 2774 2485 2828 si
2517 2773 2618 2828 hoc
2647 2774 2954 2846 fecerimus,
2989 2767 3211 2834 oblato?
3234 2781 3380 2835 absit
3413 2780 3539 2847 hoc,
3565 2793 3609 2836 ut
3626 2781 3787 2849 placeat

2263 2866 2608 2936 participibus
2637 2869 3076 2927 etdefensoribus
3097 2875 3316 2944 gratiae:
3339 2876 3695 2946 Pelagianorum
3714 2885 3780 2930 est

2263 2975 2416 3017 error
2440 2962 2545 3019 iste
2573 2963 2916 3035 damnabilis,
2945 2972 3192 3038 Lquorum
3239 2985 3369 3025 mox
3431 2971 3678 3042 Apostolus
3712 2984 3784 3024 ora

2261 3055 2550 3122 obstruxit,
2606 3057 2936 3128 adjungens:
2989 3060 3260 3131 Quotquot
3309 3064 3464 3119 enim
3521 3061 3788 3135 Spiritu69

2261 3146 2357 3204 Dei
2387 3157 2637 3221 aguntur,
2658 3152 2711 3207 hi
2741 3151 2836 3208 filii
2862 3163 2988 3210 sunt
3010 3155 3127 3223 Dei,
3152 3172 3218 3212 ne
3241 3157 3384 3214 facta
3406 3159 3774 3214 morum-arms

557 3247 880 3317 promissum
907 3244 1087 3314 est,ab
1116 3245 1245 3314 ipsis
1273 3242 1516 3298 redditur
1543 3239 1792 3296 Abrahaa.
1823 3239 1940 3295 Non
1965 3248 2146 3294 autem
2176 3237 2222 3302 C
2254 3243 2454 3308 carnis,
2479 3259 2584 3298 non
2609 3259 2704 3314 per
2733 3246 2848 3313 Dei,
2879 3248 2977 3303 sed
2997 3264 3088 3318 per
3103 3259 3352 3306 nostrum
3381 3252 3635 3322 spiritum
3657 3249 3769 3306 utile

557 3337 639 3392 sic
685 3335 937 3402 credidit,
973 3335 1270 3402 Abraham,
1317 3333 1410 3390 sed
1463 3332 1693 3389 credidit
1739 3332 1874 3388 dans
1921 3331 2148 3402 gloriam

553 3429 687 3497 Deo,
721 3430 977 3500 quoniam
1009 3445 1129 3501 qua:
1153 3427 1401 3500 promisit
1448 3436 1640 3497 potens
1668 3437 1753 3482 est
1777 3427 1954 3482 facere
1985 3444 1998 3480 :
2033 3441 2145 3482 non

553 3522 630 3576 ait
661 3523 971 3592 praedicere,
1004 3538 1109 3578 non
1139 3523 1214 3577 ait
1239 3521 1514 3592 praescire,
1544 3535 1668 3575 nam
1695 3527 1752 3576 et
1790 3519 1966 3576 aliena
2007 3519 2147 3576 facta

554 3623 734 3685 potest
759 3615 1055 3685 praedicere
1075 3624 1235 3684 atque
1263 3617 1536 3684 praescire,
1566 3614 1660 3670 sed
1693 3615 1797 3681 ait,
1841 3613 2039 3668 Potens
2066 3622 2148 3669 est

553 3713 606 3759 et
652 3705 849 3772 facere,
874 3722 937 3761 ac
967 3722 1063 3776 per
1089 3709 1192 3761 hoc
1229 3705 1367 3761 facta
1396 3723 1502 3760 non
1529 3706 1728 3770 aliena,
1763 3705 1861 3760 sed
1891 3720 2012 3760 sua.
2063 3706 2146 3760 An

555 3796 694 3852 forte
720 3813 882 3867 opera
914 3798 1050 3854 bona
1077 3800 1318 3869 gentium
1352 3801 1492 3854 Deus
1533 3801 1781 3868 promisit
1806 3799 2038 3854 Abrahae
2095 3801 2146 3854 in

555 3889 764 3942 semine
792 3887 984 3956 ipsius,
1019 3897 1074 3943 ut
1103 3889 1205 3943 hoc
1235 3889 1574 3958 promitteret
1620 3889 1763 3959 quod
1804 3890 1918 3960 ipse
1967 3889 2095 3944 facit
2128 3907 2142 3956 ;

556 3993 661 4035 non
693 3988 874 4036 autem
907 3980 1153 4049 promisit
1183 3979 1343 4035 fidem
1373 3980 1614 4051 gentium
1645 3995 1804 4051 quam
1831 3981 1931 4037 sibi
1963 3981 2142 4036 homi-

555 4085 649 4127 nes
676 4069 904 4139 faciunt,
933 4072 1026 4128 sed
1051 4083 1106 4128 ut
1137 4073 1477 4142 promitteret
1495 4073 1638 4144 quod
1669 4073 1786 4143 ipse
1816 4074 1965 4141 facit,
1997 4073 2144 4129 illam

555 4164 826 4234 prmscivit
873 4164 1121 4220 homines
1170 4178 1289 4220 esse
1321 4165 1601 4222 facturos?
1647 4165 1763 4222 Non
1808 4165 2022 4236 quidem
2068 4167 2148 4222 sic

553 4256 848 4326 Apostolus
911 4256 1180 4328 loquitur:
1240 4255 1407 4314 Filios
1463 4257 1661 4329 quippe
1712 4258 1855 4314 Deus
1904 4259 2148 4329 promisit

554 4347 781 4405 Abrahae
838 4350 926 4418 qui
977 4349 1100 4405 fidei
1154 4349 1270 4419 ejus
1318 4349 1542 4421 vestigia
1589 4359 1959 4417 sectarentur,
2003 4349 2147 4421 quod

553 4440 898 4508 apertissime
921 4441 1083 4508 dicit;
1112 4441 1206 4498 sed
1226 4442 1270 4496 si
1296 4457 1461 4512 opera
1477 4443 1723 4512 gentium
1747 4441 2015 4513 promisit,
2041 4457 2146 4497 non

553 4531 708 4586 ﬁdem
740 4532 1000 4601 profecto,
1033 4536 1289 4605 quoniam
1320 4550 1430 4592 non
1479 4545 1606 4592 sunt
1654 4536 1794 4592 bona
1823 4551 1987 4606 opera
2038 4536 2144 4591 nisi

2254 3348 2435 3390 remus
2461 3353 2474 3391 :
2499 3335 2568 3393 de
2589 3352 2696 3407 quo
2723 3339 2814 3394 Dei
2845 3340 3050 3410 Spiritu.
3075 3342 3237 3399 etiam
3273 3345 3347 3400 ibi
3374 3344 3700 3415 lcquebatur,
3727 3343 3782 3396 ubi

2259 3427 2335 3482 ait
2368 3445 2383 3483 :
2419 3429 2609 3484 Omnia
2640 3441 2818 3488 autem
2852 3435 2968 3491 haec
3015 3445 3272 3507 Operatur
3315 3455 3460 3494 unus
3508 3450 3657 3512 atque
3690 3437 3789 3491 idem

2253 3520 2505 3591 Spiritus,
2539 3523 2787 3581 dividens
2819 3527 3032 3598 propria
3066 3529 3358 3600 unicuique
3390 3543 3548 3601 prout
3586 3533 3715 3595 vult;
3741 3531 3798 3583 iu-

2255 3622 2338 3670 ter
2364 3630 2484 3685 qua:
2512 3619 2710 3685 omnia,
2746 3619 2886 3674 sicut
2913 3619 3085 3687 scitis,
3116 3623 3416 3678 nominavit
3459 3633 3512 3679 et
3541 3623 3709 3679 fidem.
3739 3621 3802 3676 Si-

2253 3717 2342 3762 cut
2368 3723 2516 3779 ergo,
2545 3712 2791 3781 quamvis
2817 3711 3015 3769 donum
3051 3715 3141 3770 Dei
3161 3717 3252 3782 sit,
3287 3716 3418 3772 facta
3443 3716 3611 3772 carnis
3638 3716 3806 3770 morti-

2254 3797 2438 3869 ficare,
2455 3803 2689 3872 exigitur
2714 3812 2891 3861 tamen
2915 3808 3114 3864 anobis
3137 3810 3406 3879 proposito
3427 3808 3640 3876 praemio
3669 3807 3807 3872 vitas,

2253 3891 2325 3946 ita
2358 3892 2557 3947 donum
2590 3893 2685 3950 Dei
2703 3906 2784 3951 est
2805 3906 2858 3952 et
2880 3897 3032 3964 fides,
3070 3901 3312 3968 quamvis
3331 3911 3380 3955 et
3402 3900 3508 3969 ipsa
3532 3913 3649 3953 cum
3670 3897 3804 3953 dici-

2256 3993 2378 4052 tur,
2409 3986 2466 4042 Si
2523 3988 2838 4058 credideris,
2891 3992 3072 4048 salvus
3124 3995 3254 4060 eris,
3299 3995 3554 4065 proposito
3605 3991 3813 4065 praemio

2253 4077 2442 4132 salutis
2525 4081 2766 4150 exigatur
2830 4097 2860 4138 a
2933 4086 3108 4141 nobis.
3190 4087 3318 4143 ideo
3382 4089 3522 4142 enim
3598 4086 3710 4141 haec
3768 4093 3812 4139 et

2255 4171 2412 4227 nobis
2491 4173 2909 4246 praecipiuntur,
2965 4187 3022 4234 et
3071 4178 3215 4234 dona
3291 4180 3384 4237 Dei
3461 4194 3580 4236 esse
3657 4191 3810 4233 mons-

2259 4272 2485 4332 trantur,
2546 4275 2603 4320 ut
2649 4267 2974 4339 intelligatur
3028 4270 3173 4340 quod
3229 4281 3285 4328 et
3320 4288 3422 4329 nos
3468 4287 3531 4329 ea
3589 4273 3808 4332 facimus,

2255 4366 2308 4414 et
2386 4359 2529 4416 Deus
2596 4360 2724 4418 facit
2784 4373 2841 4418 ut
2892 4365 2981 4420 illa
3031 4365 3321 4435 faciamus,
3382 4369 3528 4424 sicut
3580 4383 3667 4438 per
3709 4366 3808 4421 Pro.

2255 4453 2470 4524 phetam
2525 4455 2863 4514 Ezechielem
2913 4461 3249 4530 apertissime
3290 4461 3420 4517 dicit
3475 4481 3492 4518 :
3536 4463 3656 4534 quid
3690 4463 3794 4515 enim

2259 4547 2499 4614 apertius
2544 4564 2703 4619 quam
2764 4551 2851 4607 ubi
2907 4552 3070 4608 dicit:
3113 4553 3226 4624 Ego
3255 4554 3446 4611 faciam
3508 4567 3570 4612 ut
3612 4550 3794 4609 faciatis?

551 4637 621 4678 εἰ
670 4624 992 4695 ίῖάθνὶυειυε
1021 4628 1166 4683 enim
1217 4643 1285 4685 εἰ
1341 4627 1446 4684 “de
1492 4628 1655 4698 νίνίι,
1710 4637 1764 4684 et
1809 4643 1971 4684 omne
2001 4627 2144 4698 (ιυοά
2174 4630 2230 4692 D
2258 4637 2433 4694 locum
2464 4640 2637 4711 ipsum
2680 4642 2974 4714 Scriptura:
3002 4646 3284 4714 attendite,
3336 4656 3390 4702 et
3435 4648 3694 4704 videbitis
3734 4645 3805 4697 illa

551 4729 658 4771 non
688 4725 772 4771 est
801 4732 866 4772 ex
902 4719 1006 4774 fide
1031 4729 1309 4790 peccatum
1333 4731 1434 4789 est,
1467 4731 1521 4778 et
1541 4723 1657 4778 sine
1684 4721 1790 4778 fide
1810 4721 2144 4791 impossibile

550 4819 633 4868 est
662 4813 872 4880 placere
903 4812 1036 4882 Deo,
1087 4814 1438 4872 nihilominus
1479 4826 1538 4872 ut
1568 4816 1788 4887 impleat
1831 4815 1972 4888 quod
2015 4831 2140 4886 pro—

550 4903 696 4960 misit
725 4904 888 4969 Deus,
936 4905 990 4960 in
1039 4905 1314 4964 hominum
1367 4919 1631 4979 potestate
1659 4919 1785 4977 est;
1833 4910 1937 4965 nisi
1995 4911 2138 4966 enim

548 4995 711 5053 homo
733 4998 894 5055 faciat
923 4999 1066 5069 quod
1099 4999 1208 5056 Deo
1230 5017 1338 5057 non
1366 5003 1601 5062 donante
1617 5005 1687 5060 ad
1719 5005 1990 5061 hominem
2015 5022 2136 5077 per-

549 5089 702 5158 tinet,
729 5107 834 5148 non
857 5091 1018 5148 faciet
1044 5094 1160 5163 ipse
1188 5096 1329 5166 quod
1357 5096 1558 5164 donet;
1594 5099 1698 5155 hoc
1746 5109 1852 5166 est,
1882 5100 1984 5155 nisi
2031 5101 2132 5156 ba-

546 5183 671 5241 beat
723 5187 885 5243 homo
939 5189 1098 5246 fidem
1130 5207 1195 5248 ex
1247 5195 1560 5264 semetipso,
1603 5211 1708 5252 non
1757 5197 1943 5268 implet
1977 5200 2135 5266 Deus

546 5279 683 5348 quod
709 5280 975 5352 promisit,
1005 5293 1064 5340 ut
1084 5273 1248 5357 opera
1275 5284 1496 5355 iustitia:
1527 5289 1721 5344 dentur
1759 5305 1826 5346 ex
1880 5291 2012 5347 Deo.
2047 5292 2126 5347 Ac

545 5383 640 5440 per
669 5369 772 5426 hoc
800 5381 859 5428 ut
881 5377 1142 5444 promissa
1166 5393 1263 5435 sua
1284 5379 1425 5435 Deus
1445 5381 1616 5450 possit
1642 5382 1892 5453 implere,
1916 5399 2024 5439 non
2047 5395 2132 5441 est

543 5463 596 5518 in
626 5462 741 5531 Dei,
775 5468 868 5522 sed
900 5469 952 5524 in
985 5468 1215 5529 hominis
1239 5481 1509 5544 p0testate
1541 5476 1720 5548 ;quod
1749 5477 1796 5533 si
1826 5479 2024 5534 veritas
2073 5488 2129 5535 et

542 5556 713 5626 pietas
727 5574 824 5615 nos
845 5563 1072 5619 credere
1086 5575 1247 5632 vetat,
1272 5567 1556 5624 credamus
1580 5584 1699 5624 cum
1721 5570 1990 5627 Abraham
2013 5589 2137 5642 quo-

543 5646 684 5704 niam
709 5665 828 5721 quae
850 5654 1092 5722 promisit
1115 5667 1303 5727 potens
1325 5670 1408 5716 est
1431 5659 1628 5728 facere;
1659 5663 1918 5732 promisit
1951 5673 2128 5722 autem

545 5738 683 5798 filios
694 5744 945 5817 Abrahae,
960 5750 1102 5821 quod
1117 5766 1237 5810 esse
1249 5768 1354 5810 non
1369 5766 1590 5827 possunt
1611 5759 1658 5813 si
1687 5773 1790 5813 non
1805 5757 2040 5815 habeant
2070 5761 2132 5816 fi-

556 5830 704 5907 dem,
719 5852 846 5914 ergo
858 5843 976 5918 ipse
991 5845 1157 5906 donat
1171 5850 1418 5924 etlidem.
1443 5852 1586 5911 Sane
1597 5868 1717 5912 cum
1731 5853 2031 5927 Apostolus
2057 5857 2134 5915 di-

2259 4733 2422 4786 Deum
2475 4735 2790 4801 promittere
2825 4735 3090 4793 facturum
3126 4753 3209 4804 se,
3257 4748 3314 4793 ut
3356 4739 3530 4796 faciat
3570 4740 3815 4812 qumjubet

2254 4836 2313 4881 ut
2368 4827 2566 4882 faciant
2614 4829 2722 4901 [ut
2765 4831 2961 4887 faciant
3015 4849 3136 4903 qua:
3181 4833 3335 4903 jubet
3377 4843 3435 4888 ut
3491 4834 3697 4906 fiant].
3726 4832 3813 4886 Non

2251 4935 2382 4976 sane
2431 4922 2504 4976 ibi
2558 4932 2697 4980 tacet
2754 4925 3002 4999 [etiam]
3045 4931 3236 4984 merita
3285 4945 3504 4993 eorum,
3551 4932 3649 4987 sed
3694 4929 3821 4989 mala,

2247 5014 2442 5084 quibus
2472 5030 2533 5071 se
2561 5018 2796 5073 ostendit
2818 5020 3047 5076 reddere
3073 5037 3171 5091 pro
3204 5023 3359 5078 malis
3403 5023 3554 5079 bona
3583 5066 3597 5089 ,
3646 5025 3741 5078 hoc
3772 5025 3826 5087 ἐρ·

2246 5121 2310 5163 so
2355 5124 2460 5178 quo
2487 5124 2580 5165 eos
2611 5111 2738 5165 facit
2775 5111 2976 5169 habere
3000 5113 3272 5184 [deinceps
3313 5130 3483 5186 opera
3523 5118 3693 5181 bona,
3733 5129 3826 5170 cum

2242 5199 2358 5268 ipse
2388 5199 2513 5254 facit
2536 5210 2595 5256 ut
2624 5201 2822 5258 faciant
2852 5204 3032 5259 divina
3062 5206 3336 5262 mandata.
3363 5206 3476 5263 Sed
3509 5211 3694 5265 omnis
3741 5207 3830 5261 hac

2240 5292 2380 5346 ratio
2409 5309 2513 5362 qua
2542 5292 2879 5353 defendimus
2909 5300 3136 5369 gratiam
3173 5299 3268 5355 Dei
3308 5315 3404 5370 per
3437 5301 3644 5358 Jesum
3701 5300 3830 5354 Chri-

2241 5391 2384 5438 stum
2403 5385 2687 5442 Dominum
2710 5399 2950 5446 nostrum
2969 5406 3093 5448 vere
3121 5407 3241 5450 esse
3255 5397 3513 5464 gratiam,
3552 5398 3611 5452 id
3637 5405 3720 5452 est
3748 5408 3832 5448 non

2245 5479 2536 5535 secundum
2567 5485 2752 5537 merita
2779 5495 2959 5540 nostra
2982 5487 3388 5557 dari,quamvis
3416 5491 3831 5546 evidentissime

2249 5572 2550 5629 divinorum
2580 5577 2915 5647 eloquiorum
2949 5581 3272 5637 testimoniis
3301 5595 3622 5652 asseratur,
3679 5595 3837 5639 tamen

2248 5667 2387 5735 apud
2411 5681 2504 5723 eos
2532 5669 2644 5738 qui,
2668 5669 2768 5725 nisi
2793 5671 2994 5741 aliquid
3023 5675 3124 5729 sibi
3172 5676 3454 5744 assignent
3497 5679 3658 5748 quod
3711 5677 3836 5747 prio-

2248 5769 2335 5814 res
2365 5759 2514 5827 dent,
2547 5771 2604 5816 ut
2631 5764 2955 5820 retribuatur
2985 5769 3084 5833 cis,
3115 5769 3180 5824 ab
3212 5773 3359 5824 omni
3415 5773 3610 5828 studio
3648 5769 3843 5843 pietatis

2247 5856 2466 5928 reprimi
2493 5874 2550 5914 se
2579 5868 2782 5929 putant.
2814 5861 3049 5920 Laborat
3075 5865 3362 5936 aliquando
3388 5867 3443 5925 in
3470 5878 3649 5926 actate
3683 5865 3840 5936 maju-
