4010 6382
248 360 385 415 «θυι

1380 365 1819 427 THESAURUS.
1855 370 2010 429 CAP.
2051 372 2299 432 συχον.

3386 392 3527 450 1002

246 488 370 530 rum
391 472 503 544 jam
532 476 794 534 utentium
824 479 1112 537 voluntatis
1131 481 1393 539 arbitrio:
1437 486 1535 541 sed
1565 486 1656 543 ubi
1686 488 1835 545 veni-
1862 492 1992 553 Ani
2052 493 2256 562 Titum,
2312 494 2528 552 fratrem
2562 474 2775 566 meum;
2832 501 2924 557 sed
2972 502 3088 559 vale
3134 503 3237 560 illis
3285 507 3525 578 faciens,

243 576 332 622 tur
356 566 422 621 ad
455 569 705 635 parvulos
741 580 794 626 et
833 571 901 627 ad
936 572 1112 643 ipsum
1155 576 1502 632 mediatorem
1533 578 1625 634 Del
1654 587 1709 635 et
1735 581 1833 633 ho-

249 660 479 725 minum,
530 661 803 720 hominem
847 666 1117 723 Christum
1163 667 1368 738 Jesum,
1413 672 1591 727 omnis
1636 672 1838 729 defecit

243 755 665 825 praecedentium
687 759 912 830 gratiam
936 760 1053 827 Dei,
1079 760 1432 819 humanorum
1467 765 1695 821 assertio
1725 780 1837 822 me-

246 847 506 913 ritorum;
530 849 653 918 quia
684 865 781 905 nee
812 850 888 906 illi
912 852 1040 908 ullis
1067 853 1224 911 bonis
1249 856 1677 925 praecedentibus
1723 872 1837 914 me-

239 938 366 996 ritis
394 938 775 997 discernuntur
804 958 832 997 a
863 944 1093 1012 caeteris,
1125 954 1185 1000 ut
1206 947 1512 1016 pertineant
1538 946 1607 1003 ad
1636 946 1836 1005 libera-

253 1040 427 1087 torem
467 1032 745 1089 hominum
776 1053 787 1088 :
814 1051 915 1092 nec
944 1036 1033 1093 ille
1058 1038 1183 1094 ullis
1208 1038 1459 1095 humanis
1484 1039 1839 1110 praecedenti-

253 1128 359 1184 bus
390 1130 618 1197 meritis,
645 1146 765 1187 cum
798 1142 854 1189 et
883 1134 999 1205 ipse
1028 1134 1099 1190 sit
1129 1134 1311 1202 homo,
1365 1134 1619 1192 liberator
1664 1135 1835 1192 factus

240 1233 327 1279 est
356 1223 650 1280 hominum.
682 1227 811 1295 Quis
832 1229 975 1283 enim
1006 1228 1212 1295 audiat,
1243 1229 1388 1300 quod
1410 1232 1668 1286 dicuntur
1700 1246 1829 1301 par-

240 1318 351 1373 vuli
383 1334 481 1389 pro
506 1321 617 1376 suis
640 1322 832 1379 futuris
864 1324 1099 1392 meritis,
1152 1325 1206 1378 in
1251 1325 1363 1395 ipsa
1414 1324 1644 1380 infantili
1674 1332 1835 1381 aetate

242 1409 532 1481 baptizati,
573 1413 723 1469 exire
772 1413 838 1469 de
896 1414 995 1470 hac
1057 1414 1215 1480 vita;
1278 1422 1333 1469 et
1390 1414 1512 1471 ideo
1579 1416 1666 1470 alii
1726 1430 1832 1471 non

241 1504 494 1575 baptizati
540 1506 592 1560 in
647 1507 834 1561 eadem
866 1515 1026 1562 astate
1072 1508 1243 1574 mori,
1305 1507 1428 1577 quia
1487 1516 1541 1563 et
1589 1507 1830 1577 ipsorum

240 1596 486 1666 praescita
519 1605 645 1651 sunt
687 1598 879 1654 merita
904 1596 1103 1665 futura,
1146 1597 1240 1653 sed
1294 1598 1458 1666 mala,
1492 1612 1598 1653 non
1644 1612 1832 1653 eorum

238 1692 402 1747 vitam
433 1694 625 1749 bonam
650 1694 734 1751 vel
762 1696 957 1751 malam
996 1696 1107 1752 Deo
1138 1703 1521 1754 remunerante
1548 1696 1633 1752 vel
1680 1696 1833 1751 dam-

239 1796 425 1855 nante,
456 1787 550 1843 sed
578 1788 816 1843 nullam?
847 1789 1135 1860 Apostolus
1165 1789 1380 1860 quidem
1424 1789 1648 1845 limitem
1690 1788 1825 1855 ﬁxit,

1942 585 2082 640 exivi
2132 588 2186 641 in
2228 588 2619 647 Macedoniam.
2654 592 2859 660 Quibus
2900 594 3167 667 valefecit,
3200 598 3305 654 nisi
3329 602 3410 657 eis
3430 605 3523 673 qui

1940 676 2297 747 crediderant,
2316 682 2368 735 in
2387 696 2615 753 quorum
2638 686 2848 742 scilicet
2864 688 3115 745 cordibus
3135 694 3531 762 evangelizanti

1939 781 2184 839 apertum
2215 783 2297 829 est
2325 778 2563 832 osﬁum?
2593 777 2729 845 Quid
2754 790 2930 837 antem
2958 782 3213 855 adjungat
3236 788 3520 846 attendite:

1942 862 2050 919 Deo
2071 874 2272 936 autem,
2307 868 2499 940 inquit.
2546 871 2766 941 gratias,
2798 873 2891 943 qui
2934 891 3149 945 semper
3190 879 3527 951 triumphare

1938 969 2037 1011 nos
2065 956 2189 1013 facit
2211 959 2262 1014 in
2293 960 2529 1030 Christo,
2553 973 2610 1019 et
2641 965 2861 1021 odorem
2892 969 3098 1025 notitiae
3125 984 3238 1026 sure
3268 974 3525 1030 manifes-

1938 1056 2015 1103 tat
2039 1065 2134 1119 per
2158 1067 2256 1107 nos
2283 1053 2337 1108 in
2366 1056 2510 1111 omni
2558 1058 2696 1123 loco,
2750 1060 2873 1129 quia
2914 1060 3116 1119 Christi
3170 1064 3344 1121 bonus
3390 1070 3525 1123 odor

1938 1156 2122 1201 sumus
2155 1146 2284 1217 Deo,
2319 1148 2372 1204 in
2406 1151 2487 1206 his
2518 1152 2605 1223 qui
2637 1155 2769 1209 salvi
2803 1156 2953 1224 ﬁunt,
2988 1166 3043 1213 et
3068 1158 3122 1213 in
3152 1159 3237 1215 bis
3267 1164 3356 1230 qui
3391 1178 3518 1233 per-

1942 1247 2104 1305 eunt;
2136 1240 2451 1310 quibusdam
2484 1245 2697 1315 quidem
2728 1247 2862 1303 odor
2910 1252 3100 1306 mortis
3148 1250 3200 1306 in
3264 1266 3517 1319 mortem,

1937 1330 2255 1403 quibusdam
2285 1342 2463 1390 autem
2508 1336 2640 1391 odor
2688 1338 2811 1394 vitae
2858 1340 2909 1395 in
2957 1344 3145 1398 vitam.
3198 1345 3335 1401 Ecce
3377 1347 3518 1401 unde

1939 1421 2135 1493 gratias
2163 1424 2271 1495 agit
2313 1426 2467 1483 miles
2516 1430 2813 1486 acerrimus
2840 1444 2895 1488 et
2935 1434 3187 1491 defensor
3218 1437 3521 1494 invictissi-

1936 1527 2056 1568 mus
2082 1518 2267 1585 gratia:
2292 1533 2307 1570 :
2331 1532 2456 1573 ecce
2478 1520 2622 1574 unde
2646 1522 2847 1591 gratias
2866 1523 2995 1594 agit,
3029 1526 3155 1596 quia
3197 1527 3392 1583 Christi
3427 1530 3522 1585 bo-

1949 1621 2052 1663 nus
2078 1609 2215 1664 odor
2241 1619 2368 1666 sunt
2396 1612 2624 1682 apostoli
2654 1613 2787 1682 Deo,
2819 1627 2870 1671 et
2895 1616 2947 1672 in
2988 1618 3069 1673 his
3099 1620 3191 1690 qui
3220 1622 3349 1677 salvi
3393 1625 3530 1680 tiunt

1935 1700 2100 1769 gratia
2117 1701 2327 1771 ejus,et
2350 1703 2404 1759 in
2437 1705 2521 1762 his
2550 1707 2640 1776 qui
2674 1718 2902 1777 pereunt
2924 1710 3128 1779 judicio
3154 1715 3292 1785 ejus.
3324 1716 3429 1773 Sed
3470 1728 3529 1774 ut

1934 1790 2113 1846 minus
2123 1806 2504 1851 succenseatur
2522 1795 2639 1852 haec
2653 1812 2837 1868 parum
2854 1800 3419 1876 intelligentibusﬁpse
3432 1810 3525 1862 ad-

236 1895 397 1950 quem
425 1882 728 1952 transgredi
759 1896 867 1937 non
902 1882 1095 1937 debeat
1141 1882 1394 1946 hominis,
1434 1890 1491 1937 ut
1516 1881 1699 1937 mitius
1747 1881 1827 1936 lo-
1858 1891 1904 1952 Β
1933 1895 2135 1951 monet,
2164 1900 2285 1941 cum
2316 1888 2589 1961 subjungit
2616 1900 2671 1946 et
2699 1892 2827 1948 dicit
2859 1911 2871 1947 :
2907 1894 2972 1949 Et
3003 1896 3070 1951 ad
3112 1895 3229 1954 haec
3259 1890 3524 1969 quis'ido-

236 1990 390 2045 quur,
421 1975 631 2031 incauta
655 1976 894 2046 suspicio
921 1993 936 2030 :
968 1976 1043 2030 ait
1072 1975 1256 2031 enim:
1292 1975 1493 2030 Omnes
1532 1973 1826 2030 astabimus

235 2074 361 2120 ante
389 2066 620 2121 tribunal
648 2066 869 2134 Christi,
899 2074 958 2121 ut
988 2066 1187 2121 referat
1218 2067 1586 2137 unusquisque
1628 2075 1825 2121 secu‘n-

234 2160 362 2215 dum
404 2175 468 2216 ea
512 2176 635 2231 quae
689 2176 785 2231 per
832 2174 1029 2231 corpus
1061 2161 1253 2231 gessit,
1303 2162 1416 2217 sive
1443 2161 1671 2227 bonum,
1712 2162 1827 2216 sive

236 2255 436 2309 malum
470 2270 485 2309 :
522 2253 725 2321 Gessit,
759 2254 946 2326 inquit,
1004 2270 1110 2310 non
1139 2254 1403 2323 adiunxit,
1438 2254 1535 2309 Vel
1575 2261 1827 2324 gesturus

233 2343 359 2400 fuit.
412 2345 520 2401 Sed
561 2347 704 2403 unde
749 2346 851 2402 hoc
891 2347 1088 2402 talibus
1133 2346 1263 2402 viris
1301 2348 1353 2401 in
1391 2356 1627 2401 mentem
1665 2360 1828 2401 vene-

238 2438 311 2489 rit
364 2439 569 2501 nescio,
615 2449 672 2493 ut
712 2438 887 2493 futura
916 2452 1037 2507 qua:
1065 2452 1173 2492 non
1205 2447 1331 2492 sunt
1376 2437 1553 2493 futura
1592 2436 1827 2507 punian-

237 2536 361 2597 tur,
417 2538 511 2583 aut
548 2530 882 2586 honorentur
923 2531 1117 2586 merita
1159 2531 1521 2601 parvulorum.
1571 2530 1681 2587 Cur
1730 2546 1827 2585 au-

238 2627 349 2675 tem
408 2622 614 2677 dictum
678 2632 800 2689 est,
858 2624 1155 2680 secundum
1204 2639 1265 2681 ea
1317 2640 1437 2695 quae
1493 2640 1587 2695 per
1634 2638 1829 2693 corpus

235 2712 403 2782 gessit
450 2714 720 2771 hominem
764 2715 1141 2785 judicandum,
1187 2732 1307 2772 cum
1355 2726 1613 2787 gerantur
1661 2715 1827 2771 multa

232 2806 353 2860 solo
401 2806 603 2873 animo,
662 2822 767 2862 non
818 2822 916 2877 per
950 2822 1169 2877 corpus,
1220 2823 1320 2863 nec
1364 2823 1459 2879 per
1489 2807 1658 2863 ullum
1708 2821 1830 2862 cor-

233 2898 386 2969 poris
406 2900 738 2965 membrum,
779 2909 835 2955 et
863 2901 1181 2972 plerumque
1211 2910 1320 2957 tam
1346 2914 1560 2973 magna,
1613 2909 1670 2956 ut
1708 2900 1833 2955 tali-

232 2994 337 3052 bus
361 2995 775 3068 cogitationibus
806 3012 964 3068 paena
986 2996 1298 3067 justissima
1348 2996 1634 3061 debeatur,
1669 2994 1830 3051 sicuti

232 3097 339 3153 est,
374 3096 432 3143 ut
460 3087 560 3143 alia
588 3097 817 3155 taceam,
848 3089 992 3159 quod
1014 3087 1150 3143 dixit
1170 3088 1496 3157 insipieusin
1519 3086 1683 3143 corde
1704 3100 1827 3153 suo,

232 3181 355 3238 Non
383 3193 466 3238 est
494 3181 638 3238 Deus
667 3182 690 3236 ?
717 3181 855 3249 Quid
882 3191 965 3237 est
998 3194 1128 3251 ergo
1161 3180 1457 3235 secundum
1490 3193 1554 3235 ea
1583 3193 1702 3249 quae
1734 3192 1829 3248 per
1885 3179 1893 3189 '

1932 1979 2097 2032 neus?
2140 1979 2337 2035 Verum
2384 1983 2667 2038 redeamus
2707 1986 2774 2040 ad
2820 1986 2942 2041 ostii
2987 1989 3364 2058 apertionem,
3419 2008 3525 2063 qua

1932 2074 2142 2132 initium
2171 2078 2292 2134 ﬁdei
2322 2079 2649 2137 audientium
2682 2082 3001 2152 significavit
3032 2085 3343 2155 Apostolus.
3377 2088 3517 2157 Quid

1930 2178 2013 2224 est
2042 2171 2185 2225 enim
2210 2184 2430 2228 orantes
2454 2175 2612 2229 simul
2642 2184 2695 2231 et
2717 2190 2816 2246 pro
2849 2177 3026 2243 nobis,
3058 2187 3115 2232 ut
3142 2179 3284 2235 Deus
3311 2182 3522 2250 aperiat

1931 2261 2086 2316 nobis
2115 2265 2310 2318 ostium
2360 2266 2549 2331 verbi,
2598 2269 2698 2321 nisi
2743 2270 3080 2336 apertissima
3107 2274 3517 2338 demonstratio,

1932 2354 2094 2409 etiam
2123 2356 2297 2425 ipsum
2325 2356 2531 2412 initium
2552 2358 2675 2414 ﬁdei
2707 2374 2828 2415 esse
2857 2360 3059 2417 donum
3087 2363 3217 2418 Dei?
3240 2364 3355 2420 Non
3378 2369 3521 2421 enim

1931 2446 2137 2501 orando
2156 2457 2427 2517 peteretur
2448 2450 2515 2506 ab
2535 2466 2621 2517 eo,
2651 2454 2753 2508 nisi
2774 2452 2842 2509 ab
2859 2455 2974 2524 ipso
3002 2456 3163 2511 tribui
3185 2458 3519 2519 crederetur.

1933 2534 2045 2591 Hoc
2066 2536 2267 2592 donum
2291 2540 2527 2597 caelestis
2549 2544 2737 2613 gratia:
2766 2546 2821 2599 in
2851 2546 2995 2602 illam
3021 2553 3391 2619 purpurariam
3418 2556 3512 2611 de—

1933 2631 2238 2699 scenderat,
2256 2633 2363 2700 cui,
2380 2633 2515 2689 sicut
2540 2636 2816 2706 Scriptura
2834 2638 2961 2694 dicit
2982 2641 3034 2695 in
3056 2642 3279 2697 Actibus
3300 2656 3523 2716 aposto-

1938 2719 2138 2788 lorum,
2172 2722 2312 2780 Deus
2337 2736 2623 2794 aperuerat
2650 2743 2866 2784 sensum
2889 2730 3027 2800 ejus,
3058 2734 3440 2792 etintendebat
3469 2742 3520 2793 in

1933 2828 1996 2869 ea
2024 2829 2143 2886 qua:
2173 2831 2200 2869 a
2234 2816 2401 2873 Paulo
2444 2818 2781 2875 dicebautur.
2824 2820 2915 2877 Sic
2963 2824 3104 2879 enim
3140 2828 3435 2883 vocabatur
3464 2840 3524 2884 ut

1933 2910 2199 2965 crederet.
2229 2910 2355 2981 Agit
2396 2913 2594 2983 quippe
2643 2914 2786 2971 Deus
2837 2917 2981 2988 quod
3013 2920 3124 2975 vult
3171 2921 3225 2976 in
3268 2923 3525 2979 cordibus

1910 3001 2233 3079 hominum,
2253 3004 2334 3059 vel
2358 3005 2682 3077 adjuvando,
2703 3010 2784 3063 vel
2807 3009 3121 3080 iudicando,
3151 3021 3207 3067 ut
3236 3015 3398 3070 etiam
3424 3030 3522 3087 per

1934 3106 2027 3147 eos
2057 3094 2365 3163 impleatur,
2395 3096 2539 3167 quod
2572 3113 2763 3154 manus
2791 3100 2931 3170 ejus,
2963 3111 3019 3158 et
3056 3106 3345 3160 consilium
3385 3122 3525 3177 pra:-

1934 3186 2221 3243 destinavit
2287 3191 2421 3246 fieri.
2505 3190 2725 3246 Frustra
2807 3194 2989 3264 itaque
3075 3198 3236 3251 etiam
3344 3199 3523 3267 illud,

240 3291 439 3346 corpus
468 3276 659 3346 gessit,
688 3277 793 3332 nisi
820 3276 1111 3331 secundum
1140 3290 1201 3330 ea
1236 3289 1356 3346 quae
1388 3274 1553 3347 gessit
1598 3287 1665 3329 eo
1695 3281 1830 3328 tem-
1858 3284 1905 3349 ο
1934 3278 2075 3349 quod
2128 3278 2437 3351 Regnorum
2481 3292 2533 3337 et
2584 3281 3027 3353 Paralipomenon
3080 3293 3347 3361 scriptura
3391 3301 3527 3347 leSte

249 3358 381 3438 pore
421 3384 527 3438 quo
585 3368 641 3423 in
690 3382 917 3437 corpore
962 3366 1081 3434 fuit,
1117 3375 1174 3421 ut
1206 3381 1304 3436 per
1340 3380 1539 3437 corpus
1564 3364 1832 3435 intelliga-

234 3477 357 3517 mus
403 3476 501 3531 per
528 3460 780 3531 corporis
804 3458 1204 3530 tempusT‘Post
1231 3473 1427 3529 corpus
1463 3469 1641 3513 autem
1669 3472 1831 3512 nemo

236 3556 345 3611 erit
374 3554 431 3608 in
453 3568 701 3624 corpore,
738 3552 839 3608 nisi
859 3553 1258 3609 resurrecﬁone
1291 3550 1602 3617 novissima,
1633 3566 1741 3605 non
1762 3549 1829 3604 ad

248 3645 357 3701 ulla
385 3646 571 3700 merita
594 3644 977 3713 comparanda,
995 3642 1092 3699 sed
1121 3643 1187 3698 ad
1217 3642 1525 3713 recipienda
1550 3656 1648 3713 pro
1672 3641 1831 3697 bonis

234 3740 450 3795 meritis
483 3742 727 3809 praemia,
754 3753 852 3808 pro
881 3739 1037 3793 malis
1067 3738 1259 3793 luenda
1285 3736 1568 3808 supplicia.

771 3830 1000 3889 CAPUT
1038 3829 1286 3888 CCXCV.

236 3926 394 3992 Quod
428 3929 618 3982 ostium
674 3927 810 3982 verbi
854 3926 1116 3997 aperiatur
1145 3942 1260 3980 cum
1303 3942 1391 3980 cer
1419 3925 1675 3981 audientis
1705 3942 1827 3998 ape-

560 4001 729 4052 riatur
756 4009 811 4051 ut
834 4001 1028 4061 credat,
1058 4014 1119 4052 ea:
1147 4000 1324 4052 eodem
1355 3999 1504 4052 libro.

319 4087 605 4155 Quomodo
640 4089 882 4159 aperitur
910 4088 1104 4143 ostium
1134 4089 1309 4155 verbi,
1342 4089 1442 4144 nisi
1475 4104 1597 4144 eum
1629 4104 1824 4146 sensus

236 4182 482 4250 aperitur
508 4181 777 4236 audientis
820 4187 878 4235 ut
911 4179 1119 4246 credat,
1147 4190 1200 4235 et
1229 4180 1380 4234 initio
1411 4180 1533 4235 ﬁdei
1568 4181 1727 4246 facto,
1761 4195 1824 4237 ea

234 4290 361 4345 quae
381 4275 447 4330 ad
480 4275 854 4331 mdiﬁcandam
880 4275 1150 4331 salubrem
1179 4274 1476 4330 doctrinam
1522 4274 1823 4345 praedican-

234 4378 324 4422 tur
344 4377 398 4423 et
426 4368 771 4439 disputantur
799 4368 1065 4437 admittat,
1091 4383 1162 4425 ne
1181 4383 1278 4439 per
1303 4368 1675 4424 inﬁdelitatem
1705 4383 1826 4424 cor-

231 4459 303 4515 de
332 4459 535 4524 elauso,
585 4474 646 4514 ea
692 4475 812 4531 quae
857 4460 1109 4515 dicuntur
1152 4460 1417 4529 improbet
1455 4475 1520 4516 ac
1558 4459 1823 4531 repellat?

232 4550 392 4606 Unde
419 4560 471 4607 et
505 4550 569 4606 ad
593 4549 902 4608 Corinthios
934 4552 1038 4606 ait:
1072 4550 1409 4607 Permanebo
1434 4561 1613 4607 autem
1647 4550 1823 4621 Ephe-

227 4644 281 4699 si
307 4659 476 4715 usque
505 4643 573 4699 ad
603 4644 979 4709 Pentecosten,
1006 4646 1202 4700 ostium
1231 4645 1377 4702 enim
1414 4644 1543 4700 milii
1572 4655 1818 4714 apertum

226 4746 584 4808 estmagnum
617 4748 672 4794 et
695 4740 936 4806 evidens,
966 4748 1022 4795 et
1040 4740 1332 4795 adversarii
1356 4740 1505 4795 multi
1532 4756 1548 4806 ;
1577 4739 1703 4811 quid
1732 4740 1819 4796 hic

224 4840 409 4902 potest
439 4830 582 4885 aliud
612 4831 854 4901 intelligi,
888 4831 991 4887 nisi
1017 4834 1307 4903 praedicata
1335 4834 1405 4887 ibi
1431 4846 1527 4903 per
1550 4848 1673 4889 eum
1706 4834 1819 4902 pri-

229 4925 396 4979 mitus
427 4924 720 4995 Evangelia
750 4924 1044 4981 credidisse
1091 4927 1312 4993 multos,
1344 4936 1399 4983 ct
1442 4928 1637 4982 multos
1677 4928 1821 4998 ejus-

226 5016 355 5071 dem
382 5015 504 5071 ﬁdei
524 5015 863 5071 adversarios
876 5016 1168 5086 exstitisse,
1192 5017 1483 5073 secundum
1510 5017 1638 5073 illud
1654 5017 1824 5073 Domis

226 5107 287 5162 ni
313 5122 328 5161 :
362 5106 532 5163 Nemo
557 5107 708 5162 venit
734 5108 800 5161 ad
827 5121 932 5175 me,
958 5107 1059 5162 nisi
1081 5109 1165 5162 cui
1196 5109 1379 5163 datum
1410 5108 1570 5164 fuerit
1598 5126 1628 5165 a
1661 5109 1821 5165 Patre

226 5215 380 5269 meo;
404 5209 460 5257 et
479 5219 494 5258 :
516 5201 679 5257 Vobis
709 5202 892 5257 datum
915 5210 998 5257 est
1018 5215 1177 5258 nosse
1190 5203 1502 5274 mysterium
1532 5204 1681 5274 regni
1710 5218 1821 5260 coe-

224 5298 428 5364 lorum,
452 5296 557 5352 illis
579 5306 758 5353 autem
790 5312 895 5351 non
928 5305 1011 5352 est
1034 5297 1257 5353 datum?
1278 5296 1485 5352 Ostium
1510 5311 1639 5367 ergo
1659 5309 1818 5366 aper-

226 5399 343 5445 tum
374 5389 531 5444 estin
561 5390 640 5444 eis
682 5390 880 5459 quibus
925 5388 1112 5446 datum
1153 5399 1259 5458 est,
1314 5391 1607 5448 adversarii
1638 5399 1819 5448 autem

226 5481 410 5546 multi,
444 5496 513 5535 ex
546 5481 626 5537 eis
672 5482 867 5552 quibus
900 5498 1004 5537 non
1057 5493 1139 5539 est
1185 5485 1410 5551 datum;
1472 5484 1706 5556 itemque
1753 5484 1821 5541 ad

225 5575 451 5633 eosdem
522 5576 574 5631 in
634 5577 868 5631 secunda
943 5576 1182 5647 Epistola
1260 5578 1401 5634 idem
1474 5579 1817 5648 Apostolus:

226 5671 368 5725 Cum
423 5670 726 5733 venissem,
773 5669 984 5739 inquit,
1037 5668 1327 5735 Troadem,
1381 5670 1434 5725 in
1474 5670 1819 5742 Evangelium

227 5760 458 5828 Chrisﬁ,
489 5771 542 5817 et
563 5760 759 5816 ostium
786 5761 916 5816 mibi
967 5772 1209 5832 apertum
1265 5771 1409 5819 esset
1460 5763 1514 5819 in
1572 5764 1820 5834 Domino,

235 5872 345 5912 non
378 5854 540 5911 habui
570 5854 809 5925 requiem
838 5854 1049 5925 spiritui
1082 5869 1227 5921 meo,
1273 5869 1342 5913 eo
1369 5856 1512 5929 quod
1535 5872 1641 5915 non
1671 5857 1821 5915 invea

507 6033 777 6097 Panos.
831 6034 1029 6097 LXII.

1936 3372 2302 3441 probavimus,
2335 3389 2455 3429 cum
2489 3375 2631 3432 Deus
2657 3379 2773 3431 vult
2802 3379 2938 3445 ﬁeri,
2972 3382 3115 3451 quod
3142 3398 3246 3438 non
3277 3385 3378 3439 nisi
3427 3401 3523 3439 vo-

1932 3463 2167 3520 lentibus
2215 3466 2522 3521 hominibus
2565 3478 2778 3537 Oportet
2821 3470 2971 3539 ﬁeri,
3026 3473 3270 3529 inclinari
3332 3491 3518 3531 eorum

1934 3555 2119 3622 corda,
2162 3566 2221 3611 ut
2249 3557 2349 3613 hoc
2378 3558 2569 3623 velint,
2599 3575 2666 3615 eo
2713 3563 2920 3618 scilicet
2971 3564 3281 3632 inclinante,
3332 3571 3419 3638 qui
3471 3570 3522 3624 iu

1933 3647 2090 3703 nobis
2118 3646 2354 3704 mirabili
2402 3650 2564 3705 modo
2607 3661 2661 3707 et
2692 3652 2944 3710 ineffabili
2973 3667 3227 3725 operatur
3273 3668 3327 3725 ct
3364 3660 3523 3727 velle,

1931 3739 1999 3795 ad
2022 3754 2238 3797 causam
2267 3742 2334 3797 de
2364 3759 2467 3814 qua
2495 3744 2832 3813 disserimus,
2888 3761 2994 3803 non
3053 3751 3328 3820 pertinere
3369 3751 3526 3810 dixe.

1931 3842 2078 3890 runt.
2106 3834 2245 3904 Quid
2274 3846 2357 3893 est
2384 3837 2525 3893 aliud
2559 3840 2691 3894 nihil
2714 3840 2912 3909 dicere,
2938 3850 2993 3898 et
3024 3852 3205 3899 tamen
3248 3848 3525 3902 contradi-

1930 3928 2090 3983 cere?
2113 3928 2214 3983 nisi
2242 3928 2380 3984 forte
2407 3932 2720 3987 existimant
2743 3933 2807 3988 ad
2822 3950 2985 4004 regna
3009 3945 3221 3992 terrena
3247 3939 3515 4008 facienda,

1932 4017 2100 4073 Deum
2131 4020 2407 4087 inclinare,
2440 4024 2505 4076 ad
2548 4038 2768 4094 regnum
2820 4040 2953 4082 vero
3002 4028 3225 4084 caeleste
3272 4032 3525 4087 obtinen-

1930 4118 2077 4180 dum,
2102 4114 2270 4171 Deum
2296 4132 2400 4171 non
2432 4119 2717 4185 inclinare,
2750 4135 2978 4190 quorum
3012 4122 3243 4178 voluerit
3281 4126 3525 4180 volunta-

1931 4208 2056 4264 tes?
2086 4210 2180 4264 sed
2230 4219 2289 4264 ut
2342 4219 2469 4280 puto
2529 4221 2747 4282 propter
2793 4228 3018 4284 regnum
3066 4218 3350 4283 caelorum,
3415 4235 3519 4275 non

1930 4310 2150 4373 propter
2181 4318 2402 4373 regnum
2428 4313 2722 4371 terrenum,
2758 4321 2879 4361 esse
2907 4307 3109 4361 dictum
3139 4326 3152 4362 :
3188 4311 3386 4364 lnclina
3421 4326 3518 4366 cor

1931 4410 2109 4452 meum
2134 4396 2188 4451 in
2218 4396 2519 4452 testimonia
2542 4408 2656 4464 tua;
2684 4399 2807 4454 vel:
2838 4398 2882 4453 A
2917 4400 3143 4455 Domino
3170 4416 3388 4471 gressus
3420 4404 3522 4459 bo-

1929 4490 2087 4544 minis
2113 4491 2431 4561 diriguntur,
2463 4500 2517 4546 et
2548 4492 2683 4545 viam
2709 4491 2823 4561 ejus
2843 4494 3015 4560 volet;
3042 4495 3124 4549 vel
3143 4509 3156 4547 :
3175 4495 3401 4550 Paratur
3416 4512 3516 4550 vo-

1928 4580 2105 4638 luntas
2126 4598 2157 4638 a
2182 4583 2439 4652 Domino;
2464 4586 2550 4641 vel
2575 4604 2586 4639 :
2607 4585 2755 4641 Dabo
2780 4586 2861 4641 eis
2883 4602 2978 4642 cor
2999 4588 3165 4659 aliud,
3190 4600 3246 4645 et
3271 4593 3517 4660 spiritum

1846 4679 1905 4743 D
1929 4690 2123 4731 novum
2144 4676 2283 4733 dabo
2308 4677 2406 4733 eis.
2432 4676 2669 4734 Audiant
2690 4679 2853 4735 etiam
2880 4680 3039 4734 illud:
3060 4681 3319 4751 Spiritum
3340 4700 3519 4740 meum

1926 4769 2065 4826 dabo
2093 4769 2146 4825 in
2179 4770 2352 4835 vobis,
2383 4780 2436 4826 et
2467 4773 2656 4827 faciam
2686 4773 2820 4828 utin
2854 4771 3336 4843 justiticationibus
3385 4780 3521 4833 meis

1924 4862 2213 4919 ambuletis
2236 4879 2250 4927 ;
2276 4862 2499 4917 audiant
2532 4881 2546 4915 ε
2581 4866 2624 4919 A
2655 4864 2881 4920 Domino
2926 4868 3267 4939 corriguntur
3297 4882 3517 4939 gressus

1924 4958 2023 5011 viri
2044 4974 2057 5021 ;
2078 4956 2326 5010 audiant:
2351 4955 2537 5011 Omnis
2560 4957 2639 5011 vir
2654 4958 2863 5015 videtur
2875 4958 3220 5016 sibimetesse
3238 4961 3518 5030 justus,di-

1925 5048 2048 5119 rigit
2076 5056 2253 5103 autem
2286 5048 2563 5120 corda70
2577 5049 3104 5117 Dominus;audiant
3124 5051 3514 5108 :Crediderunt

1930 5151 2359 5214 quotquoterant
2380 5144 2729 5213 praeordinati
2742 5146 2793 5201 in
2809 5148 2971 5202 vitam
2985 5155 3271 5213 aeternam;
3295 5149 3515 5203 audiuit

1924 5233 2041 5291 haec
2052 5243 2106 5292 et
2118 5234 2221 5290 alia
2237 5249 2567 5307 quaecunque
2584 5251 2689 5292 non
2701 5238 2834 5305 dixi,
2851 5238 3045 5309 quibus
3058 5240 3360 5295 ostenditur
3377 5243 3483 5295 Deu
3495 5261 3518 5295 ς

1924 5330 1992 5385 ad
2018 5344 2241 5401 regnum
2271 5333 2434 5386 etiam
2457 5334 2739 5400 caelorum,
2765 5341 2817 5386 et
2849 5332 2915 5386 ad
2946 5332 3108 5387 vitam
3138 5343 3397 5389 aeternam
3424 5350 3514 5404 p.1-

1924 5436 2066 5490 rare,
2100 5432 2155 5478 et
2205 5434 2523 5480 convertere
2575 5424 2852 5479 hominum
2899 5423 3226 5480 voluntates.
3269 5425 3515 5497 Cogitate

1926 5526 2104 5573 autem
2137 5521 2296 5589 quale
2318 5520 2388 5574 sit
2418 5527 2472 5574 ut
2498 5517 2804 5582 credamus,
2828 5516 2895 5570 ad
2925 5518 3303 5573 constituenda
3348 5535 3513 5589 regna

1932 5619 2142 5665 terrena
2175 5610 2449 5665 hominum
2506 5609 2813 5663 voluntates
2864 5610 3076 5680 operari
3133 5611 3323 5679 Deum,
3360 5622 3413 5668 et
3453 5614 3520 5670 ad

1930 5705 2319 5774 capessendum
2360 5718 2585 5777 regnum
2615 5701 2879 5759 caelorum
2908 5704 3154 5762 homines
3175 5709 3388 5777 operari
3423 5724 3518 5764 v0-

1930 5798 2162 5858 luntates
2185 5816 2329 5857 suas.
2648 5810 2653 5815 ·

2960 6055 3038 6115 32
