4010 6382
230 426 356 483 {005

1438 423 1867 484 THESAUBUS.
1907 424 2059 483 CAP.
2099 424 2245 484 CCC.

3357 430 3494 490 1006

225 556 368 611 quam
415 542 468 597 in
513 541 693 600 medio
731 542 1041 616 pudicitiam
1087 542 1374 599 constituis
1417 539 1748 614 coniugalem
1778 582 1797 610 ,
1823 545 1872 605 A
1901 544 2137 613 ruptibili
2160 559 2322 601 carne
2344 557 2450 600 non
2473 543 2914 614 possumus,ideo
2933 545 3154 604 dixitad
3180 548 3454 606 Romanos
3480 574 3494 612 :

223 651 331 704 quas
356 637 473 692 illos
501 637 702 694 inlicita
728 637 958 711 [illicita]
980 638 1320 694 commisisse
1348 637 1674 708 indignatur,
1699 637 1799 692 hos

222 731 371 783 etiam
404 729 549 785 licita
574 733 967 802 contempsisse
993 730 1241 797 miratur,
1271 731 1445 784 ultimi
1469 730 1656 785 limitis
1680 744 1799 786 sor-

220 819 307 874 tita
335 822 626 889 regionem,
655 823 790 879 ultra
813 838 871 880 se
894 825 1261 895 proruentium
1292 831 1574 880 exsecrata
1603 823 1800 880 barba-

222 914 575 984 riempsupra
604 929 665 972 se
706 918 1016 973 micantium
1058 926 1312 973 venerata
1343 916 1649 989 fulgorem:
1678 930 1800 986 quae

216 1009 522 1064 verecundis
557 1010 829 1079 manibus,
859 1019 915 1068 et
940 1011 1193 1069 confovet
1222 1021 1512 1067 aestuantes
1535 1055 1550 1079 ,
1584 1019 1641 1067 et
1683 1011 1800 1066 lau-

214 1099 299 1154 dat
327 1100 417 1156 tali
450 1103 691 1158 remedio
718 1118 823 1158 non
857 1112 1100 1174 egentes.
1145 1104 1368 1159 Multum
1409 1103 1648 1159 delector
1687 1103 1799 1158 elo-

211 1193 556 1262 quentissima
595 1196 856 1263 veritate;
904 1197 999 1252 sed
1041 1196 1268 1254 obsecro
1310 1205 1396 1262 te,
1427 1210 1627 1266 nempe
1654 1195 1798 1252 sicut

209 1285 364 1351 dicis,
405 1299 462 1345 ct
497 1290 854 1347 disertissime
896 1304 957 1347 ae
997 1291 1282 1347 verissime
1307 1291 1478 1346 dicis:
1511 1298 1794 1360 propterea

209 1383 543 1440 continentes
572 1385 753 1441 laudat
782 1385 1041 1456 pudicitia
1067 1386 1388 1458 coniugalis,
1417 1386 1561 1457 quod
1585 1387 1678 1441 tali
1709 1401 1792 1443 re-

209 1475 379 1532 medio
405 1493 514 1533 non
542 1488 756 1551 egeant,
787 1496 897 1553 quo
927 1483 1160 1552 seipsam
1185 1484 1446 1554 perspicit
1475 1484 1709 1554 eguisse,
1740 1484 1793 1540 id

205 1578 316 1635 est,
346 1578 402 1624 ut
432 1572 730 1628 secundum
761 1574 1110 1646 Apostolem,
1141 1577 1232 1647 qui
1266 1591 1328 1632 se
1360 1591 1467 1632 non
1513 1578 1789 1646 continet,

203 1661 381 1716 nubat.
407 1663 518 1719 Cur
542 1679 673 1736 ergo
691 1667 909 1738 quando
939 1667 1096 1725 istam
1125 1670 1618 1740 concupiscentiam
1650 1685 1793 1726 mor-

203 1756 324 1811 bum
356 1770 477 1813 esse
506 1758 660 1825 dico,
693 1769 749 1816 tu
778 1776 975 1833 negas,
1005 1764 1096 1834 qui
1127 1773 1304 1820 tamen
1330 1765 1381 1820 ei
1423 1765 1789 1821 necessarium

1914 634 2064 692 Velle
2092 635 2304 706 adjacet
2329 637 2481 704 mihi,
2512 639 2772 707 perlicere
2793 647 2972 695 autem
3000 641 3198 696 bonum
3223 658 3329 698 non
3351 644 3496 700 inve-

1903 725 2424 798 nio[hocintenders
2434 729 2882 797 concupiscentiis
2903 732 3082 788 carnis
3095 747 3202 789 non
3217 736 3500 804 perficien-

1903 820 2006 888 dis,
2022 829 2075 877 et
2104 822 2302 878 bonum
2331 824 2590 891 perficere
2602 839 2708 878 non
2732 823 3002 898 invenio];
3032 827 3116 883 vel
3134 826 3272 884 sicut
3299 828 3501 886 habent

1900 913 2120 970 codices
2149 915 2324 971 Graeci
2352 930 2367 973 :
2404 917 2549 972 Velle
2576 915 2786 986 adjacet
2821 918 2976 984 mihi,
3008 919 3270 989 perﬁcere
3316 931 3498 979 autem

1900 1008 2102 1065 bonum
2142 1025 2284 1075 non;
2315 1010 2370 1066 id
2397 1019 2502 1076 est,
2531 1027 2639 1067 non
2670 1012 2806 1069 mihi
2850 1012 3063 1086 adiacet
3100 1014 3360 1086 perﬁcere
3395 1015 3498 1073 bo.

1901 1117 2030 1157 num
2065 1122 2076 1156 :
2109 1117 2222 1160 non
2260 1105 2336 1159 ait
2365 1104 2563 1173 facere,
2587 1105 2686 1162 sed
2714 1106 2978 1178 perficere
3005 1108 3224 1166 bonum.
3255 1109 3389 1178 Quia
3419 1109 3499 1164 fa-

1897 1209 2022 1252 cere
2055 1197 2282 1263 bonum,
2309 1207 2394 1254 est
2420 1208 2540 1269 post
2565 1201 3025 1270 concupiscentias
3055 1217 3162 1258 non
3193 1202 3303 1269 ire;
3335 1203 3497 1273 perﬁ-

1896 1305 2024 1348 cere
2042 1302 2220 1349 autem
2246 1291 2470 1360 bonum,
2500 1305 2584 1351 est
2610 1311 2718 1352 non
2744 1298 3151 1366 concupiscere.
3182 1298 3337 1368 Quod
3363 1313 3496 1370 ergo

1896 1385 2063 1441 estad
2083 1385 2306 1443 Galatas
2323 1385 2830 1458 :Concnpiscentias
2846 1391 3024 1446 carnis
3040 1405 3108 1448 ne
3123 1390 3494 1462 perfeceritis;

1897 1474 1998 1530 hoc
2021 1493 2052 1532 a
2080 1479 2355 1534 contrarie
2373 1488 2458 1535 est
2475 1479 2542 1534 ad
2565 1478 2839 1538 Romanos
2865 1498 2881 1537 :
2904 1481 3173 1538 Perficere
3197 1491 3375 1539 autem
3399 1485 3496 1538 bo-

1895 1585 2022 1625 num
2054 1587 2161 1625 non
2191 1571 2426 1627 invenio.
2462 1571 2596 1639 Quia
2623 1587 2723 1628 nec
2753 1572 2829 1628 illi
2863 1572 3216 1643 perﬁciuntur
3245 1574 3297 1632 in
3325 1575 3492 1644 malo.

1891 1666 2106 1736 quando
2137 1667 2218 1723 sis
2263 1682 2372 1722 non
2403 1668 2613 1724 accedit
2653 1678 2855 1724 nostrae
2884 1669 3174 1727 voluntatis
3216 1683 3491 1739 assensus,

1893 1775 1992 1816 nec
2021 1771 2203 1817 nostra
2238 1763 2484 1817 voluntas
2518 1762 2795 1832 perﬁcitur
2825 1762 2878 1818 in
2910 1763 3074 1828 bono,
3109 1762 3346 1834 quandiu
3375 1764 3492 1820 illa-

199 1851 494 1906 remedinm
523 1854 840 1910 conﬁteris?
861 1855 916 1912 Si
939 1857 1191 1925 agnoscis
1214 1858 1532 1926 remedium,
1557 1873 1790 1929 agnosce
1892 1871 2012 1911 rum
2037 1896 2052 1923 ,
2096 1856 2182 1911 cui
2236 1870 2343 1911 non
2393 1855 2784 1922 consentimus,
2817 1868 3093 1923 permanet
3133 1867 3328 1914 motus.
3371 1857 3495 1927 Ipse

205 1946 446 2002 morbum
473 1965 488 2014 ;
519 1949 563 2002 si
593 1964 759 2019 negas
788 1951 1034 2006 morbum
1047 1996 1060 2017 ,
1096 1967 1230 2023 nega
1258 1952 1577 2008 remedium,
1612 1953 1782 2023 Rogo,
1818 1937 1867 1997 B
1893 1956 2070 2004 autem
2093 1947 2399 2017 conﬂictus,
2417 1949 2472 2003 in
2499 1964 2605 2018 quo
2624 1950 2788 2004 etiam
2808 1948 3062 2019 baptizati
3085 1949 3230 2006 velut
3249 1949 3303 2004 in
3321 1963 3493 2020 agone

201 2037 330 2092 cede
367 2039 676 2110 aliquando,
712 2045 873 2096 etiam
905 2057 1000 2112 per
1030 2058 1090 2098 os
1122 2051 1272 2098 tuum
1303 2045 1396 2100 tibi
1428 2045 1664 2115 loquenti
1692 2060 1784 2101 ve-

196 2132 356 2200 ritati,
391 2149 552 2190 nemo
578 2137 828 2206 providet
854 2138 1151 2192 remedium
1183 2139 1416 2193 sanitati.

717 2271 944 2329 CAPUT
983 2271 1253 2330 CCXCIX.

195 2398 270 2452 De
287 2403 692 2477 concupiscentia
714 2407 884 2458 carnis
911 2405 1153 2460 adversus
1189 2407 1428 2474 spiritum
1445 2448 1459 2471 ,
1492 2416 1542 2460 et
1571 2406 1782 2477 spiritus

478 2474 725 2528 adversus
749 2493 956 2530 carnem
978 2494 995 2541 ;
1018 2494 1080 2532 ex
1101 2477 1276 2532 eodem
1305 2477 1456 2530 libro.

262 2605 360 2675 71
386 2605 585 2662 Recole
617 2608 742 2674 quid
766 2607 1056 2678 Apostolus
1079 2612 1276 2667 scribat
1297 2613 1362 2666 ad
1385 2613 1781 2681 Galatas,certe

189 2696 432 2752 homines
472 2700 788 2770 baptizatos.
822 2701 954 2757 Dico
985 2712 1190 2769 autem,
1221 2703 1409 2775 inquit,
1442 2707 1629 2776 spiritu
1659 2722 1777 2762 am-

185 2789 380 2856 bulate,
412 2800 466 2846 et
512 2794 972 2863 concupiscentias
1026 2798 1207 2852 carnis
1252 2814 1357 2854 non
1401 2801 1772 2868 perfeceritis:

183 2899 290 2940 non
326 2886 419 2954 ait,
449 2887 526 2942 Ne
559 2887 813 2955 feceritis,
847 2891 971 2960 quia
1006 2905 1096 2946 eas
1125 2907 1230 2947 non
1264 2893 1463 2949 habere
1490 2909 1594 2950 non
1625 2908 1777 2965 pete-

181 2987 318 3046 rant,
348 2980 463 3051 sed,
494 2982 571 3037 Ne
601 2983 946 3051 pet-feceritis,
973 2986 1025 3040 id
1052 2996 1130 3042 est
1159 3002 1226 3044 ne
1254 3003 1412 3057 opera
1433 3003 1618 3045 earum
1647 3004 1776 3046 con-

179 3087 342 3131 sensu
371 3076 661 3132 voluntatis
710 3079 994 3148 impleatis.
1025 3082 1166 3138 Caro
1210 3084 1376 3150 enim,
1421 3086 1614 3156 inquit,
1644 3103 1772 3144 con-

176 3171 399 3240 cupiscit
433 3173 688 3229 adversus
732 3175 1000 3243 spiritum,
1032 3187 1082 3231 et
1115 3179 1334 3249 spiritus
1364 3183 1624 3238 adversus
1652 3200 1770 3240 car-

176 3276 296 3317 nem
329 3283 340 3316 :
371 3265 483 3320 haec
511 3266 654 3324 enim
680 3268 906 3325 invicem
935 3269 1304 3338 adversantur,
1337 3281 1393 3328 ut
1422 3290 1525 3330 non
1557 3292 1619 3332 ea
1645 3293 1764 3348 quae

1890 2042 2168 2097 decertant
2204 2055 2325 2095 cum
2372 2055 2499 2096 caro
2539 2040 2872 2111 concupiscit
2919 2043 3178 2098 adversus
3217 2041 3488 2112 spiritum,

1888 2143 1943 2189 et
1969 2134 2193 2203 spiritus
2221 2133 2486 2190 adversus
2513 2148 2754 2204 carnem,
2789 2134 2879 2190 ubi
2909 2143 2965 2190 et
2986 2136 3206 2205 spiritus
3228 2135 3352 2192 facit
3383 2135 3487 2190 bo-

1888 2241 2016 2281 num
2057 2241 2217 2293 opus,
2252 2241 2358 2281 non
2385 2227 2781 2282 consentiendo
2806 2227 3263 2295 concupiscentiae
3307 2227 3484 2294 malae,

1885 2316 1982 2372 sed
2016 2331 2122 2371 non
2151 2314 2384 2384 perficit,
2415 2316 2540 2385 quia
2572 2317 2688 2384 ipsa
2719 2316 2860 2370 mala
2888 2315 3156 2370 desideria
3197 2330 3301 2372 non
3329 2317 3487 2371 absu-

1886 2409 2004 2476 mit,
2037 2416 2092 2464 et
2128 2423 2254 2464 caro
2287 2409 2416 2465 facit
2444 2408 2644 2464 malum
2686 2407 3037 2472 desiderium,
3068 2410 3164 2464 sed
3196 2423 3294 2464 nec
3325 2408 3484 2481 [ipsa]

1885 2501 2116 2571 perﬁcit,
2138 2501 2260 2572 quia
2292 2503 2395 2559 sibi
2424 2517 2534 2558 non
2558 2503 2932 2558 consentiente
2958 2502 3171 2573 spiritu,
3195 2515 3249 2559 et
3280 2504 3393 2573 ipsa
3414 2504 3486 2558 ad

1881 2609 2048 2665 opera
2076 2595 2382 2652 damnanda
2416 2611 2523 2652 non
2564 2595 2810 2666 pervenit
2841 2610 2855 2650 :
2899 2596 3001 2652 iste
3029 2611 3157 2666 ergo
3203 2595 3484 2652 conﬂictus

1883 2704 2002 2756 non
2039 2690 2370 2758 Iudaeorum,
2404 2704 2506 2746 nec
2531 2689 2895 2759 quorumlibet
2923 2689 3174 2756 aliorum,
3203 2691 3297 2744 sed
3323 2689 3482 2758 plane

1882 2784 2302 2841 christianornm
2330 2784 2570 2842 fidelium
2597 2793 2652 2840 et
2676 2782 3071 2840 benevivendo
3095 2783 3147 2839 in
3179 2784 3279 2839 hoc
3307 2793 3480 2840 certa-

1880 2878 2024 2935 mine
2037 2879 2416 2947 laborantium,
2431 2880 2665 2936 breviter
2680 2877 2998 2945 ostenditur,
3017 2877 3084 2933 ad
3099 2877 3372 2934 Romanos
3387 2876 3480 2938 ubi

1877 2974 1954 3030 ait
1973 2993 1984 3028 :
2003 2974 2164 3046 Igitur
2184 2975 2303 3045 ipse
2321 2989 2422 3046 ego
2442 2983 2624 3031 mente
2643 2975 2822 3030 servio
2853 2973 2956 3043 legi
2978 2971 3095 3040 Dei,
3116 2986 3278 3029 carne
3298 2980 3481 3030 autem

1876 3071 1982 3142 legi
2004 3068 2227 3140 peccati.
2244 3070 2304 3126 Si
2329 3085 2456 3139 ergo
2471 3070 2586 3124 hac
2605 3078 2688 3124 est
2714 3066 2951 3124 conditio
2973 3067 3025 3122 in
3041 3080 3268 3136 corpore
3288 3065 3480 3121 mortis

1877 3163 2062 3233 hujus,
2099 3178 2222 3234 qua:
2268 3166 2449 3234 utique
2488 3177 2598 3219 non
2635 3161 2734 3216 fuit
2769 3161 2824 3216 in
2853 3161 3100 3231 paradiso
3145 3160 3198 3214 in
3244 3174 3473 3227 corpore

1877 3259 2003 3313 vitae
2026 3259 2195 3325 illius,
2229 3257 2582 3327 proculdubio
2605 3256 2736 3311 satis
2763 3254 3041 3312 evidenter
3079 3262 3302 3324 apparet
3329 3252 3472 3309 unde

175 3353 330 3408 vultis
360 3354 581 3411 faciatis.
615 3358 747 3414 Vide
779 3360 821 3414 si
855 3375 957 3415 non
987 3361 1089 3416 hoc
1119 3373 1200 3418 est
1229 3331 1303 3417 ad.
1329 3331 1619 3423 Romanos.
1648 3331 1761 3423 si.
1789 3331 1838 3395 ο
1871 3353 2086 3408 trahant
2117 3352 2328 3422 parvuli
2366 3350 2742 3420 obligatio-tem
2775 3348 3010 3416 peccati.
3034 3360 3157 3401 cum
3178 3345 3471 3402 carnaliter

171 3444 312 3500 snim
341 3449 481 3516 quod
504 3449 805 3516 volo,facio
838 3453 1058 3519 bonum,
1091 3455 1182 3509 sed
1214 3458 1354 3524 quod
1384 3459 1508 3511 nolo
1540 3460 1761 3532 malum,

169 3549 272 3592 hoc
315 3555 431 3610 ago.
468 3541 670 3597 Deinde
702 3542 767 3597 ad
813 3543 1027 3599 Galatas
1059 3546 1202 3601 addit
1234 3557 1286 3601 et
1316 3549 1444 3603 dicit
1475 3567 1489 3603 :
1523 3551 1678 3618 Quod
1719 3554 1763 3607 si

167 3632 362 3703 spiritu
404 3635 684 3703 ducimini,
718 3652 824 3692 non
856 3638 1030 3694 adhuc
1059 3641 1192 3696 estis
1222 3641 1320 3696 sub
1371 3642 1507 3713 lege.
1541 3643 1676 3701 Vide
1717 3647 1761 3700 si

166 3739 278 3780 non
312 3725 412 3781 hoc
441 3737 521 3782 est
544 3727 608 3781 ad
633 3728 902 3784 Romanos
938 3748 949 3782 :
982 3730 1100 3786 Jam
1131 3747 1236 3787 non
1259 3748 1358 3804 ego
1386 3749 1583 3804 operor
1608 3736 1760 3798 illud,

165 3826 222 3874 ct
261 3820 607 3876 condelector
636 3822 738 3891 legi
771 3822 885 3890 Dei,
911 3824 1202 3880 secundum
1237 3827 1548 3885 interiorem
1593 3829 1765 3885 homi-

166 3925 328 3975 nem;
357 3922 432 3976 et,
457 3912 572 3967 Non
602 3925 790 3984 regnet
817 3925 1095 3986 peccatum
1123 3919 1174 3972 in
1197 3928 1378 3976 vestro
1401 3923 1614 3977 mortali
1639 3940 1758 3980 cor-

163 4014 324 4068 pore,
362 4001 428 4054 ad
473 4003 829 4058 obediendum
862 4007 1144 4063 desideriis
1191 4011 1328 4078 ejus.
1363 4013 1418 4068 Si
1469 4015 1611 4068 enim
1657 4031 1762 4070 non

163 4089 456 4147 obediatur
490 4095 964 4162 concupiscentiis,
999 4116 1128 4169 quas
1177 4117 1403 4158 necesse
1439 4117 1669 4163 estesse
1708 4109 1763 4163 in

157 4195 335 4238 carne
364 4186 566 4254 peccati
589 4194 747 4258 atque
771 4188 822 4242 in
846 4203 1074 4261 corpore
1101 4195 1286 4250 mortis
1309 4195 1487 4265 hujus,
1515 4214 1619 4254 non
1648 4215 1765 4268 per-

156 4277 380 4334 ficietur
423 4281 566 4352 quod
613 4281 794 4352 perﬁci
834 4293 976 4341 vetat
1015 4287 1328 4356 Apostolus,
1359 4291 1542 4347 dicens
1575 4309 1588 4346 :
1619 4292 1765 4350 Con-

155 4373 533 4444 cupiscentias
563 4378 740 4434 carnis
769 4393 836 4436 ne
874 4381 1232 4450 perfeceritis.
1267 4383 1382 4454 Ipsa
1414 4387 1612 4457 quippe
1642 4399 1766 4444 sunt

152 4481 334 4537 opera
356 4468 422 4523 de
440 4468 633 4539 quibus
655 4471 673 4543 f
678 4478 845 4526 totum
873 4473 1026 4546 mire]
1048 4476 1308 4545 sequitur,
1334 4485 1390 4534 et
1411 4477 1573 4534 dicit:
1601 4479 1767 4535 Mani-

151 4559 300 4617 festa
325 4571 502 4619 autem
525 4573 647 4619 sunt
667 4579 829 4634 opera
851 4570 1048 4635 carnis,
1075 4585 1193 4639 quae
1215 4581 1336 4627 sunt
1359 4573 1765 4642 fornicationes,

161 4654 810 4724 immunditiaeJnxut-ite,
829 4658 1093 4715 idolorum
1112 4664 1348 4718 servitus
1377 4675 1431 4722 et
1452 4677 1643 4723 caetera
1672 4686 1685 4723 :
1720 4669 1765 4725 si

147 4760 298 4817 ergo
310 4761 416 4802 non
437 4748 804 4804 consentiatur
820 4753 1268 4821 concupiscentiis
1295 4757 1491 4824 carnis,
1510 4761 1757 4829 quamvis

144 4851 397 4912 agantur
427 4843 681 4910 motibus,
715 4859 821 4900 non
871 4854 1047 4902 tamen
1094 4849 1436 4918 perficientur
1480 4855 1748 4922 operibus.

145 4933 402 4990 Proinde
429 4947 551 4991 cum
582 4949 711 4992 caro
751 4938 1083 5008 concupiscit
1121 4939 1378 4998 adversus
1407 4945 1674 5012 spiritum,
1701 4955 1754 4998 et

141 5025 388 5097 spiritus
415 5026 673 5084 adversus
700 5043 937 5098 carnem,
967 5042 1023 5087 ut
1051 5047 1156 5088 non
1182 5047 1243 5088 ea
1266 5049 1384 5104 quae
1410 5035 1655 5092 volumus
1677 5037 1753 5091 fa-

139 5121 392 5189 ciamus,
411 5135 512 5178 nec
526 5122 702 5179 carnis
724 5125 1072 5194 perﬁciuntur
1088 5129 1555 5196 concupiscentiae,
1568 5145 1753 5200 quam-

141 5215 236 5267 vis
272 5214 424 5281 fiant,
458 5228 558 5271 nec
587 5226 767 5271 nostra
802 5221 1150 5288 perficiuntur
1179 5235 1338 5291 opera
1371 5221 1532 5289 bona,
1562 5239 1751 5293 quam-

137 5308 234 5361 vis
289 5307 444 5364 fiant.
491 5308 645 5365 Sicut
672 5310 812 5366 enim
864 5321 989 5367 tunc
1033 5313 1310 5383 perﬁcitur
1351 5316 1528 5372 carnis
1559 5331 1755 5373 concu-

137 5400 447 5469 piscentia,
489 5415 610 5457 cum
662 5406 928 5459 consentit
957 5407 1005 5461 ei
1035 5407 1254 5475 spiritus
1281 5408 1348 5462 ad
1395 5423 1556 5478 opera
1588 5411 1750 5477 mala,

129 5503 202 5547 ut
240 5507 358 5548 non
385 5495 727 5564 concupiscat
756 5497 1013 5552 adversus
1041 5497 1207 5565 illam,
1243 5501 1335 5555 sed
1366 5515 1486 5556 cum
1528 5500 1614 5556 illa
1651 5500 1749 5567 sic,

127 5594 198 5640 et
233 5586 388 5641 bona
418 5600 582 5656 opera
630 5598 810 5644 nostra
856 5595 984 5644 tunc
1021 5592 1382 5659 per-ficientur,
1413 5594 1626 5663 quando
1672 5593 1748 5648 ita

127 5680 375 5749 Spiritui
403 5695 530 5737 caro
558 5684 909 5748 consenserit,
934 5694 987 5737 ut
1016 5685 1270 5741 adversus
1294 5702 1415 5742 eum
1442 5689 1601 5743 etiam
1632 5688 1745 5759 ipsa

127 5788 260 5827 non
297 5775 644 5844 concupiscat
676 5792 691 5830 :
719 5776 817 5830 hoc
848 5779 988 5832 enim
1016 5778 1285 5846 volumus,
1312 5795 1433 5835 cum
1465 5782 1749 5852 perfectio-

128 5883 277 5923 nem
302 5870 526 5937 justitim
543 5871 992 5941 concupiscimus,
1015 5874 1113 5928 hoc
1137 5873 1428 5931 intentione
1448 5895 1548 5930 non
1576 5878 1741 5934 intcr«

120 5963 320 6018 missa
350 5961 484 6018 velle
501 5962 756 6020 debemus
782 5984 792 6018 :
820 5965 911 6019 sed
939 5966 1054 6035 quia
1076 5966 1123 6019 id
1141 5968 1395 6036 perlicere
1427 5971 1476 6023 in
1498 5973 1589 6022 ista
1621 5987 1741 6025 cor-

1868 3455 2180 3510 nascuntur,
2235 3459 2355 3512 quas
2404 3457 2509 3498 non
2551 3439 2796 3506 solvitur,
2833 3439 2936 3494 nisi
2963 3453 3084 3494 cum
3114 3438 3470 3507 spiritualiter

1867 3546 2246 3594 renascuntur.
2293 3537 2410 3593 Non
2436 3536 2580 3591 enim
2609 3535 2751 3590 hanc
2796 3534 3012 3588 trahunt
3058 3546 3125 3586 ex
3165 3545 3329 3600 opere
3359 3545 3468 3601 quo

1868 3631 2154 3686 humanam
2187 3631 2327 3686 Deus
2355 3637 2599 3684 naturam
2645 3626 2792 3693 fecit,
2827 3625 2922 3682 sed
2961 3640 3027 3680 ex
3061 3625 3280 3679 vulnere
3320 3623 3467 3692 quod

1866 3733 2075 3779 naturae.
2099 3723 2348 3780 humanas
2378 3720 2549 3777 hostis
2575 3718 2770 3775 inﬂixit
2790 3735 2802 3772 :
2822 3733 2928 3774 non
2970 3715 3140 3773 hostis
3164 3714 3464 3772 secundum

1868 3820 2192 3878 Manichaios
2219 3817 2505 3890 prosiliens
2525 3831 2592 3873 ex
2608 3824 2798 3871 natura
2830 3813 2956 3869 mali
2996 3827 3154 3884 quam
3181 3825 3290 3867 non
3325 3825 3461 3864 cono

1867 3916 2002 3971 didit
2059 3917 2220 3981 Dens,
2252 3914 2346 3969 sed
2385 3912 2558 3967 hostis
2598 3911 2844 3980 angelus,
2875 3904 3147 3977 quondam
3189 3919 3252 3960 ex
3296 3915 3465 3972 opere

1867 4009 1963 4064 Dei
1998 4008 2191 4073 bonus,
2220 4021 2288 4061 ex
2315 4019 2479 4076 opere
2502 4018 2601 4060 suo
2625 4003 2797 4057 factus
2820 4003 3014 4065 malus,
3042 4000 3130 4068 qui
3154 4011 3215 4053 se
3235 3997 3463 4067 primum

1868 4101 2200 4156 vulnerando
2225 4098 2532 4168 prostravit,
2548 4106 2608 4152 ut
2635 4095 2798 4151 elisus
2819 4093 3045 4149 elideret
3069 4099 3125 4146 et
3147 4105 3243 4159 per
3267 4088 3462 4144 malam

1868 4193 2175 4249 suasionem
2201 4190 2654 4262 praevaricationis
2669 4189 2864 4244 vulnus
2890 4185 3172 4255 infligeret.
3200 4181 3350 4238 Unde
3371 4195 3462 4250 ge«

1870 4303 1970 4343 nus
2000 4287 2316 4353 humanum,
2344 4287 2507 4342 etiam
2539 4284 2592 4339 in
2621 4282 2706 4338 his
2736 4279 2828 4352 qui
2863 4280 3004 4334 viam
3031 4275 3125 4333 Dei
3160 4273 3459 4341 ambulant,

1869 4380 2214 4437 claudicaret.

2463 4447 2690 4507 CAPUT
2722 4445 2868 4502 CCC.

1871 4587 2060 4663 Contra
2087 4590 2393 4662 objectiones
2430 4586 2891 4663 conclusionesque
2904 4580 3234 4663 Pelagianos,
3262 4576 3356 4663 ξαρ
3385 4578 3454 4630 ti-

1944 4662 2065 4716 tulis
2096 4647 2185 4726 xv,
2211 4677 2454 4730 responsa
2481 4658 2644 4713 sancti
2672 4647 2948 4730 Augustini
2973 4647 3286 4730 eg'librond
3308 4647 3452 4730 Pcu-

1941 4733 2048 4788 lum
2089 4742 2134 4788 ct
2173 4721 2494 4802 'Eutropium
2547 4721 2837 4799 episcopos,
2878 4725 2940 4780 de
3000 4721 3317 4795 Perfectionc
3357 4722 3451 4791 ju-

1933 4806 2106 4862 stitia.

1933 4945 2070 4998 Ante
2126 4941 2327 5006 omnia,
2359 4939 2548 5008 inquit,
2593 4935 3002 5008 interrogandus
3043 4944 3126 4990 est
3163 4932 3254 5001 qui
3292 4937 3450 4999 negat

1865 5037 2134 5092 hominem
2167 5035 2282 5090 sine
2307 5042 2524 5104 peccato
2551 5047 2673 5089 esse
2698 5044 2877 5102 posse,
2911 5029 3036 5095 quid
3068 5029 3142 5083 sit
3164 5023 3446 5095 quodcun-

1864 5143 1967 5198 que
1998 5137 2297 5198 peccatum,
2323 5126 2461 5197 quod
2490 5125 2644 5181 vitari
2668 5132 2864 5195 potest,
2881 5137 2950 5176 an
2979 5117 3120 5189 quod
3156 5113 3309 5170 vitari
3342 5128 3448 5168 non

1862 5228 2058 5289 potest.
2103 5220 2158 5277 Si
2190 5219 2331 5291 quod
2361 5218 2514 5273 vitari
2544 5234 2647 5273 non
2680 5225 2879 5286 potest,
2903 5219 3178 5282 peccatum
3207 5221 3314 5261 non
3338 5214 3440 5260 est.

1858 5314 1912 5370 Si
1940 5314 2083 5384 quod
2108 5313 2264 5369 vitari
2296 5319 2493 5383 potest,
2518 5320 2693 5381 potest
2726 5310 2886 5362 homo
2915 5306 3032 5358 sine
3058 5306 3279 5369 peccato
3301 5309 3445 5360 esse,

1859 5408 1999 5478 quod
2023 5409 2175 5462 vitari
2189 5415 2367 5478 potest
2389 5423 2402 5464 :
2424 5405 2568 5461 nulla
2584 5403 2727 5460 enim
2756 5399 2892 5455 ratio
2915 5395 2995 5450 vel
3015 5391 3219 5464 justitia
3241 5387 3440 5458 patitur

1859 5503 2046 5557 saltem
2073 5500 2176 5555 dici
2208 5507 2486 5570 peccatum
2512 5497 2653 5568 quod
2697 5492 2852 5547 vitari
2879 5488 3028 5544 nullo
3056 5484 3216 5540 modo
3240 5487 3440 5551 potest.

1861 5592 2262 5664 Respondemus
2283 5591 2438 5647 vitari
2467 5601 2626 5659 posse
2651 5590 2946 5655 peccatum,
2971 5579 3016 5634 si
3040 5585 3227 5632 natura
3256 5571 3444 5627 vitiata

1852 5701 2072 5746 sanetur
2108 5689 2276 5758 gratia
2322 5685 2417 5742 Dei
2461 5698 2557 5754 per
2597 5681 2776 5736 Jesum
2819 5676 3091 5733 Christum
3143 5666 3433 5723 Dominum

1854 5795 2117 5840 nostrum.
2145 5783 2202 5836 In
2234 5789 2440 5836 tantum
2470 5777 2613 5832 enim
2645 5789 2772 5829 sana
2801 5785 2905 5825 non
2951 5776 3053 5832 est,
3087 5764 3140 5818 in
3169 5767 3431 5830 quantum

1855 5879 1903 5932 id
1930 5877 2071 5948 quod
2095 5873 2395 5931 faciendum
2420 5877 2521 5933 est,
2541 5877 2631 5923 aut
2651 5866 2894 5922 caecitate
2915 5876 3019 5916 non
3042 5857 3205 5923 videt,
3225 5859 3321 5948 aut
3354 5851 3438 5906 in-

1854 5946 2101 6026 ﬁrmitate
2137 5984 2242 6023 non
2274 5963 2478 6034 implet,
2512 5962 2635 6017 dum
2667 5973 2789 6016 caro
2818 5950 3144 6024 concupiscit
3176 5946 3438 6002 adversus
