4010 6382
1584 429 1649 485 D.
1692 416 2014 482 EUGYPPII
2051 413 2351 475 ABBATIS
2391 409 2722 473 AFRICANI
3700 405 3815 463 1008

552 560 826 632 spiritum,
856 562 913 613 et
955 552 1173 626 spiritus
1216 545 1476 602 adversus
1519 554 1760 604 carnem,
1809 544 1861 591 ut
1910 549 1973 590 ea
2023 546 2143 602 quae
2173 535 2225 596 Α
2249 540 2415 594 tores,
2436 527 2557 598 quia
2589 539 2697 581 non
2726 529 2808 579 est
2834 534 2968 592 opus
2988 518 3136 576 sanis
3160 517 3425 583 medicus,
3445 518 3550 573 sed
3581 517 3718 573 male
3743 520 3817 573 ha-

555 614 670 709 vitlt
697 653 859 709 homo
888 614 1001 705 non
1017 645 1199 700 faciat.
1221 641 1419 697 lterum
1444 633 1791 707 quaerendum
1815 637 1921 698 est,
1947 625 2141 696 inquit,
2246 624 2521 681 bentibus.
2557 621 2778 686 lterum,
2802 617 2897 683 ait,
2925 614 3276 687 quaerendum
3306 621 3392 667 est
3420 621 3680 667 utrumne
3709 628 3819 681 pra:-

554 748 842 804 Peccatum
877 738 1169 795 voluntatis
1210 750 1277 790 an
1310 728 1648 788 necessitatis
1672 724 1788 782 est?
1818 725 1862 777 si
1906 719 2147 776 necessi-
2247 725 2461 787 ceptum
2490 715 2561 770 sit
2592 712 2795 769 homini
2843 709 2961 764 sine
2992 716 3213 779 peccato
3241 720 3386 763 esse.
3410 707 3529 763 Aut
3572 704 3709 759 enim
3736 720 3817 760 non

557 842 685 897 tatis
706 848 807 906 est,
824 841 1102 907 peccatum
1128 846 1234 886 non
1255 835 1365 895 est;
1387 826 1429 882 si
1454 815 1933 886 voluntatis,vitari
1954 818 2143 883 potest.
2250 818 2447 881 potest,
2476 815 2533 864 et
2555 813 2882 877 praeceptum
2928 817 3036 858 non
3082 808 3198 871 est;
3231 807 3322 854 aut
3361 798 3491 868 quia
3526 805 3817 868 pneceptum

557 887 967 1001 Respondemus
1013 922 1157 995 quod
1207 934 1368 991 supra
1405 935 1417 970 :
1447 925 1502 971 et
1537 924 1595 970 ut
1625 924 1898 975 sanemur,
1936 907 2153 961 invoca-
2251 910 2356 969 est,
2384 908 2561 971 potest
2588 916 2602 951 :
2626 912 2749 953 nam
2781 909 2877 951 cur
2897 894 3279 979 praciperetur
3306 889 3451 960 quod
3483 888 3608 942 ﬁeri
3631 887 3815 942 omnino

558 972 683 1085 musl
710 1040 832 1080 eum
863 1022 949 1077 cui
994 972 1194 1075 dicitur
1232 972 1302 1072 inr
1327 1012 1577 1084 psalmo:
1625 1009 1702 1063 De
1746 999 2153 1060 necessitatibus
2256 1010 2364 1051 non
2379 989 2975 1065 posset‘lﬁespondetur
2990 972 3391 1042 consultissime
3406 980 3815 1051 hominipriecipi

556 1122 696 1177 meis
740 1117 877 1174 educ
907 1129 1010 1170 me.
1044 1113 1265 1180 lterum,
1297 1108 1491 1178 inquit,
1519 1100 1868 1175 quaerendum
1897 1104 1981 1152 est
2028 1091 2153 1165 quid
2258 1090 2418 1146 rectis
2446 1086 2691 1157 passibus
2719 1082 3018 1151 ambulare,
3047 1088 3108 1134 ut
3133 1093 3255 1134 cum
3290 1091 3351 1133 se
3396 1090 3513 1131 non
3548 1087 3701 1143 posse
3724 1088 3816 1143 per-

559 1223 642 1272 est
669 1219 971 1285 peccatum,
995 1206 1237 1263 naturale
1258 1218 1326 1257 an
1355 1200 1629 1255 accidens.
1667 1194 1722 1251 Si
1749 1191 2017 1256 naturale,
2034 1201 2158 1257 pec-
2261 1181 2523 1253 spexerit,
2546 1177 2865 1235 medicinam
2896 1172 3158 1243 requirat,
3181 1185 3300 1240 qua;
3316 1166 3603 1223 interioris
3636 1165 3818 1219 hominis

2046 1277 2059 1285 '
2314 1278 2327 1285 -
2558 1273 2572 1285 -
2952 1268 3014 1285 J-
3052 1265 3169 1285 Λευ
3188 1265 3386 1285 ,εΑ,,,,,,
3422 1260 3599 1285 ,,,,,,;,,
3650 1258 3729 1285 n‘;
3765 1268 3817 1285 Μ,

561 1258 740 1364 tetulit)
772 1318 880 1359 non
920 1308 1035 1365 est;
1069 1300 1114 1352 si
1154 1303 1329 1350 autem
1382 1288 1633 1347 accidens
1663 1295 1768 1351 est,
1803 1292 1857 1338 et
1905 1277 2158 1336 recedere
2262 1278 2331 1333 ad
2373 1273 2666 1332 sanandam
2696 1269 2901 1342 peccati
2942 1265 3391 1321 claudicationem
3421 1260 3602 1332 gratia
3650 1258 3730 1312 Dei
3763 1268 3819 1312 est

561 1408 770 1471 potest;
793 1393 1009 1465 etquod
1032 1388 1293 1447 recedere
1313 1392 1511 1457 potest,
1536 1372 1703 1436 vitari
1717 1385 1925 1448 potest;
1949 1370 2159 1443 etquod
2262 1387 2359 1444 per
2389 1371 2573 1427 Jesum
2596 1366 2871 1422 Christum
2895 1361 3180 1419 Dominum
3209 1367 3484 1413 nostrum.
3522 1353 3727 1417 lterum,
3747 1353 3814 1415 ait,

566 1445 732 1546 :ritari
775 1495 974 1560 potest,
1006 1489 1186 1554 potest
1216 1484 1378 1535 homo
1408 1477 1525 1531 sine
1574 1488 1639 1529 eo
1664 1485 1786 1526 esse
1831 1466 1972 1539 quod
2002 1463 2162 1519 vitari
2270 1462 2620 1537 quaerendum
2650 1467 2735 1515 est
2765 1473 2833 1511 an
2865 1454 2996 1511 velit
3024 1452 3296 1508 hominem
3329 1450 3475 1504 Deus
3506 1445 3630 1501 sine
3650 1455 3818 1514 peccato

565 1538 1227 1657 poteshrﬂespondemus
1267 1568 1511 1626 naturale
1541 1581 1649 1621 non
1698 1577 1819 1619 esse
1850 1538 2162 1631 peccatum,
2270 1573 2415 1616 esse.
2444 1554 2639 1613 Procul
2668 1551 2834 1608 dubio
2856 1548 2992 1616 vult,
3016 1557 3071 1602 et
3093 1542 3283 1617 procul
3304 1541 3471 1597 dubio
3504 1548 3711 1610 potest:
3735 1538 3818 1606 quis

1816 1654 1829 1657 -
1921 1652 1932 1657 -
2342 1651 2354 1657 -
2590 1646 2602 1657 .
2882 1650 2894 1657 .
2954 1648 3002 1657 η.
3040 1638 3121 1657 __-I
3156 1634 3357 1657 J--L:.-s
3394 1632 3518 1657 Ωιι-ζ
3547 1645 3691 1657 ..Λιιρι
3716 1628 3817 1657 nam]

607 1628 767 1640 νη-.-
819 1628 1095 1650 __-_,-__,,
1863 1628 1877 1631 _

564 1628 665 1734 sed
718 1682 922 1728 naturas
979 1665 1286 1740 prmsertim
1334 1662 1570 1729 vitiata,
1621 1656 1763 1712 unde
1810 1652 1935 1709 lacti
1982 1663 2167 1707 sumus
2268 1651 2415 1709 enim
2438 1659 2545 1704 tam
2571 1646 2795 1702 demens
2816 1650 2923 1709 est,
2951 1648 3009 1694 ut
3040 1638 3125 1693 vel
3150 1634 3361 1690 dubitet
3394 1632 3522 1688 ﬁeri
3547 1628 3818 1701 possequod

564 1775 758 1825 natura
789 1764 884 1821 ﬁlii
925 1722 1040 1825 ἰαὶ,
1076 1773 1263 1830 parum
1306 1770 1428 1811 esse
1465 1752 1527 1807 ad
1581 1764 1686 1806 non
1718 1744 2043 1819 Peccandum
2076 1757 2170 1796 νο·-
2271 1745 2438 1801 Deum
2462 1740 2601 1797 velle
2628 1753 2735 1794 non
2760 1732 2998 1791 dubitet.9
3025 1728 3427 1800 Respondetur,
3452 1724 3504 1778 si
3539 1724 3691 1777 nollet
3715 1722 3818 1775 Deus

571 1863 796 1920 lnntatis
825 1858 1128 1921 arbitrium,
1162 1854 1266 1909 nisi
1295 1852 1477 1921 adjuta
1505 1853 1726 1903 sanetur
1758 1843 1929 1916 gratia
1958 1855 2053 1911 per
2082 1838 2171 1894 Je-
2274 1836 2546 1893 hominem
2565 1834 2681 1887 sine
2697 1836 2916 1900 peccato
2934 1838 3078 1891 esse,
3095 1837 3200 1876 non
3219 1815 3816 1875 mitteretFiliumsunm,

570 1973 691 2014 sum
721 1956 995 2011 Christum
1028 1950 1313 2007 Dominum
1344 1954 1607 2002 nostrum.
1655 1942 1872 2001 lterum,
1899 1938 1996 2005 ait,
2017 1950 2168 2005 qum-
2204 1952 2250 2011 Β
2275 1933 2367 2003 qui
2389 1935 2607 1987 sanaret
2628 1925 2873 1980 homines
2890 1936 2920 1975 a
2946 1916 3184 1989 peccatis
3209 1931 3225 1969 :
3250 1913 3424 1969 hoclit
3448 1912 3504 1967 in
3529 1906 3816 1966 credentibus

576 2050 805 2109 rendum
832 2057 913 2104 est
940 2045 1065 2116 quid
1100 2053 1183 2101 est
1223 2049 1523 2113 peccatum,
1556 2046 1708 2093 actus
1738 2050 1804 2089 an
1836 2048 1924 2089 res
1950 2051 1963 2087 :
1994 2031 2040 2086 si
2080 2042 2167 2085 res
2204 2000 2248 2011 u
2273 2000 2328 2080 et
2350 2019 2725 2093 profitentibus
2748 2006 3579 2089 [proﬁcientibus],renovatione
3600 2000 3820 2058 interioris

551 443 690 502 1007

576 2154 685 2213 εει,
716 2150 991 2199 auctorem
1049 2138 1243 2192 habeat
1283 2148 1507 2190 necesse
1552 2139 1670 2195 est;
1703 2136 1759 2184 et
1802 2128 1847 2182 si
1894 2132 2168 2181 auctorem

583 2240 787 2296 habere
835 2234 1051 2299 dicitur,
1081 2234 1189 2302 jam
1236 2230 1373 2285 alter
1400 2234 1597 2298 praeter
1620 2224 1809 2285 Deum,
1839 2219 1918 2275 rei
1948 2216 2171 2285 alicujus

576 2329 977 2399 auctor,induci
1008 2325 1293 2382 videbitur.
1321 2323 1391 2377 At
1410 2321 1457 2376 si
1484 2321 1585 2375 hoc
1604 2318 1708 2374 dici
1741 2316 1963 2386 impium
1991 2321 2098 2378 est,
2120 2318 2175 2366 et

576 2424 821 2483 conﬁteri
852 2434 1077 2477 necesse
1099 2426 1181 2474 est
1205 2423 1483 2487 peccatum
1513 2427 1675 2468 omne
1697 2418 1874 2465 actum
1897 2420 2040 2469 esse,
2068 2418 2176 2459 non

577 2534 730 2584 rem;
761 2515 809 2571 si
833 2515 994 2585 igitur
1025 2520 1177 2567 actus
1206 2516 1309 2574 est,
1339 2507 1444 2562 imo
1469 2506 1594 2575 quia
1634 2517 1762 2558 vere
1791 2510 1944 2557 actus
1964 2506 2075 2566 est,
2100 2496 2180 2550 vi—

578 2613 684 2668 tari
732 2618 929 2680 potest.
977 2603 1358 2675 Repondemus
1402 2592 1684 2671 peccatum
1728 2594 1945 2665 quidem
2000 2599 2177 2647 actum

585 2706 695 2763 dici
723 2685 781 2760 et
804 2717 948 2769 esse,
978 2714 1084 2756 non
1125 2712 1270 2763 rem;
1299 2693 1389 2750 sed
1419 2692 1581 2748 etiam
1624 2691 1680 2745 in
1716 2700 1948 2757 corpore
1973 2681 2181 2740 claudi-

582 2798 726 2855 catio
754 2795 946 2852 eadem
976 2792 1185 2849 ratione
1212 2796 1363 2843 actus
1384 2794 1488 2854 est,
1522 2800 1627 2839 non
1656 2797 1767 2845 res,
1790 2777 2041 2850 quoniam
2070 2789 2182 2843 res,

581 2906 682 2963 pes
715 2890 850 2961 ipse,
876 2887 960 2943 vel
998 2900 1215 2956 corpus,
1242 2880 1327 2937 vel
1366 2880 1528 2935 homo
1566 2884 1671 2941 est,
1699 2875 1789 2946 qui
1822 2871 1957 2943 pede
1993 2869 2183 2925 vitiato

586 2981 885 3047 claudicat;
925 2992 1027 3034 nec
1070 2985 1249 3030 tamen
1287 2973 1459 3027 vitare
1490 2978 1667 3040 potest
1711 2964 2182 3027 claudicationem,

586 3078 690 3132 nisi
714 3072 963 3129 habuerit
982 3079 1227 3123 sanatum
1249 3065 1463 3135 pedem.
1482 3063 1637 3131 Quod
1659 3062 1822 3115 etiam
1847 3059 1901 3113 in
1924 3057 2185 3112 interiore

602 3167 830 3224 homine
860 3161 977 3219 fieri
1005 3168 1203 3232 potest,
1232 3158 1326 3212 sed
1354 3156 1521 3225 gratia
1570 3154 1664 3208 Dei
1696 3167 1792 3222 per
1827 3150 2008 3205 Jesum
2037 3148 2194 3203 Chri—

592 3268 737 3317 stum
752 3255 1032 3312 Dominum
1054 3258 1319 3307 nostrum.
1338 3248 1520 3319 ipsum
1542 3259 1673 3301 sane
1693 3243 1905 3308 vitium,
1926 3255 2034 3312 quo
2058 3241 2199 3296 clau-

2276 2118 2508 2174 bominis
2547 2115 2616 2171 de
2646 2113 2735 2168 die
2778 2112 2833 2165 in
2863 2109 3029 2175 diem,
3057 2104 3236 2160 donec
3274 2104 3367 2156 ﬁat
3400 2098 3623 2165 perfecta
3650 2097 3820 2167 justiti:

2276 2223 2529 2283 tanquam
2577 2208 2777 2264 sanitas
2816 2203 2998 2275 plena.
3049 2201 3209 2265 ltem,
3255 2198 3351 2265 ait,
3390 2193 3715 2265 quaerendum
3758 2200 3824 2243 est

2278 2305 2549 2379 quomodo
2590 2303 2703 2357 vult
2743 2300 2887 2354 Deus
2915 2294 3192 2352 hominem
3225 2306 3337 2347 esse
3358 2304 3473 2344 cum
3502 2294 3726 2357 peccato,
3756 2296 3820 2335 an

2281 2402 2403 2457 sine
2426 2406 2671 2469 peccato.
2705 2390 2899 2447 Procul
2946 2387 3110 2443 dubio
3142 2400 3251 2441 nou
3293 2382 3396 2437 vult
3431 2395 3549 2436 esse
3570 2393 3684 2434 cum
3710 2388 3824 2446 pec-

2283 2508 2423 2551 cato.
2456 2493 2665 2559 Quanta
2706 2486 2821 2541 base
2852 2480 3143 2553 impietatis
3170 2475 3501 2546 blasphemia
3526 2474 3592 2527 sit
3617 2470 3825 2541 cogitan-

2286 2590 2411 2645 dum
2434 2595 2543 2653 est,
2570 2594 2629 2641 ut
2647 2583 2857 2639 dicatur
2880 2578 3152 2634 hominem
3172 2587 3333 2644 posse
3355 2584 3478 2627 esse
3497 2584 3609 2624 cum
3628 2573 3819 2637 pewto,

2288 2683 2432 2755 quod
2461 2681 2601 2735 Deus
2634 2691 2741 2732 non
2778 2673 2917 2738 vult;
2952 2678 3007 2726 et
3036 2678 3261 2740 negetur
3294 2678 3459 2737 posse
3488 2676 3604 2718 esse
3618 2660 3815 2727 sinepee

2289 2786 2435 2841 cato,
2450 2772 2593 2845 quod
2610 2772 2751 2826 Deus
2770 2767 2917 2823 vult:
2936 2764 3086 2835 quasi
3111 2760 3343 2832 aliquem
3367 2758 3439 2813 ad
3458 2758 3559 2813 hoc
3576 2757 3689 2811 Deus
3705 2766 3812 2807 cm-

2292 2869 2454 2934 verit,
2468 2844 2527 2922 ut
2549 2872 2730 2936 posset
2750 2875 2871 2918 esse
2884 2857 3026 2929 quod
3045 2856 3198 2921 nolit,
3214 2864 3267 2910 et
3289 2868 3401 2909 non
3420 2844 3805 2923 possetessequod

2295 2958 2457 3024 velit;
2494 2965 2549 3012 et
2577 2963 2637 3009 ut
2680 2959 2869 3009 contra
2909 2964 3059 3004 suam
3089 2944 3279 3016 magis,
3312 2959 3485 3014 quam
3519 2951 3569 2997 ut
3587 2937 3803 2995 secundum

2296 3067 2450 3109 suam
2480 3050 2741 3106 existeret
2770 3046 3125 3102 voluntatem.
3152 3040 3272 3097 Jam
3297 3039 3559 3109 superius
3577 3045 3810 3105 responsum

2301 3157 2406 3215 est,
2431 3145 2530 3202 sed
2555 3142 2858 3199 addendum
2881 3139 3063 3204 video,
3085 3135 3229 3206 quod
3258 3150 3358 3205 spe
3382 3133 3530 3189 salvi
3551 3133 3657 3187 facti
3670 3142 3799 3191 suasi,

2302 3256 2427 3312 spes
2454 3249 2634 3295 autem
2666 3252 2785 3307 quae
2809 3232 3022 3289 videtur
3040 3246 3144 3286 non
3169 3238 3255 3285 est
3282 3243 3414 3298 spes
3440 3244 3457 3282 :
3482 3226 3622 3297 quod
3644 3220 3793 3281 euhan-

593 3354 735 3409 dicat
754 3350 937 3414 homo,
951 3360 1052 3403 nec
1064 3359 1159 3416 pes
1171 3352 1275 3408 est,
1291 3355 1391 3396 nec
1401 3354 1621 3409 corpus,
1638 3351 1741 3393 nec
1755 3337 1936 3400 homo,
1954 3348 2052 3390 nec
2074 3334 2187 3402 ipsa
2216 3358 2262 3423 ρ
2300 3336 2393 3392 det
2407 3334 2547 3406 quis,
2569 3330 2696 3402 quid
2711 3328 2927 3400 sperat?
2947 3326 3003 3382 Si
3018 3333 3196 3380 autem
3218 3321 3364 3394 quod
3383 3336 3497 3377 non
3514 3320 3802 3385 videmnus:-

592 3443 939 3507 elaudicatio.
970 3454 1088 3511 qua:
1116 3437 1299 3507 utique
1327 3448 1433 3490 non
1480 3439 1587 3499 est,
1619 3429 1832 3501 quando
1863 3442 1969 3483 non
1999 3425 2185 3481 ambu-

593 3539 692 3607 lat,
714 3552 836 3593 cum
860 3543 1037 3589 tamen
1062 3530 1189 3587 insit
1207 3529 1397 3584 vitium
1421 3541 1528 3597 quo
1552 3525 1612 3578 lit
1631 3522 1955 3579 claudicatio
1974 3519 2188 3589 quando

596 3632 856 3689 ambulat.
887 3628 1101 3695 Quaerat
1127 3637 1257 3693 ergo
1284 3618 1428 3691 quod
1465 3618 1642 3673 eidem
1683 3615 1813 3669 vitio
1854 3628 2052 3669 nomen
2082 3612 2187 3667 im-

597 3732 786 3798 ponat,
812 3731 990 3776 utrum
1017 3733 1133 3773 rem
1161 3715 1292 3771 velit
1319 3714 1527 3776 dicere,
1557 3726 1624 3765 an
1652 3718 1854 3777 actum,
1888 3723 1955 3762 an
1983 3706 2060 3763 rei
2088 3719 2188 3775 po-

602 3818 707 3873 tius
752 3812 1066 3885 qualitatem
1096 3807 1315 3873 malam,
1339 3818 1443 3875 qua
1486 3801 1747 3858 deformis
1795 3808 1946 3856 actus
1981 3798 2187 3854 existit.

598 3910 692 3967 Sic
734 3917 790 3964 et
838 3907 893 3960 in
923 3902 1143 3959 homine
1189 3898 1447 3954 interiore
1486 3896 1697 3950 animus
1738 3908 1827 3950 res
1868 3902 1971 3959 est,
2005 3892 2194 3962 rapina

600 4012 752 4060 actus
782 4008 866 4058 est
898 4016 911 4052 :
943 3992 1170 4052 avaritia
1193 3992 1380 4047 vitium
1410 3997 1512 4055 est,
1546 3987 1601 4043 id
1627 3994 1710 4043 est
1732 3985 1978 4056 qualitas,
2004 3999 2195 4040 secun-

603 4098 734 4153 dum
785 4108 945 4166 quam
969 4089 1161 4163 lmalus
1197 4094 1281 4143 est
1320 4082 1532 4139 animus
1556 4124 1573 4148 ,
1620 4080 1781 4135 etiam
1812 4078 2028 4149 quando
2064 4075 2196 4131 nihil

602 4191 714 4261 agit
742 4187 888 4244 unde
924 4181 1167 4239 avaritias
1192 4190 1306 4234 suae
1346 4175 1564 4241 serviat,
1595 4172 1755 4228 etiam
1785 4170 2000 4243 quando
2027 4168 2193 4236 audit,

602 4295 712 4337 non
756 4276 1136 4345 concupisces,
1163 4284 1329 4342 seque
1374 4268 1662 4337 vituperat,
1708 4278 1764 4323 et
1790 4276 1969 4322 tamen
2001 4280 2197 4320 avarus

600 4376 807 4437 manet,
824 4366 919 4422 sed
942 4379 1039 4436 per
1064 4361 1226 4418 ﬁdem
1254 4368 1571 4426 renovatur,
1588 4359 1644 4413 id
1669 4366 1753 4414 est
1776 4363 1997 4412 sanatur
2017 4356 2085 4412 de
2109 4355 2199 4411 die

604 4465 661 4521 in
688 4463 856 4526 diem,
879 4474 982 4516 nec
1009 4466 1191 4512 tamen
1232 4454 1333 4508 nisi
1363 4452 1533 4523 gratia
1569 4451 1661 4506 Dei
1702 4465 1801 4521 per
1829 4450 2010 4505 Jesum
2044 4448 2201 4504 Chri-

608 4564 751 4614 stum
778 4554 1065 4609 Dominum
1091 4555 1359 4605 nostrum.
1386 4546 1609 4612 lterum,
1639 4543 1830 4614 inquit,
1849 4541 2199 4614 quaerendum

607 4659 694 4709 est
722 4658 974 4705 utrumne
1000 4644 1195 4700 debeat
1222 4643 1383 4697 homo
1412 4641 1529 4698 sine
1576 4646 1801 4711 peccato
1830 4654 1973 4695 esse.
2007 4636 2201 4693 Procul

2292 3442 2498 3494 ramus,
2523 3440 2620 3495 per
2644 3422 2959 3495 patientiam
2986 3426 3367 3489 exspectamus
3395 3432 3411 3472 :
3438 3424 3568 3470 tunc
3588 3426 3698 3482 ergo
3714 3409 3817 3480 plena

2292 3520 2435 3597 [erit]
2444 3519 2677 3592 iustitia,
2696 3514 2910 3588 quando
2924 3514 3075 3584 plena
3093 3510 3325 3576 sanitas;
3356 3518 3487 3564 tunc
3501 3509 3649 3578 plena
3660 3504 3825 3562 sanius

2295 3596 2509 3686 quando
2530 3612 2688 3683 plena
2711 3609 2949 3665 Charitas
2969 3606 3269 3681 (plenitudo
3288 3604 3434 3660 enim
3452 3604 3581 3673 legis
3594 3596 3835 3679 citerius);

2296 3718 2426 3764 tunc
2462 3717 2644 3762 autem
2684 3704 2845 3775 plena
2888 3700 3145 3765 charitas,
3181 3699 3397 3767 quando
3430 3695 3717 3751 videbimus
3748 3704 3841 3747 eum

2293 3803 2450 3859 sicuti
2498 3810 2601 3856 est.
2640 3799 2829 3869 Neque
2876 3796 3020 3853 enim
3077 3794 3184 3850 erit
3231 3793 3369 3863 quod
3414 3789 3631 3844 addatur
3662 3785 3729 3839 ad
3769 3784 3846 3838 di-

2307 3895 2617 3959 lectionem,
2642 3905 2765 3947 cum
2796 3889 2928 3945 ﬁdes
2957 3887 3268 3959 pervenerit
3294 3884 3353 3938 ad
3375 3882 3641 3935 visionem.
3665 3877 3853 3932 lterum

2297 3986 2648 4059 quaerendum
2672 3993 2773 4051 est,
2806 3980 3001 4052 inquit,
3031 3994 3123 4050 per
3152 3978 3281 4049 quid
3310 3974 3525 4032 efficitur
3555 3973 3717 4026 homo
3743 3983 3849 4024 cum

2298 4091 2542 4155 peccato,
2574 4096 2671 4151 per
2701 4086 2907 4133 naturai
2935 4074 3339 4138 necessitatem,
3366 4087 3431 4125 an
3463 4083 3556 4140 per
3584 4066 3779 4122 arbitrii
3807 4064 3850 4116 Ιῐι

2301 4175 2588 4231 bertatem.
2635 4171 2694 4227 Si
2724 4184 2816 4241 per
2845 4178 3049 4224 natura:
3086 4165 3490 4229 necessitatem,
3522 4160 3676 4231 culpa
3700 4164 3849 4215 caret;

2300 4271 2346 4326 si
2370 4284 2466 4339 per
2487 4266 2697 4323 arbitrii
2724 4266 3053 4327 libertatem,
3077 4260 3431 4330 quaerendum
3451 4268 3537 4314 est
3553 4272 3581 4310 a
3603 4272 3701 4326 quo
3720 4254 3849 4322 ipsam

2303 4360 2517 4417 arbitrii
2534 4358 2836 4414 libertatem
2847 4352 3135 4423 acceperit.
3152 4350 3345 4407 Procul
3361 4351 3535 4407 dubio
3551 4364 3585 4405 a
3602 4348 3731 4404 Deo:
3746 4343 3847 4397 Dens

2307 4463 2485 4509 autem
2511 4450 2656 4522 quod
2684 4448 2854 4515 dedit,
2883 4454 3030 4503 certe
3050 4444 3249 4501 bonum
3276 4452 3384 4508 est,
3411 4442 3611 4512 negari
3632 4440 3844 4495 enimnon

2305 4555 2503 4617 potest.
2533 4545 2650 4612 Qua
2682 4544 2842 4611 igitur
2872 4540 3082 4596 ratione
3108 4539 3310 4594 bonum
3342 4536 3641 4607 probatur,
3661 4535 3698 4589 si
3716 4525 3837 4595 msh

2306 4639 2373 4694 ad
2401 4637 2602 4693 malum
2632 4649 2793 4706 quam
2822 4633 2890 4689 ad
2916 4633 3118 4688 bonum
3145 4643 3375 4701 pronum
3397 4639 3495 4683 est
3516 4630 3543 4682 ?
3574 4625 3721 4694 magis
3740 4618 3847 4675 uim

609 4742 781 4801 dubio
827 4740 989 4796 debet
1016 4755 1029 4791 :
1059 4737 1105 4792 si
1137 4735 1319 4802 debet,
1343 4736 1451 4807 ’12
1500 4742 1710 4805 potest;
1757 4732 1803 4788 si
1851 4748 1959 4787 non
2002 4739 2197 4801 potest,
2230 4743 2284 4806 D
2308 4731 2375 4787 ad
2406 4730 2604 4786 malum
2634 4744 2795 4800 quam
2823 4728 2892 4783 ad
2918 4727 3118 4784 bonum
3149 4739 3377 4796 pronum
3407 4734 3527 4791 est,
3563 4724 3616 4778 si
3635 4724 3853 4783 homepﬂ

606 4850 741 4907 ergo
765 4847 866 4889 nec
894 4830 1054 4885 debet
1083 4844 1096 4881 :
1122 4836 1179 4883 et
1204 4827 1250 4880 si
1275 4840 1383 4881 non
1410 4825 1571 4880 debet
1596 4824 1759 4881 homo
1789 4839 1910 4880 esse
1938 4823 2055 4880 sine
2077 4838 2201 4893 pec-

607 4938 751 4995 cato,
775 4923 941 4981 debet
969 4935 1099 4991 ergo
1129 4932 1251 4976 esse
1275 4934 1397 4975 cum
1436 4928 1691 4989 peccato;
1724 4919 1887 4973 etiam
1918 4925 2200 4988 peccatum

607 5035 714 5078 non
740 5019 845 5074 erit
871 5016 918 5072 si
947 5012 1078 5070 illud
1110 5011 1299 5067 deberi
1352 5009 1658 5065 constiterit
1684 5025 1699 5062 :
1723 5016 1818 5063 aut
1841 5009 1888 5064 si
1916 5008 2019 5063 hoc
2038 5007 2200 5063 etiam

607 5114 714 5170 dici
763 5108 1052 5166 absurdum
1106 5110 1229 5171 est,
1282 5101 1530 5157 conﬁteri
1587 5114 1810 5156 necesse
1867 5109 1949 5157 est
2002 5100 2203 5155 debere

609 5204 888 5258 hominem
912 5206 1031 5255 sine
1057 5202 1283 5269 peccato
1304 5207 1445 5259 esse,
1466 5202 1521 5249 et
1547 5202 1759 5248 constat
1778 5208 1900 5248 eum
1933 5207 2037 5247 non
2057 5191 2200 5247 aliud

608 5297 807 5353 debere
830 5290 990 5363 quam
1012 5298 1210 5361 potest.
1235 5287 1611 5358 Respondetur
1627 5285 1817 5343 eadem
1847 5284 2199 5342 similitudine

610 5403 714 5460 qua
734 5384 984 5456 superius
1012 5384 1122 5452 iam
1152 5379 1537 5450 respondimus
1567 5395 1583 5433 :
1613 5393 1739 5435 cum
1779 5379 1922 5434 enim
1955 5379 2199 5434 videmus

611 5476 863 5536 claudum
883 5474 973 5545 qui
1003 5474 1180 5529 sanari
1204 5480 1404 5543 potest,
1422 5478 1570 5527 recte
1588 5469 1776 5540 utique
1800 5470 2028 5526 dicimus
2056 5488 2068 5523 :
2096 5471 2201 5526 De-

608 5571 704 5630 bet
741 5582 866 5625 esse
899 5568 1060 5621 homo
1098 5565 1200 5621 iste
1240 5565 1359 5619 sine
1391 5562 1820 5630 claudicatione;
1846 5574 1900 5619 et
1937 5564 1984 5617 si
2015 5562 2194 5629 debet,

608 5670 828 5734 potest:
852 5674 953 5716 nec
973 5668 1150 5714 tamen
1177 5673 1297 5713 cum
1321 5657 1436 5712 vult
1462 5657 1720 5713 continuo
1745 5665 1940 5726 potest,
1958 5658 2050 5714 sed
2073 5674 2195 5714 cum

610 5758 776 5813 fuerit
793 5753 1032 5811 adhibita
1057 5753 1335 5808 curatione
1350 5759 1589 5818 sanatus,
1609 5758 1665 5807 et
1681 5750 1951 5806 medicina
1981 5751 2202 5819 adjuve-

611 5852 687 5905 rit
714 5849 1063 5903 voluntatem.
1093 5846 1208 5902 Hoc
1238 5845 1298 5900 tit
1329 5845 1381 5899 in
1413 5846 1668 5901 interiore
1694 5844 1931 5909 homine,
1964 5845 2105 5914 quod
2131 5844 2197 5899 ad

612 5948 895 6011 peccatum
935 5936 1148 6004 attinet,
1178 5945 1429 6005 tanquam
1475 5936 1591 6005 ejus
1621 5935 2066 5991 claudicationem
2104 5952 2201 6007 per

620 6031 735 6099 ejus
763 6028 987 6099 gratiam
1015 6029 1104 6099 qui
1132 6028 1280 6085 venit
1309 6042 1415 6081 non
1445 6042 1640 6085 vocare
1664 6028 1857 6099 justus,
1884 6031 1977 6088 sed
2013 6047 2199 6102 pecca-

2307 4826 2439 4884 illud
2469 4834 2648 4896 potest
2668 4837 2790 4879 esse
2812 4836 2933 4878 cum
2960 4827 3201 4891 peccato,
3224 4828 3279 4875 et
3306 4832 3415 4873 non
3444 4826 3639 4888 potest
3660 4811 3859 4871 essesiae

2306 4930 2548 4993 peccato.
2581 4915 2956 4987 Respondetur
2984 4930 3079 4985 per
3105 4912 3311 4969 arbitrii
3358 4910 3685 4968 libertatem
3715 4909 3857 4961 lactus

2306 5023 2367 5068 ut
2393 5020 2537 5067 esset
2569 5010 2731 5064 homo
2756 5021 2877 5063 cum
2909 5013 3153 5075 peccato,
3184 5002 3281 5058 sed
3321 5001 3437 5073 jam
3469 5002 3716 5073 poenalis
3758 4996 3866 5049 vim»

2306 5104 2438 5162 sitas
2459 5103 2766 5166 subsecuta,
2792 5114 2859 5155 ex
2891 5098 3140 5153 libertate
3166 5095 3293 5152 fecit
3317 5097 3749 5158 necessitatem;
3771 5084 3869 5142 unde

2306 5199 2373 5255 ad
2388 5198 2554 5253 Deum
2570 5194 2704 5250 ﬁdes
2718 5194 2937 5247 clamat:
2954 5192 3031 5248 De
3049 5188 3468 5247 necessitatibus
3484 5190 3642 5245 meis
3656 5188 3781 5244 educ
3794 5196 3873 5237 me;

2308 5294 2408 5349 sub
2449 5290 2641 5361 quibus
2671 5286 2855 5359 positi,
2885 5288 2967 5342 vel
3016 5300 3124 5342 non
3165 5297 3459 5356 possumus
3492 5284 3654 5355 quod
3682 5281 3877 5337 voluntas

2307 5382 2635 5452 intelligere,
2651 5379 2733 5434 vel
2758 5378 2899 5448 quod
2924 5377 3347 5434 intellexerimus
3369 5377 3650 5434 volumus
3670 5389 3766 5432 nec
3784 5369 3883 5424 val?

2304 5476 2481 5532 lemus
2504 5475 2727 5544 implere
2750 5487 2767 5528 :
2788 5485 2911 5527 nam
2936 5480 2993 5527 et
3012 5471 3128 5541 ipsa
3152 5471 3371 5527 libertas
3396 5470 3767 5528 credentibus
3785 5480 3811 5519 a
3831 5461 3884 5515 Li-

2302 5570 2555 5626 beratore
2582 5566 2944 5638 promittitur:
2965 5565 3022 5621 Si
3045 5579 3163 5633 vos,
3186 5564 3377 5634 inquit,
3387 5562 3577 5621 Filius
3592 5557 3891 5620 lile

2306 5670 2439 5718 tunc
2482 5677 2607 5718 vere
2641 5660 2796 5717 liberi
2828 5662 3011 5728 eritis;
3043 5661 3181 5715 victa
3211 5659 3356 5714 enim
3381 5658 3614 5727 judicio
3649 5655 3834 5733 [vitici
3857 5654 3891 5703 ili

2308 5751 2454 5823 quod
2483 5751 2679 5806 cecidit
2716 5751 3014 5818 voluntate,
3040 5751 3211 5805 caruit
3239 5750 3495 5806 libertate
3532 5762 3763 5807 natura.
3794 5747 3898 5803 Hinc

2309 5848 2411 5902 alia
2440 5847 2715 5918 Scriptura
2744 5846 2875 5903 dicit
2904 5864 2917 5899 :
2950 5847 2997 5901 A
3027 5860 3131 5916 quo
3157 5846 3311 5915 enim
3359 5845 3481 5915 quis
3540 5846 3799 5903 devictus
3818 5850 3895 5899 65L

2295 5942 2435 5996 “huic
2479 5949 2536 5996 et
2579 5956 2766 5996 servus
2790 5938 3033 5995 addictus
3060 5948 3160 5995 est.
3192 5938 3343 5995 Sicut
3369 5952 3508 6007 ergo
3532 5955 3659 5996 non
3688 5948 3775 5996 est
3796 5946 3902 6005 ενδ

2310 6034 2462 6094 sanis
2490 6034 2748 6100 medicus,
2790 6032 2884 6091 sed
2906 6033 3044 6090 male
3063 6032 3401 6099 habentibus,
3429 6033 3501 6089 ita
3536 6050 3664 6091 non
3689 6042 3775 6091 est
3792 6038 3900 6099 opai
