4010 6382
186 415 322 477 1009
1430 390 1697 454 THESAU
1706 387 1825 447 [ωε

1931 384 2064 441 εΑρ.
2104 378 2255 437 ccc.
3332 355 3461 416 ίοω

182 536 368 593 liberis
391 532 666 597 liberator,
687 531 779 587 sed
803 530 1063 594 servis,ut
1081 528 1131 585 ei
1150 522 1584 598 dicatgratulatio
1605 522 1769 581 tiber-
1794 508 1843 567 Α
1874 512 1999 558 ante
2027 509 2161 598 sunt
2182 493 2566 598 extenduntur.
2593 490 2671 545 Ad
2701 483 3212 598 hoc'enimde‘x.

324 575 1536 682 denecessifatibu‘s'a’nitnam
1558 575 1763 689 meam;
1873 607 2059 651 meum
2085 597 2135 649 i“
2152 594 2234 647 his
2251 589 2535 689 imple”st
2552 580 3133 689 "_*““°_f’e’°°e“if{‘}§'j
3156 591 3220 689 εξ

186 665 303 684 ...ιω
324 670 336 682 .
361 665 475 682 υ...
491 665 572 680 υ...
594 665 764 681 ,μνη-ι
786 665 852 679 ..ν
870 665 1277 680 ..κνοω-...ηπ
1300 665 1536 678 -...........
1559 665 1763 689 ....,_...,

185 723 295 788 ipsa
319 720 459 774 enim
490 719 692 774 sanitas
720 727 801 773 est
824 734 945 772 vera
974 717 1193 772 libertas
1222 732 1339 785 qua:
1374 731 1476 769 non
1498 715 1763 785 periisset,

1931 689 2120 760 iperbia
2144 680 2502 745 tumidus,sed
2526 678 2589 733 ad
2611 677 2833 747 gratiam
2866 671 3138 739 confugiat
3176 665 3462 734 fatigatus;

1988 783 1999 788 -
2202 778 2215 788 ·
2319 785 2326 788 -
2514 772 2526 788 ε
2619 785 2632 788 -
2663 769 2675 788 ι
2708 766 2971 788 ρμ-ε--ηηι
3001 759 3318 788 .t:I~.........t..m
3355 773 3462 788 Μ..-

185 759 295 788 ..λσ-
491 759 692 774 om...“
721 759 801 773 ι...
832 759 945 772 η...
974 759 1193 772 ...,.,......
1222 759 1339 785 νην
1374 759 1476 769 ..-..
1498 759 1763 785 ,ων---η

185 817 227 871 si
260 818 396 870 bona
422 815 807 887 permansisset
828 815 1091 870 voluntas.
1119 812 1251 881 Quia
1276 826 1402 866 vero
1421 811 1662 881 peccavit
1683 828 1771 869 vo-

1931 759 2033 838 {sic
2056 796 2175 836 eum
2202 778 2286 833 lex
2315 772 2588 837 terrendo,
2613 769 2679 823 ad
2706 766 2973 823 Christum
2997 759 3321 831 diligendum
3355 773 3465 828 pae-

2050 872 2060 883 ο
2132 886 2137 887 γ
2199 872 2335 887 id--.
2365 863 2535 887 4.9.2.4..
2577 863 2767 887 tum...“
2789 855 3132 887 num-mulum
3154 861 3227 887 net
3275 848 3445 887 innuit

1876 872 2063 944 dagogi
2084 872 2341 941 perducat
2360 863 2558 920 oflicio.
2577 863 2770 916 lterum
2788 855 3134 927 quaerendum
3154 861 3253 918 eSt,
3275 855 3467 917 inquit,

369 951 382 975 ’
1196 956 1203 962 ’
1879 962 2144 994 -..ιιηαηιιη
2159 974 2261 994 nnn
2282 966 2448 994 nnmet
2476 953 2637 994 hnmn
2660 964 2782 994 esse
2799 948 2914 994 sine
2930 954 3173 994 peccato.
3189 941 3465 994 voluntate

189 948 578 975 .u.....s,.w....
619 948 702 964 νυ.
738 948 1049 979 "unum...
1081 948 1355 978 μυκαω...
1384 948 1612 965 ..αυνηω
1639 948 1773 964 υ...-
2812 948 2840 973 ,.

189 1002 499 1069 necessitas,
521 1002 693 1057 donec
717 1010 824 1056 tota
846 1012 1065 1056 sanetur
1085 999 1392 1069 infirmitas,
1413 1010 1467 1057 et
1482 1002 1775 1071 accipiatur
1876 962 2144 1071 (inﬁmum
2159 953 2647 1071 "PﬁPmiftf‘jT:
2660 948 3465 1071 efﬁgiﬁeicfﬁofiiﬁz

189 1042 499 1108 "uvam-ww,
522 1042 693 1107 ’ΝΜ-ν
717 1042 1056 1107 “NW-1W"
1085 1042 1392 1069 "mnuum"
1414 1042 1766 1071 "nurum
1880 1059 1986 1130 73
2018 1072 2084 1111 an
2118 1063 2326 1109 natura.
2375 1048 2430 1105 Si
2464 1057 2675 1109 natura,
2706 1048 2981 1112 peccatum
3012 1051 3119 1092 non
3151 1042 3269 1100 est;
3298 1042 3347 1087 st
3376 1044 3471 1086 vo-

188 1106 330 1151 tanta
365 1098 603 1160 libertas,
652 1114 702 1151 tn
750 1113 874 1165 qua,
906 1106 1046 1153 Sicut
1074 1112 1297 1152 necesse
1328 1105 1431 1161 est,
1465 1104 1777 1167 permaneat
1883 1152 1895 1167 _
2150 1142 2403 1167 “JH,”
2435 1148 2606 1167 “MM.
2639 1136 2885 1167 “Imm
2933 1132 3211 1167 “Imma
3246 1124 3467 1167 mund

187 1190 340 1245 beate
368 1190 577 1246 vivendi
611 1188 894 1258 voluntas;
925 1191 994 1246 ita
1025 1200 1083 1246 ut
1106 1192 1174 1246 sit
1202 1192 1367 1246 etiam
1395 1191 1532 1245 bene
1564 1188 1778 1244 vivendi

193 1295 244 1340 et
269 1300 540 1355 nunquam
574 1286 831 1357 peccandi
862 1287 1165 1341 voluntaria
1199 1285 1435 1357 felixque
1462 1285 1779 1341 necessitas.

190 1379 437 1446 Proinde,
466 1380 657 1450 inquit,
691 1380 834 1436 Deus
865 1382 1068 1437 bonum
1098 1380 1367 1436 hominem
1401 1382 1547 1446 fecit,
1573 1391 1625 1437 et
1646 1397 1777 1451 prte-

196 1482 435 1544 terquam
458 1474 607 1529 illum
640 1476 838 1530 bonum
868 1473 1016 1543 fecit,
1050 1477 1248 1531 bonum
1276 1476 1325 1530 ei
1356 1478 1574 1545 insuper
1604 1486 1663 1530 ut
1699 1476 1782 1531 fa-

190 1574 335 1622 ceret
356 1566 661 1637 imperavit.
693 1568 863 1635 Quam
893 1568 1117 1637 impium
1139 1579 1196 1622 ut
1222 1568 1576 1623 contiteamur
1605 1569 1783 1623 homi-

190 1676 310 1717 nem
336 1665 534 1718 malum
550 1678 689 1727 esse,
708 1663 849 1732 quod
865 1677 963 1718 nee
979 1660 1152 1719 factus
1172 1673 1254 1719 est
1268 1678 1367 1718 nec
1384 1664 1433 1718 ei
1457 1674 1787 1735 praeceptum

191 1764 293 1824 est;
307 1766 361 1812 et
376 1771 631 1826 negemus
644 1774 767 1813 eum
786 1760 1160 1827 bonum-posse
1174 1772 1317 1822 esse,
1334 1758 1473 1827 quod
1496 1755 1671 1812 factus
1684 1762 1785 1823 est,

193 1862 245 1906 et
274 1849 415 1920 quod
436 1850 486 1905 ei
515 1860 573 1906 ut
619 1849 817 1908 faceret
845 1852 1168 1921 imperatum
1196 1859 1299 1907 est.
1333 1850 1745 1919 Respondemus
1770 1865 1785 1902 :

194 1947 328 2013 Quia
356 1962 486 2019 ergo
513 1964 618 2004 non
641 1965 701 2013 se
732 1951 845 2019 ipse
874 1950 1059 2017 homo,
1081 1950 1175 2005 sed
1207 1951 1349 2005 Deus
1380 1950 1578 2005 bonum
1622 1943 1793 2000 homi-

195 2058 318 2099 nem
334 2042 480 2112 fecit,
509 2043 648 2100 Deus
675 2059 824 2113 eum,
850 2060 959 2100 non
980 2060 1041 2101 se
1072 2046 1207 2116 ipse,
1233 2053 1292 2101 ut
1312 2045 1381 2100 sit
1401 2046 1576 2100 bonus
1600 2046 1795 2115 reiicit,

196 2136 319 2193 dum
371 2138 665 2206 volentem,
714 2141 1063 2204 credentem,
1114 2141 1477 2207 invocantem,
1527 2141 1719 2197 liberat
1769 2156 1802 2197 ι

197 2232 338 2285 malo
367 2232 509 2301 quod
539 2231 641 2287 sibi
672 2232 788 2300 ipse
831 2231 981 2299 fecit;
1026 2234 1131 2289 hoc
1171 2241 1351 2289 autem
1383 2234 1443 2287 tit
1470 2234 1597 2289 dum
1627 2234 1799 2303 gratia

202 2324 305 2380 Dei
326 2341 423 2395 per
442 2326 627 2382 Jesum
645 2327 916 2382 Christum
943 2329 1226 2385 Dominum
1239 2337 1485 2385 nostrum
1510 2338 1805 2384 renovatur

207 2419 374 2473 homo
399 2420 623 2475 interior
647 2422 715 2476 de
733 2422 818 2477 die
843 2423 897 2477 in
921 2423 1084 2490 diem,
1111 2431 1171 2477 ut
1189 2424 1255 2477 ad
1279 2424 1683 2494 sempiternam,
1700 2438 1805 2479 non

205 2524 443 2580 poenam,
469 2514 565 2567 sed
594 2514 757 2568 vitam
785 2526 1027 2586 resurgat
1062 2518 1222 2573 homo
1242 2517 1480 2573 exterior
1506 2518 1560 2571 in
1581 2517 1810 2573 novissi—

206 2604 414 2660 modie.
435 2606 654 2675 lterum,
670 2607 1122 2678 ait,quaerendum
1149 2622 1234 2667 est
1253 2610 1570 2681 quotmodis
1598 2622 1813 2679 constet

208 2713 367 2754 omne
388 2700 911 2767 peccatum,duobus
937 2704 1041 2758 nisi
1064 2703 1241 2773 fallor,
1259 2705 1305 2760 si
1324 2712 1421 2759 aut
1443 2706 1531 2761 illa
1548 2705 1675 2760 [iant
1693 2718 1812 2775 qua

207 2789 579 2861 prohibentur,
600 2805 691 2848 aut
709 2794 796 2849 illa
813 2812 920 2851 non
936 2796 1066 2851 timt
1089 2812 1207 2867 quae
1221 2796 1507 2867 iubentur;
1532 2805 1640 2852 tam
1662 2806 1812 2856 certe

207 2883 391 2940 omnia
423 2885 512 2939 illa
547 2900 666 2956 quae
694 2888 964 2957 prohibita
1009 2897 1154 2953 sunt,
1178 2888 1333 2943 vitari
1378 2896 1615 2955 possunt,
1650 2903 1812 2958 quam

208 2992 331 3048 quae
342 2990 607 3049 prateepta
619 2989 745 3035 sunt
757 2982 965 3050 perﬁci:
986 2998 1106 3036 nam
1120 2982 1316 3039 frustra
1330 2990 1421 3037 aut
1439 2983 1813 3052 prohiberetur

211 3078 307 3126 aut
351 3070 794 3144 iubereturquod
839 3076 922 3131 vel
964 3076 1140 3131 caveri
1179 3076 1265 3132 vel
1303 3076 1514 3148 impleri
1552 3093 1661 3133 non
1697 3092 1815 3147 pos-

216 3173 334 3230 set;
364 3174 418 3220 et
433 3166 705 3235 quomodo
722 3168 1040 3237 negabimus
1066 3183 1223 3238 posse
1252 3184 1372 3225 esse
1402 3170 1676 3225 hominem
1699 3171 1815 3226 sine

1883 1124 2107 1211 imitate,
2150 1142 2404 1217 perfacile
2435 1148 2610 1209 potest
2639 1136 2887 1191 voluntas
2933 1132 3211 1187 voluntate
3246 1124 3467 1182 mutari.

1886 1239 2296 1313 Respondemus
2324 1235 2678 1289 admonentes
2726 1242 2848 1284 esse
2901 1222 3243 1295 cogitandum
3274 1227 3473 1290 quanta

1886 1336 1957 1390 sit
2006 1334 2107 1387 ista
2137 1326 2505 1400 praesumptio,
2539 1338 2641 1392 qua
2685 1320 2877 1375 dicitur
2927 1330 3035 1371 non
3086 1313 3261 1368 soluat
3293 1323 3474 1381 posse,

1890 1426 2031 1499 quod
2064 1422 2278 1495 quidem
2319 1418 2607 1486 adiuvante
2663 1413 2756 1467 Dei
2810 1412 2978 1482 gratia
3019 1405 3322 1477 negandum
3368 1417 3478 1457 non

1895 1498 1999 1586 est,
2028 1518 2123 1574 sed
2156 1515 2315 1570 etiam
2355 1508 2611 1582 perfacile
2641 1518 2799 1577 posse
2837 1503 3168 1558 voluntatem
3199 1498 3476 1553 voluntate

1893 1614 2108 1676 mutari,
2140 1625 2259 1667 cum
2290 1607 2428 1661 dicat
2458 1602 2747 1674 Apostolus
2781 1596 2957 1653 :Caro
3006 1591 3335 1663 concupiscit
3380 1588 3477 1643 ad-

1891 1722 2083 1763 versus
2116 1702 2359 1771 spiritum
2404 1706 2457 1751 et
2506 1693 2727 1765 spiritus
2767 1689 3027 1745 adversus
3073 1698 3331 1746 carnem;
3366 1680 3483 1734 btet:

1894 1802 2036 1857 enim
2060 1795 2207 1870 [sibi]
2236 1793 2462 1848 invicem
2496 1788 2878 1849 adversantur,
2911 1791 2969 1837 ut
2996 1796 3105 1836 non
3131 1794 3193 1835 ea
3220 1793 3339 1849 qua:
3365 1773 3485 1829 vul-

1821 1903 1872 1967 Β
1901 1898 1966 1950 tis
1997 1869 2205 1946 faciatis
2236 1904 2248 1941 :
2277 1900 2380 1939 non
2436 1882 2579 1937 enim
2620 1880 2714 1942 ait,
2748 1877 2865 1932 lucc
2913 1874 3142 1929 invicem
3193 1869 3487 1925 adversan-

1902 1997 2010 2051 tur,
2063 1990 2123 2037 ut
2150 1994 2271 2050 qua:
2302 1974 2527 2047 p0te=tis
2556 1972 2731 2027 facere
2759 1968 2967 2033 nolitis,
3019 1963 3140 2029 sed,
3172 1971 3231 2017 ut
3280 1975 3385 2015 non
3422 1971 3488 2051 ea

1901 2048 2021 2150 quae
2054 2048 2218 2127 vultis
2248 2068 2481 2124 faciatis.
2536 2064 2646 2119 Cur
2666 2076 2794 2131 ergo
2829 2048 3490 2150 concupiscentia-carnis,

1905 2144 2026 2240 quae
2060 2165 2243 2233 utique
2268 2158 2553 2229 culpabilis
2596 2166 2755 2225 atque
2783 2152 2974 2205 vitiosa
3006 2156 3110 2211 est,
3139 2144 3382 2214 nihilque
3407 2150 3494 2197 est

1906 2260 2051 2317 aliud
2081 2272 2239 2327 quam
2269 2252 2599 2309 desiderium
2652 2247 2880 2318 peccati,
2911 2243 3055 2314 quod
3088 2242 3228 2297 idem
3276 2244 3495 2309 Aposto-

1912 2358 1994 2409 lus
2027 2349 2267 2421 praicipit
2307 2362 2374 2401 ne
2420 2352 2612 2414 regnet
2665 2342 2720 2396 in
2767 2354 2951 2395 nostro
3000 2334 3216 2391 mortali
3245 2346 3494 2401 corpore,

1912 2448 2001 2504 ubi
2036 2444 2167 2498 satis
2197 2438 2431 2496 ostendit
2464 2451 2583 2492 esse
2615 2442 2791 2488 tamen
2820 2430 2874 2485 in
2906 2439 3092 2483 nostro
3132 2424 3343 2481 mortali
3372 2437 3498 2477 cor-

1913 2559 2047 2616 pore
2071 2538 2215 2610 quod
2241 2532 2658 2607 permittendum
2689 2546 2795 2583 non
2818 2528 2886 2582 sit
2916 2535 2974 2579 ut
3002 2532 3223 2595 regnet;
3254 2535 3351 2616 cur
3372 2530 3502 2587 ergo

1915 2612 2017 2691 ista
2063 2626 2501 2697 concupiscentia
2556 2638 2661 2677 non
2714 2626 2916 2675 mutata
2961 2626 3044 2672 est
3094 2629 3156 2669 ea
3196 2612 3499 2675 voluntate,

1917 2743 2076 2802 quam
2103 2725 2436 2781 voluntatem
2480 2719 2611 2773 satis
2655 2714 2935 2771 evidenter
2961 2708 3230 2780 expressit
3274 2706 3505 2802 Aposto-

1919 2796 2027 2892 lus,
2056 2821 2243 2877 dicens
2269 2833 2283 2872 :
2311 2815 2379 2870 Ut
2421 2828 2528 2869 non
2556 2826 2620 2868 ea
2652 2824 2770 2881 qua:
2798 2806 2960 2862 vultis
2996 2802 3225 2867 faciatis,
3274 2798 3321 2853 si
3351 2796 3509 2852 facile

1921 2888 2096 2988 potest
2152 2910 2402 2964 voluntas
2455 2904 2731 2960 voluntate
2784 2896 3019 2953 mutari?
3064 2908 3163 2949 nec
3214 2903 3347 2988 sane
3405 2888 3510 2941 isto

1920 2984 2082 3065 modo
2126 3013 2393 3067 naturam,
2441 2997 2554 3052 sive
2607 2994 2823 3056 anima,
2876 2986 2994 3044 sive
3034 2984 3300 3053 corporis,
3345 2993 3506 3050 quam

1920 3102 2059 3156 Deus
2084 3093 2291 3153 creavit
2333 3097 2388 3145 et
2415 3101 2535 3158 qua:
2566 3094 2674 3140 tota
2705 3082 2843 3136 bona
2887 3086 2992 3141 est,
3024 3086 3366 3138 accusamus,
3399 3068 3499 3126 sed

1921 3208 2040 3247 eam
2084 3188 2315 3242 dicimus
2367 3178 2581 3249 propria
2632 3175 2910 3230 voluntate
2951 3170 3192 3224 vitiatam
3247 3165 3364 3221 sine
3414 3161 3515 3217 Dei

217 3270 467 3329 peccato,
493 3276 613 3315 cum
642 3263 887 3318 confiteri
916 3278 1139 3327 necesse
1154 3266 1361 3321 siteum
1386 3272 1495 3320 tam
1524 3268 1702 3321 omnia
1718 3266 1811 3323 illa
1842 3304 1889 3369 ο
1918 3282 2087 3360 gnua
2138 3295 2243 3335 non
2286 3287 2444 3345 posse
2494 3270 2695 3325 sanari.
2748 3267 2970 3329 lterum,
3012 3264 3109 3329 ait.
3156 3255 3512 3330 annitendum

218 3366 344 3422 qua:
371 3362 619 3408 vetantur
640 3370 797 3424 posse
817 3371 1029 3420 cavere.
1055 3373 1214 3427 quam
1237 3374 1355 3427 quae
1382 3360 1716 3429 imperantur
1736 3360 1816 3416 ef-

224 3443 394 3499 ﬁcere
418 3444 439 3496 ?
471 3444 849 3514 Respondetur
878 3448 1043 3501 multa
1070 3462 1191 3503 esse
1221 3450 1275 3503 in
1298 3447 1590 3519 Seripturis
1617 3450 1821 3506 sanctis

224 3536 411 3593 tlivina
435 3548 724 3608 praecepta,
740 3554 860 3608 quae
875 3539 1054 3593 omnia
1071 3554 1500 3597 commemorare
1521 3542 1681 3597 nimis
1693 3556 1825 3612 ope-

228 3646 420 3688 rosum
446 3638 529 3687 est
557 3650 569 3686 :
601 3632 697 3687 sed
730 3630 988 3687 Dominus
1016 3632 1107 3700 qui
1150 3633 1373 3688 verbum
1417 3648 1742 3689 consumens
1770 3642 1827 3691 et

231 3726 491 3782 brevians
515 3726 638 3779 fecit
666 3740 827 3796 super
855 3734 1075 3795 terram,
1108 3726 1162 3780 in
1192 3726 1403 3782 duobus
1430 3728 1713 3797 praeceptis
1741 3726 1828 3783 di-

234 3819 323 3876 xit
350 3818 543 3888 Legem
571 3816 974 3889 Prophetasque
1002 3818 1258 3889 pendere,
1298 3828 1355 3873 ut
1383 3819 1827 3889 intelligeremus,

236 3910 502 3984 quidquid
522 3911 667 3966 aliud
687 3911 943 3967 divinitus
965 3921 1295 3983 praeceptum
1319 3922 1422 3979 est,
1442 3914 1497 3967 in
1521 3913 1601 3967 his
1622 3912 1833 3967 duobus

242 4003 447 4058 habere
471 4004 651 4069 tinem,
676 4013 731 4057 et
762 4003 828 4056 ad
850 4002 966 4057 haec
993 4004 1101 4059 duo
1129 4020 1252 4059 esse
1277 4005 1619 4061 referendum
1654 4023 1668 4057 :
1705 4004 1837 4059 Dili-

242 4110 343 4166 ges
358 4094 639 4149 Dominum
660 4095 824 4149 Deum
842 4103 993 4150 tuum
1012 4110 1080 4151 ex
1104 4105 1216 4151 toto
1229 4098 1392 4152 corde
1424 4107 1538 4163 tuo,
1554 4109 1609 4153 et
1629 4113 1694 4152 ex
1725 4104 1838 4152 tota

243 4191 428 4246 anima
453 4198 561 4255 tua,
588 4198 642 4244 et
666 4203 733 4243 ex
759 4195 872 4244 tota
902 4198 1081 4246 mente
1104 4198 1213 4255 tua,
1243 4202 1295 4245 et
1319 4190 1506 4259 diliges
1533 4190 1839 4261 proximum

247 4293 404 4340 tuum
432 4293 683 4354 tanquam
717 4293 768 4339 te
800 4283 994 4353 ipsum.
1030 4285 1086 4339 ln
1117 4285 1221 4353 his,
1244 4286 1435 4355 inquit,
1459 4286 1669 4341 duobus
1696 4302 1841 4356 prte-

245 4378 426 4448 ceptis
459 4385 568 4432 tota
598 4376 708 4433 Lex
739 4377 939 4448 pendet
978 4386 1034 4431 et
1065 4377 1347 4448 PrOphetae
1380 4396 1392 4431 :
1430 4377 1684 4447 quidquid
1715 4392 1845 4449 ergo

250 4472 351 4529 Dei
376 4473 492 4541 lege
517 4469 889 4541 prohibemur,
913 4478 968 4525 et
988 4469 1244 4541 quidquid
1265 4469 1517 4539 iubemur
1545 4468 1747 4537 facere,
1777 4470 1845 4527 ad

250 4566 363 4621 hoc
384 4564 733 4635 prohibemur
753 4571 807 4619 et
822 4564 1095 4633 iubemur,
1119 4575 1177 4621 ut
1197 4564 1304 4621 duo
1327 4565 1429 4620 ista
1444 4565 1846 4635 compleamus;

1922 3347 2031 3441 est,
2050 3374 2095 3429 si
2123 3386 2228 3426 non
2262 3373 2441 3436 potest
2460 3363 2623 3416 homo
2641 3360 2756 3413 sine
2782 3365 2999 3427 peccato
3027 3366 3167 3417 esse,
3186 3350 3340 3419 cujus
3360 3347 3519 3416 culpa

1924 3438 2043 3532 est,
2104 3462 2345 3531 ipsiusne
2400 3454 2635 3511 hominis
2691 3467 2757 3506 an
2820 3446 3109 3515 cujuslibet
3164 3441 3403 3497 alterius.
3461 3438 3519 3495 Si

1927 3558 2095 3628 ipsius
2124 3548 2380 3615 hominis,
2426 3543 2696 3613 quomodo
2735 3540 2889 3605 culpa
2922 3535 3154 3591 hominis
3182 3542 3287 3599 est,
3339 3534 3384 3587 si
3402 3532 3520 3628 hoc

1931 3620 2039 3705 non
2089 3652 2173 3700 est
2215 3639 2359 3711 quod
2389 3651 2511 3692 esse
2560 3648 2667 3690 non
2702 3630 2909 3702 potest?
2938 3626 3364 3697 Respondemus,
3401 3620 3523 3677 ideo

1934 3758 2056 3801 esse
2097 3734 2333 3792 hominis
2385 3731 2599 3802 culpam
2650 3725 2793 3796 quod
2836 3739 2944 3780 non
2994 3730 3080 3778 est
3126 3720 3242 3777 sine
3278 3728 3523 3788 peccato,

1936 3837 2061 3906 quia
2099 3832 2213 3888 sola
2242 3827 2476 3884 hominis
2517 3823 2795 3879 voluntate
2826 3821 3024 3875 factum
3070 3824 3156 3873 est
3183 3822 3241 3870 ut
3267 3813 3335 3869 ad
3367 3814 3525 3867 istam

1938 3928 2319 3985 necessitatem
2365 3921 2591 3985 veniret,
2645 3932 2803 3987 quam
2849 3916 2965 3970 sola
3010 3909 3243 3967 hominis
3278 3908 3527 3963 voluntas

1940 4034 2200 4091 superare
2229 4032 2339 4071 non
2368 4012 2560 4083 possit.
2595 4010 2818 4075 lterum,
2849 4007 2948 4071 ait,
2972 4002 3319 4075 qumrendum
3349 4008 3451 4062 est,
3482 3996 3529 4050 si

1944 4123 2135 4172 natura
2165 4106 2401 4165 hominis
2442 4108 2580 4161 bona
2611 4110 2697 4157 est
2721 4099 2891 4171 (quod
2922 4098 3099 4153 nullus
3154 4108 3373 4163 negare,
3424 4092 3531 4145 nisi

1945 4202 2204 4268 Marcion,
2253 4206 2345 4253 aut
2380 4196 2708 4251 Manichaeus
2748 4189 3013 4261 audebit),
3058 4186 3331 4260 quomodo
3367 4182 3531 4251 igitur

1948 4302 2086 4357 bona
2118 4303 2221 4360 est,
2247 4292 2295 4348 si
2326 4290 2467 4345 malo
2496 4289 2545 4344 ei
2570 4301 2679 4342 non
2711 4295 2793 4342 est
2814 4298 3003 4340 carere
3033 4275 3331 4350 possibile?
3357 4275 3532 4329 Omne

1948 4392 2093 4448 enim
2122 4392 2401 4458 peccatum
2445 4380 2646 4437 malum
2678 4392 2820 4444 esse,
2848 4375 2969 4447 quis
3014 4369 3257 4429 dubitet?
3289 4367 3533 4436 Respon-

1950 4487 2143 4542 demus
2189 4490 2244 4537 et
2293 4487 2535 4535 naturam
2590 4473 2821 4528 hominis
2871 4472 3066 4525 bonam
3118 4479 3260 4530 esse,
3314 4472 3369 4518 et
3417 4475 3538 4517 eam

1954 4579 2098 4635 malo
2126 4587 2316 4632 carere
2344 4584 2503 4642 posse
2529 4586 2545 4624 :
2570 4584 2695 4623 nam
2716 4567 2849 4621 ideo
2877 4564 3196 4627 clamamus,
3225 4557 3418 4613 Libera
3440 4568 3539 4611 nos

253 4666 316 4714 et
341 4660 478 4713 forte
505 4658 775 4727 generalis
794 4656 1087 4730 prohibitio
1113 4667 1213 4727 est,
1240 4658 1354 4714 Non
1382 4657 1769 4726 concupisces;
1793 4665 1850 4714 et
1876 4698 1930 4761 Β
1956 4688 1986 4727 a
2014 4670 2176 4734 malo,
2220 4665 2363 4736 quod
2415 4677 2523 4717 non
2572 4658 2849 4731 perﬁcitur
2878 4654 3115 4727 quandiu
3153 4664 3350 4721 corpus
3396 4646 3542 4719 quod

250 4754 530 4824 generalis
546 4752 715 4822 jussio
735 4762 839 4821 est,
862 4753 1057 4821 Diliges
1086 4770 1100 4807 :
1129 4751 1271 4808 unde
1296 4754 1533 4810 breviter
1556 4761 1610 4809 et
1630 4761 1850 4824 aposto-

253 4852 346 4907 lus
371 4850 567 4908 Paulus
611 4850 841 4918 quodam
890 4850 1010 4904 tceo
1052 4858 1338 4919 utrumque
1382 4849 1697 4919 complexus
1726 4857 1848 4916 est;

253 4942 555 5015 prohibitio
580 4950 665 4997 est
693 4940 837 4996 enim
864 4955 881 4996 :
911 4939 1086 4995 Nolite
1112 4940 1441 4995 conformari
1466 4941 1589 4995 huic
1612 4941 1849 5007 saeculo;

254 5035 437 5107 jUSsiO
466 5044 643 5090 autem
674 5051 685 5087 :
719 5031 825 5088 Sed
870 5030 1236 5089 reformamini
1274 5031 1328 5085 in
1374 5030 1610 5086 novitate
1656 5032 1853 5095 mentis

257 5135 490 5184 vestrm:
519 5125 651 5182 illud
666 5124 902 5197 pertinet
912 5125 981 5181 ad
993 5124 1110 5180 Non
1131 5123 1535 5194 concupiscere,
1552 5123 1655 5177 hoc
1669 5123 1735 5179 ad
1760 5124 1853 5179 Di-

260 5220 468 5288 ligere;
493 5218 622 5273 illud
649 5218 716 5273 ad
738 5216 1146 5285 continentiam,
1169 5215 1274 5271 hoc
1295 5213 1366 5270 ad
1391 5214 1689 5283 justitiam;
1724 5213 1856 5272 illud

262 5312 342 5367 ad
386 5308 759 5366 declinandam
797 5323 829 5363 a
869 5307 1035 5377 malo,
1064 5310 1167 5363 hoc
1194 5306 1259 5362 ad
1302 5306 1607 5362 faciendum
1638 5306 1859 5361 bonum:

263 5418 385 5461 non
402 5400 828 5471 concupiscendo
841 5402 983 5457 enim
1006 5407 1272 5456 vetustate
1286 5398 1672 5470 exspoliamur,
1692 5405 1747 5453 et
1766 5414 1864 5455 no-

265 5495 446 5551 vitate
461 5494 732 5550 induimur
752 5491 1045 5563 diligendo.
1061 5490 1171 5549 Sed
1186 5507 1288 5547 nec
1307 5492 1533 5561 quisque
1549 5505 1671 5547 esse
1688 5499 1868 5561 potest

267 5592 585 5655 continens,
613 5590 715 5644 nisi
750 5587 891 5643 Deus
917 5587 1044 5653 det;
1072 5596 1126 5643 et
1150 5587 1384 5642 cbaritas
1407 5586 1504 5640 Dei
1550 5585 1865 5641 diffunditur

272 5688 338 5744 in
365 5684 617 5741 cordibus
652 5682 873 5747 nostris,
901 5694 1010 5736 non
1038 5694 1132 5750 per
1158 5695 1259 5736 nos
1299 5682 1467 5750 ipsos,
1491 5681 1588 5736 sed
1628 5696 1722 5749 per
1742 5679 1868 5750 Spi-

271 5781 447 5838 ritum
471 5790 713 5834 sanctum
746 5776 831 5845 qui
855 5774 1012 5831 datus
1040 5783 1128 5831 est
1162 5772 1318 5829 nobis
1341 5791 1357 5830 :
1380 5774 1485 5830 hoc
1510 5783 1683 5830 autem
1716 5775 1776 5829 fit
1805 5773 1871 5831 de

275 5874 375 5932 die
403 5873 456 5927 in
484 5871 628 5928 diem
655 5870 709 5926 in
750 5868 832 5926 bis
853 5870 943 5942 qui
972 5868 1219 5939 valendo,
1242 5877 1299 5924 et
1320 5868 1611 5937 credendo,
1634 5876 1691 5925 et
1720 5868 1873 5924 invo-

283 5966 469 6030 canda
486 5966 791 6039 proﬁciunt,
813 5973 869 6023 et
887 5963 1154 6038 preterita
1177 5962 1577 6033 obliviscentes,
1596 5963 1651 6022 in
1666 5976 1730 6021 ea
1754 5976 1877 6033 quo

1954 4759 2321 4830 corrumpitur
2360 4763 2616 4827 aggravat
2660 4751 2925 4807 animam:
2958 4748 3053 4803 sed
3083 4746 3184 4801 hoc
3215 4744 3389 4814 agitur
3412 4755 3529 4810 grar

1958 4862 2027 4914 tia
2058 4871 2154 4928 per
2192 4852 2374 4917 fidem,
2416 4847 2763 4918 utaliquando
2801 4844 3008 4899 dicatur
3040 4859 3053 4893 :
3102 4838 3204 4895 Ubi
3233 4845 3337 4928 est,
3372 4846 3541 4928 mors,

1956 4924 2231 5007 contentio
2260 4953 2350 4999 tua
2363 4943 2386 4996 ’ἰ
2424 4941 2516 4997 ubi
2548 4949 2652 5007 est,
2685 4952 2852 5002 mors,
2880 4933 3099 4990 aculeus
3125 4929 3280 4986 tuus?
3309 4924 3546 4981 Aculeus

1955 5053 2137 5099 autem
2190 5036 2380 5093 mortis
2432 5039 2733 5104 peccatum,
2766 5028 2935 5083 virtus
2969 5039 3097 5079 vero
3142 5018 3350 5092 peccati
3391 5014 3543 5071 Lex:

1961 5136 2214 5210 quoniam
2246 5130 2357 5185 Lex
2381 5122 2718 5198 prohibendo
2742 5128 2902 5191 auget
2930 5114 3139 5187 peccati
3165 5108 3546 5210 cupiditatem,

1964 5204 2067 5284 nisi
2090 5221 2357 5280 diﬁundat
2384 5218 2617 5289 Spiritus
2647 5214 2989 5275 charitatem,
3023 5220 3143 5277 quas
3164 5204 3319 5274 plena
3348 5210 3404 5257 et
3428 5214 3550 5269 per-

1965 5322 2103 5377 fecta
2133 5326 2260 5372 tunc
2284 5313 2409 5379 erit,
2449 5325 2572 5366 cum
2618 5304 2919 5362 videbimu‘s
2948 5298 3085 5354 facie
3131 5295 3198 5352 ad
3228 5292 3442 5349 faciem.
3484 5290 3552 5348 Et

1967 5414 2092 5479 hoc,
2126 5408 2322 5479 inquit,
2373 5403 2661 5462 dicendum
2708 5407 2815 5463 est,
2868 5401 3017 5449 certe
3042 5390 3218 5479 justus
3262 5385 3427 5479 Deus,
3461 5397 3553 5479 ne;
3590 5386 3600 5396 ‘

1975 5471 2090 5576 gari
2128 5471 2273 5557 enim
2306 5471 2411 5553 non
2448 5502 2645 5565 potest.
2678 5490 2910 5558 Imputat
2951 5478 3305 5576 autem‘Deus
3348 5471 3556 5530 homini

1968 5567 2127 5649 omne
2170 5597 2469 5659 peccatum.
2513 5583 2581 5639 Et
2619 5584 2720 5636 hoc
2762 5588 2979 5648 quoque
3016 5567 3380 5629 conﬁtendum
3427 5572 3557 5634 puto

1971 5686 2092 5756 quia
2127 5697 2299 5751 neque
2324 5687 2605 5750 peccatum
2645 5683 2728 5729 est
2772 5667 3028 5742 quidquid
3056 5680 3165 5722 non
3206 5660 3557 5756 imputabitur

1973 5754 2024 5833 in
2058 5784 2359 5848 peccatum,
2408 5770 2511 5827 etsi
2539 5777 2623 5825 est
2676 5763 2892 5838 aliquod
2927 5769 3207 5833 peccatum
3236 5755 3378 5828 quod
3404 5754 3557 5812 vitari

1975 5844 2084 5930 non
2122 5870 2315 5942 possit.
2357 5862 2641 5935 Quomodo
2674 5861 2852 5931 justus
2882 5858 3027 5914 Deus
3061 5855 3279 5919 dicitur,
3312 5852 3356 5907 si
3386 5851 3555 5942 impu-
3584 5844 3587 5847 ’

1976 5975 2091 6022 tare
2114 5941 2364 6030 cuiquam
2410 5953 2651 6017 creditur
2676 5952 2819 6023 quod
2848 5950 3006 6009 vitari
3037 5963 3144 6008 non
3193 5943 3399 6014 possit?
3444 5941 3557 5996 Res
