4010 6382
565 429 697 490 1011

1668 417 1730 472 D.
1774 412 2093 474 EUGYPPII
2129 408 2415 470 ABBATIS
2449 410 2773 470 AFRICANI

3704 416 3812 474 1019

563 550 896 623 spondemus
920 546 1031 619 jam
1077 542 1204 598 olim
1252 545 1440 594 contra
1469 536 1732 606 superbos
1787 550 1907 591 esse
1952 536 2152 591 clama-
2177 534 2231 593 Α
2257 536 2407 599 ptum
2438 541 2560 584 esse
2599 535 2828 595 constat,
2880 533 3056 581 utrum
3091 524 3143 578 in
3192 537 3425 594 corpore
3465 525 3658 577 mortis
3686 524 3810 599 hujus

562 655 679 701 tum
706 660 719 698 :
749 643 944 698 Beatus
971 637 1056 694 cui
1091 650 1196 689 non
1245 628 1529 701 imputavit
1556 627 1812 683 Dominus
1844 635 2144 698 peccatum.

563 741 682 797 Non
730 736 871 794 enim
920 733 1145 802 imputat
1183 726 1269 783 his
1314 724 1402 797 qui
1448 722 1678 779 ﬁdeliter
1716 722 1765 778 ei
1794 720 2019 776 dicunt:
2053 718 2148 774 Di-

564 838 718 894 mitte
762 830 912 888 nobis
940 827 1119 885 debita
1162 835 1369 889 nostra,
1412 821 1551 877 sicut
1600 828 1657 876 et
1683 832 1782 883 nos
1830 816 2150 873 dimittimus

563 927 894 988 debitoribus
943 923 1145 980 nostris
1176 929 1270 976 :et
1294 919 1441 989 juste
1488 932 1595 972 non
1630 916 1879 984 imputat,
1913 911 2035 983 quia
2062 910 2153 983 ju-

561 1036 705 1084 stum
742 1032 827 1081 est
866 1021 1008 1094 quod
1034 1020 1108 1077 ait
1131 1038 1145 1072 :
1172 1018 1229 1073 In
1272 1031 1373 1088 qua
1420 1027 1673 1069 mensura
1711 1010 1885 1067 mensi
1918 1009 2146 1075 fueritis,

561 1123 619 1178 in
644 1118 834 1177 eadem
859 1116 1173 1174 remetietur
1203 1111 1372 1169 vobis.
1404 1110 1691 1165 Peccatum
1717 1114 1799 1161 est
1827 1111 2007 1161 autem
2027 1117 2149 1159 cum

562 1216 649 1273 vel
678 1229 785 1273 non
818 1220 904 1270 est
946 1211 1182 1267 charitas
1213 1222 1332 1276 qua:
1371 1219 1492 1261 esse
1529 1202 1715 1267 debet,
1749 1200 1832 1258 vel
1863 1200 2039 1255 minor
2069 1205 2152 1254 est

562 1322 724 1378 quam
765 1305 948 1372 debet,
998 1301 1112 1358 sive
1140 1300 1241 1355 hoc
1280 1297 1440 1354 vitari
1489 1296 1771 1353 voluntate
1801 1293 1991 1364 possit,
2040 1294 2153 1348 sive

561 1422 669 1463 non
699 1403 911 1476 possit;
940 1400 1064 1469 quia
1088 1397 1135 1454 si
1166 1403 1366 1466 potest,
1394 1406 1636 1463 praesens
1666 1389 1914 1446 voluntas
1943 1386 2043 1443 hoc
2069 1386 2148 1443 fa-

560 1497 664 1564 cit;
696 1495 744 1551 si
771 1492 1089 1562 auteminon
1117 1494 1317 1558 potest,
1351 1484 1621 1555 praeterita
1644 1480 1902 1537 voluntas
1945 1479 2047 1534 hoc
2073 1478 2151 1534 fe-

560 1593 663 1657 cit;
687 1598 742 1646 et
773 1597 950 1643 tamen
980 1582 1137 1641 vitari
1178 1587 1376 1650 potest,
1405 1594 1515 1634 non
1543 1575 1756 1647 quando
1786 1574 2033 1630 voluntas
2062 1587 2152 1628 su-

564 1684 725 1755 perba
753 1673 1024 1745 laudatur,
1056 1675 1153 1731 sed
1182 1671 1398 1743 quando
1426 1670 1643 1726 humilis
1674 1668 1979 1739 adiuvatur.
2026 1668 2153 1723 Post

560 1777 677 1831 haec
725 1773 815 1830 ille
855 1770 949 1842 qui
981 1769 1080 1825 ista
1127 1766 1473 1835 conscripsit,
1525 1762 1824 1820 introducit
1860 1775 2148 1831 personam

562 1882 714 1926 suam
759 1864 912 1937 quasi
954 1876 1079 1918 cum
1126 1860 1299 1917 altero
1330 1859 1716 1930 disputantem,
1742 1864 1797 1910 et
1826 1854 1951 1909 facit
1979 1868 2038 1909 se
2068 1852 2148 1907 in—

2249 620 2425 691 possit
2453 619 2691 689 impleri,
2725 620 2812 674 ubi
2859 633 2988 674 caro
3018 616 3349 687 concupiscit
3395 613 3659 671 adversus
3684 618 3808 687 spiri-

2248 725 2387 787 tum,
2413 727 2468 773 et
2496 717 2719 788 spiritus
2747 717 3009 773 adversus
3032 728 3269 779 carnem,
3296 722 3354 767 ut
3385 727 3498 766 non
3523 726 3587 766 ea
3615 728 3721 783 quae
3739 731 3807 769 voc

2250 810 2428 867 Iumus
2458 809 2734 866 faciamus.
2767 809 2842 864 De
2883 824 2989 879 quo
3018 821 3246 877 corpore
3300 805 3499 861 mortis
3544 802 3695 875 hujus
3723 823 3801 863 non

2249 904 2428 959 omnis
2458 902 2713 958 liberatur
2743 904 2833 972 qui
2869 899 2983 956 ﬁnit
3016 899 3153 954 hanc
3184 897 3373 962 vitam,
3402 895 3504 951 sed
3535 896 3626 967 qui
3651 894 3700 951 in
3726 898 3801 955 hac

2250 1001 2357 1056 vita
2378 1001 2673 1071 susceperit
2691 998 2941 1071 gratiam,
2973 1005 3025 1052 et
3054 1011 3122 1051 ne
3150 994 3202 1049 in
3232 1008 3433 1049 vanum
3464 992 3713 1062 suscipiat
3733 992 3802 1048 ho-

2254 1092 2338 1149 nis
2376 1093 2627 1163 operibus
2672 1091 2863 1161 egerit.
2911 1086 3071 1145 Aliud
3121 1094 3203 1143 est
3248 1085 3396 1142 enim
3440 1082 3596 1139 exire
3631 1082 3691 1139 de
3728 1084 3799 1141 hoc

2252 1198 2480 1257 corpore
2505 1183 2666 1257 (quod
2695 1195 2884 1239 omnes
2926 1181 3171 1237 homines
3202 1177 3320 1234 dies
3365 1177 3502 1231 vitae
3532 1174 3682 1247 hujus
3704 1177 3797 1232 ulti-

2255 1290 2374 1332 mus
2403 1276 2588 1347 cogit),
2620 1274 2759 1329 aliud
2790 1280 2874 1330 est
2894 1280 3070 1328 autem
3101 1269 3321 1327 liberari
3346 1267 3419 1324 de
3448 1282 3672 1337 corpore
3690 1283 3795 1321 mor-

2255 1372 2323 1426 tis
2352 1370 2530 1441 hujus,
2558 1368 2699 1439 quod
2729 1368 2844 1423 sola
2874 1365 2968 1422 Del
3007 1366 3177 1435 gratia
3209 1378 3305 1434 per
3333 1361 3530 1418 Jesum
3567 1359 3791 1415 Christum

2255 1463 2537 1518 Dominum
2564 1471 2805 1519 nostrum
2836 1459 3035 1514 sanctis
3064 1467 3119 1512 et
3153 1455 3403 1511 ﬁdelibus
3432 1454 3553 1524 ejus
3584 1453 3792 1522 impertit.

2256 1556 2385 1611 Post
2413 1556 2550 1610 hanc
2590 1563 2768 1609 autem
2808 1552 2973 1607 vitam
3015 1564 3223 1605 merces
3256 1546 3556 1618 perﬁciens
3584 1543 3794 1611 redditur,

2255 1648 2350 1704 sed
2379 1649 2459 1705 eis
2488 1655 2692 1703 tantum
2718 1660 2748 1701 a
2776 1645 2971 1716 quibus
2999 1644 3051 1700 in
3083 1644 3186 1698 hac
3227 1641 3332 1697 vita
3354 1639 3606 1713 ejusdem
3628 1652 3795 1695 mercc-

2251 1741 2336 1796 dis
2364 1742 2610 1798 meritum
2638 1748 3002 1811 comparatur.
3051 1735 3167 1793 Non
3198 1735 3345 1793 enim
3395 1733 3471 1789 ad
3516 1736 3790 1790 saturitatem

2255 1833 2496 1903 iustitiae,
2521 1848 2642 1888 cum
2670 1833 2793 1888 hinc
2818 1831 3012 1887 exierit
3033 1829 3258 1900 quisque
3298 1828 3599 1899 perveniet,
3632 1827 3713 1883 nisi
3730 1826 3784 1882 ad

563 1920 827 2029 terrogai‘i
852 1998 868 2024 ,
914 1962 967 2011 et
1013 1953 1169 2022 quasi
1217 1950 1285 2006 ab
1325 1920 1712 2021 interrogante
1737 1947 1835 2002 sibi
1884 1945 1988 2001 dici
2024 1964 2036 1999 :
2073 1945 2147 2001 Da
2177 1920 2224 1981 Β
2250 1940 2395 2029 iam:
2423 1940 2544 1981 cum
2578 1926 2665 1981 hic
2704 1934 2808 1992 es"
2839 1922 3127 1980 θθυτίθηάο
3154 1929 3211 1978 εί
3235 1922 3477 2027 Silia?“
3500 1922 3780 1978 ουσυπετίιε

566 2052 701 2109 mihi
749 2048 1021 2104 hominem
1071 2044 1189 2101 sine
1216 2044 1478 2114 peccato?
1504 2052 1558 2099 et
1582 2040 1910 2111 respondet:
1946 2041 2021 2094 Do
2052 2039 2147 2096 tibi

562 2144 653 2213 qui
683 2156 807 2199 esse
830 2140 1036 2210 possit;
1066 2146 1120 2194 et
1147 2151 1335 2193 rursus
1360 2136 1427 2192 ab
1451 2136 1817 2206 interrogante
1846 2133 2039 2188 dicitur
2069 2130 2147 2187 ei:

564 2237 695 2305 Quis
725 2235 855 2291 est?
882 2242 937 2290 et
970 2231 1281 2303 respondet,
1315 2230 1435 2300 Ipse
1466 2238 1541 2286 tu.
1571 2227 1723 2297 Quod
1747 2228 1789 2282 si
1814 2227 2035 2293 dixeris,
2072 2229 2151 2282 in-

565 2330 695 2400 quit,
722 2343 824 2399 ego
852 2341 973 2384 esse
1002 2339 1110 2383 non
1160 2338 1407 2395 possum,
1438 2320 1872 2392 respondendum
1924 2327 2026 2387 est,
2059 2334 2151 2375 cu-

565 2440 647 2482 lus
672 2423 828 2493 culpa
857 2420 979 2478 est?
1010 2418 1163 2488 Quod
1189 2419 1235 2473 si
1276 2418 1498 2483 dixeris,
1533 2431 1672 2482 mea,
1719 2414 1999 2470 dicendum
2032 2415 2148 2482 ;est,

564 2528 616 2574 et
645 2515 919 2589 quomodo
944 2524 1035 2571 tua
1063 2520 1167 2577 est,
1206 2512 1250 2567 si
1280 2512 1394 2581 ipse
1440 2525 1545 2566 non
1579 2510 1767 2578 potes?
1798 2507 1995 2563 lterum
2029 2508 2153 2563 facit

566 2627 625 2668 se
655 2606 998 2680 interrogari,
1032 2614 1088 2663 et
1119 2603 1225 2660 dici
1256 2603 1359 2659 sibi
1386 2620 1398 2656 :
1430 2602 1510 2658 Tu
1533 2603 1646 2674 ipse
1667 2600 1785 2658 sine
1816 2608 2036 2670 peccato
2067 2614 2147 2666 es,

565 2704 655 2776 qui
682 2704 815 2760 dicis
859 2701 1130 2757 hominem
1160 2697 1280 2755 sine
1328 2704 1548 2766 peccato
1578 2710 1703 2752 esse
1734 2696 1937 2765 posse?
1977 2702 2032 2750 et
2068 2709 2153 2751 re-

565 2797 814 2869 spondet,
845 2795 998 2864 Quod
1038 2809 1145 2849 non
1178 2807 1296 2849 sum
1351 2791 1468 2847 sine
1507 2798 1755 2863 peccato,
1804 2788 1957 2859 cujus
1996 2790 2150 2860 culpa

565 2892 687 2948 est?
716 2888 859 2961 quod
885 2889 932 2945 si
970 2887 1190 2953 dixerit,
1236 2886 1431 2955 inquit,
1468 2892 1555 2940 tua
1584 2893 1687 2953 est,
1717 2883 2150 2954 respondendum

565 2992 671 3051 est,
719 2980 991 3053 quomodo
1047 2993 1189 3047 mea,
1240 2978 1285 3034 si
1316 2992 1437 3035 esse
1486 2993 1590 3033 non
1624 2979 1885 3048 possum?
1910 2978 2021 3034 Nos
2063 2993 2150 3033 re-

567 3074 891 3146 Spondemus
937 3071 1143 3128 nullum
1180 3084 1301 3126 cum
1333 3070 1412 3126 cis
1456 3069 1527 3126 de
1574 3069 1657 3126 bis
1685 3070 1862 3126 verbis
1907 3084 2026 3125 esse
2053 3070 2151 3124 de-

568 3170 701 3225 bere
729 3166 1062 3232 conilictum,
1096 3164 1221 3235 quia
1244 3179 1352 3220 non
1393 3175 1475 3219 est
1504 3179 1669 3220 ausus
1699 3162 1883 3218 dicere
1907 3177 2029 3217 esse
2059 3161 2152 3218 ho-

2249 2021 2397 2077 Beati
2435 2021 2633 2090 quippe
2661 2019 2751 2089 qui
2781 2019 3025 2075 esuriunt
3061 2024 3115 2071 et
3157 2016 3349 2071 sitiunt
3370 2014 3654 2086 justitiam,
3681 2028 3785 2086 quo-

2250 2114 2399 2169 niam
2436 2113 2537 2182 ipsi
2565 2111 2975 2167 saturabuntur.
3004 2108 3249 2176 Quandiu
3277 2122 3411 2178 ergo
3436 2109 3788 2179 peregrinantes

2249 2222 2283 2264 ι
2310 2207 2558 2273 Domino,
2587 2221 2681 2277 per
2711 2205 2871 2261 ﬁdem
2900 2203 3262 2269 ambulamus,
3308 2216 3408 2257 nun
3449 2217 3541 2272 per
3559 2201 3780 2271 speciem,

2252 2300 2395 2356 unde
2421 2299 2622 2355 dictum
2650 2308 2754 2367 est,
2782 2297 2966 2354 Justus
2986 2311 3056 2353 ex
3081 2295 3190 2351 ﬁde
3218 2294 3369 2359 vivit;
3397 2294 3507 2350 haec
3526 2301 3598 2349 est
3616 2302 3775 2347 nostra

2255 2396 2309 2451 in
2337 2395 2452 2464 ipsa
2480 2392 2910 2465 peregrinatione
2931 2388 3161 2463 justitia,
3196 2400 3257 2445 ut
3298 2388 3362 2443 ad
3377 2388 3514 2443 illam
3532 2385 3781 2457 perfectio-

2253 2506 2377 2547 nem
2408 2487 2901 2559 plenitudinemque
2925 2485 3172 2557 justitiae,
3203 2484 3297 2539 ubi
3340 2484 3393 2537 in
3410 2482 3583 2552 specie
3607 2479 3786 2536 decoris

2242 2584 2375 2655 ejus
2398 2583 2510 2653 jam
2537 2583 2695 2652 plena
2727 2592 2781 2638 et
2811 2579 3051 2650 perfecta
3080 2578 3323 2634 cbaritas
3352 2576 3476 2642 erit,
3505 2590 3628 2629 nunc
3651 2573 3782 2643 ipsius

2251 2694 2445 2736 cursus
2485 2677 2809 2734 rectitudine
2855 2683 2912 2730 et
2939 2674 3269 2745 perfectione
3324 2671 3618 2735 tendamus,
3660 2667 3778 2723 casti-

2253 2773 2434 2843 gando
2463 2785 2660 2838 corpus
2710 2780 2951 2824 nostrum
3006 2777 3061 2824 et
3108 2764 3355 2822 servituti
3403 2762 3703 2834 subjicienda,
3732 2769 3769 2814 et

2254 2868 2631 2937 eleemosynas
2659 2863 2711 2917 in
2740 2862 2930 2917 dandis
2962 2858 3256 2923 beneﬁciis,
3283 2867 3341 2912 et
3371 2856 3663 2913 dimittendis
3676 2865 3760 2923 qua!

2256 2961 2309 3017 in
2340 2976 2438 3016 nos
2458 2966 2584 3016 sunt
2609 2959 2898 3015 commissa
2932 2955 3184 3027 peccatis,
3231 2954 3486 3010 hilariter
3510 2963 3558 3009 et
3583 2966 3631 3005 ex
3648 2944 3764 3001 corde

2256 3056 2527 3120 faciendo,
2577 3063 2633 3109 et
2681 3051 3021 3108 orationibus
3068 3048 3444 3106 indesinenter
3478 3043 3701 3103 instando,
3736 3045 3770 3092 et

2257 3150 2372 3204 hac
2403 3148 2649 3204 faciendo
2680 3148 2732 3202 in
2764 3145 3004 3202 doctrina
3047 3157 3199 3207 sana,
3231 3156 3337 3212 qua
3367 3139 3656 3197 aediﬁcatur
3680 3135 3761 3187 ﬁdes

567 3260 767 3316 minem
797 3259 917 3316 sine
946 3233 1186 3327 peccato,
1220 3256 1307 3313 vel
1345 3256 1607 3327 aliquem,
1636 3256 1722 3311 vel
1751 3256 1985 3325 seipsum
2008 3294 2024 3323 ,
2060 3256 2150 3311 sed

2258 3251 2425 3306 recta,
2454 3254 2579 3309 spes
2608 3238 2782 3305 ﬁrma,
2829 3237 3063 3293 charitas
3093 3249 3241 3304 pura.
3281 3233 3413 3288 Haec
3446 3240 3535 3291 est
3582 3240 3680 3286 nunc
3697 3238 3751 3277 ωε

567 3315 956 3411 tantummodo'
970 3366 1092 3409 esse
1116 3366 1276 3422 posse
1302 3315 1619 3421 respondit;
1648 3349 1789 3421 quod
1837 3315 2022 3419 neque
2042 3364 2153 3413 ,nos
2178 3315 2224 3379 Ο
2259 3343 2367 3389 δυο
2395 3333 2618 3402 imm“:
2657 3345 2760 3402 (1⁸1³
2791 3330 2900 3402 74
2928 3330 3215 3422 cummis,
3244 3326 3559 3422 θευνίθοιεεέ
3652 3319 3762 3375 5m

568 3462 827 3520 negamus
852 3464 867 3504 :
899 3446 1116 3519 quando
1147 3455 1326 3502 autem
1360 3445 1550 3516 possit,
1575 3453 1631 3501 et
1660 3459 1754 3515 per
1781 3459 1939 3516 quem
1965 3443 2153 3514 possit,

567 3544 667 3600 hoc
697 3542 977 3614 quaeritur.
1018 3540 1075 3597 Si
1107 3539 1255 3597 enim
1288 3538 1453 3595 modo
1492 3548 1598 3606 est,
1631 3556 1737 3594 non
1770 3540 1917 3594 omni
1966 3541 2157 3594 animae

567 3634 713 3691 fideli
750 3634 938 3704 posita:
962 3635 1016 3689 in
1046 3646 1275 3702 corpore
1295 3630 1487 3688 mortis
1514 3632 1673 3701 hujus
1702 3630 1960 3686 orandum
1991 3643 2074 3685 est
2102 3639 2158 3686 et

568 3728 856 3785 dicendum
882 3744 900 3784 :
932 3728 1149 3784 Dimitte
1178 3728 1334 3783 nobis
1358 3726 1536 3782 debita
1569 3733 1790 3791 nostra;
1821 3740 1943 3780 cum
1972 3724 2081 3793 jam
2105 3724 2157 3779 in

569 3827 758 3876 sancto
778 3818 1047 3889 baptismo
1075 3817 1326 3872 universa
1357 3816 1557 3871 fuerint
1610 3816 1831 3872 dimissa
1862 3813 2152 3886 praeterita.

569 3910 824 3984 Quisquis
875 3919 1053 3967 autem
1094 3908 1352 3964 membris
1382 3907 1631 3964 ﬁdelibus
1672 3908 1874 3964 Christi
1908 3911 2006 3964 hoc
2052 3922 2157 3963 non

571 4022 695 4065 esse
721 4006 1004 4073 orandum,
1033 4003 1359 4076 persuadere
1385 4011 1631 4071 conatur,
1663 4002 1795 4059 nihil
1826 4004 1969 4059 aliud
1999 4019 2157 4075 quam

576 4103 823 4171 seipsum
875 4098 1239 4157 Christianum
1293 4111 1399 4154 non
1459 4110 1582 4153 esse
1632 4098 1935 4167 profitetur.
1992 4097 2160 4154 Porro

571 4198 616 4253 si
678 4213 775 4267 per
827 4195 1063 4266 seipsum
1124 4200 1299 4264 potest
1354 4192 1518 4248 homo
1568 4205 1693 4248 esse
1738 4193 1860 4248 sine
1912 4201 2156 4262 peccato,

569 4304 700 4360 ergo
723 4289 972 4345 Christus
1008 4288 1176 4359 gratis
1219 4297 1463 4343 mortuus
1493 4296 1611 4354 est;
1650 4302 1757 4342 non
1786 4296 1964 4343 autem
1996 4289 2159 4359 gratis

570 4393 822 4439 mortuus
850 4392 934 4439 est
961 4381 1206 4438 Christus
1231 4398 1245 4436 :
1276 4396 1384 4437 non
1434 4380 1598 4451 igitur
1626 4388 1805 4450 potest
1846 4380 2010 4435 homo
2040 4393 2160 4436 esse

568 4478 690 4534 sine
716 4487 956 4547 peccato,
986 4477 1198 4534 etiamsi
1230 4475 1382 4540 velit,
1411 4475 1511 4531 nisi
1546 4474 1833 4543 adjuvetur
1863 4474 2033 4545 gratia
2064 4474 2158 4529 Dei

569 4584 681 4642 per
718 4567 901 4624 Jesum
943 4564 1217 4623 Christum
1273 4566 1559 4621 Dominum
1596 4572 1861 4620 nostrum.
1896 4564 2049 4632 Quod
2104 4572 2161 4619 ut

567 4658 906 4735 perﬁciatur,
934 4667 991 4715 et
1017 4673 1157 4715 nunc
1184 4658 1239 4714 in
1265 4656 1673 4728 proﬁcientibus
1702 4655 1895 4726 agitur,
1928 4668 1981 4711 et
2009 4656 2155 4711 omni

570 4754 738 4811 modo
784 4745 1118 4824 implebitur,
1167 4751 1514 4807 contentione
1542 4750 1736 4805 mortis
1772 4750 2073 4820 absumpta,
2104 4761 2157 4807 et

570 4847 859 4913 charitate,
906 4861 1029 4917 qua:
1074 4842 1350 4901 credendo
1398 4852 1456 4898 et
1493 4841 1765 4913 sperando
1796 4841 2055 4909 nutritur,
2084 4843 2158 4898 vi-

568 4939 749 4995 dendo
774 4947 831 4994 et
859 4937 1153 4995 obtinendo
1202 4935 1459 5008 perfecta.
1492 4934 1763 5005 Deinceps
1812 4934 2044 4989 instituit
2070 4934 2157 4990 di-

570 5031 712 5088 vinis
743 5032 1066 5089 testimoniis
1091 5045 1253 5101 agere
1274 5030 1418 5102 quod
1444 5028 1694 5098 intendit,
1723 5027 1869 5100 quod
1903 5028 2064 5099 quale
2089 5028 2162 5084 sit

571 5129 881 5200 diligentius
903 5129 1268 5185 advertamus.

1142 5242 1372 5301 CAPUT
1408 5240 1578 5298 CCCI.

514 5410 517 5415 ,
578 5352 675 5409 Ubi
702 5318 896 5424 possint
922 5362 1178 5424 preat-cpta
1215 5354 1523 5425 perfectione
1546 5351 1813 5424 compleri,
1845 5362 1893 5406 et
1923 5350 2047 5422 quid
2087 5352 2155 5407 sit

643 5424 859 5497 liberare
880 5425 944 5479 de
967 5441 1177 5497 corpore
1205 5427 1408 5492 mortis,
1438 5424 1515 5478 vel
1544 5425 1681 5494 quod
1711 5424 1915 5497 nomine
1936 5425 2150 5495 jeium'i,

641 5494 976 5568 elemosyna:
1015 5494 1064 5568 et
1090 5498 1361 5563 orationis,
1399 5496 1567 5550 omnis
1586 5495 1807 5568 justitiaz
1847 5494 2151 5567 generalitas

641 5566 928 5635 indicetur;
949 5583 1013 5621 ea:
1033 5566 1163 5623 libro
1200 5570 1396 5625 eodem.

643 5685 995 5751 Testimonia,
1051 5685 1241 5755 inquit,
1288 5685 1483 5755 quibus
1534 5682 1791 5753 probatur
1823 5689 2151 5752 praeceptum

576 5776 934 5834 esse-homini
964 5785 1023 5831 ut
1070 5777 1273 5846 absque
1301 5784 1523 5846 peccato
1564 5776 1653 5831 sit.
1688 5776 1770 5830 Ad
1804 5774 1903 5829 hoc
1934 5787 2155 5844 respon-

574 5869 765 5925 demus
794 5868 950 5923 :Non
992 5875 1169 5923 utrum
1212 5875 1539 5938 praeceptum
1589 5867 1659 5921 sit
1697 5864 1956 5935 quaeritur
1988 5867 2151 5937 (quod

574 5959 736 6016 valde
763 5961 1102 6017 manifestum
1131 5958 1258 6026 est),
1290 5959 1383 6013 sed
1425 5959 1528 6014 hoc
1572 5961 1745 6031 ipsum
1780 5959 1917 6029 quod
1951 5974 2150 6027 prace-

2261 3438 2364 3495 tes,
2404 3427 2469 3482 ad
2494 3426 2882 3497 perfectionem
2922 3415 3655 3493 plenitudinemquejustitiz,
3680 3418 3775 3465 um

2258 3529 2441 3592 postea
2482 3527 2806 3574 saturemur.
2842 3516 2995 3573 Unde
3026 3513 3286 3568 Dominus
3316 3511 3373 3566 in
3405 3507 3676 3578 Evangelia
3697 3514 3781 3557 cum

2257 3612 2483 3669 dixisset
2508 3629 2519 3660 :
2544 3609 2720 3665 Nolite
2747 3610 2921 3665 facere
2949 3606 3211 3677 justitiam
3241 3612 3475 3659 vestram
3523 3612 3686 3656 coram
3713 3595 3785 3648 Ιιο·

2260 3706 2516 3773 minibus,
2560 3714 2616 3760 ut
2670 3704 2957 3761 videamini
3007 3704 3076 3760 ab
3126 3703 3240 3770 eis;
3291 3716 3360 3757 ne
3398 3700 3549 3756 istum
3587 3702 3792 3751 nostrum

2260 3814 2474 3856 cursum
2506 3798 2611 3854 ﬁne
2641 3800 2891 3854 humana:
2921 3797 3102 3870 glorlte
3132 3795 3463 3855 metiremur,
3508 3801 3609 3842 non
3641 3792 3716 3839 est
3744 3782 3790 3835 in

2260 3892 2599 3963 expositione
2620 3890 2847 3962 iustitiae
2872 3890 3039 3961 ipsius
3059 3898 3337 3944 exsecutus
3352 3882 3443 3938 nisi
3466 3878 3559 3935 tria
3579 3877 3690 3939 ista,
3718 3871 3789 3942 is.

2258 3987 2488 4057 jnnium,
2551 3986 2946 4056 eleemosynas,
2991 3984 3314 4039 orationes:
3348 3975 3540 4050 jejunio
3587 3967 3794 4037 scilicet.

2260 4080 2564 4135 universam
2594 4079 2837 4149 corporis
2864 4076 3280 4148 castigationem
3312 4068 3636 4144 signiﬁcans;
3678 4064 3800 4120 elec-

2261 4175 2521 4246 mosynis,
2569 4188 2781 4229 omnem
2838 4171 3269 4229 benevolentiam
3319 4180 3375 4226 et
3422 4161 3793 4224 beneﬁcentiam

2262 4267 2346 4322 vel
2377 4266 2539 4321 dandi
2570 4265 2651 4321 vel
2681 4263 3028 4335 ignoscendi;
3057 4274 3108 4320 et
3138 4264 3385 4319 oratione
3412 4260 3683 4317 insinuars
3717 4265 3802 4307 on-

2263 4377 2360 4419 nes
2388 4361 2598 4432 regulas
2631 4360 2801 4415 sancti
2841 4357 3108 4422 desiderii,
3147 4365 3204 4412 ut
3230 4356 3494 4428 quoniam
3529 4354 3583 4411 in
3624 4346 3800 4416 castisr

2263 4454 2412 4509 tione
2442 4452 2686 4523 corporis
2714 4452 2953 4506 frenatur
2982 4448 3440 4519 concupiscentia,
3475 4460 3600 4516 qua
3626 4458 3712 4498 non
3726 4437 3797 4493 fre-

2264 4547 2381 4601 nari
2427 4546 2521 4601 sed
2550 4547 2771 4601 omnino
2822 4557 2945 4601 esse
2992 4558 3098 4599 non
3148 4541 3332 4608 debet,
3386 4554 3493 4595 nec
3526 4541 3629 4595 erit
3664 4539 3699 4588 in
3729 4530 3787 4582 IIII

2268 4639 2599 4709 perfectione
2620 4638 2840 4709 iustitia
2888 4637 2980 4692 ubi
3024 4634 3233 4691 nullum
3260 4634 3363 4689 erit
3411 4633 3641 4687 omnino
3663 4636 3796 4698 pett:-

2265 4742 2401 4799 tum,
2425 4740 2481 4788 et
2502 4747 2647 4801 saepe
2676 4733 2729 4786 in
2761 4746 2857 4786 usu
2882 4742 3063 4786 rerum
3094 4724 3257 4784 etiam
3280 4738 3670 4783 concessarum
3690 4728 3804 4787 atque

2263 4826 2530 4881 licitarum
2556 4826 2726 4879 exerit
2754 4822 3255 4878 immoderationem
3280 4833 3433 4875 suam
3463 4835 3478 4872 :
3508 4820 3568 4874 in
3597 4818 3704 4888 ipsa
3720 4822 3813 4865 ven

2264 4918 2639 4984 beneﬁcentia,
2671 4932 2773 4987 qua
2801 4916 2977 4985 justus
3028 4912 3259 4970 consulit
3303 4912 3583 4981 proximo,
3616 4904 3813 4979 quarti!-

2264 5010 2401 5066 ﬁunt
2428 5024 2548 5079 qua:
2577 5009 2776 5075 obsint,
2808 5022 2931 5063 cum
2976 5005 3232 5078 prodesse
3266 5012 3447 5075 putata
3480 5004 3633 5070 sint;
3662 5008 3713 5055 et
3742 4996 3821 5051 sli-

2262 5102 2481 5172 quando
2515 5117 2609 5171 per
2635 5101 3023 5167 inﬁmitatem,
3057 5098 3140 5154 vel
3186 5112 3311 5153 curn
3358 5096 3551 5151 minus
3592 5092 3819 5149 δεῖσε-δατ

2266 5192 2679 5250 necessitatibus
2732 5192 2979 5259 aliorum,
3042 5192 3128 5246 vel
3174 5202 3361 5257 parum
3409 5188 3466 5244 in
3508 5190 3600 5244 eis
3654 5182 3825 5257 proﬁcit

2266 5287 2408 5357 quod
2432 5285 2774 5355 benignitatis
2796 5298 2863 5341 ac
2886 5284 3086 5341 laboris
3106 5284 3453 5356 impenditur,
3490 5282 3734 5352 subrepit
3758 5288 3825 5332 ta!-

2261 5380 2433 5449 dium,
2475 5392 2583 5450 quo
2605 5377 2841 5435 insector
2868 5377 3131 5443 hilaritas,
3167 5378 3221 5432 in
3248 5388 3350 5447 qua
3393 5376 3652 5432 datorem
3692 5372 3832 5439 diligit

2265 5478 2407 5533 Dens
2442 5471 2728 5540 :subrepit
2774 5479 2956 5525 autem
3010 5476 3159 5524 tanto
3205 5467 3372 5539 magis
3420 5476 3636 5538 quanto
3686 5466 3832 5520 minus

2264 5572 2512 5643 quisque,
2534 5572 2596 5625 et
2625 5570 2780 5618 tanto
2808 5560 2985 5617 minus
3006 5569 3207 5631 quanto
3236 5558 3410 5630 magis
3460 5554 3779 5629 profecerit.

2836 5714 3060 5774 CAPUT
3077 5715 3270 5773 CCCI].

2260 5863 2581 5931 Prwoeptum
2607 5862 2670 5917 de
2689 5858 2953 5933 diligendo
2980 5856 3086 5912 Deo
3108 5856 3172 5933 in
3194 5853 3287 5909 illa
3314 5853 3419 5933 sitq
3449 5855 3690 5933 perfecte
3717 5864 3837 5933 rats-

2330 5925 2456 6007 plcri
2485 5936 2631 6001 dicit,
2656 5944 2705 5990 et
2747 5925 3005 5990 ricinum
3027 5928 3193 5984 reddit
3214 5928 3641 5982 testimoniorum
3676 5925 3845 5986 uitis
