4010 6382
270 400 371 457 1015

1369 400 1805 460 THEBAUBUS.
1841 400 1995 459 CAP.
2035 402 2229 463 CCCI].

3320 414 3455 470 10113

559 516 763 601 .W
785 518 1069 590 perfectum
1090 532 1230 584 esse,
1249 517 1334 575 eet
1349 519 1557 587 quando
1586 519 1652 573 sit
1675 516 1773 572 Ec-
1800 518 1855 583 Α
1875 532 1993 575 sum
2026 524 2186 579 ﬁnem
2215 534 2639 584 commemorant
2666 538 2775 598 quo
2800 531 3068 586 currendo
3095 533 3413 601 portendant
3438 551 3453 590 :

317 587 430 644 etesia
447 589 685 661 gloriose.

314 739 532 811 Quotquot
558 754 689 811 ergo
719 738 944 813 perfecti
975 740 1079 799 hoc
1102 740 1394 813 sapiamus,
1420 740 1473 797 ld
1504 748 1587 797 est
1615 748 1772 813 quot-

257 841 357 905 quot
378 831 565 904 perfecti
596 834 883 901 currimus,
908 834 1010 890 hoc
1060 836 1333 905 sapiamus
1360 835 1503 907 quod
1530 833 1771 891 nondum

254 926 425 1000 perfecti
451 942 661 997 sumus,
688 938 747 985 ut
778 929 885 986 illic
916 928 1255 998 perilciamur
1277 945 1384 1001 quo
1414 928 1651 1001 perfecte
1679 927 1774 984 ad-

252 1022 334 1079 huc
364 1022 597 1079 currimus
629 1042 642 1077 :
674 1033 730 1079 ut
772 1037 894 1079 cum
923 1024 1131 1079 venerit
1161 1024 1302 1093 quod
1331 1021 1626 1094 perfectum
1668 1031 1770 1091 est,

248 1116 359 1189 quod
377 1131 426 1172 ex
445 1124 588 1186 parte
609 1123 695 1173 est
712 1115 1051 1183 destruatur;
1078 1116 1127 1171 id
1152 1122 1254 1184 est,
1274 1131 1380 1171 non
1401 1114 1511 1187 jam
1534 1131 1597 1171 ex
1622 1123 1774 1187 parte

245 1212 318 1279 sit,
335 1210 407 1267 sed
451 1226 513 1267 ex
545 1219 675 1279 toto,
704 1210 825 1283 quia
858 1208 981 1266 fidei
1012 1219 1067 1265 et
1096 1211 1205 1281 spei
1236 1210 1347 1281 jam
1380 1224 1468 1266 res
1496 1208 1633 1281 ipsa,
1666 1224 1770 1264 non

242 1318 339 1375 qua:
359 1303 582 1359 credatur
605 1313 660 1361 et
690 1312 957 1375 speretur,
981 1304 1073 1360 sed
1096 1318 1214 1375 quia
1236 1304 1481 1361 videatur
1502 1310 1773 1360 teneatur-

238 1410 323 1465 que
344 1396 565 1452 succedet
593 1416 604 1448 :
634 1394 870 1452 charitas
899 1406 1076 1452 autem
1105 1395 1224 1467 quae
1254 1396 1307 1451 in
1338 1393 1423 1450 his
1452 1395 1623 1451 tribus
1655 1410 1770 1449 ma-

234 1486 307 1561 jor
346 1497 411 1545 est
456 1506 555 1545 non
589 1488 887 1557 auferatur,
922 1488 1014 1546 sed
1047 1497 1305 1561 augeatur
1357 1496 1407 1545 et
1456 1488 1769 1560 impleatur,

233 1582 541 1654 contemplata
567 1583 709 1654 quod
735 1582 1012 1654 credebat,
1030 1592 1083 1639 et
1100 1584 1240 1654 quod
1266 1582 1510 1654 sperabat
1535 1582 1772 1653 indepta.

229 1670 278 1728 in
305 1690 387 1745 qua
411 1674 729 1745 plenitudine
750 1674 1051 1741 charitatis,
1076 1684 1401 1745 prmceptum
1426 1674 1554 1730 illud
1582 1675 1773 1744 imple-

224 1766 380 1825 bitur:
414 1769 598 1842 Diliges
631 1768 915 1827 Dominum
950 1770 1113 1826 Deum
1162 1779 1308 1825 tuum
1361 1786 1424 1826 ex
1470 1778 1580 1825 toto
1610 1769 1774 1826 corde

222 1868 320 1930 tuo,
348 1872 393 1917 et
416 1878 469 1917 ex
506 1871 613 1918 tota
646 1864 820 1919 anima
857 1873 967 1933 tua,
995 1871 1047 1917 et
1067 1877 1131 1918 ex
1164 1870 1271 1917 tota
1300 1872 1479 1917 mente
1504 1870 1621 1928 tua;
1650 1878 1771 1917 nam

218 1972 323 2012 cum
349 1966 417 2013 est
440 1956 610 2012 adhuc
639 1956 842 2029 aliquid
868 1956 1101 2012 carnalis
1125 1955 1601 2026 conettpiscentim,
1628 1956 1768 2027 quod

214 2050 291 2106 vel
306 2050 606 2106 continendo
622 2051 883 2117 frenetur,
901 2066 1005 2106 non
1022 2048 1334 2105 omnimodo
1356 2064 1419 2104 es
1460 2059 1565 2102 tnta
1590 2049 1766 2103 anima

211 2142 420 2213 diligitur
434 2143 570 2199 Deus
587 2161 601 2199 :
619 2160 723 2199 non
746 2143 889 2199 enim
908 2157 1033 2198 caro
1055 2144 1171 2197 sine
1196 2140 1371 2195 anima
1407 2140 1765 2212 concupiscit,

206 2237 427 2306 quamvis
472 2251 599 2291 caro
632 2235 1018 2306 concupiscere
1049 2235 1277 2301 dicatur,
1309 2234 1431 2305 quia
1480 2234 1769 2288 carnaliter

204 2326 363 2380 anima
384 2327 722 2398 concupiscit.
750 2327 899 2383 Tunc
930 2329 1029 2381 erit
1057 2324 1235 2397 justus
1267 2324 1381 2379 sine
1410 2323 1517 2377 ullo
1547 2325 1768 2378 omnino

202 2426 428 2485 peccato,
455 2418 575 2487 quia
622 2418 763 2472 nulla
817 2419 901 2473 lex
933 2418 1037 2473 erit
1094 2417 1148 2471 in
1182 2415 1437 2470 membris
1467 2414 1583 2485 ejus
1612 2430 1768 2484 repu-

200 2518 362 2574 gnans
406 2505 503 2576 legi
525 2508 720 2562 mentis
753 2508 898 2577 ejus;
928 2506 1023 2562 sed
1055 2520 1274 2575 prorsus
1300 2513 1413 2560 toto
1444 2504 1631 2571 corde,
1657 2513 1764 2561 tota

196 2596 386 2662 anima,
419 2605 521 2654 tota
570 2607 747 2653 mente
792 2596 975 2669 diliget
1006 2597 1196 2663 Deum,
1228 2597 1368 2669 quod
1400 2606 1477 2652 est
1532 2600 1762 2665 primum

190 2704 549 2762 summumque
600 2701 952 2762 praeceptum.
994 2692 1101 2747 Cur
1154 2706 1282 2761 ergo
1342 2706 1447 2746 non
1496 2690 1762 2761 priscipc-

187 2789 327 2835 retur
372 2782 568 2838 homini
624 2782 728 2837 ista
790 2781 1084 2852 perfectio,
1117 2783 1369 2851 quamvis
1422 2796 1542 2837 eam
1581 2784 1631 2835 in
1666 2781 1763 2837 hac

185 2872 286 2927 vita
319 2888 471 2928 nemo
524 2872 750 2929 habeat?
784 2889 888 2929 non
919 2874 1060 2928 enim
1095 2882 1238 2929 recte
1287 2874 1552 2937 curritur,
1583 2870 1626 2925 si
1658 2887 1763 2940 quo

180 2966 497 3021 currendum
545 2976 625 3021 est
658 2966 949 3022 nesciatur.
983 2965 1263 3035 Quomodo
1299 2974 1477 3021 autem
1508 2966 1759 3032 sciretur,

175 3056 221 3111 si
246 3055 405 3111 nullis
432 3058 713 3129 prreceplis
745 3058 1160 3114 ostenderetur?
1190 3057 1278 3113 Sic
1298 3072 1426 3128 ergo
1455 3071 1757 3127 curramus,

176 3159 233 3204 ut
261 3148 783 3221 comprehendamus
804 3166 1025 3208 :omnes
1076 3151 1217 3206 enim
1249 3149 1337 3221 qui
1367 3157 1515 3206 recte
1543 3161 1763 3206 current

171 3240 469 3316 [currunt],
502 3242 998 3314 comprehendent;
1029 3259 1135 3299 non
1166 3245 1303 3298 sicut
1334 3243 1385 3298 in
1408 3256 1582 3313 agone
1611 3243 1761 3298 thea-

167 3334 303 3389 trico
336 3349 525 3390 omnes
579 3336 794 3403 quidem
845 3346 1090 3397 currunt.
1124 3335 1217 3392 sed
1258 3350 1396 3391 unus
1427 3338 1623 3408 accipit
1653 3337 1767 3406 pal-

162 3444 310 3484 mam
339 3447 353 3482 :
379 3442 665 3485 curramus
685 3430 1263 3501 credendo,sperando
1292 3440 1345 3485 et
1372 3430 1767 3496 desiderando;

159 3534 457 3576 curramus
484 3535 683 3591 corpus
708 3520 1042 3591 castigando,
1070 3530 1124 3575 et
1170 3521 1544 3591 eleemosynas
1590 3522 1643 3575 in
1676 3520 1771 3575 bo-

157 3612 251 3667 nis
273 3610 473 3667 dandis
501 3611 762 3683 malisque
784 3609 1124 3682 ignoscendis
1146 3611 1389 3667 hilariter
1411 3626 1472 3665 es
1498 3608 1662 3666 corde
1687 3610 1768 3665 fa-

155 3704 387 3775 ciendo,
415 3714 473 3762 et
525 3706 857 3762 currentium
887 3704 1030 3762 vires
1092 3713 1149 3760 ut
1178 3705 1501 3776 adiuventur
1529 3702 1768 3771 orando;

146 3805 207 3855 ct
259 3796 344 3853 sic
394 3797 687 3854 audiamus
723 3800 997 3870 praecepta
1030 3796 1411 3869 perfectionis,
1455 3813 1521 3852 ne
1551 3810 1770 3854 currere

143 3891 512 3961 negligamus
548 3892 615 3948 ad
656 3892 1043 3963 plenitudinem
1071 3891 1370 3949 charitatis.
1404 3891 1498 3947 His
1530 3892 1769 3962 praemisc

142 3979 251 4044 sis,
289 3995 358 4035 ea
392 3981 706 4037 testimonia
736 3998 856 4053 quae
887 3984 1062 4052 posuit
1112 3982 1215 4037 iste
1242 3982 1328 4037 cui
1380 3981 1771 4052 respondemus

140 4078 423 4141 tanquam
459 4084 557 4126 nos
588 4086 649 4145 ea
673 4061 1080 4141 protulerimus,
1109 4068 1394 4141 diligenter
1415 4069 1694 4125 audiamus
1718 4072 1769 4141 in

135 4160 598 4219 Deuteronomio
632 4181 644 4217 :
676 4160 756 4218 Tu
797 4170 975 4218 autem
1012 4160 1284 4232 perfectus
1320 4164 1428 4216 eris
1450 4172 1631 4215 coram
1661 4161 1770 4216 Do-

129 4254 305 4310 mino
342 4256 464 4311 Deo
497 4264 621 4323 tuo;
650 4256 777 4311 item
850 4252 999 4310 illic:
1036 4252 1101 4308 Et
1145 4266 1250 4307 non
1294 4253 1395 4307 erit
1458 4253 1769 4307 inconsum-

126 4359 334 4408 matus
366 4348 426 4408 in
488 4348 608 4408 filiis
662 4349 847 4408 lsrael.
875 4348 1005 4405 item
1035 4346 1281 4405 Salvator
1321 4348 1373 4403 in
1415 4342 1706 4416 Evangelio
1748 4365 1760 4402 :

119 4444 343 4500 Estote
377 4440 648 4515 perfecti,
674 4443 797 4514 quia
829 4436 999 4498 Pater
1028 4448 1208 4496 vester
1236 4438 1325 4511 qui
1374 4437 1427 4494 in
1458 4438 1608 4494 coslls
1664 4447 1767 4506 est,

116 4536 443 4610 perfectus
468 4547 576 4593 est.
611 4536 742 4593 item
773 4527 1048 4605 apostolus
1070 4531 1137 4589 ad
1161 4528 1470 4588 Curiutirios
1494 4530 1725 4586 secunda
1752 4550 1768 4588 :

116 4632 211 4689 De
273 4624 1273 4702 caetero,fratres,gaudete,perfecti
1299 4632 1501 4691 estote;
1532 4624 1656 4680 item
1699 4626 1766 4681 ad

1874 615 2078 684 ingredi
2106 628 2281 673 autem
2303 622 2423 676 sine
2451 621 2660 676 macula
2692 636 2800 678 non
2821 622 3055 679 absurde
3073 624 3236 680 etiam
3259 625 3351 681 ille
3375 626 3457 683 di-

1871 708 2030 772 citur,
2084 726 2191 766 non
2238 714 2330 783 qui
2382 712 2493 784 jam
2544 716 2813 783 perlectus
2865 724 2970 785 est,
3020 716 3115 773 sed
3154 718 3244 787 qui
3274 718 3339 773 ad
3371 718 3455 789 ip-

1871 816 1987 859 sam
2020 806 2400 873 perfectionem
2439 807 2986 877 irreprehensibiliter
3025 810 3230 876 currit,
3264 823 3456 867 carens

1872 898 2187 953 criminibus
2227 898 2619 956 damnabitibus
2639 941 2654 965 ,
2687 909 2848 971 atque
2877 901 2990 971 ipsa
3020 910 3241 973 peccata
3266 903 3456 959 venia-
3509 882 3517 915 ⁵

1873 991 1945 1046 lia
1976 1005 2082 1046 non
2110 993 2385 1063 negligens
2408 994 2667 1049 mundare
2712 993 3092 1065 eleemosynls.
3151 995 3455 1064 lngressum

1872 1085 2090 1154 quippe,
2122 1083 2225 1140 hoc
2267 1094 2352 1140 est
2396 1086 2498 1141 iter
2524 1095 2768 1143 nostrum
2796 1102 2904 1156 quo
2951 1087 3221 1142 tendimus
3241 1088 3307 1142 ad
3334 1102 3458 1157 per-

1874 1178 2181 1243 fectionem,
2214 1179 2410 1235 munda
2440 1181 2661 1236 mundat
2700 1181 2909 1247 oratio;
2938 1182 3139 1241 munda
3162 1190 3249 1239 est
3274 1193 3454 1239 autem

1873 1272 2046 1328 oratio
2098 1272 2188 1327 ubi
2241 1273 2505 1329 veraciter
2541 1274 2740 1330 dicitur
2764 1292 2778 1329 :
2804 1274 3025 1332 Dimitte
3079 1276 3236 1332 nobis
3276 1275 3455 1331 debita

1875 1372 2058 1419 nostra
2078 1404 2092 1427 ,
2116 1362 2254 1418 sicut
2278 1373 2331 1417 et
2358 1378 2457 1418 nos
2471 1364 2789 1423 dimittimus
2804 1384 2819 1433 ;
2834 1367 3033 1424 utdum
3046 1382 3151 1423 non
3162 1369 3455 1438 reprehen-

1875 1461 2020 1517 ditur
2057 1464 2198 1530 quod
2250 1476 2354 1516 non
2396 1462 2710 1529 imputatur,
2739 1461 2856 1518 sine
2884 1462 3326 1532 reprehensione,
3353 1464 3456 1520 hoc

1875 1557 2100 1612 estsine
2143 1557 2372 1623 macula,
2403 1561 2587 1610 noster
2611 1553 2679 1609 ad
2735 1554 3119 1622 perfectionem
3147 1570 3341 1613 cursus
3362 1557 3455 1611 ha-

1875 1648 2091 1715 beatur;
2122 1652 2176 1707 in
2207 1666 2309 1721 qua
2343 1648 2674 1719 perfectione
2693 1690 2709 1717 ,
2735 1662 2857 1704 cum
2887 1649 2956 1705 ad
3002 1664 3119 1706 eam
3150 1649 3456 1707 venerimus

1876 1741 2341 1816 [pervenerimus],
2358 1744 2466 1811 jam
2493 1756 2600 1797 non
2626 1742 2698 1797 sit
2716 1742 2938 1797 omnino
2958 1743 3102 1813 quod
3130 1743 3456 1813 ignoscendo

1876 1834 2183 1891 mundetur.
2208 1836 2313 1890 Sed
2359 1834 2502 1890 aliud
2530 1842 2615 1891 est
2637 1847 2758 1891 esse
2788 1833 2906 1890 sine
2933 1844 3150 1904 peccato
3168 1877 3183 1904 ,
3216 1835 3360 1906 quod
3387 1835 3456 1891 de
3543 1836 3558 1861 ‘

1801 1902 1846 1963 Β
1875 1928 1990 1981 solo
2021 1928 2073 1981 in
2126 1928 2224 1982 hac
2250 1929 2354 1981 vita
2383 1926 2667 1996 Unigenito
2695 1926 2895 1983 dictum
2924 1902 3029 1993 est,
3054 1902 3199 1982 aliud
3224 1902 3308 1983 est
3334 1941 3456 1983 esse

1872 2018 1993 2074 sine
2011 2020 2252 2088 querela,
2277 2018 2418 2088 quod
2447 2018 2514 2072 de
2542 2017 2727 2075 multis
2755 2017 2910 2086 iustis
2935 2018 3097 2075 etiam
3134 2018 3191 2073 in
3226 2019 3327 2074 hac
3348 2018 3454 2074 vita

1871 2109 1978 2167 dici
2002 2111 2204 2177 potuit;
2231 2112 2482 2180 quoniam
2506 2120 2590 2167 est
2610 2110 2826 2179 quidam
2856 2110 3048 2167 modus
3068 2111 3225 2167 bona:
3243 2111 3369 2166 vitae
3389 2112 3457 2167 de

1870 2218 2000 2273 quo,
2029 2203 2191 2258 etiam
2219 2204 2273 2257 in
2304 2204 2402 2257 ista
2426 2204 2657 2259 humana
2688 2203 3118 2268 conversatione,
3142 2202 3287 2272 justa
3327 2217 3458 2271 que-

1872 2296 1981 2351 rela
2012 2311 2133 2350 esse
2186 2311 2294 2350 non
2349 2297 2561 2365 possit:
2591 2297 2710 2365 quis
2759 2297 2903 2353 enim
2950 2295 3093 2366 juste
3122 2296 3364 2365 queritur
3390 2296 3457 2351 de

1874 2386 2091 2443 homine
2120 2390 2210 2458 qui
2241 2389 2440 2443 nemini
2480 2390 2594 2443 vult
2622 2390 2786 2454 male.
2814 2396 2872 2443 et
2898 2388 3091 2458 quibus
3122 2396 3297 2456 potest
3328 2387 3458 2441 lide-

1875 2479 1999 2535 liter
2028 2480 2288 2544 consulit,
2314 2495 2412 2536 uec
2432 2490 2619 2536 contra
2641 2481 2956 2551 cujusquam
2982 2479 3204 2549 injurias
3224 2487 3366 2535 tenet
3396 2478 3457 2534 iis

1870 2573 2103 2628 bidinem
2158 2573 2486 2641 vindicandi,
2513 2583 2570 2629 ut
2596 2574 2862 2630 veraciter
2888 2573 3033 2629 dicat
3061 2591 3075 2628 :
3100 2573 3255 2631 Sicut
3278 2579 3333 2628 et
3357 2585 3456 2628 nos

1869 2666 2185 2722 dimittimus
2200 2666 2532 2723 debitoribus
2555 2667 2777 2723 nostris.
2808 2667 2873 2722 Et
2895 2678 3070 2722 tamen
3093 2665 3289 2736 eoipso
3311 2665 3459 2737 quod

1868 2773 2053 2815 verum
2102 2760 2250 2827 dicit,
2306 2760 2522 2815 Dimitte
2572 2763 2711 2815 sicut
2740 2769 2794 2815 et
2838 2774 2938 2815 nos
2967 2758 3311 2826 dimittimus,
3338 2757 3456 2814 sine

1869 2859 2089 2920 peccato
2113 2866 2172 2907 se
2193 2867 2299 2907 non
2326 2866 2445 2908 esse
2465 2851 2733 2917 declarat;
2763 2851 2887 2907 inde
2907 2859 2990 2906 est
3010 2850 3151 2921 quod
3173 2849 3342 2906 dicit:
3364 2848 3457 2905 Ni-

1870 2945 1942 3000 hil
1976 2946 2215 3016 iniquum
2247 2956 2363 3001 erat
2394 2948 2442 2999 iu
2492 2945 2741 3001 manibus
2777 2944 2935 3010 meis,
2961 2944 3055 2999 sed
3120 2942 3294 2999 oratio
3340 2954 3458 2997 mea

1868 3039 2099 3105 munda;
2132 3041 2259 3094 hinc
2287 3040 2432 3094 enim
2482 3047 2599 3094 erat
2630 3039 2824 3092 munda
2857 3039 3031 3093 oratio
3056 3077 3070 3102 ,
3098 3037 3221 3106 quia
3244 3034 3459 3092 veniam

1869 3144 1972 3184 non
2024 3131 2221 3200 injuste
2272 3131 2484 3198 petebat
2529 3131 2620 3199 qui
2648 3131 2910 3185 veraciter
2957 3129 3138 3184 dabat.
3186 3128 3458 3185 iudicium

1877 3222 2019 3277 enim
2066 3223 2183 3277 sine
2215 3222 2581 3277 misericordia
2630 3220 2704 3274 illi
2730 3221 2818 3292 qui
2852 3234 2955 3275 non
2982 3219 3110 3275 fecit
3155 3219 3462 3276 misericor-

1807 3300 1855 3365 Ο
1886 3317 2057 3382 diam;
2086 3316 2447 3387 supereaaltat
2475 3323 2652 3371 autem
2676 3313 3044 3369 misericordia
3070 3312 3458 3382 judicio:quod

1876 3410 1919 3462 si
1952 3424 2055 3461 non
2077 3415 2244 3472 esset,
2257 3421 2375 3475 quas
2405 3420 2530 3473 spes
2559 3414 2722 3469 esset,
2742 3402 3175 3473 quandoquidem
3201 3417 3322 3456 cum
3346 3400 3459 3461 Rex

1874 3499 2051 3565 justus
2102 3497 2302 3550 sederit
2326 3496 2377 3548 in
2412 3495 2626 3559 throno,
2656 3493 2775 3563 quis
2812 3492 3132 3562 gloriabitur
3162 3499 3370 3546 castum
3401 3507 3461 3546 se

1879 3586 2076 3641 trahere
2121 3586 2250 3639 cor?
2280 3594 2370 3638 aut
2397 3586 2514 3651 quis
2564 3583 2881 3653 gloriabitur
2915 3580 3172 3637 mundum
3206 3597 3265 3637 se
3288 3595 3409 3637 esse
3430 3596 3461 3640 a

1875 3678 2291 3751 peccato‘t'i‘unc
2311 3693 2440 3749 ergo
2462 3694 2553 3748 per
2577 3678 2694 3749 ejus
2718 3678 3137 3735 misericordiam
3151 3678 3279 3749 justi
3305 3678 3462 3748 plene

1878 3774 2220 3843 perfecteque
2262 3772 2526 3837 mundati,
2558 3771 2835 3843 fulgebunt
2889 3771 2939 3826 in
2973 3786 3137 3841 regno
3167 3770 3341 3825 Patris
3376 3770 3461 3826 sui

1875 3866 2015 3919 sicut
2039 3864 2141 3919 sol.
2158 3862 2308 3919 Tunc
2334 3862 2491 3931 plene
2516 3872 2675 3933 atque
2690 3861 2929 3933 perfecte
2950 3862 3054 3916 erit
3072 3860 3333 3931 Ecclesia,
3352 3876 3459 3915 non

1877 3958 2079 4013 habens
2127 3957 2387 4013 maculam
2427 3966 2517 4010 aut
2546 3972 2750 4026 rugam,
2780 3966 2870 4010 aut
2898 3956 3096 4025 aliquid
3131 3955 3458 4025 hujusmodi.

1875 4050 1995 4121 quia
2028 4059 2152 4105 tunc
2198 4052 2357 4105 etiam
2406 4050 2509 4104 erit
2540 4065 2664 4104 vere
2719 4049 2968 4118 gloriosa.
3000 4049 3131 4104 Cum
3159 4049 3301 4105 enim
3354 4064 3460 4106 non

1876 4149 2079 4195 tantum
2111 4139 2184 4193 ait
2209 4148 2268 4193 ut
2290 4138 2573 4193 exhiberet
2596 4138 2695 4191 sibi
2718 4138 3003 4192 ecclesiam
3037 4152 3139 4190 non
3176 4134 3459 4193 habentem

1877 4230 2138 4285 maculam
2169 4237 2261 4283 aut
2284 4241 2489 4297 rugam,
2509 4226 2601 4281 sed
2623 4225 2843 4291 addidit,
2880 4227 3162 4296 gloriosam
3186 4241 3203 4293 ;
3235 4225 3365 4280 satis
3389 4225 3460 4280 si-

1873 4323 2161 4394 gniflcavit,
2187 4320 2401 4393 quando
2420 4322 2522 4375 erit
2547 4320 2667 4375 sine
2686 4319 2894 4373 macula
2923 4327 2978 4373 et
3007 4332 3135 4385 ruga
3168 4325 3261 4372 aut
3281 4315 3461 4388 aliquo

1876 4419 2159 4491 ejusmodi,
2188 4428 2312 4473 tunc
2357 4417 2541 4485 utique
2584 4414 2799 4485 quando
2854 4414 3085 4485 gloriosa
3130 4424 3283 4467 :non
3313 4412 3457 4467 enim

1877 4513 2036 4569 modo
2074 4513 2129 4567 in
2194 4504 2357 4567 tantis
2382 4510 2559 4577 malis,
2586 4512 2637 4564 in
2704 4509 2866 4563 tantis
2913 4507 3199 4575 scandatis,
3224 4506 3278 4561 in
3309 4513 3459 4563 tanta

1878 4605 2233 4677 permixtione
2260 4603 2534 4658 hominum
2567 4601 2948 4671 pessimorum,
2978 4599 3032 4655 in
3060 4599 3221 4654 tantis
3257 4606 3459 4669 oppro-a

108 4725 528 4781 Coiossenses
556 4741 569 4778 :
594 4720 959 4793 Corripientes
988 4732 1203 4776 omnem
1261 4716 1556 4783 borninem,
1583 4722 1637 4772 et
1663 4720 1764 4772 do-

1872 4700 2299 4769 briisimpiorum
2323 4695 2607 4753 dicendum
2630 4702 2713 4749 est
2732 4708 2851 4749 eam
2873 4707 2994 4749 esse
3011 4692 3320 4763 gloriosam,
3336 4692 3460 4762 quia

104 4829 338 4875 centes
366 4818 428 4873 in
467 4816 616 4873 omni
638 4814 926 4887 sapientia,
962 4822 1015 4870 ut
1045 4812 1403 4871 exhibeamus
1433 4824 1645 4867 omnem
1672 4811 1767 4866 ho-

97 4911 347 4966 minem
391 4908 704 4979 perfectum
742 4907 795 4964 in
835 4906 1070 4963 Christo.
1106 4907 1237 4961 item
1268 4902 1332 4959 ad
1362 4900 1625 4972 Ephesios
1654 4921 1668 4956 :
1701 4903 1769 4959 Ut

96 5001 455 5058 exhiberet
487 5001 603 5071 ipse
628 5000 729 5056 sibi
760 4999 1052 5071 gloriosam
1086 4992 1405 5061 Ecclesiam,
1437 5009 1543 5049 non
1567 4992 1768 5049 baben-

90 5105 231 5151 tem
269 5096 581 5151 maculam
625 5106 719 5150 aut
764 5109 976 5166 rugam,
1004 5098 1096 5147 aut
1122 5086 1323 5161 aliquid
1355 5086 1678 5158 huiusmodi,
1709 5097 1769 5143 ut

87 5192 177 5245 sit
216 5200 449 5246 sancta
469 5200 529 5245 et
554 5190 913 5245 immaculata.
943 5187 1092 5245 Unde
1121 5196 1172 5243 et
1198 5184 1386 5240 beatus
1416 5182 1583 5238 David
1610 5180 1765 5237 dicit:

90 5285 412 5351 Domine,
454 5283 583 5355 quis
613 5283 875 5340 habitabit
916 5284 968 5338 in
1015 5280 1359 5337 tabernaculo
1391 5288 1504 5345 tuo,
1532 5284 1625 5330 attt
1651 5275 1769 5344 quis

84 5374 483 5443 requiescet
525 5375 577 5428 in
609 5386 789 5429 monte
811 5384 997 5430 sancto
1029 5373 1155 5429 tuo“!
1186 5371 1276 5442 qui
1323 5365 1619 5438 ingreditur
1652 5365 1770 5422 sine

77 5467 387 5531 uiacuia,
430 5476 496 5521 et
546 5474 802 5537 operatur
845 5466 1134 5535 justitiam;
1164 5474 1219 5522 et
1247 5462 1371 5519 alibi
1405 5481 1417 5517 :
1448 5461 1514 5517 Et
1542 5476 1635 5517 ero
1670 5461 1770 5515 im-

74 5561 473 5616 maculatus
498 5576 620 5617 cum
646 5576 744 5628 eo;
768 5571 821 5616 et
851 5560 977 5615 alibi
1005 5578 1017 5612 :
1046 5560 1192 5616 Beati
1218 5555 1547 5613 immaculati
1574 5554 1627 5610 in
1657 5554 1766 5621 via,

71 5655 196 5724 qui
224 5654 570 5709 ambulant
592 5653 643 5709 in
669 5655 788 5724 lege
815 5652 1188 5708 Domini.item
1221 5650 1361 5721 apud
1391 5649 1764 5706 Salomonem:

71 5747 319 5819 Diiigit
351 5749 641 5804 Dominus
660 5756 844 5804 saneta
869 5745 1066 5812 corda;
1097 5745 1303 5815 accepti
1334 5749 1458 5800 sunt
1479 5742 1552 5797 illi
1584 5750 1766 5797 autem

71 5855 330 5896 omnes
361 5839 742 5896 immaculati.
764 5839 962 5894 Horum
991 5837 1417 5891 testimoniorum
1446 5833 1619 5906 aliqua
1650 5847 1768 5889 cur-

71 5942 325 5990 rentes
389 5932 784 6000 exhortantur,
814 5940 869 5988 ut
901 5932 1135 6004 perfecte
1187 5936 1443 5995 currant;
1477 5927 1652 5998 aliqua
1685 5927 1769 5996 ip-

1876 4808 2032 4865 reges
2070 4794 2119 4849 ei
2142 4789 2504 4857 serviunt,ubi
2530 4797 2611 4844 est
2634 4787 2984 4859 periculosior
3024 4785 3300 4855 majorque
3344 4794 3459 4839 ten-

1876 4890 2032 4953 tatio;
2065 4886 2157 4942 sed
2185 4897 2308 4939 tunc
2336 4884 2514 4952 potius
2536 4882 2772 4953 gloriosa
2801 4880 2923 4946 erit,
2950 4878 3164 4949 quando
3193 4878 3285 4933 fiet
3313 4874 3459 4946 quod

1874 4981 2013 5036 idem
2069 4980 2145 5033 ait
2188 4976 2510 5047 Apostolus:
2539 4978 2671 5031 Cum
2715 4973 2962 5029 Christus
3014 4969 3322 5040 apparuerit
3347 4969 3458 5025 vita

1875 5082 2071 5137 vestra,
2105 5081 2229 5126 tunc
2277 5080 2330 5125 et
2359 5083 2455 5125 vos
2482 5083 2601 5124 cum
2633 5069 2749 5137 ipso
2774 5062 3102 5137 apparebitis
3152 5061 3207 5115 in
3250 5058 3452 5130 gloria;

1876 5181 1995 5221 cum
2048 5164 2193 5220 enim
2244 5162 2504 5218 Dominus
2548 5162 2662 5231 ipse
2707 5159 3000 5217 secundum
3034 5155 3259 5209 formam
3289 5154 3455 5223 servi,

1876 5275 1972 5330 per
2005 5272 2160 5329 quam
2200 5272 2259 5313 se
2279 5256 2542 5312 mediator
2571 5253 2848 5325 conjunxit
2870 5248 3145 5317 Ecclesiae,
3162 5262 3269 5303 non
3298 5247 3458 5304 fuerit

1872 5351 2200 5425 glorificatus
2228 5351 2330 5406 nisi
2360 5359 2479 5421 post
2509 5343 2921 5404 resurrectionis
2949 5342 3176 5411 gloriam
3207 5340 3333 5413 [nisi
3364 5353 3453 5394 re-
3505 5360 3515 5371 ο

1872 5445 2220 5503 surrectionis
2273 5441 2497 5516 gloria];
2528 5442 2635 5514 75
2666 5439 2806 5494 unde
2828 5437 3029 5491 dictum
3060 5442 3143 5489 est
3175 5452 3188 5489 :
3220 5432 3453 5504 Spiritus

1873 5548 2050 5594 autem
2076 5553 2180 5593 non
2208 5546 2324 5594 erat
2343 5537 2521 5602 datus,
2547 5534 2668 5604 quia
2695 5531 2852 5588 Iesus
2874 5528 3112 5584 nondum
3141 5526 3314 5582 fuerat
3338 5525 3455 5595 glo-
3532 5536 3533 5539 ‘

1871 5632 2139 5695 riﬁcatus;
2174 5631 2442 5702 quomodo
2471 5626 2695 5683 dicenda
2736 5633 2815 5679 est
2845 5632 2968 5678 ante
2996 5620 3452 5678 resurrectionem

1872 5740 2023 5782 suam
2071 5725 2311 5781 Ecclesia
2333 5723 2449 5794 ejus
2478 5734 2600 5775 esse
2624 5719 2851 5790 gloriosa
2874 5717 2897 5771 τ
2925 5715 3148 5772 mundat
3175 5727 3304 5785 ergo
3333 5726 3453 5769 eam

1873 5837 2013 5878 nunc
2044 5822 2256 5875 lavacro
2278 5832 2449 5889 aquae,
2476 5815 2528 5870 in
2559 5813 2725 5871 verbo
2754 5813 2976 5868 abluens
3006 5816 3227 5881 peccata
3261 5814 3455 5878 praete-

1872 5921 1996 5989 rita,
2024 5927 2077 5975 et
2104 5918 2307 5986 pellens
2349 5915 2416 5972 ab
2444 5925 2507 5968 ea
2535 5910 2959 5967 dominationem
2990 5906 3259 5963 malorum
3287 5913 3454 5970 ange-
