4010 6382
602 384 737 438 ωιῦ

1667 384 1726 440 D.
1770 382 2093 442 EUGYPPII
2131 381 2417 440 ABBATIS
2454 382 2777 441 AFlilCANl

3698 396 3799 451 lUlt

598 501 769 558 lorum
798 520 809 556 :
835 503 1034 562 deinde
1060 504 1342 575 perliciens
1362 504 1478 574 ejus
1500 503 1775 571 sanitates,
1804 504 1925 559 facit
1948 520 2064 559 eam
2095 517 2183 559 oc-
2212 503 2266 562 Α
2289 501 2427 557 Huic
2461 512 2643 559 autem
2686 502 3074 573 regenerationi
3105 518 3213 558 non
3234 502 3431 559 sufﬁcit
3449 504 3576 561 illud
3598 506 3794 564 delicium

596 610 814 651 currere
840 597 891 651 in
915 597 1056 652 illam
1081 597 1387 666 gloriosam,
1408 597 1525 653 sine
1550 597 1753 652 macula
1783 607 1838 652 et
1859 613 2006 667 ruga.
2032 598 2177 666 Quos

595 684 740 741 enim
790 686 1209 755 praedestinavit,
1234 684 1353 741 illos
1385 694 1441 741 et
1469 687 1701 755 vocavit,
1732 696 1788 743 et
1810 702 1943 758 quos
1970 686 2178 744 vocavit

594 778 744 849 ipsos
768 791 822 836 et
862 778 1177 849 justiﬁcavit
1201 798 1213 834 :
1238 795 1373 851 quos
1402 790 1577 837 autem
1606 781 1939 854 justiﬁcavit,
1969 782 2089 838 illos
2124 792 2177 839 et

593 873 939 944 gloriﬁcabit;
973 875 1028 929 in
1082 875 1187 932 hoc
1216 878 1473 948 mysterio
1511 878 1711 933 dictum
1742 879 1974 934 arbitror
1999 896 2013 934 :
2038 880 2178 937 Ecce

591 967 751 1036 ejicio
771 968 1060 1036 daemonia,
1085 977 1141 1025 et
1168 970 1423 1027 sanitates
1446 971 1666 1041 perﬁcio
1697 972 1858 1028 hodie
1885 983 1940 1029 et
1967 982 2179 1040 cras,et

590 1060 743 1115 tertia
778 1060 911 1135 [die]
933 1078 1299 1129 consummor,
1323 1065 1375 1120 id
1403 1074 1507 1133 est,
1543 1066 1808 1135 perﬁcior.
1844 1065 1989 1122 Dixit
2031 1068 2175 1123 enim

589 1155 693 1209 hoc
713 1168 781 1211 ea
804 1169 1034 1226 persona
1060 1158 1304 1226 corporis
1316 1158 1418 1224 sui,
1437 1158 1578 1228 quod
1595 1168 1680 1215 est
1692 1157 1931 1215 Ecclesia
1948 1159 2065 1225 Dei,
2081 1174 2178 1228 po-

588 1262 726 1303 nens
758 1263 853 1317 pro
888 1248 1157 1304 distinctis
1187 1249 1552 1321 ordinatisque
1580 1254 1912 1322 temporibus
1950 1252 2092 1323 quod
2120 1260 2178 1309 et

586 1355 641 1395 tn
672 1354 767 1395 sua
812 1341 1215 1398 resurrectione
1242 1342 1562 1413 signiﬁcavit
1590 1344 1643 1399 in
1688 1345 1886 1401 triduo.
1917 1346 2055 1401 Puto
2079 1360 2173 1401 au-

585 1443 693 1490 tem
721 1433 984 1491 interesse
1012 1438 1152 1493 inter
1181 1446 1384 1492 rectum
1417 1439 1579 1494 corde
1607 1449 1659 1495 et
1689 1439 1944 1495 mundum
1968 1441 2171 1500 corde:

586 1543 708 1584 nam
739 1537 793 1584 et
813 1539 991 1586 rectus
1013 1531 1179 1587 corde
1209 1532 1262 1586 in
1290 1546 1353 1587 ea
1384 1547 1504 1603 quae
1528 1543 1654 1589 ante
1681 1544 1808 1591 sunt
1831 1536 2168 1602 extenditur,

584 1638 647 1679 ea
678 1640 797 1695 qua:
825 1635 972 1681 retro
1002 1634 1129 1681 sunt
1152 1626 1507 1695 obliviscens,
1534 1637 1590 1683 ut
1619 1639 1767 1684 recto
1791 1642 1976 1696 cursu,
2005 1629 2060 1684 id
2088 1639 2174 1687 est

584 1730 727 1775 recta
760 1720 866 1776 ﬁde
915 1731 1074 1791 atque
1121 1722 1451 1791 intentione,
1501 1723 1779 1790 perveniat
1830 1723 1917 1779 ubi
1969 1724 2175 1781 habitet

583 1813 815 1868 mundus
838 1815 1023 1868 corde.
1052 1813 1202 1869 Sicut
1230 1814 1323 1870 illa
1351 1814 1557 1885 singula
1582 1815 1856 1873 reddenda
1884 1824 2009 1871 sunt
2062 1818 2171 1872 sin-

2283 596 2651 650 tantummodo
2704 597 2917 650 solvere
2968 594 3110 665 quod
3132 610 3199 651 ex
3232 596 3399 651 Adam
3455 599 3696 669 trahitur,
3724 608 3791 659 sed

2282 686 2535 755 quicquid
2587 687 2746 744 etiam
2780 696 2961 755 postea
2990 702 3054 744 ex
3087 687 3282 757 iniquis
3326 690 3576 761 operibus
3604 694 3796 751 humana

2280 779 2704 835 conversationis
2733 780 2970 847 accedit;
3000 778 3119 834 ideo
3138 779 3400 848 judicium
3430 798 3500 836 ex
3520 800 3619 839 uno
3641 787 3685 840 iu
3709 801 3798 843 con-

2280 874 2700 942 demnationem,
2729 875 2896 946 gratia
2938 884 3114 931 autem
3138 891 3204 931 ex
3236 877 3417 933 multis
3437 879 3637 937 delictis
3660 883 3702 935 in
3718 884 3797 952 jus-

2282 965 2643 1021 tilicationem.
2674 964 2731 1022 Si
2755 966 2898 1022 enim
2927 966 2995 1021 ob
3026 967 3180 1022 unius
3206 966 3465 1024 delictum
3495 985 3629 1027 mors
3654 988 3795 1045 regna-

2282 1056 2360 1110 vit
2386 1071 2479 1125 per
2505 1072 2692 1121 unum,
2723 1071 2752 1111 a
2783 1072 2889 1127 quo
2919 1056 3117 1113 delicto
3150 1059 3355 1128 parvuli
3386 1075 3489 1130 per
3538 1062 3795 1132 baptismum

2280 1148 2581 1219 expiantur,
2608 1151 2775 1206 multo
2832 1151 2999 1221 magis
3028 1151 3114 1221 qui
3165 1152 3553 1210 abundantiam
3592 1158 3796 1228 gratiam

2275 1241 2498 1311 iustitiae
2535 1244 2823 1313 accipiunt,
2864 1243 2918 1299 in
2958 1244 3067 1299 vita
3098 1247 3419 1316 regnabant,
3468 1264 3559 1317 per
3584 1267 3717 1305 unum
3737 1252 3794 1307 Je-

2279 1350 2399 1392 sum
2432 1336 2704 1392 Christum
2739 1353 2751 1390 :
2785 1337 2956 1391 multo
3008 1339 3176 1407 magis
3220 1338 3407 1408 utique
3438 1340 3496 1394 in
3524 1340 3623 1396 vita
3662 1358 3796 1413 regna-

2276 1429 2431 1495 bunt,
2459 1430 2579 1498 quia
2609 1436 2826 1484 internae
2854 1429 2979 1484 vitae
3010 1444 3232 1498 regnum
3263 1431 3386 1485 erit.
3424 1432 3568 1488 Mors
3593 1445 3735 1490 autem
3756 1435 3791 1490 in

2277 1522 2356 1577 eis
2409 1520 2775 1590 temporalitcr
2822 1522 3033 1585 transit,
3066 1537 3173 1577 non
3202 1522 3257 1578 in
3298 1531 3564 1579 reternum
3591 1529 3793 1601 regnabit.

2276 1614 2463 1686 Itaque
2493 1616 2631 1669 sicut
2660 1629 2756 1684 per
2778 1608 2937 1669 unius
2958 1615 3211 1671 delictum
3234 1617 3286 1672 in
3310 1633 3506 1675 omnes
3529 1619 3731 1678 homines
3749 1627 3792 1681 ad

2280 1710 2782 1765 condemnationem
2807 1707 2898 1780 (de
2923 1723 3027 1780 qua
3048 1711 3509 1769 condemnatione
3532 1716 3701 1784 parvuli
3729 1733 3794 1789 per

2274 1812 2666 1858 sacramentum
2697 1802 2946 1873 baptismi
2988 1802 3250 1859 liberandi
3289 1815 3420 1861 sunt
3459 1807 3510 1877 ),
3542 1809 3603 1863 ita
3643 1819 3688 1865 et
3724 1828 3789 1881 per
3932 1840 3933 1913 ι

584 1906 747 1977 guns,
775 1906 866 1961 ubi
899 1907 1101 1962 dictum
1147 1918 1229 1964 εει
1259 1908 1428 1977 ερυίε
1462 1908 1708 1964 ascen-di;
1735 1908 1760 1961 ίρ
1797 1916 2033 1964 montem
2066 1909 2171 1965 υο.
2202 1884 2254 1949 Β
2280 1894 2437 1950 unius
2454 1893 2895 1963 justiﬁcationem
2921 1893 2977 1948 in
3007 1907 3194 1950 omnes
3226 1895 3483 1953 homines
3516 1898 3787 1967 adjustiﬁca-

581 1998 736 2066 mini,
754 2000 978 2069 autquis
994 2000 1154 2057 stabit
1174 2000 1228 2055 in
1250 2001 1370 2056 loco
1390 2011 1577 2056 sancto
1598 2000 1755 2071 ejus?
1776 2001 2036 2057 innocens
2057 2018 2172 2058 ma-

580 2092 761 2161 nibus,
778 2102 833 2150 et
852 2094 1086 2150 mundus
1107 2095 1308 2161 corde;
1330 2094 1589 2151 innocens
1619 2095 1863 2152 manibus
1890 2097 2165 2163 ascendet,

583 2195 635 2241 et
666 2187 899 2243 mundus
933 2187 1095 2243 corde
1150 2188 1314 2243 stabit
1337 2188 1505 2245 :illud
1553 2188 1607 2243 in
1629 2204 1794 2259 opere
1822 2198 1924 2256 est,
1958 2190 2088 2245 illud
2116 2190 2169 2247 in

581 2280 709 2335 ﬁne.
744 2280 814 2335 Et
851 2280 962 2336 illic
990 2280 1161 2352 magis
1195 2281 1600 2351 intelligendum
1630 2281 1773 2352 quod
1809 2281 2011 2338 dictum
2043 2292 2169 2340 est:

580 2374 728 2431 Bona
749 2384 832 2431 est
852 2376 1152 2431 substantia
1174 2376 1259 2430 cui
1278 2390 1383 2432 non
1406 2385 1489 2432 est
1510 2385 1787 2446 peccatum
1812 2376 1865 2431 in
1886 2377 2172 2433 conscien-

579 2471 671 2526 tia.
701 2469 855 2525 Tunc
874 2470 1019 2526 enim
1043 2470 1144 2525 erit
1164 2484 1297 2526 vere
1315 2470 1455 2527 bona
1485 2470 1807 2536 substantia,
1836 2468 1890 2527 id
1916 2481 1999 2524 est
2026 2484 2170 2525 verat

579 2566 796 2633 divitiae,
830 2580 952 2621 cum
1003 2565 1279 2621 transierit
1326 2571 1435 2620 tota
1488 2572 1793 2634 paupertas,
1828 2562 1883 2617 id
1930 2572 2014 2619 est
2041 2577 2173 2617 con-

577 2666 786 2726 sumpta
808 2656 971 2712 fuerit
992 2657 1169 2712 omnis
1218 2655 1522 2711 infirmitas.
1548 2654 1703 2710 Nunc
1724 2668 1854 2709 vero
1880 2660 2087 2710 avertat
2112 2667 2173 2708 se

576 2746 738 2803 homo
766 2764 796 2804 a
823 2748 1039 2816 delicto,
1070 2763 1193 2803 cum
1221 2747 1559 2818 protlciendo
1586 2747 1710 2803 inde
1730 2745 1976 2813 discedit,
2000 2754 2056 2801 et
2082 2760 2173 2801 re-

574 2852 805 2899 novetur
824 2842 894 2899 de
913 2843 1002 2900 die
1025 2843 1079 2899 in
1102 2843 1267 2910 diem,
1290 2852 1345 2898 et
1366 2842 1563 2913 dirigat
1589 2856 1778 2897 manus
1808 2840 1863 2895 in
1884 2855 2049 2910 opera
2071 2837 2172 2895 mi-

573 2936 903 3004 sericordia,
937 2937 1083 2992 etab
1136 2937 1283 2991 omni
1329 2935 1526 2991 delicto
1576 2934 1801 2990 mundet
1830 2949 1925 2989 cor
1974 2949 2168 3001 suum;

574 3027 895 3083 misereatur
908 3035 967 3082 ut
987 3026 1129 3096 quod
1152 3034 1321 3081 restat
1350 3042 1446 3095 per
1470 3026 1683 3081 veniam
1707 3026 2032 3080 dimittatur.
2058 3024 2172 3103 Hoc

573 3120 716 3177 enim
738 3120 1025 3177 salubriter
1049 3129 1104 3175 et
1121 3122 1238 3175 sine
1266 3134 1404 3174 vana
1432 3118 1683 3188 inanique
1725 3118 1987 3188 jactantia
2036 3118 2175 3173 bene

2277 1989 2479 2044 tionem
2506 1988 2627 2043 vitae
2651 2004 2665 2043 :
2695 1996 2746 2042 et
2778 1987 2866 2042 hic
2896 2002 3085 2043 omnes
3106 1988 3242 2044 dixit
3260 1999 3314 2045 et
3339 1990 3440 2056 ibi,
3482 2007 3573 2047 non
3595 1994 3690 2063 quia
3710 2010 3789 2050 om-

2275 2094 2373 2136 nes
2397 2079 2641 2136 homines
2661 2078 2958 2136 veniuntad
2980 2080 3205 2150 gratiam
3228 2081 3789 2151 justiﬁcationisChristi,

2276 2190 2397 2232 cum
2446 2183 2551 2228 tam
2603 2173 2760 2227 multi
2788 2172 3007 2228 alienati
3034 2174 3103 2228 ab
3127 2173 3218 2228 illa
3250 2176 3303 2228 in
3343 2184 3577 2231 aeternum
3600 2183 3789 2232 morian-

2273 2275 2364 2323 tur
2390 2282 2405 2321 :
2436 2265 2528 2321 sed
2553 2264 2676 2335 quia
2706 2278 2895 2319 omnes
2922 2264 3012 2334 qui
3036 2276 3402 2330 renascuntur,
3426 2266 3477 2320 in
3496 2267 3758 2336 iustiﬁcatio

2277 2373 2402 2413 nem
2444 2372 2550 2412 non
2591 2355 2695 2411 nisi
2739 2371 2835 2427 per
2860 2355 3131 2411 Christum
3164 2365 3526 2423 renascuntur;
3551 2358 3666 2412 sicut
3689 2372 3783 2412 om~

2274 2466 2371 2508 nes
2408 2449 2501 2522 qui
2528 2458 2842 2515 nascuntur,
2874 2450 2927 2503 in
2998 2449 3493 2506 condemnationem
3515 2451 3695 2506 nonnisi
3716 2464 3789 2522 per

2276 2544 2445 2601 Adam
2501 2552 2809 2599 nascuntur.
2835 2542 3002 2598 Nemo
3048 2543 3246 2613 quippe
3267 2543 3398 2617 {est}
3429 2545 3482 2598 in
3508 2545 3587 2599 illa
3605 2560 3783 2615 genera-

2278 2638 2423 2692 tione
2444 2644 2639 2707 prteter
2667 2636 2859 2703 Adam,
2884 2650 3043 2690 nemo
3068 2636 3123 2689 in
3154 2636 3254 2690 ista
3287 2640 3666 2707 regenerationc
3690 2652 3784 2707 pra-

2278 2740 2361 2787 ter
2389 2729 2690 2796 Christum;
2722 2729 2843 2785 ideo
2864 2744 3052 2785 omnes
3073 2740 3127 2787 et
3155 2745 3349 2786 omnes
3383 2748 3399 2786 :
3432 2732 3627 2787 eosdem
3650 2744 3775 2786 autem

2278 2838 2465 2881 omnes
2513 2822 2676 2880 etiam
2725 2824 2924 2879 multos
2946 2832 3135 2893 postea
3156 2823 3308 2887 dicit,
3341 2824 3619 2893 adjungens
3640 2822 3769 2877 :Sicut

2278 2917 2422 2972 enim
2437 2930 2531 2986 per
2554 2914 2980 2971 inobedientiam
3001 2916 3158 2971 unius
3170 2915 3772 2986 hominispeccatottscon-

2280 3010 2456 3066 stituti
2483 3019 2607 3064 suut
2632 3008 2813 3075 multi,
2846 3010 2925 3063 sic
2950 3016 3005 3063 et
3029 3022 3127 3077 per
3157 3009 3321 3062 unius
3354 3009 3582 3065 hominis
3598 3007 3776 3063 obedien-

2280 3104 2431 3168 tiam,
2461 3102 2592 3172 juSti
2622 3101 3018 3156 constituentur
3045 3099 3220 3153 muiti.
3253 3099 3359 3167 Qui
3393 3103 3567 3166 multi,
3595 3102 3671 3155 nisi
3691 3113 3772 3165 quos

574 3214 891 3285 intelligitur
924 3214 979 3268 in
1006 3228 1072 3268 eo
1102 3212 1247 3282 quod
1279 3211 1413 3266 dixit
1437 3218 1659 3267 sanctus
1689 3210 1922 3265 Joannes
1950 3227 1963 3263 :
1992 3210 2049 3267 Si
2081 3225 2176 3265 cor
2206 3279 2246 3285 _
2275 3196 2387 3267 iam
2415 3195 2572 3265 Paulo
2603 3202 2727 3249 ante
2754 3207 2941 3248 omnes
2971 3192 3209 3247 dimi“?
3239 3191 3381 3247 Vide
3412 3192 3757 3285 (ιυθηιθάωοξίεφ

574 3279 817 3365 nostrum
845 3322 946 3362 nos
978 3320 1086 3362 non
1115 3279 1497 3374 reprehendat,
1524 3303 1774 3359 ﬁduciam
1798 3301 2068 3361 habemus
2098 3302 2166 3358 ad
2197 3279 2246 3341 (ἶ
2278 3288 2621 3347 commendat
2671 3302 2860 3354 unum»
2887 3294 2943 3342 ει
2985 3302 3171 3354 unum:
3218 3286 3270 3341 id
3322 3297 3409 3342 εει
3439 3289 3601 3343 Λάδη)
3624 3283 3762 3342 “cm

571 3401 766 3466 Deum,
798 3407 852 3455 et
877 3412 1211 3469 quaecunque
1255 3396 1572 3466 petierimus
1616 3394 1947 3465 accipiemus
1976 3395 2044 3451 ab
2074 3408 2161 3451 eo.

572 3494 688 3550 Hoc
716 3495 860 3551 enim
886 3493 1101 3548 videtur
1131 3491 1187 3547 in
1230 3492 1335 3547 isto
1374 3491 1495 3548 loco
1542 3491 1913 3557 admonuisse,
1943 3509 2012 3550 ne
2070 3507 2167 3550 cor

572 3596 816 3644 nostrum
865 3602 964 3644 nos
989 3586 1043 3642 in
1071 3588 1186 3657 ipsa
1214 3586 1460 3642 oratione
1490 3597 1546 3642 et
1582 3588 1844 3658 petitione
1870 3589 2167 3659 reprehen-

572 3681 700 3745 dat;
720 3681 821 3735 hoc
843 3688 946 3746 est,
965 3694 1033 3734 ne
1059 3679 1195 3733 forte
1218 3693 1340 3733 cum
1365 3680 1689 3748 coeperimus
1706 3680 1911 3747 dicere,
1945 3680 2164 3739 Dimitte

575 3771 755 3837 nobis,
788 3772 928 3825 sicut
976 3778 1032 3825 et
1069 3785 1168 3825 nos
1198 3770 1551 3837 dimittimus,
1584 3785 2010 3842 compungamur
2056 3791 2162 3833 non

576 3863 756 3918 facere
808 3862 951 3931 quod
981 3862 1230 3927 dicimus,
1254 3871 1347 3917 aut
1394 3864 1559 3917 etiam
1591 3878 1699 3918 non
1745 3864 2038 3921 audeamus
2076 3866 2164 3922 di-

578 3972 702 4014 cere
728 3956 872 4028 quod
913 3971 1022 4013 non
1052 3955 1311 4021 faciamus
1330 3996 1346 4026 ,
1377 3965 1431 4014 et
1461 3958 1713 4014 ﬁduciam
1755 3960 1975 4019 petendi
2002 3961 2163 4019 amit-

579 4065 775 4112 tamus.

1137 4125 1365 4184 CAPUT
1387 4124 1607 4183 000111.

579 4219 659 4276 De
686 4237 744 4275 eo
772 4220 910 4288 quod
938 4221 1013 4274 ait
1040 4220 1350 4291 Apostolus;
1368 4218 1630 4273 Iudicium
1651 4236 1715 4274 ea:
1740 4234 1845 4273 uno
1869 4220 1922 4273 in
1937 4222 2167 4275 condem-

654 4296 940 4416 zaaricnem;
967 4307 1029 4346 ea:
1057 4290 1271 4363 epistola
1302 4290 1671 4363 Responsionis
1699 4292 1767 4345 ad
1799 4294 2030 4347 consulta
2057 4292 2162 4347 Hi-

677 4379 793 4416 am.

655 4480 789 4536 Cum
814 4496 943 4551 ergo
965 4481 1019 4537 in
1042 4490 1290 4551 utroque,
1322 4478 1376 4533 id
1398 4487 1481 4534 est
1509 4487 1565 4534 et
1590 4478 1645 4534 in
1671 4478 1876 4550 judicio
1900 4490 1954 4538 et
1974 4481 2027 4537 in
2045 4497 2169 4551 gra-

586 4577 681 4644 tia,
712 4575 854 4645 quod
906 4575 1098 4630 attinet
1121 4574 1189 4629 ad
1241 4590 1405 4629 unum
1437 4582 1493 4630 et
1520 4575 1686 4630 multa
1716 4575 1909 4633 delicta
1939 4592 2043 4633 una
2070 4592 2165 4633 ea-

2268 3394 2413 3440 stum
2429 3400 2440 3435 :
2457 3382 2606 3438 illum
2626 3379 2695 3436 ad
2715 3379 3238 3446 condemnationem,
3264 3378 3415 3436 hunc
3439 3382 3505 3435 ad
3523 3376 3771 3449 iustiﬁcatio-

2270 3492 2422 3543 nem;
2448 3490 2571 3531 cum
2594 3482 2742 3529 tanto
2764 3483 2884 3541 post
2899 3472 3069 3527 Adam
3090 3473 3301 3527 venerit
3324 3471 3570 3528 Christus
3592 3474 3636 3525 in
3655 3482 3780 3527 carne.

2269 3579 2326 3627 ut
2341 3570 2580 3627 sciamus
2596 3567 2844 3639 antiquos
2859 3565 3380 3636 justos,quicunque
3401 3581 3520 3621 esse
3542 3570 3782 3632 potuerunt.

2269 3681 2376 3721 non
2405 3662 2508 3719 nisi
2541 3677 2635 3733 per
2662 3660 2909 3716 eamdem
2942 3658 3104 3714 ﬁdem
3137 3657 3399 3714 liberatos
3428 3674 3519 3729 per
3539 3671 3677 3727 quam
3700 3651 3796 3706 libe-

2268 3774 2454 3815 ramur
2502 3766 2558 3813 et
2601 3770 2723 3823 nos,
2750 3754 2911 3810 ﬁdem
2960 3751 3169 3809 scilicet
3220 3751 3586 3807 incarnationis
3609 3744 3797 3806 Christi,

2267 3866 2392 3922 qua:
2440 3849 2550 3905 illis
2580 3846 3059 3919 praenuntiabatur,
3088 3845 3234 3901 sicut
3262 3854 3316 3901 et
3351 3844 3490 3897 nobis
3534 3839 3791 3894 annuntia-

2267 3946 2427 4002 batur
2469 3942 2633 4016 [facta
2670 3937 3062 4011 annuntiatur].
3094 3938 3226 3994 Ideo
3257 3938 3339 3995 hic
3363 3934 3615 3991 Christum
3639 3930 3798 3984 homi-

2268 4053 2393 4094 nem
2414 4036 2702 4101 dicit,cum
2713 4034 2783 4091 sit
2803 4042 2859 4090 et
2885 4032 3051 4097 Deus,
3069 4047 3136 4087 ne
3163 4033 3288 4102 quis
3314 4030 3571 4086 existimet
3594 4025 3807 4094 antiquos

2261 4132 2437 4203 justos
2487 4144 2586 4200 per
2610 4128 2781 4185 Deum
2820 4124 3192 4183 tantummodo
3237 4124 3531 4185 Christum,
3562 4120 3613 4174 id
3638 4128 3707 4173 est
3732 4129 3805 4186 per

2267 4223 2506 4280 Verbum
2529 4220 2673 4289 quod
2701 4226 2819 4276 erat
2843 4218 2895 4273 in
2923 4216 3210 4288 principio,
3234 4231 3342 4271 non
3369 4215 3538 4271 etiam
3577 4226 3664 4283 per
3683 4206 3803 4263 ﬁdem

2267 4313 2652 4373 incarnationis
2674 4312 2811 4382 ejus,
2836 4325 2940 4381 qua
2965 4316 3023 4365 et
3050 4307 3212 4364 homo
3236 4306 3498 4362 Christus
3524 4305 3716 4367 dicitur,
3735 4314 3805 4367 pc-

2269 4412 2435 4468 tuisse
2463 4406 2701 4466 liberari.
2726 4402 3006 4462 Sententia
3035 4402 3233 4474 quippe
3262 4401 3366 4456 ista
3388 4399 3605 4456 destrui
3634 4411 3721 4451 non
3741 4405 3807 4461 po-

2270 4512 2398 4571 test,
2421 4502 2490 4558 de
2531 4516 2637 4572 qua
2672 4507 2728 4555 et
2752 4495 2881 4553 alibi
2908 4494 3038 4552 dicit
3066 4509 3162 4565 per
3188 4507 3355 4548 unum
3383 4492 3662 4547 hominem
3682 4495 3796 4542 non.

2270 4608 2326 4654 et
2355 4611 2454 4667 per
2481 4608 2645 4649 unum
2677 4589 2949 4647 hominem
2978 4586 3302 4644 resurrectio
3330 4574 3801 4667 mortuorum-.sicut

587 4668 818 4733 demque
838 4665 909 4719 sit
928 4666 1088 4731 ratio,
1103 4665 1283 4722 dicant
1297 4665 1385 4722 isti
1401 4666 1556 4722 nobis
1567 4682 1732 4737 quare
1743 4667 2005 4738 judicium
2020 4672 2169 4728 dixe-
2196 4664 2252 4726 D
2281 4690 2334 4747 ίη
2350 4664 2519 4745 λάθω
2538 4699 2726 4743 omnes
2742 4682 3068 4750 moriuntur,
3086 4680 3165 4737 sic
3188 4688 3241 4735 ει
3256 4678 3312 4733 in
3336 4678 3574 4734 οιιι-ίειο
3592 4684 3743 4732 οωοεξ
3756 4664 3809 4717 vi-

588 4757 657 4813 rit
678 4772 743 4812 ex
764 4771 871 4811 uno
890 4756 1083 4812 delicto
1098 4758 1295 4815 ducere
1319 4759 1370 4813 in
1413 4760 1935 4828 condemnationem,
1949 4767 2175 4834 gratiam

588 4864 717 4907 vero
738 4864 804 4905 ex
827 4848 1010 4905 multis
1032 4849 1239 4907 delictis
1273 4851 1324 4906 in
1338 4853 1796 4921 justiﬁeationem.
1814 4857 1919 4910 Aut
1936 4858 2177 4927 acquies-

589 4951 715 4999 cant
741 4942 862 4999 ideo
887 4942 965 4998 sic
982 4957 1104 4999 esse
1120 4942 1483 5017 dietum,quia
1507 4947 1561 5003 in
1582 4949 1685 5003 hac
1710 4963 1873 5005 causa
1900 4950 2009 5006 duo
2049 4967 2178 5007 con-

589 5037 885 5092 stituuntur
905 5035 1184 5091 homines:
1206 5037 1396 5106 Adam,
1416 5056 1482 5095 ex
1508 5057 1614 5112 quo
1630 5041 1873 5098 subsistit
1900 5044 2179 5113 generatio

591 5129 843 5197 carnalis,
867 5136 925 5186 et
952 5127 1220 5199 Christus,
1253 5144 1321 5186 ex
1351 5146 1458 5201 quo
1487 5135 1763 5202 generatio
1790 5135 2168 5208 [regeneratio]

592 5222 882 5291 spiritalis;
908 5222 1002 5279 sed
1030 5223 1155 5293 quia
1207 5231 1412 5281 tantum
1453 5226 1541 5282 ille
1572 5226 1756 5295 homo,
1780 5228 1880 5285 iste
1909 5239 2090 5284 autem
2118 5238 2173 5284 et

596 5319 737 5375 Deus
750 5329 803 5375 et
817 5320 979 5375 homo
997 5336 1011 5374 :
1027 5333 1134 5375 non
1151 5319 1421 5389 quomodo
1436 5320 1528 5375 illa
1542 5321 1818 5391 generatio
1846 5338 1954 5379 uno
1976 5323 2175 5380 delicto

590 5414 816 5483 obligat,
839 5412 979 5482 quod
1002 5422 1085 5468 est
1105 5429 1173 5469 ex
1199 5413 1393 5483 Adam,
1425 5413 1495 5469 ita
1527 5413 1625 5469 ista
1655 5418 2168 5487 regeneratiounum

594 5505 849 5562 delictum
867 5506 1039 5561 solum
1059 5507 1240 5574 scivit,
1254 5509 1396 5579 quod
1419 5516 1500 5564 est
1519 5524 1585 5565 ex
1602 5510 1795 5565 Adam.
1826 5511 1933 5567 Sed
1958 5511 2031 5566 illi
2053 5514 2175 5581 qui-

597 5598 719 5653 dem
774 5599 1107 5670 generationi
1160 5602 1355 5657 sufficit
1387 5603 1453 5657 ad
1482 5603 1987 5659 condemnationem
2020 5606 2178 5660 unius

598 5690 782 5747 delicti
810 5692 1101 5759 connexio;
1132 5694 1387 5765 quidquid
1418 5696 1559 5751 enim
1590 5704 1772 5764 postea
1824 5696 2067 5752 homines
2110 5715 2176 5754 ex

600 5782 759 5835 malis
808 5784 918 5839 suis
967 5784 1220 5853 operibus
1262 5786 1484 5853 addunt,
1516 5803 1620 5844 non
1650 5788 1885 5858 pertinet
1932 5791 1997 5843 ad
2030 5791 2176 5847 illaut

605 5874 1036 5942 generationem,
1077 5878 1173 5933 sed
1230 5878 1297 5935 ad
1351 5879 1636 5937 humanam
1691 5896 2176 5941 conversationem.

2283 4779 2669 4843 viﬁeabuntur;
2703 4778 2886 4845 utique
2928 4772 3382 4830 resurrectionem
3422 4771 3568 4827 dicit
3594 4771 3818 4839 justorumi

2294 4873 2386 4928 ubi
2416 4879 2499 4927 est
2525 4870 2635 4924 vita
2659 4877 2882 4931 aeterna,
2911 4880 3015 4921 non
3048 4863 3525 4920 resurrectionem
3559 4861 3820 4929 iniquorum.

2284 4963 2373 5019 ubi
2402 4976 2548 5019 mors
2591 4969 2793 5015 aeterna
2841 4958 2984 5012 erit:
3010 4955 3131 5011 ideo
3162 4955 3237 5009 ait
3266 4954 3722 5013 viviﬁcabuntur,
3745 4947 3825 5016 quia

2284 5058 2362 5113 illi
2418 5054 2835 5112 damnabuntur.
2867 5050 3004 5106 Hinc
3043 5060 3099 5106 et
3127 5050 3179 5104 in
3209 5049 3502 5105 veteribus
3535 5040 3828 5104 sacramenti!

2280 5148 2614 5206 circumcisio
2635 5145 2973 5216 parvulorum
2989 5141 3273 5198 octavodie
3302 5141 3424 5196 ﬁeri
3453 5147 3728 5211 praecepta
3763 5140 3833 5189 est.

2281 5240 2531 5316 quoniam
2561 5238 2826 5303 Christus,
2855 5234 2907 5290 in
2939 5250 3043 5307 quo
3090 5235 3148 5289 ﬁt
3197 5232 3377 5289 delicti
3406 5233 3661 5288 carnalis
3685 5239 3835 5295 exspo-

2282 5333 2428 5389 liatio
2458 5333 2639 5403 (quam
2666 5327 2933 5395 signiﬁcat
2958 5324 3345 5393 circumcisio),
3364 5323 3467 5378 die
3502 5323 3765 5381 dominico
3784 5331 3839 5371 te-

2283 5424 2540 5488 surrexit,
2558 5420 2645 5491 qui
2668 5428 2789 5489 post
2815 5416 3098 5487 septimum
3125 5415 3336 5471 sabbati
3363 5426 3615 5473 octavus
3638 5424 3735 5471 est.
3755 5412 3839 5466 list

2285 5531 2413 5587 ergo
2444 5514 2574 5569 ﬁdes
2617 5513 2775 5567 etiam
2824 5511 3161 5578 antiquorum
3188 5507 3471 5579 iustorum
3509 5511 3645 5577 fuit;
3675 5508 3847 5566 uncta

2282 5606 2573 5676 Apostolus
2620 5602 2750 5658 dicit
2782 5620 2794 5656 :
2830 5601 3101 5655 [labentes
3126 5608 3304 5655 autem
3338 5602 3617 5657 eumdem
3650 5602 3848 5670 Spiritum

2283 5698 2425 5762 fidei,
2458 5707 2676 5766 preptcr
2706 5693 2845 5765 quod
2892 5692 3150 5760 scriptum
3200 5700 3285 5746 est
3324 5688 3646 5762 :Credidi,
3677 5701 3851 5764 proptet

2283 5792 2420 5861 quod
2447 5791 2653 5846 locutus
2684 5805 2800 5844 sum
2828 5806 2841 5855 ;
2873 5795 2927 5843 ct
2955 5801 3050 5841 nos
3074 5785 3362 5853 credimus,
3398 5800 3656 5858 prOpter
3681 5790 3802 5857 quo:
3822 5794 3853 5835 et

2284 5885 2585 5955 loquimur;
2620 5898 2723 5939 non
2756 5884 2954 5938 diceret
2983 5878 3228 5935 eumdem
3275 5876 3569 5949 Spiritum
3606 5881 3760 5947 ﬁdei,
3787 5877 3860 5930 nisi
