4010 6382
174 390 177 393 -
214 362 350 419 1017

1419 342 1856 404 THESAURUS.
1894 338 2043 397 CAP.
2085 335 2282 395 CCCV.

3335 333 3474 391 1018

215 478 506 534 admonens
546 474 707 531 etiam
735 471 981 542 antiquos
999 470 1173 541 justos
1199 469 1371 539 ipsum
1401 462 1648 519 habuisse
1680 457 1789 528 spi-
1815 458 1867 518 Δ
1892 450 2157 542 quaesivit.
2182 446 2320 518 Quid
2367 446 2415 503 ei
2443 445 2811 542 responderim
2856 443 3146 542 subditum
3172 443 3473 542 lege._ltcm

217 570 371 626 ritum
404 567 550 632 ﬁdei,
580 566 681 623 hoc
733 574 817 623 est
846 562 1226 620 incarnationis
1278 558 1500 616 Christi.
1528 554 1635 613 Sed
1664 552 1787 624 quia

220 663 318 718 illis
351 660 525 741 futura
580 660 1037 731 pranuntiabatur
1063 673 1179 727 quae
1206 658 1315 725 jam
1339 652 1476 707 facta
1511 652 1664 706 nobis
1696 664 1789 702 an-

216 754 506 822 nuntiatur,
539 762 593 809 et
614 762 851 822 tempore
879 750 1089 807 Veteris
1134 745 1460 803 Testamenti
1513 742 1788 798 velabatur

216 865 331 921 qua:
358 859 595 919 tempore
610 843 1086 903 Novi'l‘estamenti
1108 841 1393 906 revelatur,
1412 838 1533 893 ideo
1560 835 1675 906 ejus
1706 849 1790 889 sa-

217 952 482 999 cramenta
512 943 715 997 variata
742 950 897 1010 sunt,
929 950 986 994 ut
1013 938 1117 993 alia
1144 945 1325 993 essent
1352 934 1403 989 in
1436 932 1630 989 Vetere
1658 930 1792 984 Tes-

219 1044 471 1100 tamento,
495 1035 675 1091 aliain
706 1033 883 1099 Novo,
914 1048 1033 1088 cum
1065 1032 1197 1087 ﬁdes
1241 1032 1356 1097 ipsa
1378 1026 1523 1080 varia
1566 1038 1669 1078 non
1702 1021 1790 1088 sit,

218 1130 311 1186 sed
342 1145 445 1185 una
475 1130 579 1194 sit,
604 1127 729 1197 quia
769 1126 905 1182 sicut
950 1126 1003 1179 in
1034 1124 1205 1180 Adam
1232 1134 1421 1177 omnes
1469 1118 1793 1182 moriuntur,

219 1224 294 1280 sic
318 1231 374 1280 et
411 1222 463 1277 in
504 1219 719 1277 Christo
748 1233 937 1275 omnes
964 1215 1397 1272 viviﬁcabuntur.

773 1309 1001 1369 CAPUT
1030 1295 1243 1367 aestv.

220 1408 409 1465 Contra
430 1410 484 1463 id
506 1408 644 1481 quod
668 1408 906 1481 digerunt
924 1404 1193 1474 Pelagiani
1223 1403 1500 1481 [inmanem
1522 1416 1622 1481 non
1647 1414 1795 1481 posse

286 1490 483 1535 mutare
519 1471 607 1534 'uel
645 1479 915 1532 debilitare
956 1471 1195 1529 naturam
1234 1474 1289 1527 id
1336 1472 1471 1543 quod
1502 1471 1786 1525 substantia

286 1560 453 1617 caret;
481 1566 544 1606 ex
564 1550 691 1605 libro
711 1550 774 1602 de
798 1549 1002 1603 Natura
1023 1557 1070 1601 et
1094 1545 1296 1600 Gratia.

288 1644 489 1710 Primo,
515 1643 707 1713 inquit,
728 1642 795 1697 de
816 1655 880 1697 eo
899 1636 1279 1709 disputandum
1303 1643 1389 1690 est
1402 1634 1542 1705 quod
1563 1648 1659 1704 per
1676 1646 1800 1702 pec-

218 1747 397 1794 catum
411 1737 685 1794 debilitata
701 1736 896 1791 dicitur
914 1742 970 1790 et
987 1732 1266 1788 immutata
1287 1740 1497 1786 natura.
1512 1728 1667 1785 Unde
1678 1736 1803 1782 ante

1892 543 2111 613 quaeris,
2145 539 2389 611 inquam,
2421 548 2602 594 utrum
2651 538 2870 608 spiritus
2914 536 3216 591 immundus
3243 540 3333 607 qui
3364 549 3480 594 erat

1894 636 1947 690 in
1972 633 2285 705 pythonissa
2314 631 2548 703 potuerit
2575 646 2733 701 agere
2766 640 2819 685 ut
2840 629 3054 685 Samuel
3083 643 3113 683 a
3142 627 3304 684 Saule
3331 629 3482 685 vide-

1892 738 2060 789 retur,
2092 734 2147 779 et
2177 726 2487 793 loqueretur
2516 736 2635 777 cum
2666 737 2753 777 eo.
2791 722 2894 776 Sed
2926 720 3093 775 multo
3124 719 3343 790 majoris
3374 721 3473 775 ini-

1892 818 2057 875 raculi
2080 825 2185 883 est,
2214 815 2353 886 quod
2384 816 2499 884 ipse
2527 814 2756 871 Satanas
2802 812 3049 882 princeps
3082 810 3479 869 immundorum

1895 911 2131 967 omnium
2180 910 2465 979 spirituum
2500 910 2670 977 potuit
2701 907 2845 976 loqui
2878 921 3000 960 cum
3049 907 3182 971 Deo,
3215 916 3269 961 et
3299 916 3482 976 petere

1903 1000 2213 1058 tentandum
2265 1000 2368 1055 Joh
2406 999 2761 1069 justissimum
2800 999 2972 1051 virum
3009 1015 3021 1051 :
3054 997 3145 1067 qui
3175 999 3334 1051 etiam
3363 1012 3487 1067 apo-

1898 1092 2062 1148 stolos
2085 1091 2368 1145 tentandos
2396 1090 2582 1160 petiit;
2614 1097 2707 1143 aut
2730 1088 2775 1143 si
2805 1088 2906 1141 hoc
2928 1087 3046 1143 ideo
3070 1103 3175 1142 non
3203 1086 3364 1144 habet
3384 1087 3481 1144 dif-

1900 1184 2097 1239 ﬁcilem
2121 1182 2496 1253 quaestionem,
2526 1182 2649 1250 quia
2692 1196 2783 1249 per
2812 1194 2969 1250 quam
2999 1180 3229 1235 voluerit
3263 1192 3474 1236 creatu-

1901 1292 2041 1346 ram,
2072 1277 2156 1331 cui
2185 1274 2413 1330 voluerit
2455 1281 2736 1335 creaturam
2786 1270 2983 1341 ubique
3015 1286 3251 1341 przesens
3278 1274 3475 1327 veritas

1902 1368 2137 1438 loquitur
2168 1383 2184 1422 :
2209 1382 2307 1422 nec
2338 1373 2622 1436 prepterea
2652 1365 2828 1434 magni
2859 1365 3035 1419 meriti
3081 1376 3168 1419 est
3194 1365 3282 1420 cui
3311 1367 3485 1436 loqui-

1909 1473 1994 1519 tur
2026 1464 2200 1529 Deus;
2236 1463 2460 1516 interest
2498 1460 2640 1515 enim
2680 1460 2807 1530 quid
2850 1458 3009 1531 [ipse]
3057 1461 3333 1531 loquatur;
3366 1463 3488 1531 quia

1908 1569 1964 1615 et
1989 1559 2282 1627 imperator
2308 1569 2430 1609 cum
2462 1552 2643 1609 multis
2670 1553 3043 1608 innocentibus
3071 1569 3176 1608 non
3208 1554 3444 1623 loquitur
3469 1594 3488 1621 ,

1908 1652 2105 1723 quibus
2138 1648 2609 1721 providentissime
2648 1647 2880 1701 consulit
2900 1646 2967 1701 ad
2990 1647 3218 1703 salutem
3244 1688 3258 1713 ,
3291 1657 3342 1703 et
3371 1662 3492 1702 cum

1908 1745 2087 1801 multis
2116 1741 2431 1797 nocentibus
2460 1740 2694 1810 loquitur
2715 1776 2732 1805 ,
2764 1752 2898 1807 quos
2942 1738 3094 1808 jubet
3140 1738 3367 1795 interﬁci
3396 1756 3410 1794 :
3444 1741 3492 1794 si

218 1832 397 1888 omnia
432 1829 787 1901 quaerendum
853 1837 1009 1898 puto,
1039 1826 1229 1897 inquit,
1262 1824 1389 1895 quid
1411 1823 1479 1878 sit
1506 1830 1802 1892 peccatum,

1915 1851 2044 1906 ergo
2073 1833 2200 1889 hinc
2229 1842 2511 1902 propterea
2539 1831 2681 1885 nulla
2705 1830 2929 1899 quaestio
2951 1840 3055 1896 est,
3086 1830 3229 1885 nulla
3254 1832 3324 1885 sit
3346 1844 3496 1900 quaa-

219 1923 515 1981 substantia
543 1922 743 1994 aliqua,
776 1937 842 1976 an
893 1920 1116 1977 omnino
1145 1918 1445 1975 substantia
1474 1918 1582 1988 76
1610 1931 1801 1972 carens

218 2031 441 2085 nomen,
469 2031 578 2086 quo
597 2030 703 2072 non
727 2031 836 2082 res,
862 2030 967 2072 non
988 2012 1294 2079 existentia,
1328 2027 1435 2067 non
1466 2025 1661 2081 corpus
1703 2010 1802 2065 ali-

219 2110 504 2182 quod,sed
534 2124 816 2181 perperam
865 2109 989 2165 facti
1018 2118 1169 2163 actus
1216 2105 1553 2176 exprimitur.
1598 2104 1802 2159 Deinde

222 2204 465 2275 adjungit
494 2222 508 2257 :
545 2203 722 2259 Credo
752 2203 824 2257 ita
854 2208 973 2269 est;
998 2211 1055 2257 et
1098 2201 1144 2256 si
1170 2200 1243 2255 ita
1290 2207 1408 2265 est,
1433 2198 1639 2267 inquit,
1664 2211 1802 2265 quo-

220 2286 383 2353 modo
403 2297 577 2368 potuit
608 2298 892 2353 humanam
915 2295 1197 2351 debilitare
1216 2294 1301 2350 vel
1322 2302 1531 2349 mutare
1558 2301 1801 2346 naturam

222 2385 366 2454 quod
392 2387 686 2443 substantia
710 2389 891 2443 caret?
923 2386 1227 2441 Cernitisne
1249 2398 1355 2454 quo
1386 2382 1573 2438 tendat
1597 2390 1652 2437 et
1699 2394 1806 2449 quo

224 2493 414 2534 manus
459 2480 694 2550 porrigat
748 2480 865 2535 haec
892 2478 1220 2550 disputatio,
1252 2488 1310 2531 ut
1337 2476 1557 2531 omnino
1606 2474 1806 2529 frustra

223 2573 427 2630 dictum
495 2582 741 2643 putetur,
770 2568 999 2630 Vocabis
1044 2586 1241 2627 nomen
1296 2570 1411 2641 ejus
1440 2570 1621 2625 Jesum
1652 2568 1806 2637 :ipse

224 2671 369 2725 enim
397 2671 603 2727 salvum
632 2670 792 2725 faciet
818 2668 1071 2740 populum
1091 2682 1247 2723 suum
1276 2680 1305 2720 a
1327 2666 1565 2735 peccatis
1590 2678 1802 2720 eorum.

224 2759 509 2829 Quomodo
529 2762 671 2817 enim
696 2760 904 2816 salvum
933 2758 1111 2825 faciet,
1135 2759 1223 2813 tibi
1248 2757 1390 2812 nulla
1412 2766 1489 2812 est
1516 2753 1808 2826 aegritudo?

222 2864 443 2925 peccata
494 2855 689 2925 quippe
737 2868 799 2909 ea
827 2852 1021 2924 quibus
1046 2851 1177 2906 dicit
1204 2849 1550 2921 Evangelium
1600 2846 1807 2901 salvum

224 2946 527 3003 faciendum
570 2946 824 3017 populum
854 2945 1072 3011 Christi,
1100 2944 1400 2999 substantia
1446 2958 1549 2996 non
1580 2951 1726 3006 sunt,
1754 2946 1808 2995 et

223 3039 518 3096 secundum
566 3040 724 3094 istum
751 3038 943 3094 vitiare
976 3053 1082 3093 non
1124 3045 1372 3106 possunt.
1403 3036 1447 3091 0
1498 3035 1682 3100 frater,
1708 3033 1808 3088 bo-

227 3147 357 3187 num
390 3139 473 3186 est
501 3139 561 3185 ut
593 3130 903 3185 memineris
930 3140 981 3184 te
1007 3144 1129 3185 esse
1154 3127 1541 3184 Christianum.
1572 3126 1809 3182 Credere

1905 1927 2010 1983 stio
2038 1923 2309 1997 quomodo
2338 1924 2499 1978 etiam
2545 1920 2857 1976 immundus
2910 1921 3136 1991 spiritus
3164 1936 3284 1976 cum
3315 1923 3495 1977 anima

1904 2017 2075 2074 sancti
2122 2014 2223 2069 viri
2269 2013 2412 2084 loqui
2460 2013 2695 2083 potuerit
2750 2026 2767 2067 :
2814 2011 3065 2067 omnibus
3107 2012 3249 2067 enim
3293 2014 3494 2069 sanctis

1906 2110 2047 2166 Deus
2076 2115 2287 2165 creator
2311 2114 2367 2161 et
2388 2104 2755 2161 sanctiﬁcator
2778 2103 2938 2173 longe
2969 2104 3151 2173 utique
3182 2102 3355 2173 major
3385 2114 3493 2158 est.

1906 2204 2057 2273 Quod
2083 2204 2129 2258 si
2154 2202 2256 2257 hoc
2283 2211 2463 2256 movet
2483 2200 2624 2271 quod
2648 2198 2861 2253 licuerit
2882 2196 3115 2267 maligno
3145 2198 3357 2267 spiritui
3396 2213 3496 2254 εκ-

1912 2298 2083 2352 citare
2108 2294 2340 2349 animam
2366 2291 2532 2362 justi,
2563 2299 2620 2347 et
2647 2300 2901 2360 tanquam
2923 2289 2991 2345 de
3033 2290 3224 2345 abditis
3255 2302 3497 2345 mortuo-

1907 2408 2027 2449 rum
2061 2390 2424 2460 receptaculis
2452 2402 2683 2443 evocare
2712 2428 2728 2452 ,
2759 2401 2936 2441 nonne
2977 2386 3146 2455 magis
3194 2386 3498 2441 mirandum

1908 2494 1993 2543 est
2020 2483 2163 2554 quod
2184 2482 2411 2539 Satanas
2438 2482 2615 2549 ipsum
2645 2479 2929 2534 Dominum
2951 2478 3262 2548 assumpsit,
3291 2489 3344 2531 et
3372 2493 3501 2533 con~

1911 2576 2087 2633 stituit
2110 2590 2275 2645 super
2314 2574 2531 2645 pinnam
2563 2572 2782 2643 templi?
2809 2571 3062 2638 Quolibet
3087 2570 3231 2627 enim
3258 2571 3419 2627 modo
3448 2570 3501 2630 id

1909 2668 2131 2735 fecerit,
2172 2668 2263 2723 ille
2289 2668 2453 2723 etiam
2484 2666 2675 2721 modus
2717 2680 2823 2735 quo
2860 2664 3078 2721 Samuel
3112 2663 3312 2719 factum
3332 2673 3415 2719 est
3438 2671 3500 2719 ut

1910 2759 2238 2813 excitaretur
2261 2799 2277 2826 ,
2323 2757 2571 2813 similiter
2620 2757 2786 2823 latet;
2818 2754 2919 2812 nisi
2952 2755 3092 2811 forte
3122 2755 3242 2825 quis
3283 2754 3502 2824 dixerit,

1911 2849 2207 2904 faciliorem
2249 2848 2463 2904 diabolo
2492 2846 2657 2903 fuisse
2686 2847 2956 2904 licentiam
2996 2848 3063 2902 ad
3105 2847 3393 2901 Dominum
3418 2847 3495 2901 vic

1909 2957 2036 2998 vum
2065 2941 2206 2997 unde
2231 2941 2397 2996 voluit
2426 2939 2803 2995 assumendum
2824 2982 2839 3007 ,
2887 2949 2943 2995 et
2984 2939 3073 2995 ubi
3102 2939 3270 2993 voluit
3299 2937 3504 2993 consti.

1912 3033 2169 3088 tuendum
2185 3037 2387 3102 ,‘quatn
2416 3031 2482 3085 ad
2511 3032 2777 3087 Samuelis
2799 3031 3034 3087 defuncti
3063 3032 3308 3100 Spiritum
3331 3046 3361 3084 a
3386 3032 3499 3086 suis

1913 3126 2133 3182 sedibus
2164 3125 2532 3181 excitandum.
2562 3124 2716 3192 Quod
2746 3126 2790 3180 si
2820 3124 2951 3179 illud
2992 3125 3044 3179 in
3086 3124 3377 3193 Evangelio
3408 3138 3507 3179 nos

223 3225 328 3281 ista
354 3224 578 3281 fortasse
600 3224 902 3292 suffecerit;
932 3224 1028 3278 sed
1057 3231 1233 3278 tamen
1258 3223 1380 3293 quia
1404 3221 1679 3292 disputare
1701 3219 1804 3286 vis,
1835 3240 1884 3305 ρ
1918 3219 2041 3276 ideo
2073 3235 2178 3275 non
2212 3218 2526 3290 perturbat,
2562 3217 2685 3288 quia
2717 3217 2976 3272 Dominus
3004 3216 3173 3271 voluit
3196 3225 3355 3286 atque
3381 3231 3511 3285 per-

226 3331 329 3373 nec
351 3317 525 3384 obest,
557 3318 667 3372 imo
690 3318 855 3373 etiam
880 3317 1121 3387 prodest,
1140 3317 1185 3371 si
1209 3315 1511 3371 ﬁrmissima
1542 3313 1812 3383 praecedat

228 3405 392 3473 ﬁdes;
426 3421 524 3463 nec
567 3406 937 3463 existimemus
979 3417 1199 3477 peccato
1248 3416 1494 3461 naturam
1522 3405 1812 3460 humanam

229 3510 341 3552 non
401 3510 560 3566 posse
612 3496 831 3563 vitiari,
888 3496 984 3551 sed
1048 3496 1243 3551 divinis
1300 3496 1579 3552 credentes
1632 3496 1814 3564 Scrip—

230 3589 389 3659 turis,
421 3596 643 3659 peccato
688 3602 809 3643 eam
855 3603 976 3645 esse
1001 3588 1275 3656 vitiatam,
1305 3588 1572 3657 quomodo
1618 3587 1671 3641 id
1702 3586 1813 3642 ﬁeri

232 3680 489 3752 potuerit,
512 3680 875 3751 inquiramus;
898 3686 1154 3752 quoniam
1189 3690 1465 3752 peceatum
1484 3682 1593 3751 jam
1624 3680 1816 3741 didici-

229 3787 354 3829 mus
391 3788 502 3827 non
526 3787 648 3829 esse
674 3771 1053 3842 substantiam,
1084 3788 1262 3830 nonne
1292 3772 1607 3839 attenditur,
1631 3784 1688 3829 ut
1714 3773 1817 3829 alia

230 3864 501 3930 omittam,
530 3864 693 3920 etiam
742 3880 850 3920 non
905 3865 1233 3922 manducare
1259 3881 1369 3922 non
1419 3881 1540 3922 esse
1569 3865 1817 3921 substan-

233 3958 398 4011 tiam?
428 3957 474 4011 Δ
498 3957 802 4013 substantia
829 3960 1027 4027 quippe
1054 3958 1345 4026 receditur,
1386 3959 1637 4028 quoniam
1665 3961 1819 4016 cibus

236 4045 535 4102 substantia
558 4056 676 4114 est;
705 4049 799 4103 sed
825 4049 1096 4105 abstinere
1125 4051 1298 4105 acibo
1327 4066 1433 4107 non
1459 4060 1543 4106 est
1570 4052 1820 4107 substan-

234 4140 335 4206 tia,
358 4150 413 4196 et
433 4147 610 4197 tamen
639 4141 936 4199 substantia
977 4144 1241 4213 corporis,
1271 4144 1317 4198 si
1340 4144 1559 4199 omnino
1587 4146 1820 4201 abstine-

236 4242 325 4289 tur
346 4248 376 4288 a
398 4234 539 4302 cibo,
559 4233 634 4289 ita
688 4235 1005 4305 languescit,
1028 4237 1099 4291 ita
1120 4236 1441 4293 valetudinis
1464 4238 1820 4308 inaequalitate

232 4324 631 4396 corrumpitur,
664 4327 734 4382 ita
760 4327 1074 4383 exhauritur
1118 4328 1344 4394 viribus,
1378 4330 1449 4384 ita
1500 4330 1820 4387 lassitudine

231 4416 542 4473 debilitatur
568 4426 623 4472 et
644 4416 925 4488 frangitur,
949 4426 1004 4473 ut
1023 4418 1068 4473 si
1095 4418 1278 4488 aliquo
1299 4418 1460 4475 modo
1479 4422 1733 4490 perduret
1762 4422 1820 4479 in

232 4508 368 4575 vita,
392 4509 479 4563 vix
526 4510 695 4579 possit
741 4509 807 4563 ad
834 4524 957 4565 eum
988 4510 1168 4568 cibum
1198 4514 1438 4567 revocari
1470 4514 1610 4569 unde
1650 4514 1819 4571 absti-

1915 3315 2063 3370 misit
2089 3312 2232 3369 nulla
2258 3311 2620 3367 diminutione
2652 3326 2763 3365 suae
2787 3310 3069 3382 potestatis
3107 3318 3161 3364 et
3207 3309 3509 3363 divinitatis

1916 3406 1972 3462 id
2004 3405 2153 3470 ﬁeri,
2182 3406 2323 3459 sicut
2370 3405 2438 3458 ab
2470 3404 2602 3472 ipsis
2646 3400 2845 3456 Judteis
2874 3402 3205 3471 (quanquam
3239 3403 3512 3470 perversis

1919 3506 2081 3566 atque
2130 3496 2455 3559 immundis,
2504 3503 2559 3548 et
2589 3494 2722 3548 facta
2771 3492 3032 3548 diabolica
3077 3492 3416 3559 facientibus)
3446 3500 3505 3547 et

1916 3585 2088 3641 teneri
2114 3597 2204 3651 se,
2255 3593 2307 3638 et
2347 3582 2567 3649 vinciri,
2598 3592 2653 3637 et
2674 3582 2852 3647 illudi,
2881 3593 2935 3637 et
2960 3582 3218 3652 cruciﬁgi,
3245 3591 3406 3652 atque
3434 3582 3512 3637 in-

1919 3678 2091 3733 terfici
2124 3687 2315 3745 passus
2342 3683 2425 3730 est
2450 3690 2465 3740 ;
2491 3688 2596 3728 non
2635 3683 2720 3729 est
2743 3672 3035 3729 abSurduin
3060 3673 3286 3729 credere
3315 3688 3377 3727 ex
3408 3671 3511 3726 ali-

1918 3783 2021 3835 qua
2085 3766 2493 3836 dispensatione
2556 3764 2754 3820 divinae
2838 3763 3129 3818 voluntatis
3197 3763 3513 3834 permissum

1920 3860 2089 3917 fuisse
2116 3868 2174 3915 ut
2219 3874 2327 3915 non
2361 3859 2593 3925 invitus,
2626 3872 2728 3913 nec
2773 3857 3086 3913 dominante
3129 3866 3290 3928 atque
3334 3857 3513 3928 subju-

1919 3960 2080 4022 gante
2107 3952 2311 4021 magica
2336 3950 2597 4019 potentia,
2613 3949 2706 4005 sed
2730 3949 2916 4004 volens
2940 3960 3102 4019 atque
3124 3950 3508 4019 obtemperans

1922 4043 2151 4100 occultae
2176 4041 2572 4112 dispensationi
2597 4041 2717 4108 Dei,
2742 4055 2862 4110 quae
2889 4042 3255 4110 pythonissam
3288 4042 3430 4096 illam
3459 4054 3514 4099 et

1937 4133 2152 4188 Saulem
2179 4132 2408 4199 latebat,
2437 4131 2767 4187 consentiret
2792 4132 3014 4200 spiritus
3048 4133 3321 4201 propheta:
3345 4134 3514 4191 sanct’:

1924 4239 1984 4281 se
2013 4222 2230 4280 ostendi
2254 4223 2495 4293 aspectui
2536 4224 2678 4294 regis
2698 4265 2713 4288 ,
2740 4222 2919 4278 divina
2946 4237 3068 4279 eum
3097 4224 3363 4279 sententia
3394 4238 3512 4293 per-

1922 4331 2200 4374 cussurus.
2247 4315 2355 4372 Cur
2393 4316 2539 4371 enim
2579 4317 2755 4372 anima
2785 4316 2912 4371 boni
2958 4317 3222 4387 hominis,
3268 4332 3299 4373 a
3352 4317 3509 4374 malis

1924 4411 2061 4467 vivis
2092 4420 2317 4467 evocata
2355 4412 2401 4467 si
2430 4411 2673 4479 venerit,
2706 4410 2956 4466 amittere
2984 4410 3235 4466 videatur
3278 4410 3516 4483 dignita-

1928 4511 2035 4557 tem
2066 4516 2253 4570 suam,
2286 4516 2408 4558 cum
2452 4511 2508 4557 et
2544 4501 2654 4557 vivi
2685 4501 3004 4571 plerumque
3030 4502 3196 4569 boni,
3242 4503 3419 4558 vocati
3447 4502 3515 4559 ad

232 4603 417 4660 nendo
456 4602 638 4657 vitiata
682 4610 786 4658 est.
815 4604 906 4659 Sic
934 4618 1039 4659 non
1070 4614 1153 4660 est
1173 4605 1470 4661 substantia
1515 4617 1809 4677 peccatum,

1926 4594 2097 4649 malos
2125 4593 2366 4659 veniant,
2394 4604 2449 4649 et
2467 4602 2629 4663 agant
2650 4608 2773 4648 cum
2801 4592 2879 4648 eis
2906 4592 3049 4662 quod
3078 4592 3313 4649 ofﬁcium
3339 4604 3515 4665 postu-

234 4695 333 4753 sed
354 4694 648 4751 substantia
681 4703 766 4749 est
791 4695 933 4751 Deus
959 4711 1274 4767 summaque
1302 4698 1621 4766 substantia,
1647 4708 1702 4756 et
1726 4715 1814 4756 so-

235 4789 327 4844 lus
356 4802 514 4844 verus
536 4787 812 4844 rationalis
839 4800 1101 4845 creaturae
1132 4791 1303 4846 cibus.
1346 4792 1389 4846 Α
1414 4808 1522 4862 quo
1576 4809 1671 4864 per
1697 4796 1816 4851 ino-

236 4881 564 4938 bedicntiam
595 4881 917 4947 recedendo.
948 4891 999 4937 et
1041 4898 1137 4951 per
1162 4884 1529 4941 inﬁrmitatem
1582 4903 1687 4943 non
1730 4905 1824 4944 va-

238 4972 407 5029 lendo
432 4987 625 5042 capere
649 4987 757 5043 quo
784 4972 973 5029 debuit
1005 4982 1060 5029 et
1086 4975 1340 5043 gaudere,
1384 4978 1539 5033 audis
1565 4982 1824 5049 quemad-

236 5065 461 5121 modum
511 5065 653 5121 dicat
682 5082 695 5119 :
728 5065 1047 5121 Percussum
1096 5075 1179 5121 est
1207 5067 1347 5123 sicut
1376 5067 1577 5137 fenum,
1608 5080 1663 5127 et
1682 5075 1823 5128 aruit

237 5171 338 5212 cor
362 5170 567 5225 meum,
596 5156 846 5227 quoniam
874 5156 1072 5213 oblitus
1101 5173 1217 5213 sum
1266 5160 1595 5218 munducare
1628 5178 1817 5234 panem

238 5263 446 5306 meum.

794 5320 1021 5379 CAPUT
1059 5323 1254 5381 CCCV.

239 5415 326 5474 De
352 5416 563 5475 Samuel
584 5427 631 5473 et
656 5416 1209 5489 Pythoniua,exlibro
1234 5422 1303 5475 ad
1324 5420 1610 5478 Dulcitium
1632 5425 1695 5480 de
1728 5441 1818 5482 vttt

577 5506 588 5518 '
844 5490 1240 5556 Quwstianibus.

320 5580 482 5637 Sexta
511 5591 595 5637 tua
643 5583 935 5652 propositio
970 5592 1081 5649 est,
1119 5592 1291 5639 utrum
1337 5585 1485 5657 juxta
1531 5570 1822 5647 Historiam

244 5671 395 5746 [libri
418 5672 642 5746 Regum]
675 5673 988 5745 pythonissa
1019 5676 1189 5744 ipsum
1240 5680 1551 5747 prophetam
1598 5680 1827 5741 Samue-

245 5766 355 5821 lem
383 5766 451 5821 de
481 5767 685 5823 inferno
714 5771 1040 5826 evocaverit.
1087 5769 1199 5824 Hoc
1228 5786 1257 5825 a
1303 5788 1387 5827 me
1425 5774 1592 5830 beatae
1622 5793 1825 5834 metuo-

198 5946 212 5957 ‘
250 5862 346 5920 rite
366 5862 761 5937 Simplicianus,
788 5865 1517 5937 Mediolanensisepiscopus,
1544 5870 1829 5940 aliquando

1924 4687 2022 4751 lat,
2052 4684 2319 4755 aequitatis
2347 4693 2565 4741 servato
2595 4692 2755 4754 atque
2777 4682 3103 4739 inconcusso
3125 4685 3321 4741 decore
3349 4686 3516 4741 virtu-

1925 4775 1993 4831 tis
2012 4790 2127 4831 θυαε
2145 4813 2162 4841 ,
2193 4784 2249 4831 et
2277 4775 2492 4829 illorum
2518 4774 2659 4829 vitiis
2687 4788 2783 4843 pro
2813 4789 2996 4829 rerum
3056 4776 3399 4842 prasentium
3428 4778 3515 4834 vel

1927 4882 2050 4932 usu,
2096 4866 2185 4922 vel
2238 4864 2567 4921 necessitate
2614 4865 2894 4920 tractatis?
2940 4865 3252 4937 Quanquam
3308 4867 3360 4921 in
3418 4869 3517 4922 hoc

1927 4961 2070 5013 facto
2111 4965 2288 5026 potest
2312 4970 2434 5011 esse
2475 4954 2614 5010 alius
2652 4952 2864 5010 facilior
2885 4957 3067 5010 exitus
3091 4998 3106 5023 ,
3132 4966 3185 5011 et
3212 4954 3513 5024 etpeditior

1931 5048 2239 5105 intellectus
2265 5088 2280 5113 ,
2313 5058 2370 5102 ut
2416 5060 2522 5101 non
2554 5061 2681 5102 vere
2730 5047 2978 5116 Spiritum
3010 5045 3275 5103 Samuelis
3304 5046 3507 5100 excita-

1926 5148 2039 5195 tum
2063 5154 2094 5193 a
2133 5138 2322 5209 requie
2349 5152 2446 5195 sua
2475 5138 2759 5195 credamus
2779 5179 2794 5205 ,
2826 5138 2921 5194 sed
2940 5137 3154 5208 aliquod
3185 5137 3501 5206 phantasma

1922 5242 1979 5287 et
2025 5231 2389 5301 imaginariam
2417 5230 2720 5287 illusionem
2768 5229 2969 5286 diaboli
3019 5227 3510 5286 machinationibus

1933 5321 2128 5379 factam
2147 5361 2164 5389 ,
2193 5338 2352 5394 quam
2380 5331 2669 5395 propterea
2698 5320 2976 5391 Scriptura
3005 5322 3223 5377 nomine
3243 5321 3514 5379 Samuelis

1936 5414 2201 5484 appellat,
2228 5414 2354 5485 quia
2382 5414 2561 5471 solent
2585 5413 2847 5483 imagines
2869 5427 3052 5468 earum
3081 5428 3260 5470 rerum
3278 5414 3517 5472 omnium

1934 5505 2244 5563 nominibus
2272 5506 2532 5578 appellari
2578 5519 2804 5576 quarum
2838 5505 3098 5577 imagines
3144 5516 3271 5563 sunt
3314 5526 3328 5562 :
3380 5510 3517 5566 sicut

1935 5599 2114 5655 omnia
2131 5615 2249 5670 quas
2264 5600 2554 5671 pinguntur
2565 5609 2723 5669 atque
2738 5600 3012 5670 ﬁnguntur
3025 5616 3091 5657 ex
3107 5601 3282 5673 aliqua
3295 5603 3515 5659 materia

1936 5692 2138 5747 metalli
2189 5702 2281 5748 aut
2328 5693 2487 5764 ligni,
2520 5701 2614 5747 aut
2641 5690 2901 5764 cujusque
2952 5695 3029 5750 rei
3074 5705 3216 5766 apta:
3263 5696 3331 5752 ad
3355 5710 3516 5767 opera

1938 5783 2280 5853 hujusmodi,
2337 5799 2563 5854 quaeque
2606 5784 2768 5841 etiam
2798 5785 3048 5844 videntur
3077 5788 3131 5844 in
3181 5788 3407 5847 somnis.
3442 5788 3515 5846 Et

1938 5894 2127 5935 omnes
2153 5880 2265 5938 fere
2294 5878 2554 5951 imagines
2582 5894 2766 5940 earum
2788 5897 2967 5942 rerum
2998 5899 3221 5955 quarum
3251 5885 3514 5959 imagines
