4010 6382
582 374 707 434 .019

1639 361 1704 420 D.
1748 356 2068 419 EUGYPPli
2106 350 2758 413 ABBATlS-AFRICANI

3703 353 3810 413 i020

568 503 727 558 sunt,
760 489 1023 562 appellari
1078 489 1131 544 in
1176 483 1426 541 omnibus
1474 480 1650 538 solent
1681 498 1696 537 :
1740 479 1861 551 quis
1891 478 2031 533 enim
2080 481 2161 529 est
2188 469 2244 532 Α
2269 468 2471 525 exitum
2497 471 2640 527 illam
2672 468 2956 527 lcetionem
2978 468 3071 541 qui
3093 464 3294 562 nonsit
3314 474 3504 525 contra
3524 466 3805 562 (idemne;

569 586 660 657 qui
712 585 985 641 hominem
1059 582 1258 651 pictum
1317 578 1526 634 dubitet
1589 589 1787 631 vocare
1839 569 2163 628 hominem?

570 676 1010 751 quandoquidem
1037 682 1092 730 et
1120 673 1459 746 singulorum
1509 683 1842 741 quorumque
1898 665 2163 737 picturam

570 784 693 826 cum
723 769 1010 839 aspicimus
1032 806 1050 835 ,
1095 765 1315 837 prepria
1347 778 1579 834 quaeque
1601 761 1820 819 nomina
1849 761 2165 816 incunctan-

572 870 653 918 ter
678 860 995 915 adhibemus
1019 876 1033 913 :
1055 858 1207 914 velut
1234 873 1357 913 cum
1380 858 1653 912 intuentes
1683 852 1919 917 tabulam
1950 860 2041 907 aut
2067 865 2164 921 pa-

570 955 781 1021 rietem,
811 951 1043 1007 dicimus
1073 969 1087 1006 :
1122 950 1217 1006 liie
1252 949 1441 1005 Cicero
1470 957 1598 1015 est,
1631 947 1723 1003 ille
1747 944 2030 1002 Sallustius
2056 950 2161 1009 est,

570 1046 662 1102 ille
691 1043 927 1100 Achilles
957 1081 975 1110 ,
1024 1042 1116 1099 ille
1146 1042 1377 1107 Hector;
1432 1041 1536 1097 hoc
1585 1039 1787 1096 ﬂumen
1816 1038 2040 1106 Simois,
2073 1036 2163 1091 illa

574 1140 781 1205 Roma;
816 1153 939 1194 cum
981 1137 1126 1192 aliud
1159 1135 1292 1192 nihil
1335 1136 1443 1190 sint
1480 1148 1640 1205 quam
1676 1133 1830 1205 picta:
1877 1130 2162 1202 imagines.

572 1233 729 1291 Unde
758 1216 1204 1288 Cherubim‘cum
1238 1230 1349 1287 sint
1385 1230 1634 1286 coelestes
1681 1236 2004 1298 potestates,
2038 1226 2164 1280 ficta

580 1338 758 1381 tamen
791 1340 857 1381 ex
891 1323 1111 1380 metallo
1138 1324 1282 1394 quod
1315 1322 1598 1392 imperavit
1622 1321 1763 1377 Deus
1790 1334 1953 1389 super
1981 1331 2162 1373 arcam

574 1418 930 1485 Testamenti,
958 1432 1165 1487 magna:
1194 1417 1273 1472 rei
1300 1414 1667 1487 significanda:
1688 1413 1857 1485 gratia
1889 1427 1994 1467 non
2019 1410 2162 1466 aliud

575 1522 735 1578 quam
766 1505 1058 1562 Cherubim
1092 1506 1145 1561 in
1178 1504 1269 1561 illa
1296 1519 1513 1576 quoque
1559 1506 1808 1577 figmenta
1834 1502 2158 1557 vocitantur.

572 1594 699 1657 Item
728 1599 967 1670 quisquis
1007 1599 1154 1655 videt
1180 1599 1483 1665 somnium,
1515 1613 1623 1653 non
1652 1596 1817 1652 dicit:
1867 1594 1989 1651 Vidi
2030 1595 2164 1649 ima-

571 1694 750 1765 ginem
772 1691 1083 1764 Augustini,
1107 1701 1200 1747 aut
1230 1690 1599 1760 Simpliciani;
1626 1691 1745 1757 sed,
1769 1689 1879 1746 vidi
1912 1686 2166 1759 Augusti-

570 1801 723 1853 num,
753 1801 821 1841 an
857 1785 1268 1856 Simplicianum
1303 1802 1318 1838 :
1350 1799 1472 1840 cum
1519 1798 1585 1840 eo
1623 1794 1867 1855 tempore
1904 1796 2011 1854 quo
2058 1782 2163 1838 tale

2269 564 2406 621 forte
2438 565 2784 634 profundiore
2809 572 2861 622 et
2886 563 3177 634 proiixiore
3205 560 3592 637 [perplexiore]
3624 564 3803 635 inquiris.

2269 657 2448 725 tione,
2478 674 2599 730 quae
2630 659 2712 713 vel
2741 656 2935 713 virium
2964 668 3204 712 mearum
3233 654 3319 711 vel
3351 657 3615 724 temporis
3637 659 3805 713 excedit

2271 748 2578 819 angustias,
2610 747 2913 804 inveniatur
2928 747 2993 803 ad
3011 744 3291 822 liquidum,
3318 745 3403 802 vel
3429 758 3616 816 posse,
3640 748 3710 804 vel
3728 766 3802 807 non

2269 853 2429 911 posse
2451 841 2685 896 animam
2718 840 3005 895 humanam
3034 852 3158 895 cum
3187 850 3257 894 ex
3287 837 3388 893 hac
3416 837 3528 892 vita
3559 838 3803 910 emigrare

2268 934 2370 1001 rit,
2402 933 2625 1005 magicis
2668 932 2996 991 carminibus
3037 942 3316 991 evocatam
3346 975 3367 1003 ,
3418 932 3656 989 vivorum
3682 950 3801 1007 appa-

2268 1012 2394 1085 re're
2414 1028 2821 1101 conspectibus,
2853 1027 3014 1085 etiam
3034 1025 3278 1096 corporis
3304 1025 3629 1083 lineamenta
3643 1036 3815 1099 gestan'

2269 1131 2403 1192 tem,
2435 1132 2493 1180 ut
2521 1138 2627 1181 non
2670 1123 2841 1180 solum
2873 1121 3043 1181 videri
3066 1123 3267 1189 valeat,
3296 1122 3395 1179 sed
3430 1132 3486 1178 et
3514 1120 3709 1195 agnosci
3734 1134 3796 1181 :et

2269 1216 2315 1272 si
2342 1225 2540 1287 potest,
2586 1226 2761 1273 utrum
2789 1215 2950 1273 etiam
2979 1215 3109 1287 justi
3138 1213 3341 1282 anima,
3376 1229 3490 1270 non
3527 1215 3797 1286 quidemet»

2268 1319 2423 1382 gatur
2452 1310 2676 1381 magicis
2702 1309 2872 1366 sacris
2890 1349 2907 1378 ,
2935 1307 3032 1365 sed
3058 1310 3307 1380 dignetur
3327 1307 3568 1377 ostendi,
3596 1310 3794 1364 occultio-

2267 1403 2417 1460 ribus
2444 1402 2683 1475 imperiis
2713 1400 3037 1479 [mysteriis]
3053 1416 3277 1459 summa:
3293 1400 3436 1473 legis
3452 1401 3792 1472 obtemperans;

2269 1504 2326 1551 ut
2348 1496 2391 1551 si
2414 1496 2529 1553 ﬁeri
2560 1511 2667 1553 non
2691 1509 2856 1567 posse
2880 1494 3170 1559 claruerit,
3202 1509 3311 1550 non
3342 1504 3576 1562 uterque
3598 1496 3794 1550 sensum

2269 1590 2431 1662 hujus
2454 1590 2749 1662 Scriptura
2780 1590 3107 1646 tractatione
3125 1600 3290 1659 atque
3314 1588 3795 1658 expositioneadnit-

2269 1692 2437 1750 tatur,
2465 1684 2560 1739 sed
2607 1684 2701 1739 illo
2730 1683 2986 1749 excluso,
3020 1681 3338 1753 imaginaria
3371 1681 3638 1737 simulatio
3667 1679 3792 1754 [sisti-

2271 1774 2462 1848 iitudo]
2482 1775 2773 1841 Samuelis,
2802 1774 3069 1830 diabolica
3094 1774 3203 1828 ritu
3228 1772 3369 1828 iacta
3392 1772 3791 1844 intelligatur.5ed

570 1878 773 1950 aliquid
801 1878 975 1947 vidit,
1006 1892 1105 1934 nos
1144 1878 1554 1948 ignoraremus;
1604 1892 1775 1949 usque
1818 1876 1955 1932 adeo
1983 1874 2158 1931 mani-
2190 1858 2239 1926 B
2265 1870 2518 1940 quoniam
2545 1872 2660 1924 sive
2679 1868 2820 1925 illud
2847 1869 2964 1924 fieri
2998 1869 3187 1939 possit,
3239 1870 3363 1925 sive
3408 1884 3513 1924 non
3553 1872 3711 1939 possit,
3727 1880 3785 1924 ta-

570 1971 770 2029 festum
800 1980 883 2028 est
913 1987 1020 2027 non
1053 1972 1201 2042 ipsos
1231 1971 1480 2027 homines
1523 1971 1617 2027 sed
1660 1969 1921 2041 imagines
1970 1984 2159 2025 eorum

571 2063 771 2120 videri.
808 2063 879 2119 Et
906 2062 1116 2119 Pharao
1144 2062 1322 2134 spicas
1344 2078 1403 2120 se
1427 2062 1564 2118 dixit
1582 2061 1783 2130 vidisse
1810 2062 1863 2117 in
1884 2061 2091 2118 somnis
2107 2069 2161 2117 et

570 2156 743 2213 boves
764 2197 780 2225 ,
813 2170 923 2213 non
951 2157 1221 2227 spicarum
1264 2166 1357 2213 aut
1401 2154 1567 2213 boum
1598 2155 1879 2226 imagines.
1909 2154 1968 2210 Si
1998 2153 2162 2225 igitur

571 2247 775 2320 liquido
795 2258 1008 2306 constat
1032 2250 1344 2306 nominibus
1365 2265 1550 2307 earum
1566 2265 1749 2307 rerum
1772 2264 2002 2322 quarum
2028 2249 2162 2304 ima-

576 2340 731 2414 gines
748 2351 874 2399 sunt
894 2343 1111 2399 easdem
1135 2343 1397 2415 imagines
1424 2342 1704 2415 appellari,
1731 2358 1838 2399 non
1866 2343 2063 2398 mirum
2080 2352 2167 2400 est

573 2439 719 2509 quod
774 2436 1057 2506 Scriptura
1132 2437 1304 2506 dicit,
1356 2437 1661 2493 Samueiem
1709 2437 1923 2503 visum,
1956 2437 2167 2493 etiamsi

576 2532 717 2588 forte
744 2530 920 2603 imago
966 2530 1234 2587 Samuelis
1277 2530 1528 2603 apparuit
1560 2530 2167 2609 machinamentouejus

577 2625 670 2694 qui
716 2623 1063 2694 transﬁgurat
1096 2637 1156 2679 se
1194 2624 1344 2688 velut
1396 2624 1645 2694 angelum
1690 2623 1856 2693 lucis,
1898 2633 1953 2679 et
1983 2622 2168 2679 minis-

574 2722 689 2771 tros
715 2729 844 2770 suos
864 2714 1013 2770 velut
1056 2714 1333 2771 ministros
1365 2714 1615 2786 justitiae.
1644 2715 1761 2771 Jam
1796 2729 1926 2770 vero
1963 2716 2005 2769 si
2035 2714 2167 2770 illud

574 2794 1052 2878 movet'quomodo
1080 2815 1137 2864 et
1158 2823 1188 2862 a
1223 2806 1460 2878 maligno
1483 2807 1676 2878 spiritu
1703 2806 1851 2862 Sauli
1879 2822 2007 2863 vera
2031 2823 2166 2877 prae-

571 2902 714 2960 diata
759 2903 899 2971 sint,
931 2912 1107 2974 potest
1145 2912 1203 2961 et
1249 2904 1383 2961 illud
1411 2905 1609 2960 mirum
1641 2904 1844 2974 videri,
1893 2905 2169 2976 quomodo

571 2995 845 3053 daemones
898 2996 1222 3069 agnoverint
1268 2996 1570 3064 Christum,
1622 3012 1781 3069 quem
1834 2996 2004 3052 Judaei
2054 3012 2162 3053 non

572 3088 955 3161 agnoscebant.
1002 3088 1137 3145 Cum
1180 3090 1324 3145 enim
1366 3090 1487 3145 vult
1527 3090 1669 3146 Deus
1719 3090 1879 3145 etiam
1920 3104 2016 3159 per
2044 3090 2165 3145 inﬁ-

572 3198 693 3239 mos
738 3181 1086 3253 iufernosque
1130 3182 1352 3253 spiritus
1380 3182 1613 3254 aliquem
1639 3198 1766 3239 vera
1811 3199 2160 3254 cognoscere,

2265 1979 2388 2019 men
2420 1963 2627 2019 fallacia
2658 1963 2873 2019 Satanae
2899 1956 3062 2033 atque
3090 1962 3389 2033 imaginum
3437 1964 3788 2019 simulandum

2263 2056 2457 2111 callida
2502 2056 2745 2125 operatio
2787 2054 3124 2126 decipiendis
3164 2054 3417 2111 humanis
3446 2056 3660 2111 sensibus
3684 2055 3788 2110 mul-

2265 2148 2495 2204 tiformis
2564 2148 2851 2219 invigilat,
2937 2148 3268 2217 pedetentim
3341 2148 3575 2219 quidem,
3622 2164 3680 2204 ne
3723 2150 3788 2202 in-

2265 2240 2644 2311 quisitiombus
2706 2240 3140 2312 diligentioribus
3234 2241 3628 2311 prescribamus,
3699 2240 3780 2294 sed

2269 2346 2443 2390 tamen
2518 2336 2694 2405 potius
2751 2335 3121 2391 existimemus
3212 2337 3318 2392 tale
3370 2335 3549 2405 aliquid
3610 2333 3776 2388 factum

2267 2428 2330 2502 [a
2406 2429 2641 2500 maligno
2711 2428 2932 2501 spiritu]
2990 2429 3237 2500 malignae
3318 2428 3611 2500 pythonissa
3669 2429 3787 2485 illius

2269 2521 2593 2589 ministerio,
2618 2521 2851 2592 quandiu
2886 2521 3040 2576 nobis
3068 2521 3271 2591 aliquid
3292 2522 3525 2591 amplius
3544 2526 3783 2591 excogitare

2267 2624 2429 2685 atque
2453 2616 2726 2686 explicare
2748 2630 2855 2671 non
2878 2616 3056 2670 datur.
3092 2616 3217 2669 Haec
3241 2624 3371 2670 sunt
3392 2631 3510 2686 quae
3527 2625 3633 2670 tunc
3649 2615 3699 2669 de
3717 2630 3779 2685 py-

2270 2706 2508 2763 thonissa
2526 2718 2577 2763 et
2598 2707 2851 2764 Samuele
2873 2708 3123 2777 rescripsi
3147 2716 3195 2773 ³,
3220 2707 3320 2761 sed
3342 2723 3508 2778 quam
3527 2722 3615 2762 non
3636 2710 3772 2763 frustra

2268 2798 2527 2868 dixerim,
2559 2800 2909 2871 pedetentim,
2946 2814 3042 2853 nos
3072 2800 3126 2854 in
3155 2799 3252 2853 hac
3283 2815 3349 2855 re
3379 2809 3533 2871 gesta
3559 2800 3767 2854 simulatam

2269 2892 2556 2963 imaginem
2601 2892 2866 2948 Samuelis
2906 2892 3140 2962 maligno
3185 2891 3529 2962 pythonissa:
3563 2892 3764 2946 ministerio

2269 2996 2671 3057 praesentatam,
2686 2988 2997 3043 existimare
3020 2987 3217 3043 debere
3233 2987 3329 3058 (ne
3346 2987 3760 3059 inquisitionibusdi

2270 3082 2643 3153 iigeutioribus
2676 3081 3109 3151 prmecribamus)
3150 3095 3270 3136 mea
3296 3082 3571 3150 posterior
3590 3080 3763 3150 inquisite

2270 3176 2584 3244 declaravit,
2630 3174 2844 3246 quando
2875 3175 3055 3230 inveni
3086 3175 3139 3230 in
3170 3176 3312 3229 libro
3339 3175 3682 3232 Ecclesiastica
3702 3170 3752 3221 ehi

572 3274 888 3345 temporalia
937 3250 1200 3331 duntaxat
1236 3284 1400 3346 atque
1448 3250 1514 3330 ad
1570 3276 1727 3332 istam
1780 3250 2160 3332 ωοιῖωιίιειθιῂ
2195 3250 2243 3321 C
2275 3279 2455 3341 patres
2486 3269 2767 3323 laudantur
2788 3284 2855 3324 ex
2879 3268 3088 3336 ordine,
3106 3269 3279 3337 ipsum
3298 3267 3379 3322 sic
3396 3266 3754 3325 fuisselashtsa.

571 3367 896 3438 pertinentia
917 3405 933 3434 ,
979 3366 1140 3425 facile
1167 3377 1251 3425 est
1280 3376 1338 3425 et
1378 3384 1487 3425 non
1519 3369 1872 3440 incongruum
1906 3378 1966 3425 ut
1993 3371 2166 3426 omni-

573 3471 765 3532 potens
790 3462 894 3533 77
926 3471 982 3518 et
1023 3461 1197 3532 justus
1222 3503 1239 3530 ,
1270 3463 1337 3518 ad
1371 3478 1559 3519 eorum
1594 3478 1807 3534 pmnam
1844 3464 2039 3534 quibus
2066 3464 2164 3520 ista

572 3555 956 3627 praedicantur,
981 3568 1039 3612 ut
1064 3559 1263 3614 malum
1290 3558 1433 3630 quod
1459 3560 1539 3615 eis
1570 3559 1844 3630 impendet
1874 3568 2164 3629 antequam

573 3648 758 3704 veniat
783 3651 1173 3718 praenoscendo
1186 3652 1478 3721 patiantur,
1504 3651 1718 3707 occulto
1734 3661 1993 3720 apparatu
2022 3666 2166 3723 mys~

574 3737 841 3793 teriorum
882 3753 1104 3794 suorum
1126 3742 1289 3795 etiam
1319 3742 1601 3809 spiritibus
1632 3743 1825 3799 talibus
1853 3743 2051 3814 aliquid
2082 3743 2167 3797 di-

576 3828 867 3885 vinationis
897 3831 1188 3899 impertiat,
1207 3840 1269 3887 ut
1291 3833 1435 3902 quod
1466 3833 1687 3889 audiunt
1708 3836 1775 3889 ab
1797 3837 2000 3905 angelis
2024 3850 2165 3905 preco

580 3922 830 3979 nuntient
848 3921 1180 3981 hominibus.
1198 3923 1426 3980 Tantum
1444 3934 1621 3981 autem
1638 3928 1885 3998 audiunt,
1909 3936 2164 3999 quantum

575 4016 814 4073 omnium
842 4015 1103 4073 Dominus
1122 4026 1286 4089 atque
1309 4022 1617 4074 moderator
1635 4020 1724 4075 vel
1741 4020 1894 4092 jubet
1908 4021 1994 4076 vel
2016 4022 2164 4077 sinit.

581 4107 735 4165 Unde
761 4108 925 4165 etiam
954 4108 1177 4178 spiritus
1211 4109 1537 4181 pythonicus
1562 4110 1618 4166 in
1645 4110 1869 4166 Actibus
1894 4113 2167 4182 apostolo-

576 4215 698 4257 rum
727 4208 1013 4257 attestatur
1042 4201 1211 4257 Paulo
1252 4202 1530 4272 apostolo,
1584 4211 1640 4259 et
1673 4204 2001 4275 evangelista
2044 4218 2167 4263 esse

578 4302 807 4349 conatur
838 4312 853 4349 :
887 4294 1121 4351 miscent
1144 4303 1323 4352 tamen
1353 4295 1445 4351 isti
1467 4295 1706 4351 fallacias
1734 4306 1789 4353 et
1807 4312 1995 4354 verum
2023 4298 2165 4369 quod

582 4399 746 4443 nosse
773 4387 1047 4456 potuerint
1070 4422 1090 4451 ,
1122 4404 1228 4443 non
1259 4388 1487 4445 docendi
1508 4390 1678 4462 magis
1690 4406 1851 4461 quam
1866 4391 2165 4462 decipiendi

580 4478 690 4534 tine
717 4482 1108 4549 praenuntiant;
1134 4490 1188 4537 et
1205 4480 1347 4537 forte
1364 4482 1465 4538 hoc
1484 4492 1565 4538 est
1581 4483 1723 4553 quod
1738 4498 1858 4539 cum
1880 4485 1970 4540 illa
1992 4486 2167 4557 imago

581 4571 848 4628 Samuelis
874 4572 1088 4629 Saulem
1118 4574 1436 4644 praediceret
1456 4574 1782 4632 moriturum
1803 4612 1821 4645 ,
1845 4577 1987 4634 dixit
2004 4578 2165 4635 etiam

2272 3372 2330 3418 ut
2351 3364 2701 3433 pr0pltetasse
2714 3362 2874 3417 etiam
2896 3370 3138 3416 mortuus
3159 3359 3463 3416 diceretur.
3489 3360 3585 3416 Sed
3603 3358 3764 3411 nam

2270 3455 2407 3511 libro
2423 3470 2485 3510 ex
2505 3454 2852 3510 Hebraeorum
2871 3454 3015 3523 (quia
3048 3452 3101 3508 in
3139 3466 3331 3507 eorum
3364 3467 3478 3507 non
3519 3460 3591 3507 est
3620 3445 3773 3510 animi

2270 3548 2680 3612 contradicitur,
2706 3547 2832 3614 quid
2853 3546 2922 3601 de
2946 3546 3128 3617 Moyse
3153 3544 3351 3599 dicturi
3378 3559 3576 3608 sumus,
3593 3542 3664 3611 qui
3682 3547 3779 3593 certe

2271 3648 2326 3695 et
2347 3640 2399 3693 in
2420 3638 2837 3694 Deuterouomio
2861 3648 3124 3705 mortuus,
3139 3646 3194 3693 et
3212 3638 3265 3690 in
3290 3636 3575 3708 Evangelia
3588 3650 3686 3689 cum
3704 3632 3784 3686 Elia

2270 3735 2358 3803 qui
2383 3741 2623 3789 mortuus
2650 3747 2755 3788 non
2783 3741 2865 3788 est
2893 3733 3087 3803 legitur
3115 3731 3429 3801 apparuisse
3457 3727 3742 3785 viventibus?

2807 3845 3035 3902 CAPUT
3092 3844 3319 3901 CCCVI.

2272 3940 2475 4007 Quibus
2502 3938 2817 4011 sacrificium
2847 3942 3037 4007 prosit,
3069 3946 3159 4011 aut
3189 3938 3335 4011 locas
3354 3943 3620 4011 martyrum
3640 3931 3688 3984 in
3709 3945 3791 4011 quo

2342 4012 2602 4084 quispiam
2643 4007 2891 4084 sepelitur
2921 4026 2938 4073 ;
2985 4024 3070 4084 es
3092 4010 3223 4062 libro
3254 4008 3318 4062 de
3344 4007 3475 4063 Cum
3514 4022 3598 4075 pro
3622 4007 3795 4059 mortuis

2340 4080 2559 4156 gerenda
2589 4082 2656 4136 ad
2683 4080 2965 4134 Paulinum
2993 4080 3305 4152 episwpum.

2342 4200 2617 4269 Scripsisti
2651 4198 2807 4265 mihi,
2830 4211 3079 4268 quarens
3096 4215 3125 4251 a
3155 4212 3242 4252 me
3269 4205 3450 4250 utrum
3472 4194 3626 4265 prosit
3646 4192 3790 4258 cuique

2270 4303 2395 4365 post
2417 4302 2647 4353 mortem
2682 4291 2827 4361 quod
2863 4304 3061 4359 corpus
3084 4288 3203 4359 ejus
3247 4288 3387 4357 apud
3424 4288 3590 4343 sancti
3629 4282 3791 4351 alicujus

2271 4386 2587 4443 memoriam
2619 4383 2933 4456 sepeliatur.
2985 4380 3163 4438 Certe.
3197 4381 3331 4437 Nam
3378 4381 3526 4438 dicis
3566 4380 3706 4435 videri
3729 4374 3789 4428 tibi

2271 4498 2379 4538 non
2411 4496 2532 4537 esse
2553 4482 2740 4535 inanes
2774 4492 2950 4535 motus
2976 4478 3274 4553 animorum
3292 4480 3665 4550 religiosorum
3680 4486 3778 4541 atqu

2275 4575 2517 4630 ﬁdelium
2540 4589 2638 4645 pro
2663 4574 2775 4629 suis
2798 4573 2900 4628 ista
2923 4570 3041 4645 [ita]
3071 4571 3406 4627 curantium:
3438 4567 3784 4644 sdjungisd'ul

586 4678 768 4721 secum
824 4663 1099 4733 futurum,
1161 4667 1306 4738 quod
1343 4670 1531 4739 utique
1576 4669 1768 4726 falsum
1816 4678 1920 4729 est.
1975 4673 2164 4745 Magno
2191 4648 2242 4713 Ῑ)
2274 4682 2468 4723 vacare
2497 4682 2601 4722 non
2627 4681 2785 4737 posse
2815 4666 2955 4735 quod
2979 4665 3230 4719 universa
3252 4679 3349 4735 pro
3378 4664 3651 4722 defunctis
3672 4660 3793 4717 Eccl:-

584 4756 785 4826 quippe
812 4755 1099 4813 intervallo
1130 4767 1252 4829 post
1270 4770 1501 4817 mortem
1533 4762 1773 4833 separari
1802 4762 1973 4820 bonos
1995 4778 2023 4817 a
2055 4780 2169 4821 ma-

583 4851 686 4917 lis,
716 4849 771 4905 in
820 4849 1111 4921 Evangelio
1141 4851 1398 4923 legimus;
1444 4866 1566 4911 cum
1610 4855 1866 4912 Dominus
1908 4858 2048 4914 inter
2091 4874 2169 4915 su-

586 4940 812 5012 perbum
863 4940 1013 4997 illum
1042 4941 1286 5009 divitem,
1316 4959 1437 5000 cum
1477 4946 1587 5017 jam
1618 4948 1757 5018 apud
1808 4950 2009 5007 inferos
2057 4958 2168 5008 tor-

540 5060 547 5069 -
588 5042 770 5089 menta
798 5040 1103 5104 pateretur,
1144 5043 1199 5089 et
1228 5034 1380 5090 illum
1408 5038 1497 5107 qui
1528 5038 1593 5094 ad
1623 5040 1742 5109 ejus
1767 5040 1986 5111 januam
2025 5044 2169 5100 ulce-

592 5140 750 5182 rosus
785 5127 1018 5197 jacebat,
1047 5128 1157 5200 jam
1190 5129 1241 5184 in
1269 5131 1457 5200 requie
1483 5134 1830 5189 constitutum
1852 5175 1870 5203 ,
1914 5148 2165 5207 magnum

597 5220 763 5276 chaos
784 5219 1124 5291 iuterjectum
1154 5235 1277 5279 esse
1304 5231 1550 5281 testatur.
1580 5229 1687 5282 Aut
1705 5228 1750 5283 si
1772 5238 2058 5299 propterea
2072 5232 2169 5289 Sa-

590 5314 733 5393 muel
763 5314 911 5370 Sauli
932 5315 1099 5384 dixit,
1133 5318 1344 5374 Mecum
1384 5320 1491 5375 eris
1510 5361 1523 5384 ,
1555 5328 1611 5376 ut
1633 5332 1740 5377 non
1770 5323 1837 5378 ad
1866 5326 2171 5396 aequitatem

591 5406 999 5481 [aequalitatem]
1028 5410 1296 5468 felicitatis
1317 5454 1332 5481 ,
1365 5412 1459 5468 sed
1491 5413 1557 5468 ad
1590 5427 1773 5485 parem
1810 5416 2172 5476 conditionem

592 5500 781 5555 mortis
831 5499 1137 5573 referatur,
1194 5505 1336 5576 quod
1389 5514 1615 5578 uterque
1661 5505 1823 5565 homo
1866 5509 2068 5576 fuerit,
2122 5522 2177 5569 et

596 5602 824 5665 uterque
872 5595 1009 5650 mori
1055 5599 1323 5666 potuerit;
1364 5599 1586 5671 jamque
1648 5611 1892 5658 mortuus
1948 5610 2177 5660 mortem

597 5685 725 5741 vivo
751 5687 1171 5756 praenuntiabant;
1208 5690 1485 5760 perspicit,
1513 5701 1770 5764 quantum
1799 5694 2014 5763 opinor,
2049 5708 2178 5764 pru-

2271 4762 2353 4818 sia
2375 4761 2679 4831 supplicare
2700 4760 3012 4826 consuevit,
3042 4769 3098 4814 ut
3130 4758 3256 4813 hinc
3280 4767 3337 4813 et
3365 4758 3507 4816 illud
3528 4757 3702 4828 conjici
3722 4767 3799 4823 pa

2270 4857 2363 4924 sit,
2400 4856 2602 4911 bomiui
2655 4854 2914 4925 prodesse
2962 4863 3085 4925 post
3121 4862 3349 4909 mortem
3392 4855 3446 4909 si
3498 4856 3604 4911 ﬁde
3643 4861 3799 4908 somn

2274 4948 2547 5004 humando
2575 4948 2693 5017 ejus
2714 4948 2928 5017 corpori
2961 4947 3084 5002 talis
3112 4945 3461 5016 providentur
3490 4947 3718 5016 iocus,iu
3737 4952 3806 5010 quo

2273 5048 2531 5113 appareat
2557 5040 2837 5110 epitulatio
2862 5041 3023 5096 etiam
3061 5040 3164 5095 isto
3191 5040 3351 5095 modo
3379 5043 3615 5108 quaesita
3640 5046 3801 5094 uncto.

2276 5150 2420 5191 rum.
2460 5134 2567 5190 Sed
2597 5150 2717 5190 cum
2746 5134 2861 5189 haec
2887 5136 2958 5189 ita
2987 5136 3093 5189 sint
3117 5176 3131 5199 ,
3159 5138 3431 5205 quomodo
3480 5138 3608 5192 huic
3629 5127 3811 5206 upiuimi

2278 5228 2604 5284 contrarium
2666 5243 2771 5283 non
2822 5228 2889 5283 sit
2942 5228 3083 5300 quod
3134 5230 3207 5283 ait
3257 5228 3605 5298 Apostolus:
3665 5228 3813 5283 0mm

2279 5308 2420 5376 enim
2474 5321 2767 5376 astabimus
2817 5330 2941 5376 ante
2994 5321 3222 5376 tribunal
3272 5318 3516 5388 Christi,
3572 5331 3629 5377 ut
3672 5317 3819 5375 referat

2282 5416 2648 5485 unusquisque
2695 5413 2986 5469 secundum
3035 5428 3096 5469 ea
3129 5427 3249 5483 quae
3293 5428 3388 5481 per
3436 5407 3818 5484 αογρυεοεωὶτ,

2282 5510 2394 5563 sive
2422 5508 2639 5576 bonum,
2672 5510 2789 5564 sive
2831 5511 3050 5564 malum.
3084 5509 3198 5564 Non
3243 5519 3293 5565 te
3322 5511 3454 5565 satis
3485 5512 3675 5567 videre
3698 5498 3822 5576 signi-

2282 5603 2432 5658 ficas.
2463 5601 2570 5657 Hac
2590 5603 2786 5674 quippe
2811 5603 3105 5672 apostolica
3138 5605 3439 5673 sententia,
3469 5611 3613 5659 ante
3642 5608 3823 5657 mortem

2282 5693 2533 5750 admonet
2554 5694 2665 5750 fieri
2692 5695 2832 5766 quod
2852 5697 3021 5766 possit
3053 5694 3307 5764 prodesse
3336 5704 3456 5766 post
3485 5708 3732 5759 mortem;
3752 5702 3827 5745 non

600 5773 779 5833 dentis
811 5787 897 5836 tua
923 5818 937 5847 ,
966 5780 1261 5838 secundum
1285 5791 1578 5856 utrumque
1607 5784 1942 5845 intellectum
1980 5786 2180 5846 habere
2282 5796 2409 5843 tunc
2438 5788 2651 5859 quando
2669 5789 2778 5861 jam
2811 5788 3180 5861 recipiendum
3206 5797 3288 5847 est
3317 5790 3461 5863 quod
3490 5790 3719 5864 quisque
3745 5799 3831 5857 ges'

668 5891 693 5923 ⁸
713 5888 830 5946 Haec
847 5887 1090 5952 sententia
1111 5896 1191 5952 vel
1215 5900 1278 5953 ab
1294 5898 1544 5964 Eugyppio
1565 5902 1645 5954 vel
1670 5903 1731 5957 ab
1752 5901 1849 5956 alio
1872 5902 2069 5957 videtur
2092 5902 2301 5968 adjecta.
