4010 6382
213 399 336 456 1021

1379 380 1818 459 IHESAURUS.
1856 377 2012 436 CAP.
2057 376 2300 435 CCCVII.

3331 372 3474 436 {0&2

212 519 334 577 serit
360 527 483 574 ante
512 525 763 573 mortem.
794 515 993 571 Verum
1037 514 1153 568 brec
1181 509 1253 566 ita
1284 508 1508 566 solvitur
1533 502 1782 576 quaestio,
1811 502 1866 562 Α
1889 505 2066 552 autem
2102 497 2357 552 deessent
2399 493 2516 550 ista:
2549 491 2970 564 supplicationes
2997 506 3118 564 qua
3159 492 3293 550 llunt
3325 503 3474 552 recta

215 616 456 688 quoniam
491 612 721 684 quodam
746 611 868 666 vitae
899 623 1094 680 genere
1120 605 1434 677 acquiritur,
1455 602 1580 657 dum
1613 599 1665 653 in
1688 596 1791 651 hoc

213 723 433 779 corpore
463 705 679 774 vivitur,
725 714 779 760 ut
811 704 1010 776 aliquid
1039 702 1294 771 adjuvent
1341 700 1442 752 ista
1485 693 1785 750 defunctos.

214 804 284 857 Ac
313 817 408 872 per
439 800 562 865 hoc,
594 799 888 854 secundum
921 811 982 852 ea
1014 809 1132 866 qua:
1153 807 1250 864 per
1268 803 1461 862 corpus
1484 791 1786 860 gesserunt,

215 897 286 950 eis
312 909 430 965 quae
482 900 601 962 post
642 905 834 961 corpus
865 888 1118 960 religiose
1144 901 1240 956 pro
1279 883 1391 939 illis
1417 882 1551 936 facta
1593 877 1790 933 fuerint

217 987 552 1058 adjuvantur.
584 985 721 1041 Sunt
758 985 900 1040 enim
944 995 1079 1052 quos
1111 979 1246 1034 nihil
1286 975 1508 1033 omnino
1539 972 1791 1042 adjuvant

217 1083 335 1149 ista,
362 1081 474 1136 sive
497 1093 595 1150 pro
626 1078 705 1134 eis
728 1078 857 1133 fiant
879 1089 1104 1146 quorum
1129 1081 1234 1128 tam
1259 1072 1397 1126 mala
1423 1075 1551 1125 sunt
1577 1065 1788 1131 merita,

215 1182 274 1230 ut
301 1189 401 1230 nec
434 1172 631 1228 talibus
659 1171 804 1242 digni
827 1173 932 1226 sint
963 1167 1234 1240 adjuvari;
1269 1166 1384 1221 sive
1421 1177 1516 1236 pro
1547 1161 1628 1216 bis
1653 1173 1790 1230 quo-

217 1283 330 1324 rum
359 1277 465 1323 tam
495 1269 631 1322 bona
650 1307 667 1335 ,
695 1273 752 1320 ut
782 1263 976 1320 talibus
1005 1277 1110 1318 non
1141 1260 1412 1330 indigeant
1440 1252 1789 1325 adiumentis.

220 1361 423 1417 Genere
467 1360 629 1430 igitur
674 1358 797 1413 vitae
828 1356 966 1427 quod
997 1355 1162 1425 gessit
1190 1352 1417 1423 quisque
1453 1363 1547 1418 per
1574 1358 1790 1415 corpus,

219 1454 444 1510 efficitur
470 1461 528 1508 ut
557 1452 763 1522 prosint
797 1450 876 1505 vel
918 1463 1022 1504 non
1069 1449 1277 1518 prosint
1323 1453 1654 1515 quacunque
1697 1452 1792 1507 pro

218 1548 305 1604 illo
345 1547 431 1616 pie
469 1545 603 1599 fiunt
640 1559 764 1600 cum
808 1541 1086 1613 reliquerit
1113 1553 1330 1608 corpus.
1376 1536 1508 1591 Nam
1542 1532 1790 1590 meritum

215 1656 308 1714 per
339 1638 482 1710 quod
508 1639 610 1694 ista
661 1636 871 1709 prosint
899 1635 943 1690 si
985 1635 1187 1690 nullum
1215 1638 1585 1701 comparatum
1627 1634 1710 1682 est
1739 1627 1790 1680 in

217 1734 314 1789 hac
335 1733 462 1800 vita,
490 1733 687 1788 frustra
715 1742 836 1802 post
868 1730 1006 1785 hanc
1031 1727 1289 1801 quwritur
1319 1724 1502 1780 vitam.
1533 1723 1610 1778 ita
1652 1722 1706 1775 fit
1735 1728 1791 1775 ut

215 1842 388 1899 neque
419 1826 650 1882 inaniter
681 1821 918 1880 Ecclesia
943 1862 959 1890 ,
991 1822 1074 1878 vel
1105 1835 1324 1876 suorum
1369 1833 1500 1874 cura
1551 1831 1647 1887 pro
1693 1814 1790 1870 de-

1892 588 1997 643 fide
2026 606 2088 644 ac
2112 589 2310 658 pietate
2339 601 2437 658 pro
2465 589 2689 642 mortuis
2714 627 2731 656 ,
2777 597 2907 656 puto
2935 586 3078 656 quod
3105 587 3234 642 nihil
3262 588 3476 656 prodes-

1891 691 1975 746 set
2002 683 2280 752 spiritibus
2330 698 2521 738 eorum
2551 681 2840 752 quamlibet
2871 681 3004 737 locis
3048 681 3252 738 sanctis
3303 681 3480 736 exani-

1893 790 1976 830 ma
2008 791 2238 846 corpora
2273 784 2621 847 ponerentur.
2652 773 2785 830 Cum
2826 789 2956 844 ergo
3002 771 3176 830 ﬁdelis
3214 782 3387 831 mater
3415 773 3480 828 fi-

1893 869 2031 924 delis
2085 871 2182 924 filii
2222 871 2462 926 defuncti
2517 883 2716 937 corpus
2773 868 3102 924 desideravit
3154 868 3208 924 in
3257 866 3478 924 basilica

1893 964 2144 1034 martyris
2166 965 2320 1033 poni;
2351 965 2392 1018 si
2443 962 2661 1033 quidem
2691 959 2926 1016 credidit
2955 959 3075 1030 ejus
3104 961 3337 1016 animam
3364 975 3480 1017 mc-

1894 1057 2017 1112 ritis
2048 1057 2301 1127 martyris
2331 1057 2593 1127 adjuvari,
2621 1055 2724 1110 hoc
2748 1055 2893 1126 quod
2926 1055 2996 1110 ita
3025 1054 3256 1111 credidit
3278 1055 3482 1125 suppli-

1893 1147 2288 1216 eatioquaadam
2320 1147 2440 1210 fuit,
2465 1155 2520 1201 et
2542 1147 2657 1201 haec
2675 1145 2892 1216 profuit,
2919 1146 2965 1202 si
2991 1146 3118 1216 quid
3153 1146 3353 1216 profuit
3377 1164 3390 1211 ;
3419 1156 3480 1203 et

1893 1243 2035 1312 quod
2059 1242 2124 1295 ad
2147 1241 2286 1296 idem
2311 1241 2616 1308 sepulcrum
2641 1243 2869 1296 recurrit
2888 1239 3088 1305 animo,
3105 1249 3161 1297 et
3181 1239 3348 1295 lilium
3373 1255 3484 1310 pre-

1896 1334 2049 1390 cibus
2080 1334 2249 1405 magis
2290 1334 2570 1405 magisque
2620 1333 2985 1403 commendat,
3008 1333 3226 1403 adjuvat
3246 1332 3484 1389 defuncti

1893 1428 2140 1497 spiritum
2157 1442 2262 1482 non
2287 1427 2480 1482 mortui
2495 1428 2737 1496 corporis
2757 1427 2924 1492 locus,
2941 1426 3036 1483 sed
3058 1442 3124 1482 ex
3136 1426 3267 1483 locis
3281 1440 3485 1482 memo-

1896 1523 1976 1577 ria
2005 1521 2156 1576 vivus
2188 1521 2375 1575 matris
2404 1520 2654 1576 allectus.
2685 1519 2858 1576 Simul
2883 1523 3050 1588 enim,
3076 1529 3134 1576 et
3159 1520 3302 1591 quis,
3329 1520 3486 1578 etcui

1893 1614 2307 1671 commendatus
2352 1615 2422 1670 sit
2454 1611 2990 1688 [commendandus],
3042 1627 3146 1670 non
3180 1615 3362 1683 utique
3404 1613 3486 1668 in-
3563 1609 3565 1611 ’

1897 1709 2172 1764 fructuose
2200 1709 2508 1779 religiosam
2539 1717 2775 1763 mentem
2803 1707 3076 1784 precantis
3099 1707 3328 1776 attingit.
3353 1705 3486 1761 Nam

1895 1812 1951 1858 et
1974 1810 2188 1858 orantes
2209 1801 2277 1856 de
2306 1800 2564 1856 membris
2592 1800 2676 1855 sui
2701 1799 2944 1868 corporis
2968 1799 3169 1855 faciunt
3196 1798 3335 1870 quod
3362 1812 3487 1868 sup-

213 1883 411 1977 functis
440 1919 581 1991 quod
609 1919 839 1988 potuerit
876 1915 1153 1986 religionis
1191 1912 1494 1982 impendat;
1530 1919 1582 1965 et
1617 1917 1798 1964 tamen

1912 1895 2225 1966 plicantibus
2255 1894 2539 1963 congruit,
2563 1909 2685 1948 cum
2707 1908 2878 1963 genua
2909 1891 3119 1962 figunt,
3153 1909 3274 1948 cum
3296 1903 3488 1949 exten-

213 2011 348 2068 ferat
377 2011 743 2081 unusquisque
774 2007 1067 2064 secundum
1092 2021 1152 2062 ea
1185 2020 1303 2076 quas
1335 2019 1428 2074 per
1460 2016 1657 2070 corpus
1679 2013 1797 2071 ges-

215 2106 306 2172 sit,
341 2104 453 2161 sive
482 2105 715 2171 bonum,
751 2101 866 2158 sive
895 2101 1128 2166 malum,
1171 2097 1430 2154 reddente
1463 2095 1571 2150 Deo
1593 2091 1799 2148 unicui-

213 2211 315 2267 que
343 2194 636 2252 secundum
664 2209 825 2263 opera
856 2194 991 2263 ejus.
1026 2190 1094 2248 Ut
1119 2194 1262 2248 enim
1296 2189 1398 2244 hoc
1422 2187 1561 2258 quod
1588 2187 1798 2255 impen-

216 2289 361 2345 ditur
409 2288 577 2357 possit
611 2287 659 2341 ci
703 2285 960 2357 prodesse
989 2293 1109 2355 post
1141 2297 1355 2351 corpus,
1385 2281 1439 2335 in
1481 2295 1542 2335 ea
1585 2279 1689 2333 vita
1717 2285 1800 2332 est

221 2381 538 2449 acquisitum
567 2394 726 2450 quam
750 2378 916 2449 gessit
957 2380 1009 2432 in
1055 2389 1305 2445 corpore.
1337 2373 1588 2431 Provisus
1620 2372 1799 2442 itaque

217 2471 544 2541 sepeliendis
588 2472 903 2540 corporibus
952 2470 1092 2540 apud
1123 2466 1441 2524 memoriam
1491 2475 1797 2522 sanctorum

219 2563 370 2619 locus
402 2563 555 2620 bona:
583 2564 882 2620 affectionis
911 2563 1158 2617 humanae
1188 2570 1272 2616 est
1311 2575 1434 2631 erga
1463 2560 1645 2615 funera
1676 2574 1801 2614 suo-

215 2669 357 2721 rum,
390 2657 642 2727 quoniam
673 2657 719 2712 si
749 2657 1002 2711 nonnulla
1033 2655 1222 2726 religio
1253 2663 1336 2711 est
1360 2665 1419 2710 ut
1449 2656 1797 2724 sepeliantur,

213 2763 323 2805 non
354 2758 530 2820 potest
556 2748 700 2806 nulla
728 2765 848 2806 esse
872 2749 1085 2821 quando
1113 2749 1202 2805 ubi
1225 2747 1553 2820 sepeliantur
1583 2747 1800 2802 attendi-

213 2851 318 2899 tur.
369 2843 474 2899 Sed
531 2859 652 2900 cum
706 2844 828 2899 talia
878 2843 1122 2899 vivorum
1173 2843 1363 2898 solatia
1420 2841 1797 2912 requiruntur,

212 2935 412 3007 quibus
444 2951 634 2992 eorum
668 2935 784 3007 pius
807 2937 857 2990 in
881 2950 1008 2992 suos
1025 2935 1236 2992 animus
1261 2945 1515 3005 appareat
1539 2980 1553 3003 ,
1585 2951 1690 2990 non
1718 2935 1799 2988 vi-

181 3027 319 3084 -deo
341 3043 460 3099 qua:
498 3029 602 3084 sint
634 3029 942 3100 adjumenta
973 3039 1308 3086 mortuorum
1335 3072 1349 3095 ,
1391 3031 1491 3084 nisi
1523 3029 1587 3083 ad
1620 3029 1721 3083 hoc
1745 3037 1802 3084 ut

212 3122 343 3178 dum
396 3124 643 3180 recolunt
689 3123 780 3179 ubi
828 3123 937 3180 sint
982 3125 1154 3194 posita
1183 3140 1368 3180 eorum
1401 3139 1534 3195 quos
1573 3123 1801 3195 diligunt

211 3229 466 3286 corpora,
501 3216 706 3272 eisdem
739 3217 942 3272 sanctis
972 3217 1089 3272 illos
1119 3227 1372 3288 tanquam
1402 3218 1644 3287 patronis
1683 3231 1798 3271 sus-

1900 1989 2036 2044 dunt
2066 2003 2280 2056 manus,
2299 1987 2384 2042 vel
2415 1986 2574 2042 etiam
2607 1994 3028 2057 prosternuntur
3046 1986 3187 2054 solo,
3209 1995 3267 2042 et
3291 1987 3335 2042 si
3360 1986 3491 2056 quid

1902 2083 2048 2136 aliud
2073 2081 2275 2136 faciunt
2293 2081 2599 2145 visibiliter,
2624 2079 2867 2150 quamvis
2889 2094 3073 2134 eorum
3097 2078 3379 2134 invisibilis
3399 2093 3491 2134 vo-

1902 2176 2081 2231 luntas
2120 2184 2173 2231 et
2202 2175 2383 2230 cordis
2411 2176 2639 2230 intentio
2686 2174 2797 2230 Deo
2840 2182 2965 2229 nota
2993 2175 3083 2240 sit,
3115 2188 3213 2229 nec
3233 2173 3324 2229 ille
3352 2173 3492 2229 indi-

1902 2277 2025 2338 geat
2071 2267 2153 2320 his
2182 2267 2396 2322 indiciis
2437 2275 2501 2320 ut
2528 2267 2738 2320 animus
2785 2265 2835 2319 ei
2885 2265 3152 2335 pandetur
3201 2265 3489 2320 humanus.

1901 2359 2004 2415 Sed
2026 2358 2146 2413 hinc
2168 2359 2335 2428 magis
2356 2359 2591 2428 seipsum
2621 2356 2823 2413 excitat
2846 2356 3011 2411 homo
3034 2356 3099 2411 ad
3120 2356 3381 2411 orandum
3403 2371 3493 2428 ge-

1907 2451 2272 2520 mendumque
2325 2449 2580 2505 humilius
2628 2458 2787 2520 atque
2839 2448 3248 2511 ferventius;et
3305 2448 3493 2503 nescio

1859 2550 2178 2620 'quomodo
2235 2564 2356 2603 cum
2411 2548 2464 2602 hi
2508 2556 2685 2603 motus
2737 2547 2979 2616 corporis
3020 2530 3137 2602 fieri
3193 2545 3294 2600 nisi
3351 2553 3496 2600 motu

1909 2645 2074 2698 animi
2106 2642 2444 2712 praecedente
2473 2656 2580 2696 non
2610 2640 2837 2710 possint.
2883 2638 3086 2694 eisdem
3120 2651 3308 2693 rursus
3345 2644 3496 2692 exte-

1905 2739 2018 2793 rius
2047 2737 2333 2792 visiliiliter
2377 2737 2535 2792 factis
2556 2781 2568 2804 ,
2602 2735 2697 2790 ille
2726 2733 2952 2789 interior
2983 2731 3262 2787 invisibilis
3290 2730 3378 2800 qui
3405 2743 3498 2786 eos

1907 2831 2051 2896 fecit,
2085 2838 2326 2900 augetur.
2375 2831 2452 2884 Ac
2485 2843 2578 2898 per
2610 2827 2712 2882 hoc
2737 2825 2917 2881 cordis
2956 2824 3178 2879 affectus
3205 2823 3297 2894 qui
3320 2831 3378 2876 ut
3407 2821 3495 2877 fie-

1908 2932 2028 2976 rent
2053 2923 2149 2975 ista
2184 2922 2492 2991 praecessit,
2524 2918 2649 2988 quia
2684 2917 2819 2972 facta
2851 2923 2999 2982 sunt,
3030 2917 3244 2971 crescit.
3281 2913 3498 2968 Verum-

1911 3024 2086 3070 tamen
2121 3016 2163 3069 si
2205 3029 2270 3069 co
2299 3013 2458 3068 modo
2489 3013 2719 3083 quisque
2762 3019 3029 3080 teneatur,
3053 3008 3140 3065 vel
3179 3009 3342 3064 etiam
3373 3007 3493 3078 lige»

1910 3118 2012 3172 tur,
2045 3117 2100 3160 ut
2133 3107 2247 3160 haec
2310 3106 2376 3160 de
2406 3105 2521 3159 suis
2566 3104 2822 3159 membris
2874 3102 3049 3157 facere
3089 3107 3348 3171 nequeat;
3398 3112 3500 3154 non

1912 3199 2033 3253 ideo
2068 3215 2172 3252 non
2204 3206 2321 3252 orat
2367 3198 2591 3253 interior
2621 3196 2803 3263 homo,
2835 3203 2890 3250 et
2919 3204 3044 3249 ante
3083 3193 3271 3249 oculos
3303 3193 3421 3259 Dei,
3450 3193 3501 3248 in

211 3317 404 3378 ceptos
432 3309 571 3378 apud
600 3307 883 3364 Dominum
917 3286 1246 3378 adjuvandus,
1273 3286 1480 3364 grauido
1524 3323 1804 3364 commcn-
1835 3288 1880 3353 ί]
1913 3293 2281 3349 secretissimo
2309 3292 2496 3360 cubili,
2529 3290 2617 3346 ubi
2658 3289 3058 3361 compnngitnr,
3105 3286 3383 3343 sternitur.
3429 3287 3501 3340 Ita

212 3400 370 3457 dent.
395 3401 548 3468 Quod
591 3402 806 3472 quidem
854 3401 1031 3457 facere
1074 3409 1324 3470 possent,
1372 3402 1582 3456 etiamsi
1616 3401 1808 3456 talibus

216 3492 354 3547 locis
382 3506 477 3548 eos
509 3492 733 3547 humare
761 3507 866 3548 non
894 3501 1117 3561 possent
1147 3509 1161 3547 :
1192 3493 1286 3549 sed
1315 3507 1420 3548 non
1449 3493 1517 3548 ob
1549 3494 1691 3548 aliud
1724 3492 1811 3547 vel

218 3585 502 3641 memoria:
525 3585 612 3640 vel
645 3591 993 3640 monumenta
1035 3584 1289 3640 dicuntur
1320 3601 1384 3640 ea
1411 3600 1530 3655 qua:
1559 3584 1810 3654 insignita

215 3678 355 3733 fiunt
381 3677 628 3748 sepulcra
659 3685 992 3734 mortuorum
1014 3719 1030 3745 ,
1070 3679 1170 3734 nisi
1202 3679 1328 3747 quia
1372 3693 1468 3735 eos
1498 3680 1587 3749 qui
1627 3679 1812 3734 viven-

217 3772 355 3828 tium
378 3772 547 3828 oculis
577 3780 751 3828 morte
779 3772 1039 3829 subtracﬁ
1070 3781 1228 3838 sunt,
1263 3789 1332 3829 ne
1349 3771 1619 3830 oblivione
1649 3774 1810 3830 etiam

215 3865 475 3921 cordibus
534 3866 921 3922 subtrahantur
948 3908 964 3934 ,
1015 3868 1067 3923 in
1109 3869 1426 3922 memoriam
1479 3878 1733 3923 revocant
1763 3879 1816 3924 et

219 3957 565 4013 admonendo
596 3957 799 4012 faciunt
837 3959 1083 4029 cogitari.
1136 3959 1268 4014 Nam
1320 3968 1375 4015 et
1405 3963 1680 4016 memoriae
1726 3975 1816 4015 no-

223 4063 352 4103 men
383 4049 436 4102 id
468 4048 808 4118 apertissime
863 4052 1132 4118 ostendit,
1181 4061 1234 4106 et
1283 4061 1720 4117 monumentum,
1751 4068 1816 4107 co

221 4138 370 4208 quod
420 4145 638 4194 moneat
685 4147 942 4204 mentem,
995 4139 1046 4194 id
1086 4149 1167 4194 est
1197 4141 1505 4210 admoneat,
1540 4157 1816 4212 nuncupa-

221 4241 343 4288 tur.
369 4232 596 4303 Propter
617 4231 759 4301 quod
789 4239 844 4288 et
866 4233 1040 4288 Graeci
1063 4242 1301 4306 μνημεῖον
1329 4243 1526 4290 vocant
1547 4234 1686 4305 quod
1719 4251 1815 4292 nos

222 4326 544 4383 memoriam
576 4339 670 4382 seu
717 4337 1124 4383 monumentum
1156 4330 1489 4399 appellamus
1514 4373 1528 4397 ,
1562 4330 1814 4400 quoniam

220 4421 405 4492 lingua
424 4435 609 4477 eorum
636 4422 895 4477 memoria
915 4421 1030 4492 ipsa
1049 4437 1152 4493 qua
1179 4424 1526 4478 meminimus
1543 4429 1713 4497 μνήμη
1736 4421 1818 4478 dl-

219 4514 387 4568 citur.
433 4511 564 4568 Cum
597 4514 779 4585 itaque
809 4513 994 4570 recolit
1037 4516 1248 4570 animus
1276 4516 1388 4588 78
1410 4516 1500 4571 ubi
1542 4517 1814 4588 sepultum

221 4605 300 4658 sit
331 4605 636 4661 charissimi
667 4619 886 4677 corpus,
913 4614 966 4661 et
989 4608 1224 4664 occurrit
1254 4609 1402 4664 locus
1435 4611 1650 4665 nomine
1674 4623 1815 4664 mar-

227 4698 366 4768 tyris
397 4698 754 4765 venerabilis,
800 4699 975 4754 eidem
1026 4701 1248 4770 martyri
1280 4701 1512 4756 animam
1562 4702 1811 4758 dilectam
1843 4677 1892 4742 Ῑ)

223 4795 575 4849 commendat
622 4796 959 4851 recordantis
992 4803 1046 4851 et
1096 4799 1365 4866 precantis
1415 4798 1669 4865 affectus;
1722 4801 1811 4870 qui

224 4901 354 4939 cum
403 4885 667 4941 defunctis
716 4901 745 4939 a
794 4886 1039 4943 fidelibus
1107 4889 1439 4946 charissimis
1491 4892 1810 4961 exhibetur,

227 4995 356 5034 cum
379 4980 632 5048 prodesse
655 4994 759 5034 non
787 4981 1008 5035 dubium
1039 4983 1218 5037 esthis
1240 4983 1328 5053 qui
1353 4997 1472 5039 cum
1504 4985 1557 5039 in
1585 5001 1812 5055 corpore
1861 4975 1865 4981 ’

228 5073 480 5127 viverent
504 5073 624 5128 talia
657 5073 756 5129 sibi
785 5083 906 5144 post
938 5075 1077 5131 hanc
1107 5077 1268 5132 vitam
1321 5079 1576 5146 prodesse
1606 5089 1814 5137 merue-

229 5173 384 5218 runt.
422 5165 616 5221 Verum
661 5168 761 5221 etsi
797 5167 972 5237 aliqua
1008 5171 1322 5237 necessitas,
1348 5172 1429 5226 vel
1460 5171 1670 5227 humari
1697 5187 1817 5229 cor-

231 5273 392 5327 pora,
420 5259 506 5315 vel
537 5260 815 5315 in-taiibus
845 5261 975 5316 locis
1000 5261 1207 5319 humari
1241 5264 1382 5319 nulla
1419 5265 1541 5320 data
1570 5266 1820 5327 facultate

233 5352 544 5423 permittat,
587 5368 691 5409 non
736 5365 862 5411 sunt
889 5356 1362 5427 praetermittenda).
1401 5361 1820 5431 supplicationes

236 5461 340 5516 pro
372 5447 648 5518 spiritibus
674 5461 1029 5520 mortuorum,
1060 5470 1193 5525 quas
1221 5455 1489 5514 faciendas
1523 5473 1619 5527 pro
1650 5459 1823 5514 omni-

235 5540 344 5596 bus
375 5540 429 5594 in
462 5539 761 5597 Christiana
815 5552 869 5599 et
909 5545 1170 5603 catholica
1215 5552 1474 5605 societate
1522 5550 1785 5608 defunctis
1817 5594 1832 5620 ,

235 5635 403 5689 etiam
450 5635 624 5692 tacitis
647 5635 952 5693 nominibus
973 5654 1159 5695 eorum
1175 5685 1189 5708 ,
1216 5642 1315 5698 sub
1337 5643 1569 5714 generali
1598 5660 1807 5704 comme

238 5729 547 5784 moratione
575 5727 812 5799 suscepit
858 5729 1129 5800 Ecclesia;
1173 5744 1229 5790 ut
1256 5735 1449 5805 quibus
1491 5738 1556 5792 ad
1609 5740 1708 5796 ista
1741 5740 1808 5798 de

240 5831 373 5877 sunt
399 5835 667 5893 parentes,
703 5835 792 5881 aut
825 5825 941 5895 filii,
975 5838 1064 5883 aut
1094 5830 1396 5900 quicunque
1439 5835 1687 5906 cognati,
1743 5838 1824 5896 vel

244 5918 432 5989 amici,
460 5922 526 5976 ah
545 5934 646 5977 una
669 5921 751 5979 eis
772 5921 1128 5980 exniheantur
1151 5926 1234 5997 pia
1259 5937 1429 5988 matre
1447 5933 1741 5992 communi.
1763 5935 1822 5995 Si
1849 6000 1862 6008 ,

1916 3385 2078 3441 etiam
2109 3400 2230 3439 cum
2265 3385 2550 3452 plurimum
2583 3382 2794 3437 intersit
2821 3382 2909 3436 ubi
2942 3389 3105 3451 ponat
3135 3394 3331 3450 corpus
3361 3393 3499 3434 mor-

1917 3479 1991 3532 tui
2021 3479 2101 3531 sui
2131 3477 2218 3545 qui
2249 3490 2346 3545 pro
2371 3475 2560 3545 spiritu
2582 3474 2700 3538 eius
2722 3475 2834 3528 Deo
2868 3473 3131 3542 supplicat
3149 3473 3274 3542 quia
3299 3479 3353 3525 et
3370 3484 3501 3542 pras-

1916 3569 2114 3624 cedens
2135 3566 2358 3621 affectus
2384 3566 2561 3620 locum
2585 3563 2745 3635 elegit
2765 3573 3042 3629 sanctum;
3067 3572 3120 3618 et
3147 3562 3253 3618 illic
3279 3575 3502 3631 corpore

1918 3662 2094 3732 posito
2111 3660 2427 3716 recordatus
2451 3661 2599 3716 locus
2631 3668 2850 3714 sanctus
2878 3673 2999 3714 eum
3029 3660 3122 3729 qui
3156 3667 3502 3728 praecesserat

1917 3767 2145 3813 renovat
2173 3765 2227 3812 et
2255 3767 2415 3829 auget
2445 3757 2939 3813 alfectum.'l‘amen
2971 3757 3182 3811 etiamsi
3209 3770 3314 3811 non
3339 3753 3503 3825 possit

1919 3850 2008 3906 ubi
2039 3851 2320 3920 religiosus
2349 3851 2562 3905 animus
2607 3848 2778 3920 elegit
2827 3850 3050 3905 humare
3081 3848 3238 3919 quem
3287 3847 3504 3918 diligit,

1919 3944 2068 3999 nullo
2097 3943 2258 3999 modo
2288 3943 2449 3999 debet
2479 3960 2506 3996 a
2539 3944 3028 4012 supplicationibus
3077 3943 3402 3997 necessariis
3453 3943 3504 3996 in

1920 4040 2038 4109 ejus
2061 4041 2530 4095 commendatione
2543 4055 2775 4095 cessare.
2808 4040 3122 4111 Ubicunque
3141 4041 3284 4095 enim
3311 4041 3506 4112 jaceat,

1920 4135 2003 4190 vel
2035 4150 2142 4190 non
2179 4136 2359 4205 jaceat
2389 4133 2625 4190 defuncti
2656 4149 2815 4201 caro,
2847 4133 3056 4204 spiritui
3088 4133 3302 4203 requies
3329 4134 3498 4204 acqui-

1920 4229 2086 4285 renda
2101 4239 2181 4284 est
2199 4247 2211 4282 :
2228 4228 2315 4298 qui
2335 4244 2455 4284 cum
2482 4229 2602 4283 inde
2622 4229 2812 4293 exiret,
2829 4241 3010 4284 secum
3029 4227 3248 4282 abstulit
3268 4237 3508 4297 sensum,

1921 4337 2026 4392 quo
2056 4324 2316 4376 interesse
2347 4322 2516 4391 possit
2536 4321 2812 4391 quomodo
2833 4321 3064 4390 quisque
3092 4321 3162 4375 sit
3191 4320 3306 4374 sive
3330 4320 3383 4374 in
3413 4317 3500 4375 bo-

1922 4416 2027 4482 nis,
2063 4417 2178 4471 sive
2211 4415 2263 4470 in
2294 4415 2449 4470 malis
2476 4429 2489 4479 ;
2521 4428 2620 4470 nec
2658 4414 2725 4468 ab
2767 4428 2829 4469 ea
2857 4427 3020 4469 carne
3050 4420 3325 4484 exspectat
3361 4413 3501 4484 adju-

1920 4511 2033 4564 vari
2063 4523 2213 4563 suam
2265 4509 2426 4563 vitam
2454 4547 2470 4574 ,
2501 4509 2586 4563 cui
2633 4507 2908 4577 praebebat
2935 4505 3054 4576 ipse
3092 4508 3255 4562 vitam
3285 4547 3300 4574 ,
3351 4519 3508 4578 quam

1925 4601 2159 4656 detraxit
2199 4601 2468 4657 excedens
2489 4643 2503 4667 ,
2550 4609 2604 4657 et
2635 4600 2944 4655 redditurus
2971 4610 3050 4656 est
3083 4601 3299 4657 rediens
3332 4619 3343 4654 :
3379 4611 3501 4671 quo-

1921 4695 2061 4751 niam
2094 4707 2200 4749 non
2232 4707 2358 4750 caro
2389 4694 2624 4765 spiritui,
2658 4694 2749 4749 sed
2781 4694 3004 4763 spiritus
3044 4693 3194 4748 carni
3226 4691 3387 4748 etiam
3418 4693 3504 4763 ip-

1920 4789 2033 4844 sius
2108 4786 2519 4843 resurrectionis
2593 4786 2841 4841 meritum
2882 4795 3199 4856 comparat,
3229 4793 3408 4842 utrum
3445 4786 3509 4840 ad

1923 4897 2136 4954 pinnam
2163 4897 2230 4938 an
2258 4883 2324 4937 ad
2355 4880 2583 4953 gloriam
2612 4880 2919 4937 reviviscat.

2465 4989 2691 5049 CAPUT
2729 4989 2968 5049 CCCVII.

1926 5088 2076 5157 Quod
2140 5103 2272 5158 srepe
2321 5088 2373 5141 in
2426 5081 2617 5142 somm‘s
2683 5087 2870 5142 mortui
2937 5085 3211 5140 viventibus
3264 5100 3510 5143 aonarere

2318 5168 2594 5227 putantur;
2650 5173 2712 5214 ea:
2757 5161 2935 5213 eodem
2963 5159 3112 5211 libro.

1999 5273 2294 5329 Narrantur
2323 5274 2434 5328 visa
2464 5272 2707 5343 quaedam
2733 5288 2850 5342 qua:
2878 5270 3000 5324 huic
3026 5269 3371 5339 disputationi
3403 5285 3510 5325 non

1928 5366 2294 5440 negligendam
2350 5367 2628 5422 videantur
2658 5364 2855 5420 inferre
2886 5361 3256 5432 quaistione'u.
3290 5362 3500 5418 Ferun-

1929 5471 2015 5517 tur
2038 5462 2231 5532 quippe
2279 5459 2473 5515 mortui
2516 5457 2774 5522 nonnulli,
2805 5457 2884 5512 vel
2914 5455 2964 5510 in
3008 5458 3232 5516 somnis.
3281 5457 3362 5512 vel
3406 5453 3511 5512 alio

1931 5571 2250 5626 quocunque
2278 5553 2437 5608 modo
2487 5552 2796 5622 apparuisse
2839 5551 3158 5618 viventibus,
3214 5561 3372 5621 atque
3421 5551 3510 5607 ubi

1933 5664 2116 5704 eorum
2147 5663 2369 5718 corpora
2395 5649 2635 5718 jacerent
2658 5644 2924 5700 inhumata
2953 5645 3333 5711 nescientibus,
3356 5645 3512 5702 locis-

1932 5759 2035 5815 que
2067 5743 2374 5798 monstratis
2404 5737 2747 5796 admonuisse
2774 5750 2830 5794 ut
2853 5739 2951 5796 sibi
2985 5739 3258 5809 sepultura
3280 5757 3397 5810 quae
3420 5741 3512 5797 de-

1953 5847 2100 5894 ncrat
2129 5837 2477 5908 praeberetur.
2505 5833 2630 5890 llaec
2661 5835 2704 5889 si
2750 5833 2875 5890 falsa
2905 5847 3023 5891 esse
3055 5833 3510 5905 réSponderimus,

1932 5946 2117 5992 contra
2149 5933 2497 6006 quorumdam
2521 5931 2718 6002 scripta
2752 5929 3010 5999 fidelium,
3031 5937 3083 5988 et
3111 5939 3296 5990 contra
3324 5946 3512 5990 eorum
