4010 6382
577 378 719 437 1625

1680 366 1745 423 D.
1783 361 2113 424 EUGYPPII
2150 353 2446 416 ABBATIS
2481 352 2810 413 AFRICANI

3730 345 3837 405 102/-

582 514 783 559 sensus
802 499 896 572 qui
923 496 1045 553 talia
1068 493 1168 551 sibi
1182 490 1442 548 accidisse
1464 488 1808 557 confirmant,
1828 484 2172 555 impudenter
2197 481 2251 542 Α
2279 474 2421 545 quod
2450 482 2602 544 pater
2631 487 2737 528 non
2769 477 3052 541 receperat
3080 483 3294 572 quando
3316 476 3400 524 est
3427 465 3660 538 pecunia
3687 475 3833 535 perso‘

580 595 764 651 venire
797 590 1098 647 videbimur
1129 606 1142 639 :
1193 584 1287 640 sed
1336 580 1767 651 respondendum
1806 588 1888 634 est
1917 593 2024 633 non
2057 576 2178 631 ideo

585 686 879 758 putandum
904 697 1027 738 esse
1048 689 1292 735 mortuos
1307 677 1407 732 ista
1434 675 1658 741 sentire,
1681 674 1806 744 quia
1831 673 1946 727 haec
1972 671 2174 736 dicere,

582 782 670 837 vel
704 778 963 841 indicare,
996 774 1081 830 vel
1107 783 1289 842 petere
1316 770 1567 826 videntur
1597 768 1651 823 in
1696 765 1936 822 somnis:
1972 778 2093 818 nam
2124 769 2181 818 et

585 868 828 928 viventes
883 875 1146 937 apparent
1211 880 1355 934 saepe
1409 860 1717 918 viventibus
1763 858 2176 922 dormientibus,

582 968 708 1021 dum
752 977 811 1018 se
856 962 957 1030 ipsi
1010 959 1251 1015 nesciant
1282 972 1565 1027 apparere,
1611 954 1759 1010 etab
1803 954 1883 1009 eis
1912 952 2027 1007 haec
2056 965 2177 1021 qua:

586 1056 976 1112 sumniaveirnt
1002 1053 1226 1107 audiunt
1254 1049 1558 1105 dicentibus
1594 1046 1737 1117 quod
1765 1060 1860 1101 eos
1885 1046 1939 1099 in
1975 1042 2178 1098 somnis

583 1151 824 1206 viderint
849 1156 1072 1218 agentes
1114 1144 1337 1215 aliquid,
1371 1142 1454 1198 vel
1477 1142 1779 1212 loquentes.
1813 1139 1872 1195 Si
1915 1151 2044 1206 ergo
2092 1150 2180 1191 me

582 1250 763 1313 potest
789 1242 986 1310 aliquis
1012 1241 1065 1295 in
1086 1239 1290 1295 somnis
1322 1236 1508 1292 videre
1537 1234 1638 1289 sibi
1669 1231 1869 1302 aliquid
1895 1229 2037 1300 quod
2066 1226 2180 1283 fac-

579 1346 693 1394 tum
721 1343 805 1392 est
826 1334 1175 1397 indicantem,
1200 1330 1285 1388 vel
1306 1330 1465 1387 etiam
1490 1326 1632 1399 quod
1657 1325 1891 1380 futurum
1922 1331 2003 1377 est
2033 1336 2175 1392 pra:-

583 1429 944 1494 nuntiantem,
976 1441 1099 1482 cum
1138 1425 1191 1481 id
1230 1439 1330 1494 ego
1369 1436 1590 1493 prorsus
1627 1420 1891 1490 ignorem,
1926 1424 1980 1471 et
2004 1414 2181 1469 omni-

583 1534 654 1576 no
676 1533 895 1590 prorsus
928 1531 1036 1572 non
1068 1530 1276 1582 curem,
1308 1529 1417 1569 non
1442 1513 1616 1568 solum
1643 1510 1772 1582 quid
1800 1510 1891 1564 ille
1921 1508 2178 1573 somniet,

589 1612 683 1667 sed
714 1619 893 1667 utrum
943 1610 1252 1665 dormiente
1292 1622 1380 1662 me
1424 1605 1626 1674 vigilet,
1679 1619 1748 1659 an
1789 1601 2041 1672 vigilante
2096 1614 2182 1655 me

582 1706 835 1772 dormiat,
861 1720 930 1760 an
957 1718 1065 1759 uno
1093 1703 1392 1771 eodemque
1421 1708 1663 1768 tempore
1704 1696 1982 1767 vigilemus
1999 1695 2179 1759 ambo,

587 1799 705 1853 sive
742 1796 1073 1853 dormiamus
1112 1794 1326 1865 quando
1370 1792 1462 1847 ille
1490 1790 1755 1847 somnium
1797 1787 1940 1843 videt
1983 1787 2039 1841 in
2075 1797 2183 1855 quo

2281 570 2412 624 luta.
2447 568 2544 623 Hic
2569 568 2751 638 utique
2782 574 2994 636 putatur
3024 564 3203 620 anima
3229 563 3462 620 hominis
3504 577 3707 628 curam,
3736 580 3826 632 ges-

2280 663 2415 718 sisse
2442 677 2539 733 pro
2571 662 2706 728 ﬁlio,
2735 669 2790 715 et
2828 661 2895 714 ad
2945 674 3067 714 eum
3118 659 3329 713 venisse
3378 657 3750 723 dormientem,
3795 673 3833 713 ut

2278 754 2479 812 docens
2490 756 2631 827 quod
2645 754 2922 825 ignorabat
2933 770 3125 823 magna
3141 752 3381 808 molestia
3410 752 3746 808 liberaretur:
3764 758 3829 808 sed
3854 816 3867 835 '

2281 849 2473 905 eodem
2505 850 2622 919 ipso
2645 848 2817 929 ferme
2840 858 3084 917 tempore
3106 862 3212 917 quo
3251 845 3305 901 id
3331 843 3663 908 audivimus,
3692 845 3737 898 id
3774 858 3829 898 est

2280 943 2435 999 nobis
2464 945 2605 1014 apud
2632 942 2989 998 Mediolanum
3012 940 3340 1006 constitutis,
3372 938 3712 1006 Carthaginis
3733 940 3824 994 rhe-

2282 1045 2367 1091 tor
2395 1036 2672 1108 Eulogius,
2706 1037 2801 1107 qui
2823 1036 3043 1091 meusin
3075 1034 3262 1091 eadem
3294 1046 3413 1087 arte
3438 1031 3720 1100 disripulus
3742 1033 3823 1096 fuit,

2282 1130 2421 1185 sicut
2449 1130 2563 1201 ipse
2589 1129 2722 1185 mihi
2754 1139 3097 1199 posteaquam
3132 1127 3186 1181 in
3215 1126 3457 1181 Africam
3502 1126 3822 1191 remeavimus,

2281 1223 2502 1290 retulit,
2552 1238 2673 1277 cum
2727 1221 3027 1277 rhetoricos
3072 1219 3347 1275 Ciceronis
3399 1218 3573 1273 libros
3612 1218 3821 1286 discipulis

2281 1316 2395 1371 suis
2436 1315 2702 1379 traderet,
2747 1329 3034 1370 recensens
3080 1313 3365 1368 lectionem
3421 1327 3585 1381 quam
3628 1311 3821 1380 postridie

2282 1412 2459 1468 fuerat
2478 1411 2791 1478 traditurus,
2816 1411 3103 1482 quemdam
3126 1410 3299 1465 locum
3316 1410 3551 1465 offendit
3573 1411 3816 1477 obscurum,

2284 1521 2389 1578 quo
2419 1522 2527 1562 non
2558 1506 2834 1562 intellecto
2864 1508 2952 1560 vix
2984 1504 3156 1575 potuit
3185 1503 3433 1558 dormire
3458 1503 3721 1559 sollicitus.
3742 1504 3817 1572 Qui

2286 1608 2445 1655 nocte
2465 1597 2759 1653 somnianti
2788 1612 2887 1666 ego
2926 1596 3007 1650 illi
3032 1595 3175 1666 quod
3206 1611 3314 1651 non
3347 1594 3677 1663 intelligebat
3697 1610 3817 1664 expo-

2285 1690 2390 1757 sui,
2405 1691 2511 1745 imo
2526 1704 2631 1745 non
2648 1705 2773 1762 ego,
2798 1688 2892 1745 sed
2917 1688 3092 1759 imago
3116 1702 3256 1755 mea,
3276 1686 3560 1743 nesciente
3579 1702 3671 1753 me,
3685 1698 3726 1742 et
3742 1698 3814 1742 tam

2286 1782 2444 1853 longe
2474 1791 2622 1838 trans
2645 1797 2796 1837 mare
2826 1780 3025 1849 aliquid
3058 1779 3200 1835 aliud
3223 1780 3337 1835 sive
3360 1791 3581 1851 agente,
3604 1782 3696 1835 sive
3712 1796 3814 1835 sout-

585 1908 673 1948 nte
691 1893 842 1947 videt
875 1908 888 1959 ;
922 1890 1049 1960 quid
1078 1888 1272 1944 mirum
1302 1886 1347 1942 si
1375 1885 1678 1942 nescientes
1701 1881 1919 1949 mortui,
1943 1894 2043 1935 nec
2071 1878 2173 1934 ista
2204 1869 2254 1931 B
2282 1876 2482 1943 niante,
2512 1885 2566 1931 et
2585 1875 2716 1931 nihil
2744 1874 2812 1930 de
2840 1874 2983 1930 illius
3014 1872 3159 1929 curis
3187 1873 3419 1928 omnino
3470 1873 3805 1940 curantc.Quo-

580 1986 899 2051 sentientes,
916 1993 1095 2039 tamen
1117 1997 1150 2037 a
1179 1981 1484 2036 viventibus
1507 1977 1759 2034 videntur
1786 1975 1841 2029 in
1871 1972 2095 2037 somnis,
2120 1979 2174 2027 et

588 2078 792 2148 aliquid
821 2078 1009 2132 dicunt
1036 2075 1179 2147 quod
1223 2074 1539 2144 evigilantes
1568 2085 1755 2126 verum
1782 2082 1902 2124 esse
1948 2079 2173 2135 cognos-

589 2170 746 2225 cant?
773 2168 1043 2241 Angelicis
1075 2168 1235 2238 igitur
1255 2164 1658 2237 operationibus
1681 2162 1798 2217 ﬁeri
1828 2158 2170 2226 crediderim,

587 2262 703 2317 sive
732 2261 1073 2332 permittatur
1100 2260 1357 2329 desuper,
1388 2258 1518 2327 ,sive
1561 2255 1838 2326 jubeatur,
1887 2261 1944 2307 ut
1973 2248 2176 2319 aliquid

590 2354 773 2412 dicere
818 2354 886 2410 de
924 2352 1245 2424 sepeliendis
1292 2349 1611 2420 corporibus
1662 2348 1776 2403 suis
1807 2344 2085 2400 videantur
2121 2344 2176 2397 in

587 2449 816 2516 somnis,
848 2430 970 2504 cum
1019 2447 1073 2502 id
1115 2447 1327 2517 penitus
1356 2444 1600 2499 nesciant
1643 2454 1870 2512 quorum
1923 2438 2012 2493 illa
2054 2444 2180 2491 sunt

587 2556 835 2612 corpora.
858 2540 917 2596 ld
937 2548 1112 2596 autem
1135 2537 1423 2609 aliquando
1451 2537 1652 2592 utiliter
1681 2534 1757 2601 ﬁt,
1793 2533 1905 2589 sive
1929 2533 1996 2586 ad
2024 2532 2177 2585 vivo-
2207 2542 2218 2552 ‘

589 2647 709 2687 rum
747 2631 1118 2701 qualecunque
1165 2628 1441 2692 solatium,
1492 2626 1560 2681 ad
1599 2640 1736 2695 quos
1793 2625 2062 2693 pertinent
2103 2622 2179 2677 illi

589 2725 787 2782 mortui
813 2740 1040 2795 quorum
1056 2732 1319 2793 apparent
1342 2723 1601 2792 imagines
1623 2707 2034 2783 somniantibus,
2063 2717 2181 2772 sive

591 2827 649 2873 ut
668 2816 754 2873 his
775 2816 1229 2872 admonitionibus
1256 2814 1441 2886 generi
1463 2815 1699 2868 humano
1719 2810 2007 2880 sepultura:
2035 2823 2182 2863 com-

594 2913 874 2969 mendetur
904 2911 1228 2976 humanitas,
1260 2926 1400 2981 quae,
1442 2909 1566 2964 licet
1615 2905 1880 2962 defunctis
1911 2919 2016 2959 non
2062 2904 2180 2972 opi-

591 3006 815 3069 tuletur,
868 3003 1135 3074 culpanda
1198 3012 1375 3057 tamen
1431 3001 1831 3071 irreligiositate
1873 2997 2182 3067 negligitur.

591 3096 893 3165 Aliquando
919 3104 1097 3151 autem
1126 3095 1404 3149 fallacibus
1437 3095 1565 3149 visis
1596 3094 1842 3148 homines
1874 3093 1925 3146 in
1958 3105 2184 3160 magnos

592 3186 875 3242 mittuntur
914 3201 1151 3252 errores,
1183 3202 1318 3256 quos
1343 3186 1465 3240 talia
1489 3188 1691 3255 perpeti
1729 3186 1929 3256 justum
1958 3194 2069 3239 est:
2096 3198 2189 3238 ve-

2277 1970 2438 2027 modo
2476 1971 2607 2025 ﬁant
2640 1970 2743 2026 ista
2785 1969 2991 2034 nescio,
3021 1967 3117 2024 sed
3148 1967 3560 2039 quomodolibet
3603 1967 3719 2029 ﬁant,
3741 1982 3810 2021 cur

2283 2078 2391 2119 non
2421 2062 2611 2120 eodem
2639 2062 2803 2118 modo
2824 2061 2942 2117 ﬁeri
2964 2059 3235 2116 credimus
3260 2061 3397 2114 utin
3426 2060 3618 2115 somnis
3643 2058 3813 2129 quisque

2279 2154 2459 2210 videat
2512 2162 2825 2223 mortuum,
2895 2151 3162 2222 quomodo
3220 2151 3283 2206 ﬁt
3334 2162 3393 2207 ut
3444 2152 3603 2206 videat
3668 2160 3713 2206 et
3762 2151 3818 2204 vi-

2278 2264 2401 2304 vum
2423 2249 2447 2303 ἲ
2468 2247 2729 2303 ambobus
2756 2247 2944 2317 utique
2973 2245 3339 2301 nescientibus
3360 2258 3521 2314 neque
3545 2243 3816 2296 curantibus

2280 2341 2403 2412 quis
2431 2340 2518 2396 vel
2548 2341 2662 2409 ubi,
2709 2338 2797 2394 vel
2827 2338 3044 2409 quando
3088 2352 3278 2393 eorum
3312 2336 3549 2404 imagines
3592 2334 3815 2389 somniet.

2280 2435 2488 2493 Similia
2517 2443 2643 2491 sunt
2670 2442 2852 2489 autem
2875 2431 3101 2487 somniis
3133 2429 3387 2484 nonnulla
3404 2428 3553 2483 etiam
3573 2427 3676 2481 visa
3707 2426 3815 2497 vigi-

2280 2530 2504 2586 lantium
2518 2530 2607 2599 qui
2623 2527 2863 2583 turbatos
2884 2526 3084 2581 habent
3097 2538 3314 2589 sensus,
3330 2523 3472 2578 sicut
3485 2522 3739 2594 phrenetici
3754 2523 3811 2575 vel

2280 2638 2598 2695 quocunque
2616 2622 2849 2677 [urentes
2863 2619 3056 2675 modo:
3078 2633 3200 2673 nam
3216 2627 3271 2673 et
3286 2617 3391 2686 ipsi
3405 2617 3667 2687 loquuntur
3678 2629 3806 2671 secum

2282 2718 2433 2786 quasi
2466 2731 2592 2771 vere
2612 2714 2965 2786 praesentibus
2987 2713 3297 2783 loquantur,
3317 2719 3373 2766 et
3387 2718 3498 2765 tam
3512 2726 3617 2766 cum
3636 2709 3803 2764 absenti-

2282 2812 2381 2867 bus
2404 2828 2561 2882 quam
2583 2826 2707 2867 eum
2734 2811 3332 2882 praesentibusquorum
3353 2811 3608 2883 imagines
3622 2818 3789 2869 amant,

2284 2908 2396 2961 sive
2418 2907 2684 2972 vivorum,
2713 2906 2829 2960 sive
2852 2916 3182 2960 mortuorum
3202 2924 3212 2958 :
3230 2905 3333 2960 sed
3356 2903 3731 2976 quemadmodum
3752 2901 3791 2957 hi

2284 2997 2376 3069 qui
2400 2997 2583 3053 vivunt
2612 2999 2680 3054 ab
2700 2998 2779 3053 eis
2800 3012 2860 3052 se
2872 2997 3042 3053 videri
3067 3009 3120 3053 et
3147 3012 3268 3051 cum
3286 2998 3374 3053 eis
3388 3012 3457 3065 se
3480 2998 3603 3069 loqui
3627 2994 3791 3050 nesciunt

2287 3092 2494 3164 (neque
2518 3094 2667 3147 enim
2693 3106 2877 3147 revera
2902 3092 3005 3161 ipsi
3034 3090 3249 3158 adsunt,
3277 3101 3377 3145 aut
3401 3091 3507 3160 ipsi
3529 3088 3783 3146 sermonm

2289 3162 2502 3250 turrsed
2517 3185 2746 3241 turbatis
2761 3185 3012 3240 sensibus
3028 3185 3276 3240 homines
3294 3184 3431 3240 talia
3445 3186 3558 3240 visa
3582 3178 3772 3250 iungam

594 3276 671 3333 lut
695 3278 745 3333 si
780 3278 1059 3349 quisquam
1087 3279 1263 3334 videat
1287 3278 1341 3332 in
1364 3280 1566 3333 somnis
1594 3277 1736 3348 quod
1765 3277 1964 3332 Encas
1989 3277 2184 3331 vidisse
2208 3271 2254 3334 C
2288 3278 2614 3348 patiuntur),
2652 3294 2718 3333 eo
2746 3278 2907 3333 modo
2937 3287 2992 3334 et
3022 3278 3074 3332 hi
3112 3277 3201 3353 qui
3222 3294 3287 3332 ex
3326 3277 3436 3333 hac
3454 3280 3557 3333 vita
3572 3279 3773 3347 mignml.

593 3370 731 3440 apud
782 3369 988 3426 inferos
1016 3371 1221 3440 poetica
1256 3370 1488 3425 falsitate
1532 3378 1802 3432 narratur,
1838 3378 1893 3424 et
1927 3369 1976 3423 ei
2006 3367 2185 3437 cujus-

595 3463 735 3532 piam
765 3478 873 3519 non
900 3464 1097 3533 sepulti
1145 3472 1403 3535 appareat
1436 3464 1633 3532 imago,
1671 3463 2028 3533 loquaturque
2060 3462 2182 3518 talia

594 3557 772 3628 qualia
804 3556 1034 3613 refertur
1063 3557 1275 3613 locutus
1306 3558 1396 3613 ille
1433 3555 1602 3612 fuisse
1631 3556 1912 3610 Palinurus
1936 3572 1950 3621 ;
1974 3564 2030 3610 et
2058 3569 2180 3610 cum

594 3650 953 3720 evigilaverit,
984 3649 1059 3705 ibi
1088 3664 1285 3720 corpus
1304 3651 1423 3720 ejus
1446 3650 1680 3705 inveniat
1710 3650 1796 3705 ubi
1817 3650 1998 3718 jacere
2030 3649 2185 3704 inhu-

597 3754 798 3799 matum
826 3760 950 3798 cum
980 3744 1279 3799 somniaret
1304 3746 1528 3811 audivit,
1554 3744 1861 3799 admonitus
1887 3753 1941 3798 et
1965 3754 2184 3814 rogatus

599 3844 658 3890 ut
685 3836 941 3905 sepeliret
968 3837 1265 3892 inventum.
1292 3838 1358 3893 Et
1388 3838 1509 3906 quia
1534 3838 1588 3893 id
1617 3853 1802 3893 verum
1828 3852 1947 3893 esse
1968 3853 2187 3906 compe-

598 3932 690 4001 rit,
716 3930 902 3987 credat
921 3931 1045 3989 ideo
1069 3941 1310 3987 mortuos
1330 3933 1570 4003 sepeliri,
1599 3942 1657 3988 ut
1680 3947 1868 3988 eorum
1899 3934 2097 3987 anima:
2117 3933 2185 3987 ad

599 4021 713 4077 loca
757 4031 1034 4078 transeant
1086 4022 1227 4077 unde
1276 4023 1667 4093 insepultorum
1712 4026 1917 4079 animas
1977 4024 2188 4079 inferna

599 4114 875 4186 prohiberi
925 4116 1045 4185 lege
1075 4116 1384 4170 somniavit.
1438 4115 1626 4171 Nonne
1657 4117 1757 4170 ista
1800 4115 2188 4189 [ita]credens

599 4210 887 4280 plurimum
914 4225 945 4265 a
976 4209 1189 4265 tramite
1236 4210 1478 4265 veritatis
1517 4210 1819 4265 exorbitat?
1868 4209 1963 4266 Sic
2008 4221 2186 4265 autem

598 4303 883 4358 infirmitas
916 4310 1277 4359 bumanasese
1307 4303 1486 4368 habet,
1511 4312 1568 4357 ut
1592 4318 1712 4356 cum
1733 4303 1785 4356 in
1814 4303 2022 4357 somnis
2042 4304 2189 4372 quis-

598 4412 704 4468 que
726 4396 920 4452 viderit
945 4408 1235 4462 mortuum,
1268 4396 1435 4466 ipsius
1462 4398 1696 4450 animam
1727 4411 1786 4450 se
1807 4395 1993 4451 videre
2038 4396 2188 4451 arbi-

600 4499 801 4557 tretur;
832 4505 954 4545 cum
994 4500 1171 4546 autem
1196 4490 1370 4545 vivum
1394 4490 1642 4544 similiter
1668 4488 2042 4557 somniaverit,
2079 4504 2186 4543 non

600 4582 715 4650 eius
740 4582 970 4637 animam
1002 4598 1175 4654 neque
1203 4597 1421 4650 corpus,
1463 4581 1559 4637 sed
1608 4580 1841 4635 hominis
1884 4580 2191 4635 similitudi-

2288 3374 2367 3428 sic
2394 3372 2602 3429 affectis
2631 3372 2941 3429 hominibus
2966 3372 3215 3428 videntur
3237 3374 3399 3441 quasi
3428 3379 3785 3443 praesentat“!

2288 3467 2397 3523 sint
2412 3467 2685 3530 absentes,
2706 3473 2761 3521 et
2788 3475 2964 3521 utrum
2984 3465 3145 3535 aliqui
3159 3480 3256 3520 eos
3276 3464 3637 3537 imaginaliter
3654 3460 3797 3515 videant

2289 3559 2512 3614 omnino
2542 3559 2869 3614 nescientes.
2906 3558 3041 3613 lluie
3066 3559 3144 3611 rei
3169 3558 3353 3613 simile
3385 3569 3472 3614 est
3499 3568 3549 3613 et
3576 3555 3704 3619 illud,
3726 3564 3804 3606 cum

2290 3651 2542 3707 homines
2569 3652 2731 3707 altius
2758 3666 2919 3722 quam
2946 3652 2990 3705 si
3019 3650 3325 3706 dormirent
3348 3651 3705 3706 subtrahuntur
3727 3660 3811 3701 car-

2291 3745 2435 3814 poris
2481 3745 2749 3811 sensibus,
2796 3752 2850 3798 et
2896 3752 3229 3813 occupantur
3280 3743 3471 3799 talibus
3512 3741 3723 3793 visis:et
3757 3735 3818 3789 his

2291 3839 2436 3895 enim
2462 3848 2723 3909 apparent
2753 3840 3013 3909 imagines
3043 3838 3291 3894 vivorum
3340 3850 3489 3905 atque
3507 3844 3818 3892 mortuorum.

2288 3934 2383 3988 sed
2405 3948 2529 3987 cum
2544 3931 2743 3987 fuerint
2764 3931 3011 3987 sensibus
3032 3931 3251 3996 redditi,
3269 3941 3589 4001 quoscunque
3608 3931 3820 3978 mortuos

2291 4026 2492 4083 vidisse
2515 4042 2574 4081 se
2590 4026 2847 4092 dixerint,
2871 4041 2999 4081 vere
3037 4041 3162 4081 cum
3215 4027 3294 4081 eis
3342 4025 3502 4079 fuisse
3543 4019 3821 4078 creduntur:

2292 4137 2394 4177 nec
2424 4121 2703 4176 attendunt
2736 4119 2828 4191 qui
2861 4121 2974 4176 haec
3003 4120 3248 4185 audiunt,
3275 4119 3528 4175 similiter
3576 4115 3713 4170 abeis
3752 4112 3822 4164 ab-

2291 4216 2525 4270 sentium
2549 4223 2710 4283 atque
2739 4214 3093 4270 nescientium
3118 4213 3485 4281 quorumdam
3512 4212 3659 4266 etiam
3683 4204 3823 4275 imagi-

2293 4324 2391 4363 nes
2414 4310 2558 4362 visas
2587 4324 2710 4363 esse
2741 4308 3008 4363 vivorum.
3040 4307 3117 4361 lbi
3138 4322 3267 4378 ergo
3280 4306 3637 4376 suntspiritus
3658 4301 3821 4357 defunc-

2294 4408 2491 4463 torum,
2524 4398 2611 4453 ubi
2643 4413 2748 4453 non
2779 4398 2964 4454 vident
3011 4412 3347 4467 quwcunque
3389 4408 3627 4469 aguntur
3652 4403 3724 4448 aut
3738 4404 3819 4445 ete-

2293 4494 2447 4548 niunt
2476 4494 2528 4548 in
2572 4492 2672 4547 ista
2713 4494 2821 4548 vita
2852 4491 3158 4547 hominibus
3187 4508 3203 4549 :
3238 4494 3523 4561 quomodo
3554 4505 3669 4561 ergo
3692 4485 3808 4539 vident

2295 4589 2530 4643 tumulos
2558 4602 2686 4644 suos
2717 4597 2806 4641 aut
2837 4600 3066 4654 corpora
3088 4600 3184 4641 sua
3216 4596 3394 4640 utrum
3444 4585 3654 4655 abiecta
3674 4580 3812 4649 ite-nl

600 4690 723 4731 nem
752 4675 854 4729 sibi
884 4677 1193 4745 apparuisse
1221 4692 1327 4730 non
1370 4674 1601 4741 dubitet,
1631 4674 1783 4743 quasi
1833 4688 1937 4727 non
1982 4674 2183 4743 possint

2292 4699 2359 4739 an
2381 4683 2621 4752 sepulta?
2639 4678 2907 4752 quomodo
2930 4679 3197 4734 intersunt
3220 4678 3463 4734 miseria:
3488 4678 3726 4735 vivorum,
3742 4682 3821 4723 tum

601 4780 652 4826 et
680 4779 1013 4826 mortuorum
1042 4770 1314 4825 hominum
1353 4769 1543 4825 eodem
1594 4768 1757 4824 modo
1807 4767 2185 4836 nescientium,

600 4878 705 4918 non
732 4863 947 4928 animat,
978 4862 1071 4918 sed
1102 4863 1478 4919 similitudines
1501 4876 1762 4932 apparere
1776 4859 2184 4916 dormientibus.

600 4956 705 5011 Pro
729 4964 877 5011 certo
924 4969 1045 5009 cum
1078 4954 1361 5009 Mediolani
1395 4968 1661 5021 essemus,
1703 4952 2003 5008 audivimus
2043 4953 2185 5022 quod

600 5059 721 5101 cum
765 5043 1006 5101 debitum
1055 5051 1441 5109 repeteretura
1482 5044 1715 5114 quodam
1740 5042 1979 5099 defuncti
2022 5043 2189 5113 patris

600 5139 847 5194 cautione
865 5142 1095 5209 prolata,
1120 5136 1264 5207 quod
1287 5136 1400 5192 ﬁlio
1427 5138 1703 5193 nesciente
1724 5152 1753 5190 a
1776 5146 1927 5207 patre
1942 5136 2052 5207 jam
2071 5135 2187 5191 fue-

600 5240 686 5286 rat
712 5232 1065 5301 persolutum,
1094 5231 1401 5287 contristari
1446 5230 1609 5286 homo
1636 5231 1956 5301 gravissime
1999 5230 2184 5299 cmpit,

604 5331 766 5393 atque
788 5324 972 5379 mirari
994 5324 1137 5394 quod
1168 5324 1218 5380 ei
1254 5333 1405 5393 pater
1437 5323 1675 5379 moriens
1696 5339 1802 5378 non
1832 5323 2033 5379 dixerit
2061 5322 2189 5394 quid

601 5416 844 5479 deberet,
887 5432 1007 5472 cum
1049 5415 1271 5473 fecisset
1315 5416 1476 5472 etiam
1508 5426 1882 5474 testamentum
1916 5435 1930 5471 :
1969 5428 2096 5472 tunc
2138 5419 2187 5474 ei

604 5505 808 5579 [nimis]
831 5509 993 5565 anxio
1022 5512 1269 5579 apparuit
1310 5511 1448 5566 idem
1494 5518 1647 5580 pater
1686 5510 1803 5582 ejus
1862 5512 1913 5565 in
1958 5512 2184 5579 somnis,

603 5610 656 5657 et
683 5601 772 5658 ubi
802 5610 945 5657 esset
972 5602 1306 5676 [repositum]
1340 5612 1621 5660 recautum
1652 5618 1757 5674 quo
1780 5604 1867 5658 illa
1888 5605 2067 5661 cautio
2100 5619 2192 5657 va-

605 5706 760 5752 cuata
790 5696 984 5765 fuerat,
1020 5697 1316 5753 indicavit:
1357 5714 1464 5771 quo
1508 5699 1729 5756 invento
1776 5702 1989 5767 juvenis
2032 5711 2195 5771 atque

607 5803 926 5862 monstrato,
955 5810 1063 5851 non
1081 5796 1258 5851 solum
1280 5794 1401 5852 falsi
1429 5796 1598 5854 debiti
1627 5795 1949 5853 calumniam
1981 5798 2197 5867 propul-

609 5888 769 5959 sevit,
799 5889 895 5948 sed
918 5891 1081 5948 etiam
1104 5891 1213 5962 79
1228 5900 1511 5962 paternum
1542 5893 1745 5962 recepit
1773 5891 2193 5963 chirographum

2291 4776 2376 4831 vel
2400 4791 2493 4830 sua
2526 4774 2628 4845 ipsi
2654 4775 2793 4829 mala
2823 4774 3114 4841 patiantur,
3146 4773 3193 4826 si
3224 4771 3349 4824 talia
3379 4772 3593 4827 merita
3619 4775 3828 4824 enutme

2292 4877 2439 4935 runt,
2470 4867 2554 4922 vel
2586 4868 2639 4922 in
2679 4881 2808 4936 pace
2833 4866 3194 4936 requiescant,
3219 4863 3377 4918 sicut
3406 4862 3552 4919 huic
3582 4861 3725 4917 Josiz
3747 4867 3831 4924 pro-

2294 4965 2515 5020 missum
2545 4971 2651 5029 est,
2677 4962 2765 5017 ubi
2793 4963 2931 5018 mala
2962 4961 3071 5016 ulla
3103 4975 3202 5015 nec
3231 4959 3527 5029 patiendo,
3560 4972 3659 5014 nec
3679 4966 3830 5018 compt-

2294 5056 2477 5112 tiendo
2523 5055 2853 5120 sustineant,
2910 5052 3123 5109 liberati
3166 5052 3233 5107 ab
3276 5049 3548 5107 omnibus
3578 5049 3719 5105 malis
3756 5053 3835 5111 qui

2294 5147 2544 5217 patiendo
2576 5155 2630 5202 et
2657 5144 3037 5217 compatiendo
3082 5157 3203 5198 eum
3236 5140 3322 5196 hic
3369 5143 3629 5198 viverent
3670 5131 3839 5193 sustine

2293 5241 2467 5296 bant?
2498 5240 2701 5295 Dixerit
2729 5239 2920 5308 aliquis
2952 5236 3048 5293 :Si
3072 5234 3214 5290 nulla
3239 5242 3322 5289 est
3364 5234 3609 5289 mortuis
3662 5242 3769 5286 cura
3799 5224 3841 5276 de

2293 5334 2449 5399 vivis,
2479 5332 2750 5404 quomodo
2767 5331 2856 5386 ille
2885 5330 3036 5385 dives
3064 5327 3155 5396 qui
3177 5324 3320 5396 apud
3354 5325 3575 5381 inferos
3610 5317 3842 5404 torquebij

2294 5437 2378 5483 tur
2409 5401 2631 5497 rogabat
2661 5423 2930 5479 Abraham
2964 5428 3170 5491 patrem
3218 5425 3280 5471 ut
3317 5418 3510 5472 mittat
3546 5417 3784 5471 Lazarum
3802 5401 3846 5457 ad

2296 5524 2533 5595 quinque
2561 5520 2755 5575 fratres
2776 5532 2929 5583 suos,
2957 5515 3191 5570 nondum
3221 5522 3497 5575 mortuos,
3533 5520 3590 5566 et
3623 5514 3738 5578 agat
3763 5510 3849 5556 cum

2298 5619 2375 5673 eis
2406 5630 2475 5672 ne
2507 5614 2726 5670 veniant
2771 5622 2825 5666 et
2849 5610 2951 5680 ipsi
2983 5611 3036 5665 in
3065 5608 3314 5664 eumdem
3366 5613 3763 5660 tormentorum
3798 5596 3851 5647 10-

2297 5708 2465 5765 cum?
2495 5705 2601 5762 Sed
2634 5703 2877 5774 nunquid
2909 5702 3036 5770 quia
3079 5700 3181 5753 hnc
3227 5696 3321 5752 ille
3367 5696 3532 5751 dives
3583 5693 3735 5759 dixit,
3769 5686 3856 5743 ideo

2297 5801 2423 5873 quid
2455 5800 2645 5854 fratres
2674 5804 2895 5867 agerent
2919 5794 3004 5849 vel
3034 5792 3158 5863 quid
3181 5797 3502 5860 paterentur
3533 5788 3633 5842 illo
3666 5790 3859 5849 tetnpore

2298 5894 2485 5952 scivit?
2514 5893 2589 5949 Ita
2618 5891 2695 5949 illi
2725 5890 2823 5946 fuit
2862 5904 2990 5946 cura
3021 5888 3087 5945 de
3118 5883 3275 5954 vivis,
3303 5883 3561 5952 quamvis
3612 5880 3736 5953 quid
3773 5884 3849 5943 38¢
