4010 6382
229 375 370 433 1025

224 691 348 732 nam
370 677 417 730 si
437 676 568 732 nihil
585 677 652 731 de
669 676 893 731 mortuis
919 688 1255 741 curaremus,
1275 687 1381 729 non
1400 673 1581 743 utique
1603 688 1699 743 pro
1721 671 1827 727 illis

228 767 340 824 Deo
364 768 819 838 supplicaremus.

761 859 987 916 CAPUT
1028 857 1294 915 CCCVI“.

233 950 420 1025 Utrum
459 962 708 1025 martyres
748 953 805 1007 in
835 953 1093 1022 beneﬁciis
1138 967 1251 1025 quae
1292 966 1467 1025 eorum
1508 947 1826 1025 orationibus

290 1019 732 1149 conficiunturpsi
749 1019 989 1080 interesse
1005 1019 1249 1079 credendi
1263 1032 1380 1077 sunt
1394 1023 1541 1076 rebus
1552 1019 1792 1073 Immanis
1806 1036 1825 1085 ,-

302 1110 367 1149 επ
418 1113 432 1148 ι
469 1113 527 1149 ro
554 1114 613 1149 eo
651 1113 755 1149 em.

302 1110 367 1149 ea:
396 1110 527 1149 noro
554 1110 755 1152 eadem.

304 1186 533 1243 Proinde
554 1188 827 1245 fatendum
850 1198 933 1245 est
954 1190 1163 1245 nescire
1188 1188 1402 1259 quidem
1428 1194 1669 1242 mortuos
1695 1182 1826 1253 quid

232 1280 319 1335 hic
350 1290 558 1351 agatur,
600 1282 695 1338 sed
726 1283 853 1339 dum
899 1284 985 1338 hic
1014 1285 1225 1354 agitur:
1261 1291 1445 1354 postea
1469 1295 1597 1336 vero
1640 1278 1827 1335 audire

236 1370 307 1425 ab
332 1370 411 1427 eis
436 1373 528 1441 qui
558 1372 681 1427 hinc
713 1373 781 1429 ad
811 1388 908 1430 eos
930 1373 1209 1429 moriendo
1250 1382 1497 1444 pergunt,
1562 1384 1667 1425 non
1710 1368 1829 1439 qui-

228 1466 352 1522 dem
386 1468 589 1535 omnia,
630 1468 723 1525 sed
747 1484 869 1539 quae
898 1469 1146 1525 sinuntur
1176 1469 1415 1525 indicare
1444 1468 1537 1538 qui
1578 1467 1827 1522 sinuntur

228 1561 392 1615 etiam
420 1560 522 1615 ista
554 1562 891 1628 meminisse,
920 1570 976 1617 et
1002 1577 1121 1632 quae
1162 1561 1285 1616 illos
1310 1559 1504 1630 quibus
1545 1558 1661 1613 hLCC
1689 1555 1828 1612 indi-

229 1659 355 1706 cant
383 1660 596 1722 oportet
626 1653 835 1708 audire.
868 1653 1102 1707 Possunt
1124 1660 1180 1708 et
1200 1652 1267 1708 ab
1294 1651 1499 1722 angelis
1528 1649 1623 1721 qui
1666 1649 1827 1705 rebus

227 1758 348 1814 quae
379 1753 607 1814 aguntur
635 1744 723 1799 hic
744 1754 945 1816 praesto
976 1754 1103 1799 sunt
1144 1744 1333 1799 audire
1359 1742 1562 1813 aliquid
1606 1741 1826 1807 mortui,

229 1836 373 1907 quod
401 1852 839 1909 unumquemque
870 1836 1083 1891 illorum
1106 1837 1295 1892 audire
1337 1836 1534 1892 debere
1600 1835 1825 1905 iudicat,

230 1929 315 1985 cui
352 1940 543 1985 cuncta
571 1930 809 2001 subjecta
841 1938 985 1986 sunt.
1016 1929 1129 1985 Nisi
1157 1930 1302 1985 enim
1330 1939 1514 1985 essent
1541 1927 1825 1999 angeliqui

232 2024 441 2094 possint
481 2025 744 2082 interesse
780 2026 1022 2081 vivorum
1052 2032 1107 2079 et
1153 2031 1489 2079 mortuorum
1526 2022 1682 2086 locis,
1727 2036 1837 2077 non

231 2114 461 2174 dixisset
489 2116 747 2171 Dominus
774 2115 961 2173 Iesus:
986 2116 1223 2188 Contigit
1243 2124 1424 2171 autem
1456 2114 1591 2169 mori
1614 2116 1835 2184 inopem

194 2206 199 2209 ’
233 2208 403 2276 illum,
429 2217 484 2266 et
509 2210 687 2265 afferri
720 2210 790 2264 ab
831 2209 1034 2281 angelis
1064 2209 1115 2263 in
1157 2209 1334 2263 sinum
1381 2208 1635 2265 Abrahae.
1687 2204 1839 2262 Nunc

235 2317 365 2374 ergo
418 2302 537 2369 hic,
590 2318 731 2359 nunc
782 2302 853 2358 ibi
903 2317 1023 2358 esse
1070 2308 1362 2371 potuerunt
1399 2300 1489 2369 qui
1538 2300 1663 2353 hinc
1711 2298 1840 2352 illuc

236 2408 395 2462 quem
424 2393 571 2449 Deus
616 2394 791 2449 voluit
818 2394 1177 2448 abstulerunt.
1211 2392 1443 2447 Possunt
1475 2390 1639 2445 etiam
1672 2390 1834 2459 spiri-

239 2487 324 2536 tus
354 2496 686 2539 mortuorum
714 2485 891 2555 aliqua
922 2500 1040 2554 quae
1070 2483 1155 2538 hic
1177 2490 1409 2554 aguntur
1428 2496 1548 2552 qua:
1581 2495 1829 2536 necessa-

238 2573 373 2629 rium
398 2585 482 2631 est
508 2591 602 2631 eos
619 2591 797 2639 nosse,
828 2586 885 2631 et
904 2589 1039 2645 quos
1070 2575 1437 2631 necessarium
1462 2584 1545 2629 est
1576 2589 1638 2629 ea
1668 2587 1831 2628 nosse

240 2665 314 2739 [et
343 2686 461 2740 quae
484 2671 848 2726 necessarium
880 2685 985 2725 non
1015 2678 1099 2726 est
1127 2684 1221 2725 eos
1249 2684 1356 2724 non
1388 2667 1592 2739 nosse],
1623 2681 1730 2723 non
1756 2681 1843 2722 so-

240 2761 348 2816 lum
374 2764 659 2833 praesentia
682 2765 766 2821 vel
788 2765 1083 2836 praeterita,
1102 2780 1288 2820 verum
1319 2763 1481 2818 etiam
1508 2761 1845 2833 futura,Spi-

239 2854 343 2910 ritu
375 2856 470 2913 Dei
502 2860 803 2925 revelante,
829 2874 1159 2930 cognoscere
1185 2876 1200 2927 ;
1232 2858 1372 2914 sicut
1399 2873 1503 2913 non
1532 2873 1723 2913 omnes
1747 2858 1843 2913 ho-

241 2938 441 3015 mines,
474 2949 569 3004 sed
595 2949 873 3019 prophetae
891 2950 1019 3004 dum
1044 2948 1131 3005 hic
1156 2952 1402 3005 viverent
1421 2948 1842 3021 cognoscebant,

242 3051 341 3091 nec
372 3039 470 3107 ipsi
500 3040 705 3108 omnia,
733 3040 828 3096 sed
859 3057 978 3112 quae
1001 3040 1108 3096 illis
1125 3057 1250 3097 esse
1276 3042 1567 3097 revelanda
1596 3040 1688 3095 Dei
1720 3055 1845 3111 pro-

243 3129 477 3185 videntia
504 3132 801 3201 judicabat.
835 3132 967 3188 Mitti
1001 3148 1215 3203 quoque
1242 3134 1306 3189 ad
1355 3135 1505 3189 vivos
1534 3133 1749 3204 aliquos
1775 3148 1845 3189 ex

244 3226 489 3291 mortuis,
522 3226 660 3281 sicut
688 3240 717 3280 e
740 3226 1013 3281 contrario
1045 3226 1241 3281 Paulus
1283 3241 1348 3282 ex
1379 3227 1515 3282 vivis
1543 3225 1595 3281 in
1628 3226 1843 3298 paradi-

245 3329 361 3371 sum
390 3324 575 3388 raptus
605 3327 709 3386 est,
765 3318 945 3373 divina
979 3317 1256 3388 Scriptura
1302 3326 1552 3374 testatur.
1602 3317 1739 3373 Hinc
1786 3326 1843 3374 et

247 3411 332 3465 illa
355 3410 580 3465 solvitur
601 3412 846 3481 qumstio,
870 3410 1288 3480 quonamlmodo
1312 3420 1576 3481 martyres
1599 3410 1730 3479 ipsis
1754 3410 1848 3466 be-

249 3504 461 3559 neﬁciis
488 3521 607 3575 quae
646 3504 847 3560 dantur
890 3506 1171 3560 orantibus
1200 3502 1441 3559 indicant
1488 3517 1548 3558 se
1588 3503 1850 3558 interesse

249 3598 411 3654 rebus
438 3598 709 3664 humanis,
742 3596 789 3652 si
830 3597 1077 3653 nesciunt
1118 3595 1313 3651 mortui
1351 3594 1479 3665 quid
1512 3603 1675 3665 agunt
1716 3594 1849 3648 vivi.

256 3691 374 3747 Non
405 3692 549 3747 enim
578 3691 709 3747 solis
737 3690 1122 3747 beneficiorum
1163 3688 1468 3753 effectibus,
1502 3702 1692 3743 verum
1720 3686 1853 3755 ipsis

251 3787 413 3841 etiam
446 3788 721 3842 hominum
753 3775 1063 3855 aspectibus
1105 3783 1477 3839 confessorem
1534 3781 1852 3851 apparuisse

252 3880 508 3947 Felicem,
531 3883 684 3952 cujus
715 3880 1091 3951 inquilinatum
1125 3879 1212 3948 pic
1254 3877 1453 3948 diligis,
1485 3890 1607 3931 cum
1648 3890 1678 3930 a
1728 3875 1853 3931 bar—

258 3972 409 4027 baris
435 3971 565 4026 Nola
588 3980 1009 4041 oppugnaretur,
1040 3969 1339 4024 audivimus
1362 3983 1471 4022 non
1492 3968 1713 4022 incertis
1757 3981 1851 4020 ru-

257 4062 520 4139 moribus,
560 4064 654 4118 sed
708 4063 940 4117 testibus
984 4062 1167 4116 certis.
1201 4060 1400 4115 Verum
1447 4061 1547 4114 ista
1599 4058 1856 4113 divinitus

256 4157 582 4214 exhibentur
604 4157 761 4227 longe
782 4156 938 4212 aliter
965 4170 1122 4225 quam
1146 4169 1267 4210 sese
1291 4154 1449 4208 habet
1471 4154 1699 4208 usitatus
1724 4152 1859 4207 ordo

256 4249 484 4320 singulis
508 4258 876 4307 creaturarum
904 4246 1189 4316 generibus
1217 4243 1533 4299 attributus.
1566 4242 1684 4298 Non
1714 4242 1857 4297 enim

258 4342 382 4413 quia
412 4341 463 4397 in
483 4344 663 4397 vinum
694 4356 831 4412 aqua
860 4355 981 4395 cum
1007 4338 1175 4393 voluit
1201 4337 1462 4393 Dominus
1486 4346 1709 4405 repente
1731 4350 1861 4391 son-

261 4448 417 4490 versa
448 4443 555 4499 est,
590 4434 710 4490 ideo
735 4448 841 4489 non
868 4432 1131 4489 debemus
1159 4430 1285 4500 quid
1308 4443 1444 4499 aqua
1474 4429 1649 4483 valeat
1672 4428 1722 4482 in
1748 4428 1860 4484 ele-

262 4541 566 4587 mentorum
596 4529 787 4584 ordine
810 4528 1048 4598 proprio,
1080 4527 1148 4581 ab
1177 4526 1333 4580 istius
1361 4523 1528 4579 divini
1559 4522 1740 4593 operis
1770 4536 1858 4576 ra-

262 4626 447 4691 ritate,
479 4625 562 4680 vel
593 4624 772 4694 potius
808 4620 1183 4692 singularitate
1220 4619 1528 4675 discernere
1555 4635 1566 4671 :
1594 4630 1694 4672 nec
1727 4631 1863 4686 quo-

262 4719 406 4772 niam
434 4716 669 4771 Lazarus
688 4714 1003 4777 resurrexit,
1027 4711 1150 4767 ideo
1175 4718 1421 4767 mortuus
1443 4710 1618 4765 omnis
1646 4706 1862 4779 quando

263 4807 381 4862 vult
415 4806 668 4875 resurgit,
697 4812 790 4859 aut
814 4819 881 4860 eo
913 4802 1073 4858 modo
1113 4801 1379 4858 exanimis
1407 4815 1435 4854 a
1477 4800 1692 4855 vivente
1722 4814 1859 4869 quo-

265 4898 430 4954 modo
463 4912 496 4951 a
525 4896 781 4965 vigilante
831 4894 1110 4949 dormiens
1153 4891 1440 4947 excitatur.
1494 4891 1600 4945 Alii
1641 4889 1866 4961 [itaque]

265 4998 393 5045 sunt
409 4988 764 5043 humanarum
788 4984 989 5040 limites
1017 4996 1225 5047 rerum,
1246 4982 1351 5037 alia
1379 4981 1684 5036 divinarum
1712 4982 1866 5048 signa

266 5082 566 5146 virtutum;
600 5077 705 5133 alia
728 5083 853 5132 sunt
875 5089 998 5146 quae
1043 5073 1387 5138 naturaliter,
1420 5073 1524 5127 alia
1552 5088 1671 5142 quae
1702 5073 1866 5126 mira-

268 5174 451 5230 biliter
480 5173 644 5228 fiunt:
673 5170 920 5242 quamvis
944 5177 1001 5223 et
1029 5176 1235 5222 naturae
1256 5166 1401 5222 Deus
1428 5165 1567 5220 adsit
1596 5173 1653 5219 ut
1682 5165 1774 5230 sit,
1808 5174 1865 5220 et

272 5268 550 5325 miraculis
586 5274 779 5322 natura
816 5278 923 5320 non
970 5262 1132 5319 desit.
1161 5260 1277 5316 Non
1320 5260 1483 5330 igitur
1513 5260 1634 5314 ideo
1676 5268 1867 5328 putan-

212 5432 215 5435 λ
272 5362 402 5416 dum
429 5366 516 5416 est
562 5358 805 5435 vivorum
852 5356 1015 5411 rebus
1059 5352 1332 5424 quoslibet
1391 5350 1656 5406 interesse
1709 5364 1867 5420 posse

275 5434 884 5521 defunctosgquoniam
930 5446 1248 5519 quibusdam
1282 5443 1535 5499 sanandis
1580 5442 1666 5498 vel
1712 5442 1867 5511 adju-

275 5549 466 5605 vandis
494 5556 758 5619 martyres
787 5545 1009 5607 adsunt;
1051 5541 1147 5597 sed
1188 5539 1307 5595 ideo
1347 5539 1525 5607 potius
1574 5537 1873 5607 intelligen-

278 5642 405 5697 dum
431 5650 513 5697 est
535 5639 677 5712 quod
702 5652 798 5708 per
825 5635 1069 5691 Divinam
1102 5629 1396 5703 potentiam
1422 5636 1685 5699 martyres
1716 5628 1871 5682 vivo-

280 5750 400 5790 rum
442 5733 601 5791 rebus
632 5734 923 5795 intersunt,
951 5725 1205 5797 quoniam
1236 5719 1475 5777 defuncti
1500 5736 1598 5791 per
1627 5728 1874 5775 naturam

285 5827 555 5899 propriam
611 5826 857 5881 vivorum
922 5819 1087 5876 rebus
1154 5816 1418 5873 interesse
1471 5828 1577 5867 non
1632 5818 1876 5882 possunt.

286 5922 601 5988 Quanquam
624 5918 727 5972 ista
757 5913 989 5986 quaestio
1009 5912 1155 5967 vires
1186 5905 1559 5977 intelligentiae
1588 5920 1722 5961 meae
1749 5904 1882 5963 vicit

294 6011 536 6088 {vincat},
577 6010 1028 6085 quemadmodum
1091 6006 1420 6081 apitulentur
1486 6009 1746 6071 martyres
1796 5998 1879 6063 bis

1418 368 1864 427 'rnrzssunus.
1901 367 2060 425 cae.
2100 354 2327 428 cCcnx.

225 498 347 546 rent
369 487 591 545 omnino
620 487 872 553 nesciret,
904 482 1358 557 quemadmodum
1388 484 1545 539 nobis
1574 494 1656 538 est
1683 498 1812 539 cura
1843 484 1899 546 Α
1921 498 2057 555 quos
2086 498 2182 554 per
2216 498 2309 538 eos
2338 485 2545 539 certum
2576 486 2662 535 est
2705 478 2945 551 adjuvari

128 596 134 601 ‘
224 585 292 640 de
330 586 575 649 mortuis,
610 584 853 655 quamvis
901 583 1026 653 quid
1055 591 1216 654 agant
1246 583 1428 649 utique
1473 581 1774 636 nesciamus
1804 597 1818 632 :

1867 3270 1915 3333 C

1892 4669 1941 4732 D

3374 370 3511 428 1026

2991 496 3004 533 :
3056 487 3235 535 utrum
3287 481 3384 550 ipsi
3416 500 3511 554 per

1926 577 2133 645 seipsos
2155 575 2330 630 adsint
2361 589 2468 630 uno
2490 583 2733 643 tempore
2764 580 2869 626 tam
2895 572 3122 629 diversis
3138 572 3270 627 locis
3286 583 3343 629 et
3365 585 3509 631 tanta

1926 668 2066 722 inter
2094 682 2153 722 se
2184 666 2574 738 longinquitate
2600 664 2870 730 discretis,
2901 664 3016 719 sive
3053 664 3142 721 ubi
3172 674 3299 721 sunt
3319 681 3509 723 eorum

1927 758 2224 825 memoriae,
2279 759 2394 813 sive
2449 768 2644 827 praeter
2690 770 2817 811 suas
2869 757 3158 813 memorias
3210 758 3514 829 ubicunque

1927 853 2114 908 adesse
2142 853 2476 917 sentiuntur;
2503 867 2570 906 an
2602 850 2731 921 ipsis
2758 852 2810 907 in
2840 850 2962 906 loco
2990 852 3103 907 suis
3142 854 3347 909 meritis
3374 869 3506 908 con-

1926 959 2060 1015 gruo
2086 944 2156 1000 ab
2174 945 2321 999 omni
2361 943 2666 999 mortalium
2713 944 3123 999 conversatione
3167 944 3411 1011 semotis,
3466 952 3524 1000 et

1930 1049 2107 1094 tamen
2156 1038 2481 1108 generaliter
2519 1036 2857 1094 orationibus
2881 1034 3204 1109 [orantibus]
3238 1052 3333 1106 pro
3382 1038 3521 1093 indic

1927 1131 2099 1203 gentia
2131 1131 2562 1201 supplicantium,
2586 1131 2727 1185 sicut
2763 1144 2865 1185 nos
2890 1144 3106 1184 oramus
3137 1144 3233 1197 pro
3264 1130 3517 1195 mortuis,

1929 1228 2123 1293 quibus
2143 1228 2328 1297 utique
2344 1241 2448 1281 non
2472 1234 2882 1295 praesentamur,
2912 1239 3009 1280 nec
3031 1226 3120 1278 ubi
3146 1224 3255 1279 sint
3283 1226 3363 1279 vel
3390 1223 3522 1293 quid

1931 1330 2093 1391 agant
2123 1321 2354 1388 scimus,
2392 1319 2535 1374 Deus
2572 1319 2917 1389 omnipotens
2940 1320 3031 1389 qui
3060 1327 3143 1375 est
3168 1320 3281 1391 80
3323 1319 3523 1388 ubique

1930 1426 2193 1484 praesens,
2217 1427 2316 1467 nec
2339 1418 2625 1465 concretus
2657 1410 2832 1476 nobis,
2864 1426 2966 1465 nec
2996 1422 3236 1465 remotus
3266 1427 3295 1465 a
3338 1410 3520 1476 nobis,

1931 1506 2225 1563 exaudiens
2253 1513 2548 1575 martyrum
2573 1518 2784 1573 preces,
2818 1519 2912 1574 per
2940 1504 3179 1576 angelica
3210 1504 3509 1561 ministeria

1932 1616 2314 1671 usquequaque
2346 1598 2538 1654 ditl‘usa
2566 1599 2804 1668 praebeat
2842 1598 3151 1654 hominibus
3181 1598 3281 1653 ista
3305 1597 3526 1661 solatia,

1932 1694 2129 1765 quibus
2157 1695 2209 1749 iu
2242 1693 2398 1762 hujus
2425 1694 2547 1747 vitae
2570 1692 2786 1747 miseria
2805 1691 3008 1763 iudicat
3062 1706 3184 1748 esse
3214 1691 3525 1762 praebenda,

1932 1798 1988 1845 et
2033 1803 2251 1843 suorum
2281 1788 2471 1842 merita
2502 1794 2797 1858 martyrum
2838 1786 2934 1841 ubi
2970 1786 3101 1852 vult,
3133 1787 3347 1857 quando
3396 1788 3530 1852 vult,

1860 1894 1908 1955 Β
1936 1884 2206 1955 quomodo
2227 1883 2361 1948 vult,
2388 1881 2725 1951 maximeque
2745 1896 2839 1949 per
2850 1894 3041 1937 eorum
3063 1882 3350 1935 memorias
3374 1880 3533 1949 (quo-

1939 1980 2081 2035 niam
2113 1980 2213 2033 hoc
2240 1977 2386 2032 novit
2406 1976 2662 2046 expedire
2691 1976 2846 2031 nobis
2872 1975 2938 2030 ad
2978 1973 3345 2029 aediﬁcandam
3374 1974 3533 2029 fidem

1939 2073 2161 2135 Christi,
2198 2087 2292 2142 pro
2320 2069 2475 2141 cujus
2519 2070 2596 2125 illi
2625 2070 2967 2126 confessione
2995 2077 3121 2124 sunt
3163 2069 3332 2138 passi)
3367 2070 3499 2123 mira
3521 2096 3535 2110 -

1939 2166 2035 2224 bili
2056 2177 2215 2237 atque
2244 2165 2498 2221 ineffabili
2534 2174 2796 2233 potestate
2820 2179 2884 2219 ac
2909 2165 3148 2219 bonitate
3172 2163 3535 2220 commendet.

1941 2261 2049 2316 Res
2077 2273 2158 2316 est
2208 2260 2321 2315 haec
2366 2260 2530 2315 altior
2559 2275 2720 2330 quam
2762 2268 2823 2314 ut
2849 2274 2880 2313 a
2911 2274 2998 2315 me
3029 2258 3196 2328 possit
3225 2260 3435 2328 attingi,
3484 2266 3539 2314 et

1943 2354 2245 2409 abstrusior
2274 2368 2432 2423 quam
2456 2362 2516 2408 ut
2543 2367 2573 2406 a
2621 2367 2707 2407 me
2737 2352 2917 2407 valeat
2946 2352 3302 2420 perscrutari;
3338 2360 3393 2405 et
3419 2351 3541 2407 ideo

1942 2447 2068 2519 quid
2098 2447 2289 2501 horum
2317 2446 2547 2502 duorum
2588 2445 2674 2511 sit,
2706 2459 2773 2498 an
2817 2457 2949 2498 vero
2977 2443 3222 2498 fortassis
3251 2450 3537 2511 utrumque

1944 2541 2031 2605 sit,
2074 2548 2135 2594 ut
2180 2538 2467 2609 aliquando
2514 2540 2619 2592 ista
2669 2536 2800 2591 fiant
2852 2550 2949 2607 per
2977 2535 3148 2605 ipsam
3192 2537 3538 2605 praesentiam

1947 2641 2263 2704 martyrum,
2296 2629 2584 2701 aliquando
2608 2644 2704 2699 per
2720 2628 2941 2700 angelos
2965 2627 3323 2697 suscipientes
3356 2641 3541 2696 perso-

1945 2739 2069 2781 nam
2101 2733 2419 2795 martyrum,
2454 2722 2679 2777 detinire
2706 2736 2813 2775 non
2841 2719 3037 2776 audeo.
3078 2718 3288 2774 Mallem
3308 2734 3337 2772 a
3363 2717 3543 2773 scien-

1948 2817 2093 2873 tibus
2110 2816 2212 2871 ista
2253 2814 2567 2886 perquirere
2592 2830 2605 2867 :
2639 2826 2813 2882 neque
2844 2812 2988 2867 enim
3017 2826 3178 2866 nemo
3204 2817 3287 2865 est
3312 2812 3401 2880 qui
3430 2808 3544 2865 bam

1946 2910 2104 2973 sciat,
2154 2924 2261 2965 non
2303 2908 2391 2978 qui
2412 2906 2514 2962 sibi
2567 2906 2710 2961 scire
2751 2903 3000 2959 videatur
3040 2912 3094 2958 et
3123 2902 3349 2957 nesciat.
3395 2899 3543 2955 Dona

1946 3004 2090 3059 enim
2120 3002 2213 3057 Dei
2244 3009 2369 3056 sunt
2391 3001 2473 3054 his
2503 2998 2608 3054 alia
2636 3007 2691 3053 et
2733 2997 2842 3052 illis
2865 2995 2969 3051 alia
3010 2995 3313 3065 largientis,
3344 3005 3541 3048 secun-

1950 3095 2076 3150 dum
2107 3094 2424 3165 Apostolum
2456 3091 2547 3162 qui
2588 3090 2748 3153 dicit,
2783 3088 3077 3158 unicuique
3100 3085 3218 3142 dari
3238 3082 3545 3140 manifesta-

1948 3187 2147 3243 tionem
2178 3185 2410 3257 Spiritus
2437 3183 2503 3239 ad
2546 3182 2852 3238 utilitatem.

2517 3296 2745 3354 CAPUT
2783 3294 3007 3352 CCCIX.

1953 3395 2088 3452 Item
2124 3396 2189 3450 de
2229 3395 2488 3449 oblatione
2526 3392 2604 3445 vel
2647 3394 2969 3459 eleemosyna
3016 3403 3111 3458 pro
3155 3386 3443 3457 defunctis;
3486 3401 3550 3443 ea

2568 3463 2747 3515 eodem
2768 3461 2918 3514 libro.

2026 3579 2157 3648 Quae
2189 3592 2311 3634 cum
2352 3577 2425 3632 ita
2463 3576 2591 3641 sint,
2626 3589 2732 3629 non
2778 3571 3149 3627 existimemus
3187 3571 3255 3626 ad
3302 3579 3545 3626 mortuos

1957 3686 2056 3743 pro
2077 3672 2274 3741 quibus
2309 3684 2494 3726 curam
2533 3666 2771 3739 gerimus
2799 3662 3101 3734 pervenire,
3136 3664 3239 3718 nisi
3280 3662 3420 3734 quod
3452 3676 3551 3734 pro

1957 3765 2059 3830 eis,
2095 3766 2209 3819 sive
2231 3762 2435 3827 altaris,
2463 3759 2575 3815 sive
2599 3757 2926 3822 orationum,
2949 3757 3065 3811 sive
3084 3755 3550 3825 eleemosynarum

1960 3854 2241 3911 sacrificiis
2271 3852 2586 3909 solemniter
2616 3850 2981 3921 supplicamus
3008 3863 3023 3902 :
3052 3850 3297 3919 quamvis
3321 3862 3425 3902 non
3450 3862 3550 3916 pro

1959 3949 2154 4020 quibus
2218 3948 2352 4002 fiunt
2406 3945 2655 4001 omnibus
2720 3943 2973 4013 prosint,
3037 3940 3135 3997 sed
3191 3942 3271 3997 eis
3338 3949 3546 3996 tantum

1960 4044 2155 4115 quibus
2184 4042 2311 4098 dum
2341 4040 2529 4095 vivunt
2556 4047 2902 4107 comparatur
2931 4044 2990 4091 ut
3030 4035 3257 4106 prosint.
3285 4034 3391 4091 Sed
3421 4034 3546 4103 quia

1964 4150 2070 4189 non
2096 4133 2457 4189 discernimus
2485 4133 2575 4201 qui
2601 4131 2729 4195 sint,
2754 4137 2970 4199 Oportet
2998 4143 3061 4183 ea
3094 4142 3188 4196 pro
3220 4125 3550 4196 regeneratis

1962 4226 2216 4283 omnibus
2248 4226 2447 4289 facere,
2478 4234 2535 4278 ut
2565 4223 2743 4278 nullus
2778 4236 2964 4277 eorum
3012 4218 3447 4289 praetermittatur
3483 4218 3550 4272 ad

1963 4336 2100 4393 quos
2132 4322 2246 4376 haec
2292 4319 2551 4375 beneficia
2602 4315 2807 4386 possint
2856 4324 2911 4369 et
2956 4312 3191 4368 debeant
3235 4311 3539 4381 pervenire.

1963 4412 2149 4469 Melius
2196 4414 2340 4469 enim
2398 4420 2717 4482 supererunt
2762 4410 2860 4463 ista
2919 4406 2999 4462 eis
3067 4406 3262 4475 quibus
3310 4420 3409 4461 nec
3456 4404 3556 4460 ob-

1964 4516 2089 4561 sunt
2121 4520 2218 4561 nec
2245 4512 2490 4574 prosunt,
2523 4517 2682 4573 quam
2714 4502 2794 4556 eis
2821 4500 3051 4555 deerunt
3079 4497 3275 4568 quibus
3306 4505 3551 4567 prosunt.

1965 4596 2284 4667 Diligentius
2318 4604 2493 4649 tamen
2527 4592 2653 4647 facit
2698 4590 2813 4645 haec
2853 4590 3078 4660 quisque
3112 4603 3207 4657 pro
3237 4586 3557 4643 necessariis

1971 4689 2104 4755 suis,
2137 4701 2244 4758 quo
2273 4700 2371 4756 pro
2400 4685 2495 4739 illo
2524 4683 2658 4737 flant
2682 4681 2930 4735 similiter
2958 4696 2988 4735 a
3029 4680 3161 4735 suis.
3191 4679 3417 4747 Corpori
3458 4668 3557 4734 au-

1974 4791 2082 4836 tem
2132 4778 2403 4833 humando
2450 4774 2709 4847 quidquid
2760 4772 3106 4841 impenditur,
3154 4785 3261 4827 non
3309 4782 3394 4827 est
3424 4786 3559 4839 pne-

1973 4872 2166 4927 sidium
2221 4870 2437 4933 salutis,
2496 4866 2593 4921 sed
2642 4864 2990 4920 humanitatis
3042 4864 3304 4929 ofllcium,
3360 4878 3555 4918 secun-

1972 4966 2098 5021 dum
2126 4962 2378 5019 affectum
2408 4975 2513 5029 quo
2546 4973 2707 5014 nemo
2732 4972 2966 5028 unquam
2997 4972 3213 5013 carnem
3243 4969 3393 5010 suam
3425 4955 3553 5009 odio

1976 5059 2157 5114 habet.
2174 5056 2326 5114 Unde
2350 5062 2561 5124 oportet
2583 5062 2639 5109 ut
2660 5068 2817 5125 quam
2841 5060 3015 5122 potest
3036 5066 3131 5120 pro
3146 5063 3309 5103 carne
3326 5048 3556 5117 proximi

1972 5166 2156 5206 curam
2183 5160 2354 5222 gerat,
2387 5163 2508 5204 cum
2540 5147 2629 5203 ille
2652 5146 2777 5202 inde
2804 5144 3088 5202 recesserit
3110 5143 3200 5213 qui
3226 5141 3462 5213 regebat.
3492 5141 3558 5195 Et

1973 5247 2017 5302 si
2044 5247 2157 5301 haec
2179 5243 2484 5315 faciuntqui
2510 5240 2689 5298 carnis
2706 5239 3154 5297 resurrectionem
3183 5251 3287 5290 non
3309 5235 3555 5305 credunt,

1976 5346 2178 5408 quanto
2219 5336 2386 5409 magis
2415 5336 2616 5391 debent
2659 5333 2837 5388 facere
2866 5331 2957 5401 qui
3000 5330 3229 5385 credunt
3262 5338 3317 5384 ut
3344 5330 3559 5398 corpori

1978 5444 2225 5503 mortuo,
2264 5431 2358 5487 sed
2408 5438 2584 5484 tamen
2637 5431 3009 5480 resurrecturo
3052 5429 3109 5475 et
3155 5422 3209 5475 in
3261 5421 3562 5477 aeternitate

1980 5542 2256 5591 mansuro,
2284 5526 2582 5594 impensum
2612 5514 2875 5587 ejusmodi
2904 5512 3137 5568 officium
3156 5515 3227 5569 sit
3251 5514 3411 5569 etiam
3430 5527 3552 5583 quo-

1981 5626 2269 5684 dammodo
2316 5621 2556 5692 ejusdem
2606 5614 2729 5670 fidei
2776 5611 3178 5667 testimonium?
3226 5610 3381 5679 Quod
3430 5626 3563 5666 vero

1979 5719 2207 5791 quisque
2254 5715 2395 5785 apud
2441 5706 2730 5767 memorias
2776 5713 3077 5776 martyrum
3126 5703 3416 5774 sepelitur,
3462 5703 3563 5759 hor

1983 5821 2186 5867 tantum
2220 5809 2351 5865 mihi
2375 5806 2586 5861 videtur
2614 5800 2870 5872 prodesse
2896 5798 3174 5866 defuncto,
3208 5806 3266 5851 ut
3293 5812 3561 5853 commen-

1982 5905 2116 5961 dans
2163 5917 2285 5959 eum
2327 5900 2487 5953 etiam
2534 5903 2831 5967 martyrum
2873 5890 3171 5965 patrocinio
3199 5891 3422 5948 affectus
3470 5904 3565 5962 pro

1986 5999 2073 6054 illo
2107 5992 2508 6067 supplicatinnis
2541 5998 2818 6063 augeatur.
