4010 6382
549 434 687 497 1027

1107 548 1335 607 CAPUT
1373 548 1574 607 CCCX.

547 672 627 729 De
651 673 897 728 sententia
928 669 1134 723 Domini
1156 669 1411 724 dicentis:
1442 669 1543 739 Qui
1568 668 1749 725 uiderit
1781 667 2046 724 mulierem
2066 668 2137 722 ad

620 742 1100 815 concupiscendum,
1124 750 1251 808 etc.;
1275 758 1337 796 ea:
1366 742 1496 796 libro
1522 757 1538 797 ι
1569 743 1632 798 de
1657 756 1888 797 sermone
1922 739 2136 795 Domini

619 818 673 872 in
700 825 884 870 monte.

619 930 857 986 Audistis
876 929 999 999 quia
1023 928 1224 984 dictum
1249 922 1332 984 est
1357 927 1635 1001 [antiquis]
1658 929 1802 984 :Non
1829 926 2135 985 moechabe-

551 1026 659 1088 ris;
691 1038 793 1094 ego
834 1032 1014 1078 autem
1056 1022 1179 1078 dico
1228 1022 1384 1077 vobis
1422 1024 1546 1093 quia
1589 1024 1767 1079 omnis
1807 1024 1900 1094 qui
1939 1022 2135 1077 viderit

546 1115 826 1171 mulierem
872 1115 938 1170 ad
967 1114 1459 1184 concupiscendum
1511 1130 1655 1183 eam,
1689 1116 1798 1187 jam
1830 1115 2133 1172 mmcbatus

545 1220 629 1266 est
655 1224 775 1266 eam
820 1210 872 1264 in
916 1208 1082 1265 corde
1124 1224 1245 1265 suo.
1288 1208 1500 1266 Justitia
1531 1225 1664 1281 ergo
1695 1211 1870 1266 minor
1897 1219 1982 1267 est
2022 1224 2131 1266 non

546 1299 803 1356 mmcbari
834 1314 1120 1370 corporum
1146 1298 1526 1370 conjunctione
1556 1339 1574 1367 ,
1622 1299 1827 1369 iustitia
1868 1315 1998 1356 vero
2019 1314 2135 1357 ma-

541 1390 632 1463 jor
659 1392 809 1463 regni
857 1390 971 1459 Dei,
1006 1406 1113 1447 non
1138 1392 1397 1447 mmcbari
1430 1391 1482 1447 in
1516 1392 1699 1448 corde.
1739 1392 1996 1463 Quisquis
2035 1407 2132 1447 au-

544 1494 653 1543 tem
686 1500 794 1542 non
819 1484 1120 1542 sumebatur
1148 1485 1201 1540 in
1238 1486 1423 1555 corde,
1456 1486 1627 1541 multo
1658 1486 1869 1542 facilius
1895 1485 2125 1541 custodit

542 1586 604 1635 ut
628 1592 739 1635 non
764 1578 1068 1635 mmehetur
1097 1577 1151 1632 in
1181 1592 1444 1649 corpore;
1477 1577 1607 1633 illud
1629 1594 1758 1647 ergo
1788 1578 2133 1635 conﬁrmavit

542 1672 634 1739 qui
664 1670 767 1728 hoc
794 1670 1081 1742 praecepit;
1106 1685 1213 1726 non
1242 1670 1385 1728 enim
1416 1670 1566 1727 venit
1596 1671 1771 1742 legem
1799 1671 2009 1727 solvere
2029 1672 2128 1727 sed

542 1767 791 1837 implere.
820 1766 965 1823 Sane
1009 1763 1462 1821 considerandum
1508 1770 1593 1819 est
1628 1761 1773 1833 quod
1813 1776 1919 1818 nou
1970 1761 2126 1833 dixit,

541 1859 731 1916 Omnis
766 1861 856 1931 qui
902 1857 1237 1929 concupierit
1282 1857 1589 1925 mulierem,
1616 1855 1737 1925 sed,
1786 1856 1890 1924 Qui
1935 1855 2127 1912 viderit

1618 435 1681 493 D.
1725 430 2053 495 EUGYPPII
2091 424 2382 490 ABBATIS
2420 428 2741 486 AFRICANI

2160 550 2206 607 Α
2236 543 2473 611 lectatio,
2504 560 2623 617 qua:
2665 554 2844 603 tamen
2891 546 3069 605 adhuc
3102 549 3274 605 multo
3313 548 3493 605 minor
3539 557 3630 602 est
3669 562 3809 619 qua

3694 426 3815 491 i028

2240 632 2332 691 illa
2380 651 2498 707 quae
2546 636 2775 693 assiduis
2825 636 2978 695 iactis
3026 639 3083 697 in
3130 637 3589 697 consuetudinem
3645 643 3806 697 vertit.

2239 730 2389 786 lianc
2418 732 2561 786 enim
2588 733 2808 788 vincere
2829 732 3207 789 difficillimum
3226 743 3331 802 est,
3362 742 3418 790 et
3444 742 3636 789 tamen
3666 735 3807 792 etiam

2237 825 2408 894 ipsam
2449 826 2895 884 consuetudinem
2922 828 2971 884 si
3000 840 3060 884 se
3096 827 3321 898 quisque
3367 841 3481 883 non
3511 826 3743 892 deserat,
3769 840 3809 883 et

2237 918 2597 978 Christianam
2634 922 2893 979 malitiam
2924 939 3031 981 non
3062 924 3398 992 reformidet,
3442 923 3552 979 illo
3579 924 3711 981 duce
3747 936 3811 981 at-

2236 1028 2341 1083 que
2380 1013 2628 1084 adiutore
2656 1014 2961 1086 superabit;
2995 1030 3060 1071 ac
3104 1015 3184 1072 sic
3231 1015 3289 1072 in
3317 1014 3619 1087 pristinam
3654 1031 3807 1087 paean

2235 1112 2397 1175 atque
2428 1104 2671 1161 ordinem
2704 1114 2758 1161 et
2786 1108 2869 1161 vir
2901 1106 3135 1173 Christo,
3159 1117 3213 1164 et
3238 1107 3433 1163 mulier
3461 1107 3591 1163 viro
3621 1108 3807 1179 subjici-

2236 1204 2341 1251 tur.
2366 1195 2517 1253 Sicut
2552 1211 2681 1268 ergo
2726 1198 2894 1255 tribus
2932 1198 3182 1271 gradibus
3211 1199 3279 1255 ad
3308 1209 3603 1272 peccatum
3635 1216 3799 1272 perve-

2234 1290 2379 1345 nitur
2419 1305 2431 1342 :
2483 1290 2843 1361 suggestione,
2892 1292 3273 1364 delectatione,
3318 1296 3713 1362 consensione;
3747 1296 3800 1352 ita

2232 1379 2403 1451 ipsius
2453 1381 2655 1452 peccati
2713 1391 2823 1439 tres
2869 1393 2993 1440 sunt
3021 1384 3383 1442 diﬂ‘erentiat:
3422 1387 3486 1442 in
3531 1388 3713 1455 corde,
3758 1389 3798 1443 in

2237 1472 2399 1545 facto,
2434 1476 2485 1531 in
2515 1479 2939 1548 consuetudine;
2990 1489 3242 1553 tanquam
3289 1490 3405 1540 tres
3436 1492 3651 1542 mortes
3680 1501 3691 1539 :
3717 1502 3795 1541 una

2233 1569 2382 1639 quasi
2410 1569 2465 1625 in
2495 1570 2761 1637 domo,,id
2787 1580 2873 1629 est
2900 1588 3021 1629 cum
3055 1575 3109 1630 in
3137 1576 3301 1633 corde
3342 1578 3686 1634 consentitur
3708 1576 3797 1634 libi-

2232 1659 2375 1727 dini;
2405 1662 2570 1719 altera
2600 1663 2706 1735 iam
2744 1666 2949 1737 prolata
2980 1669 3132 1738 quasi
3170 1676 3325 1725 extra
3350 1682 3599 1741 portam,
3625 1687 3730 1727 cum
3752 1670 3793 1727 in

2233 1754 2430 1811 factum
2456 1757 2698 1829 procedit
2725 1760 2999 1828 assensio;
3034 1763 3192 1819 tertia
3233 1776 3357 1818 cum
3390 1763 3443 1819 vi
3483 1765 3793 1821 consuetudi-

2233 1850 2318 1905 nis
2360 1853 2539 1921 malac,
2568 1861 2820 1924 tanquam
2869 1855 3011 1913 mole
3043 1866 3258 1915 terrena
3298 1858 3570 1930 premitur
3594 1860 3781 1927 animus,

540 1952 825 2009 mulierem
872 1950 941 2007 ad
986 1949 1506 2021 concupiscendum,
1542 1949 1595 2005 id
1640 1957 1745 2015 est,
1794 1949 1900 2004 hoc
1933 1950 2037 2005 fine
2076 1958 2131 2006 et
2163 1941 2207 2000 B
2233 1946 2385 2015 quasi
2412 1948 2465 2003 in
2498 1948 2750 2018 sepulcro
2775 1947 2888 2021 jam
2922 1963 3132 2021 puteus.
3164 1952 3299 2023 Quae
3324 1955 3427 2009 tria
3450 1970 3645 2025 genera
3675 1971 3786 2010 mor-

542 2045 645 2101 boc
670 2046 853 2099 animo
875 2043 1185 2109 attenderit,
1211 2054 1269 2101 ut
1302 2058 1421 2099 eam
1453 2040 1822 2112 concupiscat,
1846 2041 1987 2112 quod
2014 2042 2126 2109 jam

541 2155 650 2195 non
677 2148 761 2195 est
789 2138 989 2195 titillari
1016 2139 1375 2196 delectatione
1398 2139 1600 2206 carnis,
1622 2137 1718 2194 sed
1747 2137 1906 2208 plane
1923 2134 2128 2211 [plene]

540 2233 847 2288 consentire
871 2230 1099 2297 libidini,
1123 2232 1194 2287 ita
1225 2240 1287 2287 ut
1318 2248 1424 2288 non
1454 2231 1757 2288 refrenetur
1787 2229 2002 2286 illicitos
2032 2244 2129 2300 ap-

436 2352 439 2355 λ
539 2325 759 2397 petitus,
783 2327 878 2382 sed
908 2326 953 2383 si
984 2324 1211 2382 facultas
1235 2325 1357 2381 data
1388 2324 1573 2396 fuerit,
1602 2325 1858 2389 satietur;
1884 2337 2006 2378 nam
2030 2323 2131 2380 tria

539 2426 666 2474 sunt
699 2418 895 2489 quibus
934 2417 1194 2488 impletur
1236 2425 1537 2488 peccatum,
1564 2417 1927 2487 suggestione,
1955 2414 2132 2471 delec-

540 2512 767 2579 tatione,
817 2511 1201 2568 consensione.
1229 2510 1512 2583 Suggestio
1537 2511 1655 2567 sive
1681 2526 1777 2581 per
1811 2510 2127 2566 memoriam

541 2609 621 2673 tit,
653 2609 769 2663 sive
799 2621 896 2677 per
923 2606 1168 2676 corporis
1211 2619 1426 2673 sensus,
1467 2619 1588 2661 cum
1631 2603 1829 2676 aliquid
1858 2605 2127 2673 videmus,

542 2698 627 2754 vel
672 2699 941 2765 audimus,
971 2698 1057 2755 vel
1087 2697 1393 2768 olfacimus,
1430 2699 1513 2754 vel
1546 2706 1850 2769 gustamus,
1879 2698 1965 2754 vel
2012 2705 2132 2754 tan-

537 2794 735 2863 gimus.
777 2792 896 2860 Quo
937 2793 981 2846 si
1023 2792 1125 2848 l‘rui
1172 2792 1547 2861 delectaverit,
1602 2793 1893 2849 delectatio
1946 2792 2130 2849 illicita

545 2884 869 2941 refrenanda
900 2892 985 2940 est
1012 2903 1026 2939 :
1055 2885 1201 2940 velut
1234 2898 1356 2941 cum
1398 2885 1725 2956 jejunamus,
1755 2893 1809 2940 et
1843 2885 1970 2940 visis
1998 2884 2133 2941 cibis

542 2977 707 3047 palati
734 2977 1004 3047 appetitus
1025 2977 1279 3046 assurgit,
1298 2991 1405 3031 non
1424 2976 1483 3031 fit
1511 2977 1613 3032 nisi
1635 2977 2012 3045 delectatione,
2035 2975 2130 3031 sed

542 3070 671 3126 huic
692 3078 874 3126 tamen
903 3083 1012 3125 non
1038 3069 1425 3134 consentimus,
1460 3079 1515 3124 et
1544 3084 1662 3125 eam
1688 3071 2015 3125 dominantis
2045 3084 2135 3125 ra-

544 3161 704 3216 tionis
742 3162 862 3230 jure
914 3161 1229 3216 cohibemus
1278 3179 1291 3214 :
1349 3163 1395 3215 si
1441 3172 1620 3217 autem
1667 3165 1955 3217 consensio
1998 3164 2133 3218 facta

541 3251 724 3320 fuerit,
758 3251 973 3322 plenum
996 3261 1276 3323 peccatum
1307 3252 1433 3319 erit,
1459 3260 1641 3309 notum
1676 3252 1895 3325 [autem]
1930 3254 2040 3310 Deo
2076 3254 2131 3309 in

2233 2043 2444 2095 tuorum
2479 2039 2764 2097 Dominum
2808 2046 3160 2103 resuscitasse
3190 2047 3442 2120 quisquis
3471 2049 3789 2120 Evangelium

2232 2131 2360 2202 legit
2386 2134 2647 2204 agnoscit.
2677 2134 2744 2191 Et
2781 2135 3014 2196 fortasse
3053 2139 3373 2197 considerat
3402 2156 3531 2215 quas
3565 2142 3790 2198 diti'eren-

2232 2224 2332 2281 tias
2364 2226 2554 2283 habeat
2581 2230 2742 2284 etiam
2772 2230 2888 2301 ipsa
2927 2245 3031 2287 vos
3080 2234 3488 2299 resuscitantis;
3517 2250 3627 2290 cum
3665 2234 3782 2289 alibi

2231 2317 2387 2374 dicit:
2413 2314 2614 2389 Puella,
2648 2338 2839 2394 surge;
2867 2324 2993 2381 alibi
3025 2343 3037 2378 :
3071 2325 3317 2395 Iuvenis,
3337 2327 3421 2383 tibi
3443 2328 3575 2394 dico,
3596 2342 3772 2399 surge;

2233 2407 2360 2464 alibi
2395 2429 2408 2466 :
2438 2411 2545 2484 ει
2579 2412 2861 2471 infremuit
2899 2418 3093 2489 spiritu
3121 2428 3178 2475 et
3207 2419 3383 2488 ﬂevit;
3420 2430 3472 2478 et
3492 2435 3662 2476 rursus
3686 2419 3784 2475 ire-

2232 2502 2388 2570 mnit,
2412 2515 2466 2559 et
2494 2516 2616 2574 post
2657 2504 2852 2564 deinde
2884 2523 3016 2565 voce
3045 2525 3239 2584 magna
3269 2512 3559 2568 clamavit:
3588 2512 3786 2582 Lazare,

2238 2596 2362 2648 veni
2390 2593 2552 2651 foras.
2584 2596 2697 2665 Qua
2707 2612 2925 2671 pr0pter
2952 2603 3171 2659 nomine
3197 2603 3584 2659 mcechantium
3608 2605 3688 2675 qui
3705 2604 3787 2658 hoc

2234 2689 2471 2757 Capitqu
2495 2705 3011 2763 commemorantur,
3044 2712 3259 2753 omnem
3281 2698 3561 2755 carnalem
3579 2697 3784 2755 etlihidi-

2234 2795 2422 2837 nosam
2451 2786 2942 2857 concupiscentiam
2991 2796 3206 2859 oportet
3235 2790 3499 2862 intelligi.
3527 2791 3643 2847 Cum
3665 2790 3774 2847 enim

2238 2881 2344 2927 tam
2394 2876 2611 2933 assidue
2671 2878 3034 2935 idololatriam
3083 2880 3362 2952 Scriptura
3426 2882 3765 2939 fornicationem

2235 2963 2397 3031 dicat,
2434 2964 2628 3022 Paulus
2664 2980 2842 3025 autem
2870 2969 3145 3040 apostolus
3172 2972 3471 3028 avaritiam
3517 2972 3765 3029 idololatria

2236 3060 2454 3116 nomine
2490 3061 2746 3132 appellet,
2788 3065 2908 3135 quis
2954 3063 3161 3122 dubitet
3204 3081 3433 3124 omnem
3491 3069 3769 3125 malamala-

2235 3155 2617 3223 cupiscentiam
2667 3163 2815 3212 recte
2867 3155 3277 3214 fornicationem
3326 3160 3569 3227 vocari,
3609 3156 3747 3230 quando

2242 3245 2440 3313 anima,
2473 3247 2712 3318 neglecta
2740 3250 3024 3318 superiore
3063 3249 3180 3325 lege
3208 3266 3315 3323 qua
3351 3255 3592 3327 regitur,
3615 3249 3748 3307 inierit-

540 3344 708 3403 corde
730 3352 918 3402 nostro
937 3343 1149 3401 etiamsi
1175 3342 1322 3401 facto
1343 3360 1449 3401 non
1474 3345 1776 3402 innotescat
1798 3345 2129 3405 hominibus.
2158 3330 2206 3395 C
2239 3356 2353 3394 rum
2386 3352 2696 3396 naturarum
2723 3344 2862 3413 turpi
2896 3342 3183 3415 voluptate,
3216 3346 3375 3417 quasi
3408 3348 3651 3404 mercede
3679 3358 3759 3417 pn-

543 3437 621 3493 lta
652 3451 781 3508 ergo
809 3446 936 3494 sunt
962 3436 1050 3494 isti
1084 3436 1303 3509 gradus,
1330 3438 1483 3509 quasi
1512 3453 1542 3493 a
1565 3450 1816 3509 serpente
1861 3443 2133 3511 suggestio

539 3529 657 3599 ﬁat,
680 3530 736 3588 id
760 3538 847 3587 est
869 3530 1081 3588 lubrico
1105 3541 1162 3588 et
1189 3531 1432 3598 volubili,
1463 3531 1565 3588 hoc
1594 3542 1677 3589 est
1699 3535 1981 3603 temporali
2012 3550 2133 3591 cor-

549 3637 737 3693 porum
768 3631 940 3693 motu,
964 3622 1088 3695 quia
1129 3621 1234 3680 etsi
1274 3637 1377 3694 qua
1409 3621 1533 3679 talia
1577 3623 1951 3693 phantasmata
1991 3627 2132 3684 intus

546 3724 834 3771 versantur
884 3716 940 3771 in
988 3715 1189 3781 anima,
1219 3714 1288 3772 de
1336 3730 1563 3786 corpore
1608 3715 1915 3775 forinsecus
1965 3728 2127 3776 tracta

544 3814 704 3873 sunt;
726 3814 780 3863 et
802 3806 848 3863 si
876 3807 996 3875 quis
1016 3808 1260 3863 occultus
1289 3816 1483 3875 praeter
1513 3808 1644 3863 istos
1675 3810 1914 3880 quinque
1940 3826 2132 3867 sensus

546 3907 727 3955 motus
765 3899 1012 3969 corporis
1059 3899 1292 3955 animam
1324 3899 1509 3969 tangit,
1542 3908 1623 3957 est
1646 3900 1805 3957 etiam
1843 3902 1960 3971 ipse
1998 3913 2132 3960 tem-

545 3992 746 4064 poralis
774 4002 827 4048 et
852 3992 1111 4062 lubricus,
1129 4002 1184 4049 et
1212 3992 1333 4049 ideo
1358 4002 1560 4065 quanto
1587 3994 1820 4052 illabitur
1846 3998 2129 4067 occultius,

544 4098 601 4145 ut
614 4086 989 4159 cogitationem
1009 4086 1458 4158 contingat,tanto
1476 4088 1882 4146 convenientius
1894 4092 2131 4162 serpenti

542 4189 903 4253 comparatur.
934 4180 1059 4239 Tria
1087 4196 1215 4253 ergo
1244 4180 1382 4248 haec,
1420 4189 1478 4237 ut
1508 4181 1686 4238 dicere
1729 4198 2021 4253 coeperam,
2054 4183 2128 4239 si-

544 4273 693 4329 milia
728 4282 855 4329 sunt
894 4273 972 4329 illi
1000 4280 1168 4345 gestae
1197 4273 1274 4329 rei
1302 4288 1422 4343 qum
1453 4273 1506 4329 in
1548 4271 1748 4330 Genesi
1792 4273 1989 4346 scripta
2023 4285 2142 4344 est,

542 4374 601 4420 ut
630 4367 781 4435 quasi
810 4379 841 4421 a
863 4373 1116 4435 serpente
1144 4364 1237 4421 ﬁat
1260 4364 1532 4436 suggestio
1560 4375 1614 4422 et
1642 4366 1885 4436 quaedam
1915 4368 2127 4424 suasio:

542 4457 598 4513 in
634 4457 871 4527 appetitu
892 4467 1073 4515 autem
1100 4457 1298 4514 carnali
1323 4467 1573 4527 tanquam
1603 4458 1659 4514 in
1685 4458 1796 4515 Eva
1818 4459 2126 4528 delectatio,

542 4548 600 4605 in
633 4550 843 4606 ratione
872 4564 1021 4618 vero,
1052 4559 1302 4622 tanquam
1336 4548 1389 4605 in
1432 4550 1548 4606 viro
1588 4553 1895 4609 consensio.
1926 4552 2127 4621 Quibus

544 4641 798 4711 peractis,
840 4650 1093 4712 tanquam
1131 4643 1199 4699 de
1232 4641 1499 4712 paradiso,
1532 4640 1637 4698 hoc
1686 4655 1767 4699 est
1812 4644 1880 4698 de
1924 4644 2123 4701 beatis-

2235 3431 2441 3501 stituta,
2466 3434 2852 3505 corrumpitur?
2866 3435 2931 3491 Et
2954 3435 3073 3493 ideo
3094 3437 3337 3511 quisquis
3361 3441 3634 3498 carnalem
3648 3438 3773 3495 delet-

2233 3526 2491 3582 tationem
2516 3526 2773 3585 adversus
2802 3542 3002 3586 rectam
3026 3530 3358 3590 voluntatem
3379 3550 3535 3590 suam
3560 3532 3782 3590 rebellare

2233 3620 2401 3675 Sentit
2429 3636 2526 3690 per
2570 3623 3014 3679 consuetudinem
3066 3636 3437 3696 peccatorum,
3474 3626 3621 3697 cujus
3664 3622 3788 3679 indo-

2232 3712 2362 3769 mita
2420 3712 2673 3769 violentia
2727 3715 2957 3771 trahitur
3010 3717 3064 3773 in
3118 3719 3514 3789 captivitatem,
3572 3716 3792 3781 recolat,

2234 3813 2488 3877 quantum
2528 3816 2722 3876 potest,
2754 3808 2967 3880 qualem
3017 3823 3204 3878 pacem
3251 3810 3503 3880 peccando
3538 3808 3797 3875 amiserit,

2233 3908 2288 3955 et
2309 3901 2571 3955 exclamet
2604 3918 2617 3955 :
2655 3897 2843 3957 Infelix
2873 3916 2973 3972 ego
3004 3902 3183 3971 homo,
3203 3904 3319 3971 quis
3350 3916 3429 3957 me
3457 3900 3702 3955 liberabit
3724 3899 3793 3955 de

2234 4004 2462 4062 corpore
2482 3991 2673 4048 mortis
2696 3992 2887 4062 hujus?
2905 3994 3077 4063 gratia
3105 3994 3199 4049 Dei
3222 4010 3318 4064 per
3343 3994 3516 4051 Jesum
3536 3990 3798 4049 Christum

2234 4080 2548 4155 [Dominum
2577 4082 2864 4154 nostrum].
2890 4083 2964 4138 ita
2991 4085 3132 4139 enim
3165 4099 3288 4140 cum
3331 4101 3389 4141 se
3432 4084 3695 4140 infelicem
3722 4097 3798 4139 ειη

2234 4172 2454 4238 clamat,
2480 4173 2714 4243 lugendo
2746 4174 2996 4244 implorat
3024 4176 3381 4231 consolatorie
3412 4177 3685 4242 auxilium,
3712 4188 3795 4231 nec

2234 4279 2431 4336 parvus
2468 4275 2553 4322 est
2591 4268 2658 4322 ad
2697 4268 3083 4325 beatitudinem
3115 4283 3369 4328 accessus
3414 4272 3650 4343 cognitio
3686 4270 3793 4326 infe-

2234 4357 2452 4413 licitatis
2495 4373 2627 4427 suae,
2669 4368 2725 4415 et
2758 4359 2877 4415 ideo
2904 4376 2917 4413 :
2946 4360 3092 4416 Beati
3124 4360 3359 4434 (etiam)
3392 4363 3661 4435 lugentes,
3688 4374 3788 4434 quo-

2234 4452 2377 4510 niam
2409 4452 2507 4523 ipsi
2530 4453 2969 4519 consolabuntur.

2766 4568 2993 4628 CAPUT
3031 4568 3251 4626 CCCX].

2233 4660 2312 4717 De
2342 4678 2399 4717 eo
2426 4664 2562 4737 quod
2588 4663 2660 4717 ait
2692 4661 2943 4737 Dominus
2964 4680 2984 4718 :
3004 4662 3158 4737 Omni
3180 4664 3369 4737 petenti
3390 4664 3551 4733 date;
3578 4663 3785 4737 qualitatis

540 4732 678 4790 sima
708 4732 829 4790 luce
852 4733 1094 4803 iustitiae,
1126 4735 1179 4789 in
1212 4743 1442 4791 mortem
1473 4733 1634 4792 homo
1682 4735 1968 4805 expellitur
2011 4737 2126 4807 jus-
2157 4712 2208 4772 D
2234 4712 2265 4714 ⁷
2288 4712 2405 4787 'nbi.
2430 4712 3162 4807 iiiinsciisinsciis
3180 4712 3793 4794 iticéiiiiJF'ive‘Hés

542 4828 749 4885 tissime
775 4829 1016 4885 omnino.
1047 4829 1162 4886 Non
1197 4832 1342 4887 enim
1379 4831 1523 4901 cogit
1548 4832 1638 4901 qui
1678 4832 1893 4903 suadet,
1918 4843 1973 4890 et
2011 4850 2127 4891 om-

542 4937 640 4979 nes
688 4933 896 4980 natura
938 4923 994 4980 in
1040 4922 1229 4979 ordine
1277 4938 1395 4992 suo,
1426 4925 1682 4995 gradibus
1722 4928 1837 4983 suis
1887 4929 2125 4998 pulchrae

540 5021 687 5081 sunt,
713 5012 810 5071 sed
850 5013 921 5071 de
948 5011 1339 5085 superioribus,
1370 5013 1425 5069 in
1467 5016 1662 5086 quibus
1702 5019 1977 5074 rationalis
2008 5020 2125 5076 ani-

545 5120 665 5160 mus
690 5106 971 5163 ordinatus
986 5115 1093 5173 est,
1115 5104 1180 5162 ad
1212 5104 1467 5164 inferiora
1482 5123 1590 5166 non
1610 5121 1694 5167 est
1716 5112 2121 5182 declinandum;

542 5216 641 5256 ncc
678 5201 959 5272 quisquam
988 5200 1092 5259 hoc
1119 5200 1299 5258 facere
1328 5203 1560 5272 cogitur,
1589 5214 1642 5262 et
1680 5206 1801 5262 ideo
1833 5207 1880 5263 si
1910 5208 2119 5276 fecerit,

538 5294 656 5348 sine
693 5292 837 5363 justa
868 5293 1188 5351 defensione
1239 5295 1459 5365 punitur
1486 5312 1498 5349 :
1525 5312 1631 5353 non
1654 5300 1797 5356 enim
1843 5300 1946 5358 hoc
1974 5316 2125 5359 com-

541 5386 700 5441 mittit
735 5384 955 5441 invitus.
983 5386 1368 5445 Verumtamen
1396 5386 1681 5445 delectatio
1724 5402 1848 5449 ante
1895 5409 2123 5452 consue-

539 5475 780 5531 tudinem
806 5476 889 5531 vel
915 5476 1059 5532 uulla
1087 5487 1193 5548 est,
1221 5478 1307 5534 vel
1341 5488 1447 5534 tam
1482 5481 1679 5549 tenuis,
1697 5492 1754 5537 ut
1777 5498 1947 5555 prope
1975 5485 2123 5541 nulla

536 5563 630 5632 sit,
659 5566 744 5620 cui
780 5565 1089 5623 consentire
1133 5580 1381 5638 magnum
1418 5578 1694 5641 peccatum
1726 5582 1829 5641 est,
1878 5588 1997 5630 cum
2039 5586 2124 5634 est

537 5657 743 5714 illicita.
777 5656 913 5716 Cum
964 5669 1144 5715 autem
1185 5662 1410 5733 quisque
1445 5666 1804 5733 consenserit,
1836 5670 2125 5726 committit

539 5758 815 5818 peccatum
862 5751 915 5806 iu
951 5752 1145 5819 corde;
1176 5752 1222 5808 si
1260 5763 1439 5811 autem
1487 5759 1734 5816 etiamin
1766 5759 1965 5817 factum
1998 5779 2122 5833 pro-

539 5841 785 5907 cesserit,
817 5841 1027 5898 videtur
1068 5843 1253 5901 satiari
1294 5853 1350 5901 et
1378 5848 1651 5920 exstingui
1693 5852 1995 5920 cupiditas:
2025 5856 2119 5912 sed

543 5938 727 6003 postea
749 5945 867 5987 cum
893 5934 1162 6003 soggestio
1193 5938 1664 6013 repetitur,major
1688 5945 1997 6004 accenditur
2024 5949 2119 6006 de-

2307 4804 2583 4874 peccatori.

2301 4916 2457 4973 Omni
2490 4918 2690 4987 petenti
2719 4926 2792 4984 te,
2824 4918 3013 4989 inquit,
3043 4920 3133 4986 da,
3161 4933 3269 4977 non
3289 4921 3477 4978 omnia
3506 4923 3730 4994 petenti,
3758 4928 3801 4975 ut

2231 5009 2283 5064 id
2325 5009 2419 5065 des
2459 5009 2601 5081 quod
2628 5010 2833 5067 donare
2861 5011 3089 5068 honeste
3120 5020 3174 5068 et
3208 5012 3354 5085 iuste
3384 5026 3546 5084 potes
3583 5036 3599 5073 :
3627 5017 3749 5089 quid
3773 5015 3806 5069 si

2231 5103 2371 5156 cnim
2415 5103 2692 5171 pecuniam
2735 5111 2897 5170 petat,
2918 5118 3019 5173 qua
3053 5104 3390 5161 innocentem
3419 5119 3661 5166 conetur
3688 5107 3806 5165 occi-

2234 5192 2401 5247 dere?
2430 5193 2557 5263 quid
2584 5194 2628 5247 si
2656 5203 2928 5263 postremo
2949 5204 3191 5266 stuprum
3222 5199 3527 5269 petatised
3565 5219 3639 5259 ne
3670 5202 3811 5258 multa

2235 5297 2528 5353 persequar
2558 5298 2675 5353 quac
2704 5292 2828 5339 sunt
2870 5285 3305 5355 innumerabilia,
3332 5290 3382 5345 id
3414 5291 3677 5361 profecto
3704 5293 3814 5347 dan-

2234 5378 2358 5431 dum
2388 5384 2473 5433 cst
2511 5376 2654 5448 quod
2694 5392 2793 5433 nec
2834 5378 2953 5446 tibi,
2981 5393 3082 5437 nec
3110 5382 3269 5438 alteri
3297 5396 3518 5451 noceat,
3570 5397 3817 5459 quantum

2232 5469 2360 5525 sciri
2389 5476 2480 5524 aut
2510 5468 2659 5525 credi
2688 5471 2756 5525 ab
2790 5471 3009 5529 homine
3037 5482 3242 5543 potest;
3275 5484 3329 5532 et
3359 5478 3449 5533 cui
3486 5478 3647 5549 iuste
3674 5494 3818 5550 nega-

2233 5562 2371 5618 veris
2411 5561 2549 5631 quod
2582 5560 2734 5631 petit,
2770 5562 3053 5619 indicanda
3081 5574 3163 5621 est
3205 5566 3319 5638 ipsa
3356 5568 3602 5640 iustitia,
3641 5582 3701 5629 ut
3728 5585 3822 5626 non

2226 5668 2350 5710 eum
2400 5654 2615 5709 inanem
2664 5654 2903 5711 dimittas
2935 5671 2949 5708 :
2980 5655 3051 5710 ita
3096 5658 3241 5712 omni
3287 5663 3495 5729 petenti
3544 5672 3607 5720 te
3654 5662 3819 5725 dabis,

2233 5750 2476 5820 quamvis
2502 5762 2609 5804 non
2635 5762 2851 5821 semper
2874 5750 2925 5805 id
2951 5750 3092 5822 quod
3104 5753 3238 5822 petit
3257 5752 3433 5823 dabis;
3450 5766 3508 5813 et
3527 5757 3825 5829 aliquando

2229 5842 2416 5899 melius
2458 5841 2656 5913 aliquid
2697 5842 2874 5909 dabis,
2897 5857 3021 5898 cum
3061 5852 3328 5913 petentem
3363 5856 3415 5901 te
3451 5849 3665 5918 injusta
3707 5863 3822 5904 cor.

2224 5936 2610 6005 rexeris.Quod
2636 5947 2810 5994 autem
2840 5934 3050 6017 ait,.Qui
3080 5936 3355 5995 voluerita
3390 5951 3439 5997 te
3463 5946 3737 6012 mutuari,
3766 5957 3827 5998 ne
