4010 6382
182 437 307 497 1029

1340 422 1775 484 THESAURUS.
1816 421 1969 482 CAP.
2010 427 2258 486 CCCX".

3307 433 3330 490 1
3341 431 3447 492 0‘50

179 562 443 611 aversatus
475 551 660 620 fueris,
689 547 756 604 ad
786 547 1021 604 animum
1067 543 1414 601 referendum
1447 555 1551 600 εει.
1604 541 1748 597 Hila-
1782 537 1837 598 Δ
1861 541 2001 597 bona
2024 543 2162 600 facta
2192 549 2400 611 vestra;
2423 542 2518 600 sed
2547 557 2653 600 non
2677 543 2746 601 ibi
2781 544 2940 601 finem
2971 546 3270 617 constituit,
3293 553 3447 609 addi-

179 662 283 704 rem
310 646 450 701 enim
484 643 724 699 datorem
755 640 928 710 diligit
953 640 1116 695 Deus.
1150 638 1419 693 Mutuatur
1439 645 1616 692 autem
1639 649 1753 690 om—

179 741 256 796 nis
284 739 366 808 qui
400 737 612 806 accipit,
643 733 986 790 etiamsinon
1019 733 1132 800 ipse
1163 730 1442 785 soluturus
1475 737 1557 782 est
1585 743 1599 782 :
1634 741 1753 782 cum

177 834 310 889 enim
342 825 780 885 misericordibus
812 826 950 879 Deus
981 824 1134 893 plura
1165 821 1430 887 restituat,
1463 819 1638 876 omnis
1665 819 1755 889 qui

178 922 487 980 beneficium
521 928 738 990 praestat
781 917 1077 972 feneratur.

703 1032 929 1090 CAPUT
968 1029 1216 1088 CCCX".

179 1134 440 1204 Quomodo
482 1131 873 1204 intelligendum
900 1129 1225 1204 sit_:__Cavete
1261 1144 1324 1204 rte
1346 1124 1620 1204 justitiam
1643 1140 1756 1178 vcs-

246 1216 373 1260 tram
412 1206 616 1278 faciatis
642 1196 816 1258 Eorum
838 1199 1128 1256 hominibus
1151 1215 1172 1254 :
1192 1201 1270 1255 vel
1300 1215 1412 1269 quae
1431 1198 1498 1252 sit
1522 1196 1754 1259 sinistra;

243 1294 303 1332 ea:
330 1277 508 1332 eodem
537 1277 687 1330 libro.

245 1391 432 1447 Cordis
463 1391 740 1446 mundatio
765 1397 849 1446 est
877 1396 1129 1458 tanquam
1166 1387 1354 1442 oculus
1401 1399 1508 1456 quo
1549 1383 1761 1439 videtur

180 1492 332 1561 Deus,
363 1489 518 1562 cujus
568 1488 831 1560 simplicis
873 1485 1105 1543 habendi
1154 1493 1355 1540 tantam
1407 1495 1589 1536 curam
1638 1494 1762 1536 esse

180 1594 404 1658 oportet,
436 1594 689 1654 quantam
733 1581 851 1651 ejus
879 1580 956 1635 rei
987 1579 1219 1648 dignitas
1265 1575 1490 1645 flagitat,
1518 1587 1636 1643 qua!
1669 1572 1762 1627 tali

179 1678 329 1735 oculo
377 1676 620 1748 conspici
668 1684 864 1746 potest.
901 1674 1035 1728 Huic
1065 1682 1243 1727 autem
1283 1669 1440 1725 oculo
1470 1682 1660 1739 magna
1697 1681 1764 1722 ex

179 1781 325 1844 parte
347 1771 603 1827 mundato
630 1768 852 1824 difficile
883 1775 966 1822 est
993 1781 1097 1821 non
1130 1762 1411 1834 subripere
1441 1760 1633 1818 sordes
1664 1760 1765 1815 ali-

175 1880 302 1937 quas
331 1864 399 1921 de
427 1865 511 1919 his
537 1863 701 1919 rebus
731 1877 850 1932 quae
878 1861 1022 1930 ipsas
1069 1867 1281 1915 nostras
1327 1859 1495 1913 bonas
1526 1855 1766 1912 actiones

1859 633 1938 688 dit
1965 635 2138 692 enim:
2162 636 2223 692 Et
2254 637 2559 708 glorificent
2585 639 2796 694 Patrem
2821 651 3057 697 vestrum
3089 643 3181 714 qui
3204 647 3256 701 in
3288 649 3445 705 cmlis

1859 736 1964 783 est.
1997 729 2095 786 Hic
2123 741 2302 786 autem
2334 733 2459 802 quia
2491 732 2592 788 hoc
2637 734 2984 804 reprehendit
3030 737 3073 792 si
3101 739 3203 794 sibi
3235 739 3334 810 ipsi
3375 742 3448 796 sit

1861 822 1926 895 [si
1959 824 2030 879 ibi
2059 823 2300 896 sitj|fiuis
2331 837 2476 884 recte
2507 829 2786 898 factorum,
2820 830 2872 884 id
2910 841 3028 900 est,
3076 833 3122 888 si
3159 844 3448 903 propterea

1858 925 2005 972 recte
2044 916 2308 974 faciamus
2349 929 2405 976 ut
2449 930 2657 977 tantum
2687 922 2966 980 videamur
3005 924 3072 980 ab
3115 925 3448 998 hominibus,

1859 1017 2210 1081 posteaquam
2263 1013 2398 1068 dixit
2429 1033 2442 1069 :
2476 1014 2672 1072 Cavete
2701 1017 2879 1074 facere
2906 1015 3170 1086 justitiam
3213 1030 3447 1078 vestram

1859 1113 2042 1157 coram
2078 1103 2407 1173 hominibus,
2441 1117 2499 1163 ut
2527 1109 2815 1166 videamini
2842 1112 2910 1167 ab
2940 1114 3050 1182 eis,
3083 1114 3212 1170 nihil
3243 1115 3452 1174 addidit

1863 1193 1915 1249 in
1963 1209 2070 1264 quo
2099 1208 2322 1268 apparet
2353 1215 2459 1256 non
2493 1203 2594 1258 hoc
2641 1219 2764 1260 eum
2810 1204 3151 1273 prohibuisse
3195 1217 3250 1263 ut
3298 1217 3448 1266 recte

1865 1284 1960 1340 ﬁat
1986 1303 2168 1345 coram
2200 1291 2527 1360 hominibus,
2559 1294 2653 1350 sed
2686 1311 2750 1352 ne
2793 1296 2915 1352 ideo
2945 1308 3092 1358 recte
3120 1299 3212 1356 fiat
3255 1315 3439 1358 coram

1863 1377 2175 1437 hominibus
2199 1391 2255 1438 ut
2276 1384 2556 1440 videamur
2588 1387 2655 1441 ab
2683 1388 2782 1455 eis,
2817 1388 2870 1444 id
2893 1401 2996 1458 est,
3022 1401 3079 1446 ut
3105 1392 3204 1452 hoc
3229 1394 3441 1451 intuea-

1869 1487 2012 1539 mur,
2043 1482 2097 1529 et
2125 1475 2193 1529 ibi
2224 1475 2384 1532 finem
2416 1479 2583 1532 nostri
2629 1481 2888 1548 propositi
2929 1483 3290 1552 collocemus;
3324 1501 3447 1542 nam

1866 1572 1923 1618 et
1967 1565 2256 1633 Apostolus
2296 1565 2425 1622 dicit
2457 1585 2469 1619 :
2503 1566 2559 1623 Si
2589 1568 2763 1624 adhuc
2805 1570 3113 1631 hominibus
3160 1577 3453 1647 placerem,

1865 1655 2064 1712 Christi
2096 1673 2285 1713 servus
2315 1675 2423 1716 non
2453 1676 2663 1728 essem;
2691 1679 2812 1718 cum
2841 1665 2946 1722 alio
2978 1667 3095 1725 loco
3115 1668 3259 1726 dicat
3291 1689 3301 1724 :
3334 1670 3454 1727 Pla-

1867 1757 1984 1805 cete
2013 1748 2322 1808 hominibus
2355 1752 2651 1826 [erunibus]
2681 1770 2776 1825 per
2801 1757 2976 1812 omnia
2996 1801 3010 1826 ,
3043 1762 3184 1836 sicqt
3214 1761 3310 1834 [et]
3356 1779 3456 1836 ego

1867 1843 2120 1900 omnibus
2151 1860 2245 1914 per
2264 1846 2445 1902 omnia
2471 1847 2679 1917 placeo,
2714 1849 2855 1919 quod
2877 1853 2967 1920 qui
2994 1868 3099 1908 non
3123 1855 3456 1927 intelligunt,

177 1957 418 2012 comitari
445 1954 641 2021 solent,
666 1953 825 2010 veluti
844 1952 1058 2009 estlaus
1082 1951 1315 2006 humana
1341 1949 1632 2018 :siquidem
1657 1963 1764 2004 non
1793 1941 1842 2004 Β
1870 1938 2201 1994 contrarium
2235 1946 2444 2009 Ρυῐδηιο
2490 1955 2611 1997 cum
2647 1941 2734 1998 ille
2775 1958 2832 1998 se
2875 1944 3070 2002 dixerit
3103 1963 3209 2002 non
3242 1949 3456 2018 placere

178 2060 324 2106 recte
353 2050 532 2106 vivere
562 2049 925 2120 perniciosum
959 2057 1062 2114 est,
1091 2055 1237 2101 recte
1267 2054 1440 2100 autem
1479 2045 1677 2111 vivere,
1710 2053 1763 2099 et

178 2145 317 2201 nolle
347 2143 577 2210 laudari,
610 2143 733 2214 quid
766 2139 1012 2198 estaliud
1035 2155 1195 2211 quam
1224 2136 1499 2194 inimicum
1528 2152 1650 2193 esse
1678 2151 1763 2192 re.

179 2237 275 2293 bus
331 2237 610 2304 humanis,
660 2249 780 2305 quae
827 2233 1012 2304 utique
1059 2240 1207 2287 tanto
1252 2240 1374 2286 sunt
1429 2229 1762 2293 miseriores,

177 2340 372 2401 quanto
417 2331 593 2385 minus
646 2329 824 2401 placet
868 2338 1014 2383 recta
1048 2327 1158 2380 vita
1204 2322 1521 2378 hominum?
1550 2320 1605 2376 Si
1637 2334 1765 2388 ergo

181 2425 319 2480 inter
348 2439 481 2491 quos
510 2423 648 2476 vivis
678 2429 730 2477 te
774 2429 924 2475 recte
953 2420 1223 2474 viventem
1258 2430 1362 2468 non
1409 2409 1763 2478 laudaverint,

180 2516 254 2572 illi
280 2517 331 2570 in
363 2531 547 2572 errore
593 2523 748 2580 sunt;
775 2515 818 2568 si
849 2522 1029 2568 autem
1061 2508 1418 2572 laudaverint,
1457 2516 1514 2559 tu
1540 2505 1592 2560 in
1622 2505 1763 2575 peri-

178 2608 299 2663 culo
331 2625 343 2661 :
379 2607 481 2662 nisi
509 2617 613 2661 tam
645 2606 876 2677 simplex
906 2621 1000 2661 cor
1034 2603 1288 2659 habueris
1312 2608 1366 2656 et
1395 2599 1676 2665 mundum,
1711 2604 1770 2650 ut

177 2715 240 2755 ea
268 2715 386 2770 qua
416 2709 563 2756 recte
597 2698 732 2753 facis
759 2714 865 2752 non
908 2705 1125 2767 pr0pter
1157 2695 1344 2749 laudes
1376 2693 1651 2748 hominum
1687 2689 1766 2743 fa-

175 2791 307 2858 cias,
336 2793 610 2863 magisque
641 2791 742 2845 illis
766 2803 910 2845 recta
950 2787 1289 2843 laudantibus
1336 2785 1620 2856 gratulerls
1649 2783 1766 2852 qui-

176 2882 274 2938 bus
331 2882 384 2937 id
442 2881 584 2953 quod
643 2880 840 2936 bonum
894 2887 978 2936 est
1028 2879 1224 2949 placet,
1261 2893 1420 2949 quam
1465 2875 1583 2944 tibi,
1645 2873 1765 2943 quia

174 2985 324 3031 recte
351 2975 510 3044 vivis,
533 2974 746 3030 etiamsi
765 2989 925 3030 nemo
945 2972 1222 3037 laudaret;
1250 2973 1528 3042 ipsamque
1554 2969 1765 3023 laudem

174 3079 322 3126 tuam
353 3081 478 3128 tunc
507 3071 777 3142 intelligas
821 3070 1001 3125 utilem
1034 3084 1155 3125 esse
1183 3067 1545 3132 laudantibus,
1581 3065 1626 3121 si
1659 3081 1765 3120 non

173 3162 403 3232 teipsum
433 3163 485 3218 in
515 3171 604 3218 tua
631 3163 772 3218 bona
806 3163 934 3226 vita,
963 3161 1058 3217 sed
1098 3161 1265 3216 Deum
1296 3161 1581 3224 honorent,
1609 3159 1766 3229 cujus

173 3257 573 3312 sanctissimum
626 3256 879 3326 templum
927 3265 1010 3311 est
1055 3256 1298 3326 quisquis
1338 3255 1470 3308 vivit
1518 3257 1672 3320 bene,
1709 3262 1766 3306 ut

1870 2028 2200 2098 hominibus,
2228 2031 2350 2102 quia
2380 2047 2486 2087 non
2519 2032 2640 2090 ideo
2677 2043 2824 2089 recte
2867 2036 3099 2096 faciebat
3129 2052 3181 2096 ut
3214 2041 3458 2112 placeret

1870 2122 2200 2188 hominibus,
2227 2124 2322 2179 sed
2351 2135 2410 2180 ut
2436 2125 2570 2194 Deo,
2602 2126 2668 2181 ad
2700 2128 2854 2198 cujus
2887 2144 3128 2187 amorem
3161 2135 3327 2190 corda
3359 2137 3457 2192 ho-

1867 2218 2072 2273 minum
2126 2219 2339 2274 volebat
2383 2229 2723 2290 convertere,
2773 2237 2841 2277 eo
2885 2223 3002 2293 ipso
3049 2241 3156 2296 quo
3208 2228 3460 2297 placebat

1870 2309 2176 2364 hominibus
2213 2328 2224 2364 :
2261 2313 2442 2382 itaque
2494 2321 2548 2368 et
2604 2328 2712 2368 non
2765 2328 2823 2369 se
2870 2315 3084 2383 placere
3145 2318 3460 2379 hominibus

1868 2410 2018 2458 recte
2039 2402 2273 2469 dicebat,
2307 2404 2432 2474 quia
2475 2407 2528 2460 in
2559 2405 2771 2476 eo.ipso
2800 2414 2854 2461 ut
2877 2406 2986 2462 Deo
3013 2411 3250 2478 placeret
3281 2413 3459 2470 intue-

1869 2493 2028 2548 batur
2051 2509 2066 2550 :
2089 2503 2143 2550 et
2169 2495 2485 2565 placendum
2512 2512 2634 2555 esse
2661 2500 2970 2558 hominibus
2998 2515 3146 2561 recte
3176 2510 3460 2578 praecipie-

1871 2584 1962 2640 bat
1996 2602 2009 2640 :
2040 2601 2146 2640 non
2191 2596 2246 2641 ut
2276 2587 2377 2643 hoc
2412 2599 2757 2659 appeteretur
2787 2601 3037 2666 tanquam
3077 2613 3285 2654 merces
3316 2610 3461 2660 recte

1870 2678 2154 2764 factorum,
2187 2681 2280 2736 scd
2312 2683 2434 2752 quia
2471 2684 2577 2740 Deo
2620 2685 2835 2755 placere
2875 2704 2978 2743 non
3019 2701 3202 2760 posset
3228 2695 3317 2764 qui
3349 2711 3456 2754 non

1869 2787 1930 2829 se
1953 2775 2036 2830 his
2075 2790 2211 2845 quos
2241 2776 2418 2832 salvos
2465 2778 2577 2833 fieri
2605 2780 2768 2836 vellet
2810 2783 3075 2852 praeberet
3104 2786 3458 2847 imitandum:

1871 2866 2070 2922 imitari
2149 2878 2326 2925 autem
2400 2869 2548 2924 illum
2621 2872 2712 2942 qui
2789 2873 2888 2928 sibi
2981 2890 3087 2930 non
3146 2871 3456 2947 placuerit,

1872 2960 2018 3014 nullo
2118 2958 2256 3014 facto
2353 2961 2596 3034 [pacto]
2689 2964 2968 3035 quisquam
3047 2976 3240 3036 potest.
3309 2968 3463 3024 Sicut

1871 3067 2001 3123 ergo
2051 3067 2156 3107 uon
2209 3052 2441 3108 absurde
2492 3053 2803 3124 loqueretur
2847 3057 2938 3128 qui
2979 3057 3223 3115 diceret:
3256 3060 3311 3115 ln
3361 3061 3463 3118 bac

1873 3161 2036 3216 opera
2059 3162 2162 3217 qua
2187 3163 2375 3201 navem
2408 3163 2620 3217 quaero,
2653 3163 2756 3204 uon
2790 3164 2982 3205 navem
3010 3167 3218 3222 quaero,
3242 3154 3340 3210 sed
3367 3170 3463 3224 pa-

1873 3240 2064 3306 triam;
2097 3239 2177 3295 sic
2219 3239 2512 3308 Apostolus
2559 3242 2947 3298 convenienter
2989 3244 3196 3300 diceret
3229 3263 3241 3300 :
3278 3245 3332 3302 lu
3363 3247 3464 3305 hac

172 3349 310 3406 illud
359 3349 646 3420 impleatur
687 3349 832 3420 quod
869 3347 943 3403 ait
982 3347 1190 3402 David:
1228 3345 1283 3401 ln
1316 3345 1542 3401 Domino
1572 3345 1760 3400 lauda-
1791 3333 1840 3400 C
1871 3346 2034 3401 Opera
2086 3347 2188 3400 qua
2260 3330 2563 3386 hominibus
2635 3333 2822 3402 Ριδοθο
2855 3374 2868 3396 ο
2944 3350 3050 3389 ηοη
3120 3337 3420 3394 hominibus
3448 3381 3462 3408 ι

173 3444 321 3499 bitur
343 3445 519 3498 anima
547 3458 688 3507 mea,
721 3441 940 3497 audiant
965 3444 1121 3495 mites
1144 3448 1199 3494 et
1217 3439 1576 3508 jocuudr-ntur
1596 3440 1771 3508 [man-

173 3536 316 3594 sueti
347 3545 399 3592 et
428 3534 721 3606 laetentur].
750 3534 990 3588 Pertinet
1019 3548 1148 3601 ergo
1169 3531 1235 3585 ad
1266 3531 1482 3586 oculum
1513 3531 1771 3585 mundum

175 3644 285 3685 non
311 3629 508 3684 intueri
538 3629 591 3683 in
616 3635 762 3683 recte
789 3625 1032 3680 faciendo
1065 3623 1251 3679 laudes
1284 3623 1585 3691 hominum,
1614 3634 1668 3679 et
1706 3622 1773 3678 ad

175 3737 272 3778 eas
312 3720 516 3776 referre
543 3719 685 3789 quod
732 3726 879 3774 recte
912 3716 1062 3785 facis,
1097 3715 1149 3770 id
1193 3724 1276 3770 est
1307 3723 1591 3784 propterea
1623 3722 1774 3771 recte

176 3813 360 3868 facere
390 3811 586 3883 aliquid
620 3819 678 3865 ut
708 3808 1016 3864 hominibus
1051 3810 1294 3878 placeas;
1323 3807 1399 3863 sic
1428 3808 1572 3863 enim
1609 3808 1772 3863 etiam

176 3905 437 3961 simulare
470 3907 667 3960 bonum
697 3904 905 3970 libebit,
939 3903 982 3957 si
1015 3918 1118 3958 non
1150 3903 1494 3958 attendentur
1519 3901 1775 3976 [attendi-

179 3994 317 4064 tur],
344 3997 443 4050 nisi
495 4006 553 4050 ut
581 3996 743 4050 homo
793 3997 994 4063 laudet,
1035 3996 1125 4066 qui
1176 3997 1429 4065 quoniam
1462 3995 1648 4050 videre
1680 4009 1775 4050 cor

180 4103 294 4144 non
316 4098 510 4158 potest,
536 4097 715 4158 potest
738 4089 900 4144 etiam
932 4087 1067 4142 falsa
1099 4087 1358 4144 laudare:
1389 4088 1532 4158 quod
1569 4088 1659 4158 qui
1691 4089 1768 4141 fa-

179 4181 360 4248 ciunt,
391 4178 442 4235 id
476 4190 556 4234 est
601 4179 692 4250 qui
735 4179 1027 4234 bonitatem
1060 4178 1334 4246 simulant,
1368 4178 1566 4247 duplici
1611 4178 1774 4234 corde

176 4278 329 4327 sunt.
372 4270 486 4326 Non
519 4285 647 4339 ergo
694 4269 856 4325 habet
901 4269 1131 4340 simplex
1177 4283 1291 4336 eor,
1323 4269 1376 4324 id
1403 4279 1484 4324 est
1513 4268 1772 4324 mundum

177 4379 299 4431 cor,
334 4365 434 4431 nisi
470 4363 564 4434 qui
604 4361 933 4418 transcendit
979 4362 1244 4418 humanas
1291 4362 1500 4429 laudes,
1533 4370 1589 4418 et
1619 4362 1769 4418 illum

176 4457 358 4512 solum
391 4456 628 4511 intuetur
656 4470 776 4511 cum
802 4463 950 4511 recte
980 4454 1131 4521 vivit,
1164 4455 1293 4511 etei
1325 4456 1540 4524 placere
1580 4455 1773 4511 nititur

176 4551 275 4622 qui
305 4551 654 4607 conscientiae
686 4550 832 4606 solus
865 4551 1139 4619 inspector
1164 4557 1274 4614 est;
1326 4549 1394 4604 de
1434 4548 1589 4620 cujus
1636 4563 1767 4604 con-

176 4642 426 4700 scientiae
459 4645 688 4713 puritate
721 4640 977 4713 quidquid
1011 4640 1273 4711 procedit,
1301 4648 1453 4695 tanto
1479 4648 1563 4696 est
1588 4640 1770 4696 lauda-

1878 3423 1973 3480 sed
2053 3424 2165 3478 Deo
2241 3424 2474 3493 placeo,
2547 3424 2671 3494 quia
2730 3441 2835 3480 non
2896 3425 2997 3481 hoc
3048 3439 3291 3499 appeto,
3367 3433 3463 3488 sed

1874 3517 1942 3571 ad
2019 3517 2071 3572 id
2137 3516 2314 3572 refero
2364 3525 2421 3570 ut
2461 3531 2547 3570 me
2600 3515 2877 3572 imitentur
2933 3535 3067 3589 quos
3120 3521 3297 3576 salvos
3345 3523 3460 3579 fieri

1875 3611 2034 3674 volo;
2068 3610 2206 3664 sicut
2246 3609 2374 3664 dicit
2417 3607 2484 3663 de
2533 3608 2809 3665 oblatione
2851 3627 2968 3682 qua:
3013 3613 3073 3667 ﬁt
3123 3614 3179 3670 in
3221 3629 3460 3688 sanctos,

1877 3715 1983 3756 non
2015 3699 2138 3770 quia
2166 3715 2348 3770 quaero
2371 3700 2578 3767 datum,
2607 3700 2702 3757 sed
2750 3702 2961 3774 inquiro
2999 3702 3283 3779 [requiro]
3314 3707 3458 3764 fruc-

1876 3804 2013 3860 tum,
2047 3793 2100 3849 id
2144 3804 2246 3860 est,
2279 3792 2420 3864 quod
2453 3807 2634 3864 (μικτο
2679 3793 2860 3850 datum
2909 3805 3170 3865 vestrum,
3203 3814 3311 3855 non
3361 3801 3462 3860 hoc

1876 3903 2078 3958 quaero,
2113 3888 2207 3943 sed
2240 3887 2474 3941 fructum
2503 3896 2772 3942 vestrum:
2792 3889 2892 3942 hoc
2914 3890 3054 3944 enim
3077 3891 3274 3946 iudicio
3300 3908 3463 3963 appa-

1874 3996 1996 4038 rere
2015 3989 2224 4050 poterat
2245 3990 2501 4049 quantum
2533 3980 2954 4048 profecissentin
2986 3983 3170 4052 Deum,
3193 4001 3313 4041 cum
3334 3988 3385 4042 id
3404 3989 3463 4043 li-

1877 4077 2070 4132 benter
2091 4075 2327 4130 facerent
2350 4072 2669 4145 [offerrent],
2685 4075 2825 4144 quod
2850 4091 2956 4130 non
2982 4085 3198 4148 propter
3209 4082 3463 4150 gaudium

1875 4170 2062 4241 de82
2080 4169 2412 4237 muneribus,
2433 4169 2528 4224 sed
2570 4179 2788 4238 propter
2817 4172 3249 4229 communionem
3276 4175 3453 4233 chari-

1877 4263 2004 4318 tatis
2032 4262 2099 4317 ab
2129 4276 2196 4317 eo
2228 4261 2591 4332 quaerebatur.
2619 4261 2694 4316 llli
2739 4277 2866 4332 ergo
2909 4275 3268 4335 perceperunt
3314 4284 3463 4326 mer-

1874 4355 2059 4413 cedem
2087 4369 2262 4420 suam,
2285 4353 2376 4424 qui
2397 4370 2501 4408 non
2541 4355 2611 4409 ob
2639 4353 2783 4410 aliud
2806 4355 3208 4428 eleemosynam
3255 4357 3457 4417 faciunt

1874 4450 1980 4507 nisi
2002 4457 2060 4506 ut
2083 4448 2446 4519 glorificeutur
2478 4449 2544 4504 ab
2575 4449 2880 4506 hominibus
2905 4468 2919 4505 :
2948 4467 3054 4508 non
3080 4453 3126 4509 si
3150 4455 3461 4522 glorificen-

1876 4551 1962 4600 tur
1988 4543 2056 4598 ab
2080 4541 2405 4607 hominibus,
2444 4541 2540 4597 sed
2562 4540 2604 4595 si
2631 4541 2750 4598 ideo
2774 4542 2972 4598 faciant
2996 4551 3052 4598 ut
3073 4544 3461 4617 glorificentur,

1873 4639 2013 4694 sicut
2056 4635 2306 4707 superius
2355 4643 2636 4690 tractatum
2679 4645 2783 4691 est.
2832 4635 2974 4693 Laus
3024 4638 3169 4693 enim
3224 4639 3458 4699 humana

175 4737 366 4805 bilius,
397 4747 600 4809 quanto
630 4737 891 4791 humanas
930 4729 1115 4791 Iaudes
1145 4735 1322 4790 minus
1347 4735 1634 4791 desiderat.
1668 4732 1768 4790 Ca-
1795 4725 1850 4788 D
1875 4747 1982 4789 non
2004 4730 2182 4802 appeti
2213 4738 2400 4785 arcete
2428 4728 2678 4798 faciente,
2698 4727 2795 4784 sed
2817 4729 2970 4800 sequi
3002 4730 3163 4788 debet
3191 4743 3339 4792 recte
3365 4735 3462 4792 fa-

179 4840 308 4888 vete
360 4845 509 4902 ergo,
558 4832 750 4902 inquit,
794 4830 970 4885 facere
1021 4828 1283 4900 justitiam
1330 4839 1563 4884 vestram
1591 4844 1770 4885 coram

176 4925 514 4994 hominibus,
559 4937 616 4982 ut
659 4925 948 4982 videamini
979 4925 1046 4980 ab
1073 4925 1184 4990 eis,
1216 4924 1269 4979 id
1314 4933 1420 4992 est,
1459 4933 1645 4980 cavete
1672 4925 1772 4980 hoc

177 5018 368 5074 animo
411 5020 554 5089 juste
592 5020 790 5084 vivere,
826 5027 879 5074 et
917 5017 992 5071 ibi
1041 5017 1368 5072 constituere
1402 5018 1600 5073 bonum
1647 5031 1771 5072 ves-

179 5123 352 5177 trum,
379 5120 435 5164 ut
471 5126 569 5166 vos
601 5111 816 5166 videant
868 5107 1148 5174 homines;
1178 5107 1414 5178 alioquin
1463 5108 1770 5165 mercedem

175 5217 294 5257 non
326 5202 592 5257 habebitis
624 5202 760 5272 apud
816 5201 1028 5257 Patrem
1080 5208 1320 5256 vestrum
1379 5200 1467 5270 qui
1518 5201 1569 5254 in
1621 5202 1774 5257 caelis

173 5303 270 5349 est
299 5311 312 5345 :
347 5308 452 5348 non
483 5295 526 5348 si
548 5295 613 5348 ab
632 5293 1264 5361 hominibusvideamini,
1297 5292 1389 5348 sed
1416 5294 1458 5347 si
1483 5301 1770 5363 propterea

173 5387 328 5459 iuste
357 5387 546 5441 vivotis
595 5394 656 5442 ut
698 5389 766 5441 ab
811 5387 1118 5442 hominibus
1174 5385 1486 5440 videamini.
1516 5385 1648 5441 Nam
1681 5386 1770 5444 ubi

175 5481 292 5538 erit
337 5479 477 5551 quod
527 5479 579 5533 in
633 5479 894 5548 principio
929 5479 1194 5535 sermonis
1225 5479 1384 5548 hujus
1415 5479 1616 5535 dictum
1646 5487 1766 5535 est:

173 5575 295 5629 Vos
327 5575 458 5630 estis
511 5575 689 5629 lumen
742 5573 894 5646 [lux]
924 5575 1156 5629 mundi?
1185 5573 1300 5630 Non
1356 5585 1534 5644 potest
1575 5576 1764 5632 civitas

173 5669 441 5723 abscondi
489 5682 653 5737 super
699 5675 935 5721 montem
985 5667 1191 5736 posita,
1248 5683 1421 5738 neque
1461 5669 1766 5726 accendunt

175 5762 461 5817 lucernam
492 5770 545 5816 et
576 5769 777 5831 ponunt
802 5773 918 5813 eam
950 5758 1050 5814 sub
1087 5759 1286 5827 modio,
1321 5762 1415 5815 sed
1447 5778 1610 5832 super
1634 5779 1767 5819 can-

175 5854 485 5921 delabrum,
518 5864 576 5909 ut
604 5853 783 5909 luceat
809 5853 1056 5908 omnibus
1085 5853 1175 5922 qui
1204 5853 1255 5905 in
1289 5852 1449 5909 domo
1478 5865 1604 5911 sunt
1637 5874 1651 5910 :
1685 5859 1762 5912 sic

177 5949 364 6003 luceat
407 5947 581 6003 lumen
624 5955 858 6002 vestrum
889 5960 1068 6002 coram
1105 5944 1430 6016 hominibus,
1467 5959 1522 6004 ut
1553 5950 1767 6006 videant

1876 4829 2127 4898 cientem,
2154 4827 2337 4882 utillis
2381 4825 2666 4895 proficiant
2686 4826 2778 4896 qui
2805 4826 2967 4882 etiam
3012 4828 3209 4885 imitari
3241 4841 3461 4900 possunt

1877 4922 2019 4992 quod
2042 4920 2282 4984 laudant,
2306 4933 2414 4973 non
2445 4927 2503 4972 ut
2524 4917 2648 4973 hinc
2679 4927 2829 4988 putet
2853 4920 3052 4988 aliquid
3084 4938 3179 4978 eos
3207 4923 3311 4979 sibi
3336 4940 3461 4994 pro~

1875 5018 2035 5073 desse
2080 5030 2239 5086 quem
2279 5015 2520 5069 laudant.
2555 5013 2632 5070 Te
2665 5026 2844 5072 autem
2897 5016 3129 5074 faciente
3159 5020 3458 5092 eleemosy-

1878 5127 2024 5176 nam,
2059 5125 2163 5166 non
2187 5109 2319 5164 sciat
2337 5105 2588 5181 [nesciat]
2620 5108 2838 5164 sinistra
2865 5117 2956 5165 tua
2979 5110 3107 5179 quid
3143 5110 3304 5166 faciat
3329 5113 3460 5168 dex—

1880 5215 1992 5262 tera
2019 5215 2127 5259 tua.
2157 5203 2296 5258 Nihil
2323 5204 2742 5273 consequentius
2772 5204 2989 5257 sinistra
3017 5203 3226 5259 videtur
3252 5206 3458 5274 signiﬁ-

1877 5313 2020 5365 care,
2051 5311 2211 5367 quam
2259 5295 2426 5365 ipsam
2457 5294 2868 5350 delectationem
2900 5293 3109 5358 laudis;
3143 5293 3332 5350 dextra
3363 5311 3460 5352 au-

1879 5403 1983 5451 tem
2015 5390 2648 5463 signiﬁcatintentionem
2671 5387 2924 5457 implendi
2959 5399 3223 5457 praecepta
3253 5390 3457 5449 divina.

1874 5485 2007 5542 Cum
2038 5487 2216 5555 itaque
2236 5482 2583 5538 conscientia:
2623 5480 2868 5535 facientis
2900 5480 3296 5552 eleemosynam
3324 5487 3456 5540 mis-

1874 5588 1960 5635 cet
1989 5592 2047 5633 se
2097 5575 2353 5646 appetitio
2394 5573 2566 5628 laudis
2598 5575 2870 5638 humanae,
2912 5571 2971 5626 fit
2999 5572 3216 5628 sinistra
3241 5578 3456 5633 conscia

1874 5672 2056 5742 operis
2104 5669 2332 5725 dextrae.
2362 5666 2576 5721 Nesciet
2603 5679 2731 5733 ergo
2761 5663 2983 5720 sinistra
3023 5672 3114 5721 tua
3140 5667 3267 5737 quid
3298 5667 3460 5726 faciat

1874 5757 2090 5818 deitera
2122 5769 2233 5826 tua,
2265 5760 2314 5813 id
2346 5766 2450 5824 est,
2484 5771 2590 5810 non
2622 5769 2681 5810 sc
2726 5755 2948 5811 misceat
2985 5759 3326 5816 conscientiae
3354 5770 3458 5818 tum

1876 5858 2048 5914 laudis
2077 5856 2324 5910 humanae
2368 5850 2643 5922 appetitio,
2684 5865 2803 5904 cum
2837 5850 3174 5923 elccmosyua
3210 5853 3454 5912 facienda

1879 5954 2110 6009 divinum
2147 5955 2469 6020 praeceptum
2500 5945 2780 6003 contendis
2823 5945 3066 6017 implere.
3099 5946 3162 6004 Ut
3209 5950 3280 6006 sit
3307 5952 3453 6007 elcc~
