4010 6382
611 279 753 341 1031

1700 283 1764 339 D.
1805 283 2125 343 EUGYPPII
2165 286 2455 350 ABBATIS
2496 294 2814 352 AFRICANI

3757 308 3860 363 105!

611 413 838 473 mosyna
870 408 957 455 tua
1016 398 1070 455 in
1107 396 1419 455 abscondito
1468 394 1800 471 [absconsu].
1844 402 1983 470 Quid
2012 411 2095 459 est
2136 404 2189 458 in
2230 408 2287 470 Α
2379 409 2445 486 rit
2492 421 2611 466 ante
2656 411 2820 467 Deum
2850 420 2939 466 aut
2987 413 3112 485 petit
3138 412 3237 471 Job
3276 416 3609 486 tentandum;
3632 435 3695 475 ex
3727 425 3859 478 eodem

611 492 898 549 abcondito
918 534 934 559 ,
969 492 1067 548 nisi
1100 491 1150 545 in
1175 492 1286 559 ipsa
1314 490 1450 546 bona
1480 494 1834 562 conscientia,
1864 512 1982 566 quae
2016 497 2204 552 huma-

561 601 568 607 ’
611 584 695 639 nis
724 585 895 639 oculis
918 584 1273 641 demonstrari
1299 599 1406 638 non
1439 593 1616 654 potest
1642 601 1741 642 nec
1764 588 1943 643 verbis
1968 588 2207 659 aperiri?

611 677 1037 747 quandoquidem
1065 676 1219 732 multi
1255 678 1423 733 multa
1460 682 1813 738 mentiuntur.
1844 682 2201 754 Quapropter,

608 771 655 825 si
686 771 871 825 dextra
897 768 1226 826 intrinsecus
1254 770 1364 842 agit
1389 772 1442 826 in
1466 772 1807 843 abscondito,
1837 775 1903 829 ad
1927 776 2201 831 sinistram

608 864 885 936 pertinent
912 866 1181 919 exteriora
1214 865 1393 919 omnia
1425 880 1543 935 quae
1574 876 1699 922 sunt
1726 867 1953 923 visibilia
1986 879 2039 922 et
2068 878 2203 924 tem-

605 956 834 1025 poralia.
878 956 961 1013 Sit
991 972 1121 1029 ergo
1169 958 1519 1028 eleemosyna
1563 970 1647 1017 tua
1683 963 1736 1016 in
1768 962 1884 1033 ipsa
1913 962 2201 1018 conscien-

600 1050 707 1118 tia,
742 1050 836 1105 ubi
901 1053 1055 1107 multi
1113 1052 1509 1125 eleemosynam
1562 1054 1762 1111 faciunt
1810 1057 1946 1112 bona
2013 1058 2202 1112 volun-

604 1149 736 1210 tate,
768 1143 979 1199 etiamsi
1031 1146 1315 1217 pecuniam
1355 1148 1439 1202 vel
1472 1148 1518 1202 si
1564 1148 1689 1218 quid
1739 1158 1821 1203 est
1860 1148 2004 1202 aliud
2055 1150 2197 1219 quod
2254 1183 2260 1189 ο

597 1236 745 1307 inopi
773 1238 1113 1311 largiendum
1146 1248 1231 1295 est
1266 1257 1371 1295 non
1414 1241 1647 1307 habent;
1676 1242 1827 1296 multi
1854 1251 2031 1298 autem
2067 1242 2198 1298 foris

598 1327 822 1399 faciunt,
856 1342 911 1387 et
938 1331 1085 1387 intus
1130 1346 1237 1387 non
1285 1332 1506 1399 iaciunt,
1540 1333 1628 1403 qui
1670 1335 1754 1396 vel
1789 1333 2084 1389 ambitione
2109 1336 2194 1390 vel

596 1418 824 1493 alicujus
855 1424 1169 1494 temporalis
1213 1426 1291 1480 rei
1333 1427 1500 1497 gratia
1522 1467 1536 1491 ,
1568 1427 1757 1481 volunt
1812 1426 2194 1482 misericordes

594 1513 792 1581 videri,
836 1515 889 1570 in
921 1515 1115 1586 quibus
1143 1518 1257 1571 sola
1306 1518 1525 1573 sinistra
1572 1518 1785 1588 Operari
1837 1518 2191 1573 existimanda

593 1618 699 1666 est.
737 1610 866 1665 Item
898 1609 988 1665 alii
1009 1610 1163 1681 quasi
1188 1611 1422 1666 medium
1454 1613 1596 1667 inter
1620 1622 1879 1681 utrosque
1902 1612 2074 1667 locum
2108 1622 2191 1668 te-

594 1712 748 1771 nent,
771 1712 831 1759 ut
850 1715 902 1760 et
924 1705 1225 1761 intentione
1254 1720 1372 1775 qua:
1401 1704 1452 1759 in
1480 1705 1649 1760 Deum
1675 1714 1759 1760 est
1784 1705 2186 1777 eleemosynam

590 1794 814 1866 faciant,
859 1808 915 1853 et
945 1806 1124 1853 tamen
1173 1799 1375 1854 inserat
1422 1814 1480 1855 se
1522 1799 1649 1853 huic
1674 1801 1887 1869 optimm
1922 1799 2187 1855 voluntati
2220 1811 2267 1871 Β

588 1891 844 1945 nonnulla
900 1892 1063 1947 etiam
1117 1892 1289 1946 laudis
1316 1892 1403 1947 vel
1456 1894 1721 1962 cujusque
1752 1895 1829 1949 rei
1879 1894 2083 1965 fragilis
2130 1906 2185 1950 et

589 1983 907 2051 temporalis
954 1984 1264 2055 cupiditas:
1298 1985 1393 2040 sed
1448 1985 1709 2042 Dominus
1775 1995 1962 2041 noster
2015 1989 2183 2043 multo

587 2076 967 2134 vehementius
1000 2080 1249 2148 prohibet
1280 2080 1449 2136 solam
1478 2082 1747 2135 sinistram
1790 2081 1845 2134 in
1875 2080 2029 2135 nobis
2056 2096 2185 2152 ope-

586 2169 730 2236 rari,
778 2171 995 2241 quando
1058 2173 1221 2227 etiam
1288 2174 1505 2229 misceri
1556 2189 1677 2230 eam
1728 2183 1870 2229 vetat
1932 2175 2183 2245 operibus

582 2260 812 2327 dextrae,
836 2271 897 2317 ut
940 2262 1150 2320 scilicet
1188 2278 1294 2320 non
1334 2265 1496 2319 modo
1538 2265 1651 2320 sola
1682 2266 2056 2337 temporalium
2090 2280 2178 2321 re-

582 2367 701 2409 rum
745 2356 1044 2426 cupiditate
1080 2372 1364 2414 caveamus
1404 2358 1802 2428 elcemosynam
1859 2358 2053 2425 facere,
2081 2358 2179 2413 sed

581 2460 681 2502 nec
710 2446 780 2502 ita
807 2447 859 2503 in
897 2447 999 2503 hoc
1037 2464 1201 2519 opere
1232 2451 1572 2506 attendamus
1614 2451 1807 2516 Deum,
1843 2465 1899 2505 ut
1928 2466 2048 2507 sese
2079 2452 2180 2505 mi-

580 2548 730 2609 sceat
768 2540 853 2596 vel
902 2540 1159 2611 adjungat
1208 2544 1548 2599 exteriorum
1578 2544 1840 2614 appetitio
1868 2545 2179 2599 commodo-

578 2647 717 2689 rum.
748 2636 938 2705 Agitur
958 2638 1102 2692 enim
1131 2638 1198 2693 de
1225 2639 1389 2693 corde
1410 2639 1741 2704 mundando,
1767 2640 1907 2710 quod
1931 2640 2032 2693 nisi
2058 2639 2183 2697 fue-

578 2728 650 2783 rit.
677 2730 931 2801 simplex,
970 2734 1227 2788 mundum
1260 2748 1368 2789 non
1399 2734 1505 2789 erit
1528 2752 1542 2788 :
1569 2735 1800 2804 simplex
1830 2746 2012 2790 autem
2047 2748 2180 2804 quo-

578 2821 743 2876 modo
785 2825 910 2889 erit,
943 2827 987 2878 si
1020 2824 1225 2881 duobus
1281 2826 1517 2882 dominis
1557 2829 1744 2895 servit,
1802 2842 1903 2882 nec
1947 2841 2049 2881 una
2101 2826 2183 2879 in-

583 2914 830 2973 tentione
878 2933 1059 2973 rerum
1112 2927 1435 2975 aeternarum
1487 2921 1639 2989 purili
1672 2931 1760 2976 cat
1808 2922 1977 2975 aciem
2020 2933 2173 2974 suam

592 3009 693 3063 sed
725 3025 754 3064 e
775 3026 861 3064 am
896 3011 1205 3067 mortalium
1234 3028 1446 3082 qunque
1476 3014 1845 3084 fragiliumque
1871 3028 2049 3068 rerum
2068 3028 2188 3067 amo

576 3120 638 3161 re
667 3106 773 3160 obn
797 3106 962 3161 ubilat
983 3108 1007 3162 ἐ
1027 3107 1110 3163 Sit
1138 3123 1267 3177 ergo
1292 3108 1633 3179 eleemosyna
1668 3118 1752 3163 tua
1789 3109 1841 3163 in
1874 3106 2186 3162 abscondito

580 3196 890 3270 [absconso]
913 3239 930 3266 ,
975 3200 1236 3266 et,Pater
1272 3208 1393 3255 tuus
1430 3200 1521 3270 qui
1550 3201 1696 3255 videt
1741 3201 1792 3255 in
1836 3199 2168 3263 abscondito,
2205 3214 2249 3278 ρ

566 3291 760 3348 reddet
785 3292 909 3359 tibi;
939 3294 1240 3350 reetissime
1261 3296 1483 3349 omnino
1534 3303 1589 3350 et
1614 3294 1918 3349 verissime.
1944 3291 2001 3348 Si
2024 3294 2164 3347 enim

570 3382 849 3456 praemium
890 3385 957 3440 ab
987 3398 1053 3440 eo
1082 3392 1368 3455 exspectas
1413 3386 1507 3456 qui,
1532 3385 1876 3441 conscientiae
1907 3384 2051 3438 solus
2090 3384 2169 3437 in-

571 3488 789 3547 spector
816 3488 921 3545 est,
952 3479 1186 3536 sufﬁciat
1215 3479 1311 3536 tibi
1341 3480 1409 3535 ad
1440 3480 1856 3551 promerendum
1878 3479 2160 3551 praemium

568 3570 680 3640 ipsa
708 3574 1061 3629 conscientia.

1095 3644 1323 3701 CAPUT
1364 3644 1633 3702 CCCXIII.

567 3732 673 3788 Cur
694 3735 949 3789 orandum
968 3736 1066 3803 sit,
1099 3736 1209 3791 Deo
1253 3738 1439 3791 sciente
1462 3738 1588 3806 quid
1613 3736 1757 3792 nobis
1780 3737 2160 3802 necessarium;

1146 3824 1211 3861 ea:
1235 3809 1412 3862 eodem
1444 3809 1593 3863 libro.

633 3921 811 3990 Quaeri
842 3930 1016 3993 potest
1042 3924 1158 3980 sive
1187 3924 1346 3979 rebus
1380 3924 1498 3980 sive
1539 3925 1718 3980 verbis
1762 3925 2027 3981 orandum
2053 3925 2158 3981 sit?

563 4015 687 4087 quid
712 4032 846 4087 opus
876 4018 945 4072 sit
973 4018 1089 4088 ipsa
1138 4020 1406 4088 oratione,
1454 4020 1499 4074 si
1544 4019 1685 4075 Deus
1715 4018 1823 4088 jam
1857 4020 2005 4074 novit
2034 4020 2164 4090 quid

563 4108 719 4164 nobis
739 4110 811 4164 sit
838 4109 1241 4166 necessarium?
1268 4112 1369 4166 nisi
1400 4113 1523 4182 quia
1554 4111 1665 4181 ipsa
1698 4112 1966 4166 orationis
1996 4112 2170 4165 inten-

573 4203 649 4258 tio
664 4218 759 4258 cor
774 4214 1013 4259 nostrum
1039 4214 1253 4259 serenat
1285 4214 1342 4261 et
1369 4213 1590 4274 purgat,
1610 4204 1979 4274 capaciusque
2006 4203 2170 4259 efﬁcit

561 4295 629 4351 ad
651 4297 961 4369 excipienda
978 4298 1155 4352 divina
1172 4313 1260 4352 mu
1279 4314 1312 4352 n
1328 4312 1418 4352 era
1442 4314 1562 4368 quae
1586 4297 1897 4365 spiritaliter
1919 4296 2073 4354 nobis
2090 4297 2171 4351 in-

562 4389 874 4445 funduntur.
902 4390 1017 4446 Non
1056 4393 1197 4447 enim
1238 4391 1534 4445 ambitione
1577 4405 1795 4459 precum
1826 4405 1925 4445 nos
1952 4389 2170 4444 exaudit

561 4480 724 4550 Deus,
753 4483 838 4552 qui
870 4498 1083 4552 semper
1111 4494 1330 4551 paratus
1354 4492 1438 4538 est
1464 4483 1595 4538 dare
1620 4497 1771 4537 suam
1805 4482 1981 4537 lucem
2005 4483 2160 4538 nobis

559 4573 965 4639 nonvisibilem,
981 4576 1074 4631 sed
1094 4576 1481 4647 intelligibilem
1505 4585 1558 4631 et
1591 4574 1894 4643 spiritalem
1913 4592 1927 4639 ;
1946 4575 2040 4630 sed
2064 4590 2161 4631 nos

558 4679 669 4721 non
694 4679 909 4734 semper
932 4669 1103 4736 parati
1136 4684 1322 4724 sumus
1362 4667 1633 4737 accipere,
1664 4666 1798 4722 cum‘
1819 4668 2153 4723 declinamur

558 4759 934 4833 [inclinamur]
960 4763 1009 4815 in
1033 4763 1157 4829 alia,
1182 4773 1231 4817 et
1255 4779 1435 4817 rerum
1465 4761 1839 4831 temporalium
1870 4760 2161 4830 cupiditate

555 4853 929 4910 tenebramur.
975 4853 1060 4909 Fit
1109 4870 1238 4925 ergo
1278 4858 1331 4910 in
1371 4857 1617 4910 oratione
1653 4856 1939 4909 conversio
1980 4853 2161 4909 cordis

556 4945 624 5001 ad
646 4962 769 5002 eum
803 4946 896 5017 qui
931 4961 1145 5017 semper
1165 4948 1295 5002 dare
1318 4958 1534 5017 paratus
1556 4955 1659 5014 est,
1685 4947 1730 5001 si
1760 4961 1857 5001 nos
1878 4946 2156 5015 capiamus

553 5039 697 5107 quod
719 5038 949 5107 dederit,
981 5048 1035 5093 et
1065 5040 1117 5094 in
1146 5039 1258 5108 ipsa
1280 5040 1634 5094 conversione
1663 5039 1910 5109 purgatio
1929 5037 2154 5093 interio-

553 5130 632 5186 ris
655 5132 815 5198 oculi,
848 5148 968 5188 cum
1006 5133 1376 5189 excluduntur
1402 5146 1464 5186 ea
1493 5147 1611 5201 qua:
1644 5130 2014 5200 temporaliter
2051 5145 2145 5185 cu-

554 5225 865 5292 piebantur,
893 5234 951 5280 ut
979 5226 1125 5281 acies
1155 5224 1414 5293 simplicis
1439 5224 1618 5278 cordis
1652 5224 1791 5278 ferre
1819 5225 1988 5293 possit
2015 5222 2145 5277 sim-

553 5320 745 5390 plicem
781 5322 978 5390 lucem,
1010 5323 1269 5376 divinitus
1310 5319 1429 5374 sine
1466 5318 1574 5372 ullo
1600 5332 1792 5373 occasu
1823 5325 1916 5372 aut
1952 5318 2145 5372 immu-

550 5414 753 5469 tatione
798 5415 1118 5485 fulgentem;
1164 5432 1263 5470 nec
1304 5416 1479 5470 solum
1514 5412 1677 5479 ferre,
1708 5412 1800 5468 sed
1836 5412 2001 5467 etiam
2029 5426 2142 5466 ma-

551 5522 682 5563 nere
726 5508 778 5562 in
824 5508 937 5573 illa,
980 5524 1085 5563 non
1119 5519 1325 5564 tantum
1372 5508 1492 5564 sine
1547 5507 1817 5568 molestia,
1854 5506 1950 5561 sed
1978 5505 2139 5561 etiam

552 5613 675 5654 cum
700 5598 960 5654 ineffabili
989 5600 1206 5667 gaudio,
1237 5601 1379 5671 quod
1412 5614 1537 5655 vere
1568 5614 1631 5653 ac
1662 5597 1944 5654 sinceriter
1983 5598 2142 5652 beata

548 5692 661 5748 vita
684 5694 978 5766 percipitur
1020 5693 1357 5767 [perﬁcitur].
2029 5690 2038 5703 “

1075 5807 1301 5862 CAPUT
1348 5806 1620 5863 CCCXIV.

553 5895 634 5953 De
661 5896 951 5964 (li/fcrenti“
991 5901 1277 5955 tentationis
1305 5918 1317 5954 ε
1344 5912 1389 5955 et
1425 5901 1679 5971 quomodo
1722 5896 1957 5954 diabcius
1987 5904 2138 5953 stete-

2381 480 2534 537 libro.

2379 635 2548 693 Sexta
2577 640 2761 708 petitio
2784 650 2883 710 est,
2908 642 2973 698 Et
2996 657 3063 699 ne
3092 657 3192 698 nos
3219 642 3419 700 inferas
3448 644 3505 700 in
3535 649 3853 703 tentationem.

2304 730 2556 784 Nonnulli
2589 733 2804 788 codices
2837 732 3060 800 habent,
3099 734 3343 802 inducas,
3379 736 3532 806 quod
3575 740 3855 794 tantumdem

2305 821 2487 878 valere
2520 823 2783 893 arbitror;
2816 842 2940 883 nam
2972 843 3039 883 ex
3071 843 3181 884 uno
3209 829 3400 884 Graeco
3423 830 3578 900 quod
3609 831 3855 887 dictumest

2306 915 2507 988 ἐνέγκῃς
2565 916 2914 993 [εἰσενέγκῃς],
2968 919 3158 977 Latine
3226 929 3522 991 utrumque
3596 922 3853 978 translatum

2304 1018 2411 1065 est.
2439 1010 2587 1067 Multi
2617 1021 2798 1067 autem
2828 1011 3173 1084 deprecando
3204 1013 3279 1069 ita
3318 1014 3517 1069 dicunt
3546 1032 3561 1067 :
3586 1014 3662 1070 Ne
3684 1032 3766 1071 nos
3795 1033 3853 1086 pa-

2306 1105 2455 1160 tiaris
2493 1107 2687 1163 induci
2744 1109 2797 1163 in
2846 1108 3223 1177 tentationem,
3281 1119 3632 1179 exponentes
3667 1112 3854 1169 videlicet

2302 1199 2574 1267 quomodo
2604 1200 2805 1255 dictum
2849 1201 2921 1255 sit
2947 1200 3194 1257 inducas.
3238 1201 3355 1256 Non
3378 1204 3535 1258 enim
3562 1218 3655 1271 per
3672 1204 3848 1273 seipsun

2301 1292 2508 1349 inducit
2536 1294 2702 1361 Deus,
2725 1295 2821 1352 sed
2852 1295 3031 1350 induci
3054 1296 3255 1366 patitur
3281 1312 3406 1352 eum
3432 1312 3607 1366 quem
3635 1312 3725 1353 suo
3748 1302 3850 1355 auxi-

2300 1383 2374 1439 lio
2405 1386 2728 1452 deseruerit,
2761 1387 2951 1443 ordine
2979 1389 3350 1444 occultissimo
3382 1404 3446 1445 ac
3481 1392 3689 1446 meritis
3706 1393 3846 1457 causa.

2300 1480 2463 1535 etiam
2506 1496 2650 1552 saepe
2681 1481 3002 1547 manifestis,
3034 1483 3252 1553 dignum
3272 1482 3493 1553 judicat
3522 1484 3613 1540 ille
3633 1500 3769 1555 quem
3785 1484 3844 1541 de

2295 1587 2445 1631 serat
2472 1586 2525 1631 et
2569 1577 2621 1632 in
2665 1577 3013 1633 tentationem
3063 1577 3243 1634 induci
3284 1580 3450 1634 sinat.
3503 1580 3656 1635 Aliud
3692 1590 3845 1635 estau-

2300 1678 2403 1724 tem
2437 1670 2615 1726 induci
2665 1672 2719 1726 in
2758 1672 3135 1737 tentationem,
3166 1672 3309 1725 aliud
3354 1674 3596 1727 tentari:
3639 1674 3846 1728 namsine

2298 1765 2599 1819 tentatione
2627 1764 2882 1833 probatus
2911 1779 3033 1820 esse
3058 1765 3238 1819 nullus
3266 1774 3465 1835 potest,
3509 1765 3621 1821 sive
3647 1768 3732 1821 sibi
3751 1768 3842 1835 ipsi,

2292 1854 2435 1909 sicut
2456 1856 2712 1925 scriptum
2745 1867 2825 1912 est
2850 1875 2863 1910 :
2890 1857 2989 1924 Qui
3030 1872 3134 1912 non
3166 1866 3252 1912 est
3282 1867 3525 1914 tentatus
3561 1860 3712 1930 qualia
3734 1860 3842 1914 scit?

2288 1949 2403 2004 sive
2429 1949 2570 2015 aliis,
2603 1951 2743 2005 sicut
2780 1950 3070 2020 Apostolus
3102 1951 3232 2005 dicit
3262 1969 3288 2004 :-
3310 1951 3377 2005 Et
3412 1952 3739 2007 tentationem
3765 1967 3842 2006 ve-

2290 2051 2455 2097 stram
2500 2044 2552 2097 in
2581 2058 2745 2099 carne
2796 2059 2915 2099 mea
2951 2059 3058 2098 non
3102 2044 3411 2111 sprevistis.
3444 2045 3577 2100 Hinc
3619 2048 3746 2099 enim
3770 2060 3843 2100 eos

2289 2134 2475 2191 ﬁrmos
2505 2150 2627 2191 esse
2671 2137 2946 2206 cognovit,
2989 2136 3135 2206 quod
3183 2137 3263 2192 eis
3307 2137 3720 2193 tribulationibus
3748 2154 3843 2208 qua

2288 2227 2548 2297 Apostolo
2588 2229 2883 2285 secundum
2920 2244 3140 2284 carnem
3192 2230 3484 2285 acciderant
3525 2247 3625 2284 non
3661 2241 3777 2285 sunt
3812 2245 3841 2285 a
3958 2208 3959 2297 i

2288 2320 2550 2376 charitate
2577 2320 2770 2377 deﬂexi
2802 2342 2814 2375 :
2848 2337 2969 2377 nam
3018 2322 3129 2377 Deo
3158 2322 3271 2377 noti
3312 2338 3480 2378 sumus
3509 2332 3561 2377 et
3590 2332 3708 2378 ante
3733 2338 3844 2377 om-

2289 2430 2388 2470 nes
2416 2418 2766 2484 tentationes,
2797 2417 2884 2488 qui
2916 2417 3018 2472 scit
3039 2418 3219 2472 omnia
3248 2424 3526 2485 antequam
3546 2416 3691 2470 ﬁant.
3704 2415 3841 2483 Quod

2289 2510 2470 2581 itaque
2512 2513 2769 2581 scriptum
2800 2521 2882 2567 est
2913 2529 2925 2565 :
2953 2511 3148 2567 Tentat
3189 2525 3287 2565 vos
3320 2510 3573 2565 Dominus
3599 2513 3839 2567 Densves-

2290 2613 2394 2670 ter,
2430 2614 2487 2657 ut
2514 2605 2647 2658 sciat
2678 2605 2721 2658 s’
2769 2603 3002 2675 diligatis
3032 2619 3154 2659 eum
3179 2620 3195 2669 ;
3220 2603 3309 2658 illa
3350 2604 3621 2658 locutione
3646 2603 3829 2673 positum

2289 2708 2393 2766 est,
2423 2706 2481 2753 ut
2511 2700 2645 2763 sciat
2676 2712 2773 2767 pro
2814 2711 2879 2752 eo
2901 2697 3045 2767 quod
3068 2706 3172 2761 est,
3206 2706 3266 2750 ut
3291 2696 3441 2751 scire
3464 2711 3560 2751 vos
3590 2696 3831 2750 faciat:si-

2288 2800 2381 2846 cut
2426 2790 2568 2846 diem
2600 2790 2785 2845 Ianum
2813 2788 3041 2844 dicimus
3090 2789 3232 2858 quod
3270 2788 3432 2843 laetos
3466 2789 3606 2851 facit,
3630 2797 3670 2842 et
3696 2786 3824 2853 frigus

2292 2891 2502 2961 pigrum
2526 2889 2668 2959 quod
2697 2890 2879 2959 pigros
2911 2886 3068 2952 facit,
3099 2895 3153 2941 et
3181 2885 3599 2940 innumerabilia
3630 2883 3823 2951 hujusce

2289 2983 2458 3047 modi,
2486 2998 2607 3052 quas
2628 2983 2748 3037 sive
2769 2982 2821 3035 in
2841 2979 3231 3036 consuetudine
3264 2978 3557 3049 loquendi,
3574 2979 3665 3032 sive
3679 2977 3721 3029 in
3737 2989 3818 3028 ser-

2290 3089 2448 3129 mone
2488 3074 2769 3129 doctorum
2787 3116 2803 3143 ,
2831 3072 2947 3129 sive
2975 3073 3029 3127 in
3059 3071 3353 3141 Scripturis
3385 3076 3593 3129 sanctis
3616 3070 3809 3139 reperim-

2291 3177 2406 3235 tur;
2432 3168 2575 3239 quod
2601 3184 2707 3222 non
2737 3168 3102 3238 intelligentes
3124 3167 3369 3222 ἥπτεῑίρί
3398 3169 3495 3239 qui
3517 3168 3662 3223 Veteri
3679 3164 3793 3217 Testa-

2283 3269 2465 3315 mento
2484 3260 2859 3326 adversantur,
2887 3260 3032 3315 velut
3077 3260 3396 3329 ignorantia:
3432 3261 3573 3316 vitio
3594 3255 3792 3314 nonetiam

2276 3362 2467 3424 putant
2490 3368 2614 3409 eum
2642 3353 2711 3409 de
2742 3369 2845 3424 quo
2867 3354 3071 3410 dictum
3102 3364 3221 3410 est:
3253 3354 3463 3410 Tentat
3486 3371 3584 3411 vos
3622 3353 3801 3408 Doniaas

2276 3448 2420 3503 Deus
2453 3457 2650 3511 vester,
2675 3449 2826 3518 quasi
2860 3448 2911 3502 in
2939 3448 3230 3519 Evangelia
3258 3448 3330 3504 de
3360 3449 3599 3505 Domino
3625 3448 3819 3516 scripm

2272 3557 2381 3598 non
2432 3544 2503 3598 sit
2551 3561 2563 3596 :
2609 3542 2720 3598 Hoc
2769 3551 2948 3599 autem
3001 3543 3215 3599 dicebat
3260 3552 3479 3601 tentans
3547 3559 3702 3609 eum,
3738 3554 3824 3595 nam

2272 3637 2391 3706 ipse
2443 3637 2648 3695 sciebat
2687 3637 2812 3707 quid
2863 3645 3010 3693 esset
3054 3637 3321 3705 facturus;
3376 3640 3421 3692 si
3446 3639 3593 3693 enim
3651 3644 3836 3691 noverat

2272 3742 2367 3783 cor
2392 3728 2509 3797 ejus
2544 3744 2703 3799 quem
2745 3729 3008 3796 tentabat,
3042 3730 3172 3799 quid
3204 3738 3289 3785 est
3306 3730 3439 3800 quod
3468 3729 3642 3783 voluit
3678 3729 3839 3782 videre

2275 3823 2569 3878 tentando?
2592 3823 2686 3879 sed
2734 3823 2975 3894 profecto
3017 3824 3151 3878 illud
3182 3824 3363 3879 factum
3402 3832 3478 3877 est
3509 3831 3569 3875 ut
3602 3822 3722 3889 ipse
3752 3822 3848 3875 sibi

2272 3923 2432 3971 notus
2455 3915 2609 3971 ﬁeret
2636 3916 2726 3987 qui
2760 3916 3086 3984 tentabatur,
3129 3928 3378 3986 suamque
3412 3913 3843 3984 desperationem

2272 4012 2662 4068 condemnaret
2706 4010 2965 4067 saturatis
3013 4010 3187 4066 turbis
3230 4011 3298 4065 de
3346 4024 3475 4080 pane
3507 4009 3751 4075 Domini,
3777 4007 3847 4076 qui

2272 4120 2364 4161 eas
2418 4122 2524 4163 non
2579 4107 2779 4162 habere
2819 4105 2961 4176 quod
3012 4105 3235 4161 ederent
3276 4105 3705 4159 existimaverat.
3753 4102 3844 4155 Non

2271 4214 2401 4273 ergo
2431 4202 2517 4258 hic
2542 4210 2729 4257 oratur
2752 4209 2811 4256 ut
2836 4215 2943 4256 non
2977 4207 3271 4264 tentemur,
3303 4198 3400 4253 sed
3440 4208 3497 4251 ut
3538 4214 3651 4252 non
3680 4196 3849 4251 iniera-

2273 4310 2392 4349 mur
2412 4296 2464 4349 in
2493 4294 2843 4349 tentationem
2871 4310 2886 4358 ;
2919 4303 3171 4362 tanquam
3200 4291 3245 4346 si
3270 4292 3549 4362 quispiam
3578 4291 3662 4347 cui
3693 4302 3843 4343 neces-

2271 4402 2330 4443 se
2358 4396 2439 4443 est
2476 4388 2601 4458 igne
2632 4387 2951 4451 examinari,
2990 4399 3095 4439 non
3127 4393 3243 4440 oret
3275 4397 3330 4437 ut
3368 4383 3504 4455 igne
3536 4401 3645 4439 non
3665 4382 3839 4438 contin-

2270 4491 2445 4551 gatur,
2482 4479 2578 4535 sed
2609 4489 2667 4533 ut
2708 4493 2811 4533 non
2836 4487 3114 4533 exuratur.
3147 4478 3286 4532 Vasa
3324 4479 3477 4531 enim
3514 4477 3659 4547 ﬁguli
3682 4473 3830 4542 probat

2273 4575 2483 4637 fornax.
2516 4573 2763 4628 homines
2796 4587 2927 4626 vero
2964 4571 3163 4641 justos,
3214 4571 3447 4625 tentatio
3486 4562 3832 4626 tribulationis.

2268 4667 2465 4737 Ioseph
2495 4683 2623 4738 ergo
2655 4677 2889 4723 tentatus
2911 4676 2994 4722 est
3024 4666 3273 4721 illecebra
3299 4667 3512 4733 stupri,
3544 4667 3643 4721 sed
3665 4678 3757 4717 non
3780 4665 3844 4713 ﬁt

2266 4759 2516 4815 inductus
2557 4761 2609 4813 in
2642 4761 3036 4825 tentationem;
3078 4758 3326 4814 Suzanna
3375 4765 3605 4813 tentata
3656 4767 3851 4821 estate

2264 4857 2377 4928 ipsa
2400 4856 2615 4911 inducta
2638 4856 2722 4911 vel
2762 4855 2906 4909 illata
2947 4858 2999 4910 in
3048 4856 3439 4922 tentationem;
3473 4857 3754 4924 multique
3788 4848 3847 4905 alii

2262 4950 2539 5019 utriusque
2569 4965 2751 5006 sexus.
2799 4950 2906 5006 Sed
2952 4950 3053 5005 Job
3096 4951 3350 5015 maxime,
3386 4952 3565 5020 cujus
3601 4948 3856 5005 admirabi-

2262 5041 2367 5096 lem
2436 5042 2781 5098 stabilitatem
2856 5043 2908 5096 in
2983 5044 3093 5098 Deo
3150 5042 3380 5098 Domino
3445 5060 3568 5099 suo
3637 5059 3759 5099 cum
3805 5039 3855 5092 iFi

2254 5133 2497 5190 haeretici
2556 5136 2739 5190 hostes
2800 5134 3006 5191 Veteris
3058 5135 3393 5191 Testamenti
3447 5153 3564 5194 ore
3631 5139 3866 5203 sacri‘ega

2253 5230 2482 5285 irridere
2534 5230 2823 5295 voluerint,
2856 5231 2985 5287 illud
3019 5246 3130 5301 prae
3178 5230 3394 5286 caneris
3423 5233 3726 5288 ventilant
3752 5226 3864 5299 quae!

2253 5323 2480 5380 Satanas
2528 5324 2775 5393 petiverit
2828 5339 2951 5379 eum
3004 5323 3315 5381 tentandum
3350 5339 3367 5377 :
3402 5335 3695 5394 quaerunt
3751 5323 3871 5380 enim

2250 5420 2319 5473 ab
2370 5419 2631 5487 imperitis
2697 5418 3002 5474 hominibus
3069 5418 3190 5473 talia
3268 5416 3609 5489 intelligere
3698 5430 3873 5483 nequa-

2254 5530 2413 5584 quam
2453 5513 2777 5576 valentibus,
2823 5510 3095 5582 quomodo
3141 5510 3369 5567 Satanas
3426 5524 3581 5567 cum
3666 5512 3782 5568 Deo
3818 5510 3895 5589 lt»,

2254 5607 2344 5679 qui
2389 5604 2660 5677 potuerit?
2709 5620 2815 5660 non
2863 5604 3176 5668 intuentes,
3222 5616 3326 5657 non
3383 5602 3553 5657 enim
3630 5608 3875 5673 possunt,

2252 5718 2374 5759 cum
2420 5699 2799 5771 superstitione
2828 5708 2883 5755 et
2909 5698 3252 5754 contentione
3280 5697 3467 5752 θεοειιί
3520 5707 3703 5764 sunt,
3732 5699 3883 5753 Dem

2255 5811 2359 5851 non
2387 5795 2496 5865 83
2525 5794 2626 5849 loci
2660 5792 2891 5863 spatium
2918 5791 3059 5848 mole
3073 5790 3315 5861 corporis
3336 5803 3675 5859 occupare,
3710 5800 3767 5845 et
3817 5788 3884 5839 sic

2256 5891 2379 5946 alibi
2412 5902 2554 5951 esse,
2580 5886 2707 5942 alibi
2746 5901 2849 5941 non
2883 5899 3024 5948 esse.
3083 5894 3175 5940 aut
3202 5891 3351 5940 certe
3384 5882 3477 5937 hic
3516 5893 3770 5954 partem
3798 5882 3887 5936 ha-
