4010 6382
224 381 366 436 1055

1393 382 1830 447 THESAURUS.
1872 390 2024 446 CAP.
2066 392 2315 452 CCCXV.

3362 414 3502 474 1054

221 491 352 548 bere
379 491 541 547 aliam
562 499 615 546 et
641 491 765 546 alibi
790 490 950 548 aliam
976 509 992 561 ;
1015 493 1112 550 sed
1141 494 1425 566 majestate
1453 499 1649 570 ubique
1671 517 1806 571 ριιτεο
1832 505 1883 566 Α
1913 505 2052 562 libro
2073 524 2194 564 cum
2219 513 2523 569 temeritate
2545 514 2781 586 culpare.
2809 517 2966 574 Fiunt
2990 519 3151 591 igitur
3171 529 3498 586 teutationes

222 595 309 642 sto
337 601 482 655 esse,
517 601 623 642 non
654 602 752 656 per
774 597 953 657 partes
983 589 1234 656 divisum.
1263 593 1356 648 sed
1380 594 1575 666 ubique
1604 596 1810 667 perfec-

221 685 356 733 tum.
389 678 544 746 Quod
574 679 618 734 si
649 682 938 738 carnaliter
965 683 1240 741 intuentur
1267 687 1409 757 quod
1454 689 1654 745 dictum
1675 700 1758 747 est
1790 708 1806 749 :

221 771 428 830 Casium
451 773 580 828 mihi
613 777 835 832 thronus
861 776 1060 851 [sedes]
1105 789 1208 848 est,
1241 791 1296 836 et
1327 792 1466 839 terra
1515 786 1807 842 scabellum

220 865 417 934 pedum
446 881 718 934 meorum;
749 869 834 924 cui
884 871 1002 926 loco
1032 880 1086 926 et
1114 872 1376 932 Dominus
1406 885 1695 934 attestatur
1723 880 1804 935 di-

220 972 386 1014 cens:
412 957 528 1015 Non
571 958 785 1030 juretis,
813 978 986 1034 neque
1013 980 1110 1035 per
1153 968 1368 1037 ctelum,
1402 971 1525 1041 quia
1583 971 1809 1029 thronus

219 1050 314 1107 Dei
335 1063 444 1118 est;
479 1069 653 1124 neque
684 1071 780 1125 per
830 1065 1052 1125 terram,
1105 1060 1227 1130 quia
1259 1063 1551 1118 scabellum
1604 1075 1684 1120 est
1714 1081 1808 1136 pe-

219 1145 343 1202 dum
375 1147 521 1217 ejus;
550 1147 676 1218 quid
709 1151 902 1205 mirum
933 1151 976 1206 si
1009 1153 1061 1206 iu
1093 1161 1237 1208 terra
1269 1155 1514 1211 diabolus
1539 1158 1806 1213 constitu-

217 1247 322 1309 tus,
374 1251 498 1296 ante
553 1242 716 1310 pedes
769 1243 865 1298 Dei
925 1247 1094 1310 stetit,
1155 1255 1208 1302 et
1244 1261 1426 1303 coram
1480 1249 1570 1306 illo
1599 1250 1806 1321 aliquid

220 1330 430 1387 locutus
460 1334 584 1387 est?
611 1333 742 1388 Nam
782 1335 997 1406 quando
1021 1337 1096 1392 illi
1127 1339 1313 1424 valent
1335 1341 1634 1414 intelligere
1685 1345 1806 1400 nul-

218 1426 324 1481 lam
352 1441 472 1482 esse
496 1428 755 1492 animam,
811 1433 1056 1500 quamvis
1090 1448 1419 1502 perversam,
1451 1453 1574 1508 qua:
1625 1447 1805 1496 tamen

217 1517 365 1573 nullo
394 1517 553 1574 modo
606 1520 919 1577 ratiocinari
965 1533 1159 1593 potest,
1193 1526 1246 1579 in
1273 1528 1427 1598 cujus
1474 1532 1806 1588 conscientia

218 1623 324 1665 non
348 1609 597 1680 loquatur
629 1612 926 1669 Dominus?
963 1616 1093 1684 Quis
1115 1617 1262 1672 enim
1297 1621 1522 1690 scripsit
1546 1624 1599 1679 in
1628 1625 1805 1680 cordi-

215 1703 317 1759 bus
367 1704 644 1760 hominum
699 1708 999 1763 naturalem
1056 1709 1225 1774 legem
1266 1714 1366 1769 nisi
1399 1715 1676 1774 Deuside
1702 1735 1805 1786 qua

217 1795 335 1863 lege
365 1798 656 1868 Apostolus
685 1799 814 1854 dicit
845 1817 858 1852 :
892 1799 1028 1855 Cum
1069 1803 1213 1858 enim
1265 1816 1454 1876 gentes
1481 1824 1601 1879 quae
1629 1811 1802 1880 legem

1915 612 2014 668 per
2037 601 2315 671 Satanam,
2350 623 2457 663 non
2487 619 2750 678 poteState
2791 614 2926 683 ejus,
2960 617 3055 672 sed
3086 621 3349 687 permisso
3393 625 3500 682 Do-

1915 690 2046 745 mini
2074 692 2140 747 ad
2164 694 2435 766 homines,
2483 708 2576 754 aut
2616 716 2714 770 pro
2734 704 2845 759 suis
2892 709 3129 775 peccatis
3175 713 3496 782 puniendos,

1912 791 2003 836 aut
2036 798 2132 852 pro
2165 786 2255 842 Dei
2278 789 2648 848 misericordia
2679 796 2987 864 probandos
3016 808 3073 856 et
3117 806 3452 864 exercendas
3482 827 3497 876 ;

1913 882 1966 927 ct
1995 874 2220 932 interest
2246 879 2535 948 plurimum
2566 884 2619 937 in
2643 885 2856 954 qualem
2889 891 3118 961 quisque
3141 874 3496 952 tentationem

1911 964 2135 1020 incidat.
2169 968 2286 1024 Non
2317 973 2461 1028 enim
2505 975 2559 1029 in
2584 976 2745 1032 talem
2773 979 2962 1036 incidit
2991 982 3153 1040 Judas
3178 987 3271 1056 qui
3313 990 3501 1044 vendi-

1910 1056 1990 1112 dit
2019 1057 2329 1129 Dominum,
2365 1066 2418 1120 in
2441 1069 2654 1137 qualem
2689 1071 2879 1128 incidit
2907 1073 3100 1131 Petrus
3128 1093 3250 1134 cum
3281 1085 3500 1140 territus

1909 1150 2193 1210 Dominum
2238 1161 2474 1228 negavit.
2519 1163 2656 1219 Sunt
2681 1167 2842 1223 etiam
2874 1169 3121 1228 humanae
3151 1179 3496 1247 tentationes,

1909 1243 2072 1300 credo
2109 1261 2230 1303 cum
2275 1249 2416 1306 bono
2446 1253 2675 1324 quisque
2715 1260 2918 1330 animo,
2963 1267 3257 1322 secundum
3311 1270 3502 1326 huma-

1909 1350 2031 1391 nam
2060 1348 2235 1396 tamen
2270 1341 2634 1415 fragilitatem,
2684 1351 2738 1406 in
2766 1354 2946 1424 aliquo
2990 1358 3218 1415 consilio
3277 1361 3495 1430 labitur,

1908 1443 1999 1487 aut
2029 1433 2270 1492 irritatur
2300 1439 2354 1495 in
2383 1439 2606 1498 fratrem
2641 1447 2820 1504 studio
2850 1451 3178 1522 corrigendi,
3210 1456 3368 1524 paulo
3423 1467 3502 1512 ta-

1909 1543 2031 1583 men
2063 1533 2292 1601 amplius
2321 1551 2480 1606 quam
2508 1539 2814 1598 Christiana
2847 1549 3210 1618 tranquillitas
3235 1556 3493 1621 postulat;

1907 1619 1976 1676 de
2005 1622 2198 1691 quibus
2245 1627 2538 1695 Apostolus
2567 1631 2697 1686 dicit
2728 1649 2742 1687 :
2774 1634 3027 1694 Tentatio
3049 1654 3144 1696 vos
3177 1619 3282 1697 non
3309 1661 3501 1715 appre-

1907 1710 2109 1768 hendat
2140 1716 2242 1771 nisi
2274 1716 2531 1791 humana,
2571 1737 2690 1779 cum
2719 1724 2860 1782 idem
2891 1728 3034 1786 dicat
3064 1750 3076 1784 :
3111 1733 3311 1791 Fidelis
3334 1710 3497 1805 Deus,

1906 1806 1995 1874 qui
2030 1821 2126 1862 vos
2154 1824 2261 1864 non
2289 1813 2432 1868 sinat
2459 1818 2655 1872 tentari
2681 1833 2844 1890 supra
2875 1838 3034 1891 quam
3077 1828 3301 1894 potestis
3333 1830 3498 1900 ferre,

216 1903 323 1943 non
340 1888 536 1945 habent
553 1892 869 1948 naturaliter
880 1909 999 1963 qua:
1014 1894 1144 1965 legis
1156 1906 1278 1952 sunt
1295 1897 1516 1969 faciunt,
1547 1901 1602 1956 hi
1627 1905 1798 1975 legem

1906 1897 1998 1951 sed
2032 1897 2333 1958 facietcum
2366 1908 2662 1964 tentatione
2689 1911 2850 1966 etiam
2883 1914 3081 1970 exitum
3107 1916 3496 1992 [proventum],

217 1995 325 2036 non
341 1981 606 2037 habentes
624 1982 725 2053 ipsi
739 1983 1100 2054 sibisuntlex,
1115 1988 1655 2062 quiostenduntopus
1675 1995 1808 2067 legis

216 2075 476 2144 scriptum
491 2077 544 2130 in
574 2077 826 2134 cordibus
839 2078 973 2146 suis,
989 2088 1660 2145 contestanteconscientia
1689 2091 1808 2148 illo-

215 2180 336 2220 rum
356 2167 565 2223 etinter
579 2183 639 2224 se
654 2170 882 2226 invicem
904 2174 1286 2243 cogitationum
1305 2183 1696 2249 accusantium,
1716 2195 1807 2240 aut

215 2257 379 2313 etiam
408 2263 797 2328 excusantium,
835 2265 888 2319 in
914 2264 1001 2321 die
1028 2282 1130 2337 qua
1148 2268 1414 2337 iudicabit
1434 2272 1576 2330 Deus
1599 2279 1805 2333 occulta

211 2348 515 2408 hominum.
572 2354 914 2426 Quapropter
961 2358 1009 2413 si
1056 2361 1232 2415 omnis
1281 2363 1457 2417 anima
1502 2368 1803 2438 rationalis,

213 2443 376 2497 etiam
404 2446 694 2515 cupiditate
716 2461 938 2518 caecata,
969 2461 1146 2508 tamen
1179 2468 1300 2509 cum
1329 2459 1530 2527 cogitat
1558 2468 1607 2514 et
1639 2463 1805 2519 ratio-

211 2533 446 2602 cinatur,
476 2537 730 2607 quidquid
763 2541 815 2594 in
834 2557 896 2596 ea
922 2545 1331 2603 ratiocinatione
1354 2565 1539 2606 verum
1566 2563 1670 2622 est,
1699 2573 1806 2613 non

208 2622 262 2678 ei
291 2626 629 2684 tribuendum
653 2639 757 2697 est,
781 2633 876 2688 sed
900 2633 1001 2704 ipsi
1024 2636 1213 2692 lumini
1237 2641 1496 2711 veritatis,
1531 2660 1560 2700 a
1584 2663 1689 2717 quo
1721 2652 1805 2707 vel

213 2718 445 2773 tenuiter
475 2735 575 2790 pro
597 2724 678 2778 sui
707 2726 1006 2795 capacitate
1058 2729 1380 2803 illustratur,
1414 2747 1472 2792 ut
1493 2753 1675 2795 verum
1707 2744 1806 2798 ali-

208 2810 339 2879 quid
369 2811 419 2866 in
444 2814 814 2872 ratiocinando
846 2821 1077 2887 sentiat;
1113 2824 1240 2893 quid
1270 2827 1463 2883 mirum
1514 2831 1560 2885 si
1603 2833 1805 2893 diaboli

207 2899 410 2969 anima,
445 2919 613 2972 prava
654 2909 948 2976 cupiditate
999 2926 1276 2985 perversa,
1311 2919 1572 2990 quidquid
1623 2932 1804 2984 tamen

205 3005 396 3049 verum
439 2996 506 3051 de
557 2998 702 3068 justo
763 3001 878 3059 viro
928 3007 1204 3076 cogitavit,
1252 3026 1376 3068 cum
1423 3031 1544 3072 eum
1596 3028 1804 3080 tentare

207 3082 380 3139 vellet
421 3086 587 3154 ipsius
617 3089 710 3145 Dei
742 3108 895 3161 voce,
925 3095 979 3151 id
1009 3107 1094 3153 est
1128 3099 1297 3170 ipsius
1347 3104 1601 3165 Veritatis
1645 3129 1800 3183 voce,

205 3179 421 3237 audisse
459 3185 809 3254 perhibetur?
848 3191 1116 3265 Quidquid
1145 3209 1325 3256 autem
1355 3203 1549 3262 falsum
1583 3209 1660 3265 illi
1707 3179 1802 3268 cu;

205 3276 420 3345 piditati
448 3282 700 3338 tribuitur
724 3302 828 3356 qua
851 3288 1054 3346 diaboli
1088 3310 1284 3353 nomen
1333 3304 1562 3373 accepit,
1619 3323 1794 3378 quan-
1825 3287 1872 3352 (ἶ

204 3383 370 3436 quam
405 3370 694 3447 [quamvis]
727 3381 890 3435 etiam
915 3397 1010 3449 per
1034 3397 1338 3446 creaturam
1363 3400 1699 3465 corporalem
1723 3414 1803 3459 at-

204 3475 314 3529 que
336 3462 603 3518 visibilem
635 3466 773 3521 Deus
798 3469 1118 3544 plerumque
1146 3478 1353 3536 locutus
1376 3462 1480 3553 est,
1506 3503 1603 3543 seu
1625 3489 1798 3559 bouis,

203 3569 303 3609 seu
337 3555 515 3621 malis,
551 3567 803 3629 tauquam
854 3566 1091 3621 omnium
1129 3567 1389 3628 Dominus
1417 3588 1471 3631 et
1522 3589 1720 3650 rector,
1748 3593 1803 3641 et

203 3662 308 3717 pro
334 3649 596 3720 cujusque
623 3653 702 3708 rei
731 3655 934 3713 meritis
965 3658 1260 3732 ordinator,
1293 3667 1431 3724 sicut
1456 3684 1553 3739 per
1582 3676 1802 3745 angelos

205 3739 302 3808 qui
351 3739 630 3798 hominum
685 3762 899 3816 quoque
951 3752 1259 3820 aspectibus
1300 3739 1688 3833 apparuerunt,
1747 3778 1802 3824 et

209 3847 312 3901 per
342 3834 630 3904 prophetas
674 3836 940 3908 dicentes,
975 3842 1098 3899 Haec
1149 3846 1282 3902 dicit
1331 3849 1613 3911 Dominus.
1662 3858 1800 3926 Quid

209 3941 341 3994 ergo
365 3929 556 3982 mirum
586 3931 632 3985 si
671 3947 972 4003 quanquam
1029 3953 1133 3993 non
1186 3941 1237 3996 in
1289 3944 1402 4011 ipsa
1452 3951 1797 4022 cogitatione,

210 4032 311 4084 per
339 4019 569 4087 aliquam
602 4031 747 4077 certe
769 4035 1071 4082 creaturam
1100 4033 1192 4086 tali
1239 4038 1389 4101 operi
1423 4047 1798 4102 accommoda-

211 4117 323 4164 tam
348 4109 489 4166 Deus
511 4111 716 4168 locutus
745 4131 866 4170 cum
898 4118 1113 4176 diabolo
1136 4123 1328 4179 dicitur
1343 4129 1363 4179 ’ἶ
1385 4129 1494 4186 Nec
1526 4133 1798 4204 dignitatis

205 4218 332 4260 esse
363 4206 691 4262 arbitrentur
717 4218 771 4264 et
798 4212 1190 4282 quasijustitite
1220 4221 1467 4278 meritum
1499 4229 1641 4297 quod
1673 4246 1794 4290 cum

203 4295 305 4351 illo
329 4296 470 4354 Deus
491 4299 704 4356 locutus
755 4312 858 4369 est,
900 4308 1154 4374 quoniam
1189 4310 1396 4369 locutus
1422 4295 1653 4377 est‘cum
1679 4325 1794 4380 ani-

206 4407 293 4445 ma
341 4391 599 4462 angelica,
637 4409 937 4467 quanquam
970 4401 1131 4456 stulta
1180 4415 1234 4461 et
1274 4409 1489 4479 cupida,
1543 4424 1793 4490 tanquam

202 4486 256 4540 si
286 4485 593 4556 loqueretur
620 4504 740 4545 cum
772 4493 950 4548 anima
979 4498 1210 4554 humana
1263 4505 1424 4560 stulta
1472 4518 1526 4564 et
1564 4485 1789 4582 cupida;

202 4586 304 4632 aut
331 4578 428 4647 ipsi
457 4580 635 4635 dicant
664 4585 934 4653 quomodo
975 4586 1187 4649 locutus
1211 4604 1294 4650 est
1335 4598 1474 4656 Deus
1524 4578 1650 4660 cuni
1701 4578 1792 4665 illo

199 4670 374 4726 divite
401 4673 554 4742 cujus
574 4675 922 4746 cupiditatem
955 4682 1326 4743 stultissimam
1375 4708 1600 4763 arguere
1625 4700 1795 4757 voluit

197 4763 395 4818 dicens
423 4783 435 4816 :
469 4767 666 4832 Stulte,
719 4769 819 4824 hac
851 4785 1008 4829 nocte
1039 4778 1212 4834 anima
1248 4791 1334 4838 tua
1365 4791 1737 4857 expostulatur
1763 4811 1793 4850 a

199 4864 283 4921 te,
309 4865 363 4910 et
385 4872 504 4926 quae
532 4864 845 4929 praeparasti
892 4867 1045 4935 cujus
1075 4875 1274 4928 erunt?
1320 4874 1478 4934 Certe
1531 4882 1634 4939 hoc
1679 4887 1795 4958 ipse

195 4948 467 5006 Dominus
495 4953 547 5007 in
571 4955 859 5027 Evangelio
884 4960 1035 5028 dicit,
1072 4967 1157 5020 cui
1193 4968 1430 5027 haeretici
1463 4976 1572 5046 isti,
1626 4983 1795 5039 velint

193 5042 402 5112 nolint,
434 5044 570 5100 colla
623 5048 967 5108 submittunt.
1026 5054 1082 5110 Si
1132 5069 1311 5116 autem
1360 5063 1462 5121 hoc
1509 5042 1793 5132 moventur

196 5138 353 5207 quod
404 5144 714 5201 tentandum
755 5148 966 5219 'jusmm
1019 5151 1250 5212 Satanas
1281 5161 1413 5228 petit
1461 5178 1491 5218 a
1521 5164 1654 5235 Deo,
1682 5187 1790 5228 non

193 5247 307 5302 ego
322 5247 532 5303 expono
558 5254 723 5306 quare
745 5242 814 5296 sit
836 5243 1054 5312 factum,
1079 5250 1173 5304 sed
1196 5249 1344 5321 ipsos
1366 5269 1500 5326 cogo
1522 5273 1791 5330 exponere

191 5338 372 5394 quare
402 5327 469 5382 sit
498 5327 696 5385 dictum
729 5333 783 5387 iu
817 5335 1107 5408 Evangelio
1154 5346 1222 5398 ab
1263 5346 1380 5415 ipso
1407 5327 1634 5408 Domino
1679 5355 1789 5412 dis-

187 5416 398 5484 cipulis
428 5419 540 5474 suis
570 5439 581 5473 :
610 5422 749 5480 Ecce
765 5425 990 5485 Satanas
1020 5434 1171 5501 petiit
1195 5451 1388 5495 vexare
1411 5457 1503 5498 vos
1523 5449 1792 5513 quomodo

193 5507 472 5575 triticum;
507 5519 561 5567 ct
593 5513 752 5571 Petro
783 5517 860 5573 ait
890 5536 902 5572 :
936 5521 1046 5591 Ego
1085 5536 1264 5584 autem
1306 5507 1567 5598 postulavi
1597 5553 1664 5595 ne
1693 5541 1790 5598 de-

194 5602 350 5657 ficiat
371 5603 504 5661 fides
535 5617 644 5664 tua.
693 5609 823 5666 Cum
875 5623 1053 5670 autem
1084 5619 1186 5674 hoc
1215 5630 1664 5701 exponuntmihi,
1719 5635 1794 5690 si-

191 5694 318 5749 mul
348 5695 477 5751 illud
508 5701 648 5768 quod
678 5717 708 5756 a
740 5718 826 5759 me
847 5718 1094 5774 quaerunt
1127 5721 1544 5782 exponuntsibi.
1576 5724 1633 5781 Si
1649 5694 1784 5784 ivero

192 5781 312 5841 neu
337 5788 603 5846 valuerint
629 5792 730 5848 hoc
757 5809 1050 5870 exponere,
1084 5818 1189 5860 non
1221 5809 1450 5867 audeant
1478 5815 1530 5870 id
1552 5819 1693 5888 quod
1728 5821 1780 5876 in

189 5879 495 5953 Evangelia
515 5886 632 5942 sine
674 5887 970 5948 offensione
1012 5910 1118 5952 non
1167 5897 1494 5975 intelligunt,
1529 5909 1581 5966 in
1609 5911 1789 5983 aliquo

495 6022 762 6083 Pnact.
811 6023 1006 6089 LXII.

1912 1998 1970 2044 ut
2000 1995 2217 2060 possitis
2241 1997 2495 2056 tolerare.
2541 2003 2599 2058 In
2628 2021 2729 2073 qua
2776 2009 3048 2064 sententia
3093 2013 3226 2067 satis
3265 2017 3502 2072 ostendit

1910 2096 2016 2137 non
2046 2084 2095 2139 id
2129 2088 2281 2144 nobis
2307 2093 2568 2149 orandum
2595 2110 2714 2152 esse
2761 2108 2818 2153 ut
2844 2117 2948 2155 non
2981 2112 3272 2172 tentemur,
3306 2109 3401 2163 sed
3431 2125 3498 2165 ne

1909 2174 1962 2230 in
1992 2181 2340 2238 tentationem
2376 2186 2731 2256 inducamur;
2761 2194 3062 2252 inducimur
3085 2201 3251 2268 enim,
3285 2205 3330 2259 si
3365 2206 3497 2262 tales

1909 2272 2199 2329 acciderint
2227 2292 2362 2346 quas
2394 2279 2532 2336 ferre
2581 2298 2688 2338 non
2721 2301 3005 2354 possumus
3033 2311 3047 2348 :
3082 2295 3177 2349 sed
3205 2311 3326 2352 cum
3377 2308 3498 2355 ten-

1910 2362 2142 2419 tationes
2198 2369 2513 2435 periculosae
2560 2372 2614 2426 in
2671 2389 2803 2444 quas
2853 2377 3039 2436 inferri
3098 2393 3261 2454 atque
3315 2389 3497 2445 induci

1910 2455 2268 2521 perniciosum
2291 2469 2393 2526 est,
2413 2471 2504 2516 aut
2526 2466 2795 2536 prosperis
2813 2469 2974 2526 rebus
2999 2476 3380 2544 temporalibus
3406 2491 3499 2535 aut

1906 2544 2152 2602 adversis
2197 2551 2458 2621 oriantur,
2493 2569 2651 2611 nemo
2698 2558 2962 2630 frangitur
3009 2564 3355 2624 adversarum
3381 2586 3498 2626 mo-

1908 2639 2060 2695 lestia
2093 2645 2180 2712 qui
2208 2659 2590 2717 prosperarum
2621 2651 2982 2713 delectatione
3006 2657 3344 2734 [dilectione]
3388 2680 3495 2721 non

1905 2731 2141 2800 capitur.
2356 2746 2366 2754 '

2435 2809 2665 2868 CAPUT
2715 2815 2963 2873 CCCXV.

1905 2891 1984 2948 De
2037 2896 2322 2992 septi/armi
2372 2900 2590 2992 Spit-itii.
2639 2919 2931 2992 septemque
2980 2916 3401 2992 Qeatituydinibus,
3443 2935 3495 2979 et

2120 2979 2310 3038 septem
2335 2975 2663 3040 petitionibus
2690 2975 2939 3038 orationis
2969 2985 3272 3046 Dominicw.

1979 3068 2200 3125 Videtur
2220 3073 2380 3128 etiam
2414 3075 2550 3132 mihi
2592 3084 2931 3150 septenarius
2953 3087 3057 3145 iste
3090 3107 3347 3149 numerus
3394 3095 3493 3152 ha-

1904 3172 2021 3212 rum
2056 3160 2378 3228 petitionum
2431 3180 2732 3238 congruere
2780 3174 2858 3230 illi
2887 3184 3195 3248 septenario
3242 3202 3489 3255 numero,

1902 3263 1969 3304 ex
1991 3265 2098 3319 quo
2125 3260 2269 3311 totus
2288 3256 2391 3312 iste
2417 3272 2599 3317 sermo
2629 3269 2887 3323 manavit.
2944 3270 3003 3327 Si
3033 3275 3174 3331 enim
3212 3279 3371 3336 timor
3395 3283 3492 3339 Dei

1908 3351 1992 3396 est
2015 3358 2122 3414 quo
2151 3344 2296 3402 beati
2327 3349 2462 3405 fiunt
2513 3368 2776 3424 pauperes
2803 3362 3017 3431 spiritu,
3050 3370 3301 3436 quoniam
3345 3375 3491 3445 ipso-

1906 3447 2023 3487 rum
2052 3445 2135 3490 est
2162 3453 2384 3507 regnum
2424 3443 2708 3515 caelorum,
2742 3459 2986 3519 petamus
3027 3468 3082 3512 ut
3128 3443 3493 3523 sanctificetur

1906 3525 1959 3579 in
1983 3525 2293 3586 hominibus
2319 3548 2515 3590 nomen
2549 3538 2670 3605 Dei,
2715 3541 2906 3601 timore
2940 3557 3089 3605 casio
3144 3568 3492 3621 permanente

1907 3615 1959 3670 in
1992 3620 2248 3677 saxulum
2271 3626 2476 3682 saaculi.
2512 3628 2568 3684 Si
2602 3632 2772 3699 pietas
2821 3645 2903 3691 est
2929 3654 3032 3707 qua
3064 3615 3202 3699 beati
3226 3659 3350 3702 sunt
3381 3654 3488 3707 mi-

1909 3723 2013 3778 tes,
2039 3717 2163 3785 quia
2193 3717 2295 3788 ipsi
2336 3720 2651 3780 liaereditate
2682 3728 3032 3796 possidebunt
3090 3745 3306 3805 terram,
3341 3754 3490 3812 peta-

1906 3825 2025 3865 mus
2052 3819 2109 3866 ut
2136 3812 2317 3867 veniat
2347 3830 2570 3885 regnum
2600 3818 2737 3888 ejus,
2763 3821 2879 3878 sive
2902 3823 2958 3879 in
2981 3841 3080 3883 nos
3106 3828 3271 3900 ipsos,
3299 3844 3357 3890 ut
3386 3838 3487 3892 mi-

1907 3913 2199 3971 tescamus,
2233 3919 2332 3960 nec
2357 3907 2406 3960 ei
2436 3909 2768 3979 resistamus,
2800 3914 2914 3971 sive
2938 3916 3004 3974 de
3052 3923 3191 3979 coelo
3217 3925 3270 3979 in
3295 3935 3486 3996 terras,

1904 3995 1959 4050 in
1986 3995 2234 4052 claritate
2263 3999 2526 4055 adventus
2554 4003 2764 4059 Domini
2791 4023 2900 4076 quo
2927 4026 3024 4066 nos
3052 4016 3403 4082 gaudebimus
3431 4031 3486 4076 et

1904 4088 2201 4155 laudamur,
2227 4091 2440 4146 dicente
2467 4093 2557 4148 illo
2584 4112 2598 4148 :
2625 4095 2834 4165 Venite,
2860 4099 3128 4159 benedicti
3151 4106 3327 4163 Patris
3353 4115 3483 4178 mei,

1903 4181 2167 4249 percipite
2195 4197 2416 4252 regnum
2441 4187 2585 4254 quod
2608 4187 2758 4244 vobis
2797 4201 3040 4260 paratum
3069 4207 3152 4252 est
3180 4200 3249 4255 ab
3273 4203 3482 4272 origine

1903 4271 2109 4326 mundi.
2154 4272 2211 4326 In
2242 4273 2490 4344 Domino,
2520 4277 2688 4347 inquit
2718 4283 2998 4354 propheta,
3030 4287 3335 4346 laudabitur
3363 4271 3485 4350 ani-

1903 4380 1989 4419 ma
2019 4380 2162 4433 mea,
2195 4368 2417 4424 audiant
2465 4373 2622 4428 mites
2675 4373 2978 4449 [mansueti]
3008 4388 3063 4436 et
3095 4382 3474 4451 jocundentur.

1899 4459 1958 4514 Si
1986 4459 2208 4515 scientia
2253 4471 2336 4517 est
2385 4479 2486 4533 qua
2531 4465 2669 4521 beati
2698 4479 2823 4524 sunt
2855 4472 2947 4541 qui
2974 4472 3178 4545 lugent,
3225 4481 3476 4548 quoniam

1855 4599 1865 4610 .
1899 4551 1999 4620 ipsi
2027 4554 2468 4624 consolabuntur,
2502 4572 2718 4616 oremus
2747 4570 2805 4616 ut
2833 4562 2927 4616 ﬁat
2954 4565 3200 4622 voluntas
3246 4571 3364 4640 ejus
3397 4575 3476 4628 si-

1898 4655 1990 4700 cut
2020 4645 2073 4699 in
2103 4646 2241 4702 coelo
2271 4656 2323 4702 et
2353 4645 2404 4702 in
2440 4659 2602 4716 terra,
2658 4651 2784 4720 quia
2809 4667 2930 4707 cum
2985 4671 3177 4727 corpus
3229 4673 3481 4735 tanquam

1901 4745 2066 4806 terra,
2095 4737 2306 4807 spiritui
2332 4749 2582 4809 tanquam
2629 4742 2788 4811 ccelo,
2820 4758 3027 4803 summa
3093 4762 3147 4808 et
3177 4760 3290 4810 tota
3347 4773 3481 4828 pace

1902 4829 2261 4895 consenserit,
2295 4845 2401 4886 non
2427 4832 2759 4902 lugebimus;
2793 4852 2914 4891 nam
2943 4840 3120 4897 nullus
3153 4847 3288 4900 alius
3321 4848 3481 4916 hujus

1899 4923 2161 4990 temporis
2191 4922 2368 4976 luctus
2397 4933 2501 4991 est,
2538 4926 2639 4979 nisi
2691 4942 2812 4983 cum
2833 4929 3117 4988 adversum
3142 4950 3200 4989 se
3226 4937 3325 4992 ista
3348 4952 3484 4994 con-

1899 5010 2109 5081 iligunt,
2136 5022 2191 5068 et
2213 5024 2416 5083 cogunt
2447 5030 2544 5072 nos
2570 5018 2752 5074 dicere
2785 5037 2797 5072 :
2835 5021 3006 5079 Video
3036 5025 3194 5079 aliam
3222 5028 3396 5096 legem
3427 5032 3480 5084 in

1901 5105 2161 5161 membris
2187 5108 2346 5174 meis,
2395 5120 2782 5179 repugnantem
2835 5114 2943 5186 legi
2973 5119 3167 5172 mentis
3221 5135 3354 5176 mea:
3379 5162 3395 5189 ,
3429 5133 3485 5178 et

1899 5197 2102 5255 luctum
2148 5209 2396 5256 nostrum
2427 5204 2722 5275 lacrymosa
2762 5223 2895 5264 voce
2927 5211 3109 5264 testari
3143 5225 3158 5263 :
3191 5211 3352 5268 Miser
3382 5231 3484 5287 ego

1899 5293 2089 5363 homo,
2117 5296 2238 5365 quis
2270 5312 2357 5353 me
2386 5298 2637 5356 liberabit
2691 5302 2757 5357 de
2787 5317 3015 5372 corpore
3071 5307 3257 5361 mortis
3287 5308 3486 5378 hujus?

1899 5384 1956 5440 Si
1986 5384 2249 5442 fortitudo
2279 5400 2362 5444 est
2389 5405 2492 5461 qua
2549 5392 2689 5448 beati
2741 5403 2864 5447 sunt
2905 5395 2993 5464 qui
3043 5400 3287 5454 esuriunt
3311 5410 3364 5456 et
3407 5402 3487 5456 si-

1901 5475 2041 5531 tiunt
2065 5477 2356 5547 justitiam,
2407 5483 2530 5553 quia
2562 5483 2662 5553 ipsi
2711 5485 3112 5554 saturabuntur,
3163 5503 3379 5545 oremus
3432 5504 3485 5547 ut

1901 5568 2056 5637 panis
2083 5581 2268 5628 noster
2296 5575 2640 5643 quotidianus
2663 5574 2821 5630 detur
2847 5577 3004 5632 nobis
3028 5578 3206 5647 hodie,
3232 5596 3338 5651 quo
3363 5581 3485 5640 fulti

1901 5665 2062 5728 atque
2092 5663 2400 5731 sustentati,
2433 5663 2499 5717 ad
2549 5663 2915 5732 plenissimam
2965 5669 3110 5725 illam
3143 5675 3484 5734 saturitatem

1901 5751 2090 5806 venire
2123 5755 2410 5820 possimus.
2453 5754 2511 5810 Si
2561 5758 2846 5815 consilium
2897 5770 2978 5817 est
3016 5780 3124 5835 quo
3181 5767 3320 5823 beati
3359 5781 3484 5826 sunt

1905 5844 2311 5912 misericordes,
2361 5849 2612 5916 quoniam
2663 5851 2902 5922 ipsorum
2944 5856 3291 5918 miserebitur
3317 5863 3480 5932 Deus,

1907 5933 2242 5993 dimittamus
2265 5939 2602 6000 debitoribus
2634 5948 2850 6008 nostris.
2883 5959 2934 6004 et
2966 5967 3179 6012 oremus
3209 5968 3265 6015 ut
3292 5969 3342 6015 et
3383 5975 3477 6015 no-

2964 6073 3042 6133 3-3
