4010 6382
572 344 711 403 10755

1695 335 1754 389 D.
1800 331 2109 390 EUGYPPII
2153 327 2439 386 ABBATIS
2478 324 2792 383 AFRICANI

3702 321 3819 378 {036

568 462 654 518 bis
684 468 867 517 nostra
896 457 1250 513 dimittantur.
1284 451 1340 509 Si
1382 450 1688 508 intellectus
1711 459 1793 505 est
1846 463 1953 518 quo
2004 444 2146 501 beati
2176 446 2229 506 Α
2258 440 2419 495 etiam
2469 439 2736 507 capitibus
2790 450 2909 491 cum
2963 432 3264 518 jejunatnus
3313 447 3419 490 nos
3460 447 3589 489 esse
3621 433 3816 491 debere.

569 563 700 611 sunt
724 551 912 609 mundi
935 550 1097 608 corde
1123 545 1374 619 quoniam
1403 545 1498 614 ipsi
1526 545 1692 598 Deum
1721 542 1998 605 videbunt,
2029 554 2151 595 ore-

571 662 690 702 mus
721 660 826 701 non
851 642 1030 698 induci
1053 642 1103 694 in
1133 640 1502 703 tentationem,
1530 654 1595 693 ne
1624 636 1916 691 habeamus
1948 634 2145 704 duplex

571 758 666 800 cor
693 758 797 799 non
826 738 1128 809 appetendo
1153 738 1383 807 simplex
1411 736 1637 797 bonum,
1686 750 1791 804 quo
1845 728 2145 787 referamus

537 897 540 901 ,
569 834 746 891 omnia
774 847 894 902 qua
919 846 1227 900 operamur,
1258 830 1355 886 sed
1381 830 1542 885 simul
1566 826 1882 896 temporalia
1925 837 1978 879 et
2034 832 2143 876 ter-

544 922 701 982 rena
720 920 1358 986 sectando;tentationes
1381 920 1526 975 enim
1574 919 1641 974 de
1690 918 1775 972 his
1824 916 1986 971 rebus
2028 929 2146 983 qua:

565 1014 1185 1085 gravesetcalamitoste
1246 1012 1499 1068 videntur
1548 1010 1875 1073 hominibus,
1927 1023 2034 1062 non
2094 1007 2147 1061 in

566 1123 663 1164 nos
693 1107 894 1173 valent,
925 1107 970 1163 si
997 1123 1107 1161 non
1128 1106 1342 1161 valeant
1366 1105 1471 1159 illae
1492 1119 1611 1172 quae
1660 1101 1929 1158 blanditiis
1961 1113 2147 1157 earum

564 1213 743 1255 rerum
774 1198 1026 1256 accidunt
1050 1212 1182 1267 quas
1212 1198 1454 1253 homines
1494 1196 1663 1252 bonas
1714 1204 1770 1251 et
1819 1194 2148 1249 laetabundas

564 1300 775 1362 putant.
809 1291 867 1346 Si
893 1291 1154 1361 sapientia
1186 1299 1271 1345 est
1297 1304 1399 1358 qua
1430 1289 1569 1343 beati
1596 1297 1721 1343 sunt
1755 1287 1982 1355 paciﬁci,
2013 1302 2148 1355 quo-

562 1386 708 1442 niam
739 1385 841 1453 ipsi
874 1384 969 1439 ﬁlii
998 1385 1090 1439 Dei
1116 1383 1473 1449 vocabuntur,
1510 1397 1727 1437 oremus
1771 1392 1826 1434 ut
1856 1380 2147 1435 liberemur

562 1493 594 1533 a
624 1479 766 1534 malo
796 1495 808 1531 :
834 1476 952 1546 ipsa
980 1477 1124 1530 enim
1153 1475 1396 1528 liberatio
1429 1474 1631 1529 liberos
1655 1487 1753 1527 nos
1780 1471 1961 1536 faciet,
1993 1470 2043 1524 id
2066 1478 2149 1525 est

562 1566 702 1623 ﬁlios
747 1567 873 1630 Dei,
916 1574 973 1622 ut
1023 1566 1213 1636 spiritu
1259 1565 1564 1633 adoptionis
1612 1565 1931 1628 clamemus,
1992 1560 2148 1616 Abba

562 1667 734 1730 pater.

1091 1727 1320 1783 CAPUT
1354 1724 1623 1781 CCCXVI.

2253 531 2407 599 Quod
2431 531 2473 584 si
2518 529 2880 598 turpissimum
2904 541 3089 581 omnes
3128 514 3383 591 ferentur,
3436 525 3816 595 intelligendum

2251 632 2333 678 est
2374 624 2473 679 hoc
2503 630 2829 692 prmceptum
2866 619 3098 691 ungendi
3128 629 3285 688 caput
3314 626 3367 673 et
3399 616 3598 673 faciem
3632 618 3815 673 lavandi

2251 700 2317 769 ad
2349 717 2656 771 interiorem
2689 713 2955 769 hominem
3001 712 3272 785 pertinere
3305 729 3317 765 :
3350 725 3559 781 ungere
3596 725 3716 779 ergo
3740 725 3813 765 ea-

2251 816 2343 876 put
2365 807 2432 862 ad
2474 807 2711 862 laetitiam
2760 805 3009 874 pertinet,
3063 786 3261 859 lavare
3292 811 3471 858 autem
3527 801 3812 865 faciem,ad

2254 898 2572 953 munditiam
2606 919 2619 955 :
2651 907 2701 952 et
2731 897 2852 952 ideo
2881 905 3038 965 caput
3062 894 3208 968 ungit
3252 894 3341 965 qui
3369 893 3591 950 laetatur
3621 893 3812 947 interius

2252 1003 2431 1047 mente
2460 975 2619 1063 atque
2645 992 2873 1048 ratione.
2924 991 3033 1045 Hoc
3067 988 3212 1045 enim
3242 996 3387 1045 recte
3428 987 3725 1059 accipimus
3748 1002 3814 1042 ca-

2252 1091 2349 1154 put
2375 1084 2515 1155 quod
2548 1085 2601 1138 in
2627 1083 2805 1137 anima
2838 1082 3169 1154 prmemiuet,
3195 1091 3250 1135 et
3297 1095 3404 1151 quo
3426 1090 3637 1136 camera
3675 1079 3810 1133 homi-

2252 1178 2335 1233 nis
2370 1177 2480 1248 ι·εεί
2512 1186 2565 1231 et
2612 1176 2899 1245 gubernari
2941 1174 3285 1229 manifestum
3324 1181 3443 1239 est;
3480 1183 3543 1228 et
3576 1175 3671 1229 hoc
3719 1172 3813 1228 facit

2252 1267 2342 1336 qui
2379 1282 2481 1322 non
2516 1265 2644 1320 foris
2673 1265 2867 1337 quaerit
2898 1265 3160 1331 lmtitiam,
3196 1274 3250 1318 ut
3274 1264 3339 1318 de
3367 1263 3657 1319 hominum
3679 1264 3812 1318 laudi~

2252 1359 2349 1413 bus
2372 1358 2661 1412 carnaliter
2681 1357 2927 1428 gaudeat.
2958 1356 3093 1411 Caro
3115 1356 3281 1421 enim,
3314 1370 3436 1426 quae
3455 1354 3703 1425 subjecta
3722 1370 3811 1412 we

2249 1448 2429 1516 debet,
2463 1452 2606 1504 nulla
2639 1452 2796 1507 modo
2824 1462 2908 1508 est
2932 1452 3091 1507 totius
3123 1461 3325 1506 natura:
3346 1451 3610 1505 humana:
3648 1462 3807 1520 caput:

2253 1541 2423 1597 Nemo
2454 1544 2669 1613 quidem
2714 1561 2944 1616 unquam
2994 1560 3211 1600 carnem
3262 1559 3417 1599 suam
3468 1545 3602 1601 odio
3648 1544 3810 1613 habuit,

2257 1638 2397 1693 sicut
2432 1644 2715 1709 Apostolus
2746 1641 2897 1708 dicit,
2929 1656 3052 1696 cum
3088 1640 3155 1695 de
3205 1638 3490 1711 diligenda
3526 1654 3685 1694 uxore
3709 1654 3810 1707 ρπβ·

2251 1733 2399 1802 cipit.
2453 1733 2561 1791 Sed
2608 1744 2767 1806 caput
2819 1736 3058 1793 mulieris
3112 1737 3213 1813 vir,
3259 1737 3350 1791 cui
3384 1735 3508 1790 viro
3559 1745 3705 1806 caput
3748 1743 3809 1790 est

561 1822 671 1898 84
708 1821 788 1877 De
819 1823 1022 1894 jejunio
1057 1830 1105 1876 et
1135 1820 1353 1901 lavando
1395 1819 1525 1901 facile
1564 1818 1637 1870 vel
1688 1816 1920 1889 ungenda
1952 1817 2142 1883 capite;

2254 1825 2513 1883 Christus.
2564 1828 2792 1886 Interius
2835 1846 2961 1901 ergo
3009 1831 3240 1901 gaudeat
3287 1832 3340 1885 in
3388 1831 3603 1901 jejunio
3632 1843 3805 1895 suo,eo

1134 1909 1196 1946 ex
1222 1908 1279 1944 co
1308 1889 1420 1942 dem
1448 1889 1594 1942 libro.

636 2011 769 2065 Cum
803 2017 978 2063 autem
1005 2006 1280 2077 jejuuatis,
1311 2006 1499 2075 inquit,
1552 2003 1714 2058 nolite
1747 2002 1859 2057 ﬁeri
1891 2003 2031 2058 sicut
2056 2004 2151 2073 hy-

563 2103 780 2171 pocritte
798 2103 996 2167 tristes,
1011 2096 1523 2154 exterminantenim
1539 2094 1741 2149 vultum
1756 2110 1928 2159 suum,
1946 2102 2001 2148 ut
2016 2091 2152 2148 vide-

564 2205 721 2251 antur
735 2196 1035 2250 hominibus
1049 2192 1378 2261 jejunautes.
1395 2193 1563 2245 Amen
1578 2190 1701 2244 dico
1718 2188 1984 2257 V0bl§,pel
2000 2204 2151 2257 cepe-

564 2287 1005 2342 runtmercedem
1023 2302 1195 2339 suam.
1215 2285 1317 2339 Vos
1331 2282 2032 2351 autemjejunautes,uugite
2060 2297 2151 2336 ca-

564 2383 671 2450 pita
690 2389 885 2446 vestra,
903 2394 953 2432 et
973 2378 1135 2432 facies
1155 2386 1358 2433 vestras
1378 2376 1573 2444 lavate,
1594 2392 1661 2429 ne
1681 2375 1961 2429 videamini
1980 2375 2148 2431 homi-

567 2471 1057 2543 nibusjejunautes,
1078 2470 1171 2526 sed
1191 2470 1327 2523 Patri
1347 2477 1525 2523 vestro
1541 2469 1631 2537 qui
1648 2479 1727 2521 est
1750 2469 1799 2521 in
1814 2468 2151 2529 abscondito,

563 2575 617 2619 et
647 2566 797 2619 Patet
832 2578 1007 2618 vesaer
1038 2561 1127 2633 qui
1153 2561 1298 2616 videt
1321 2562 1370 2615 in
1396 2560 1731 2623 abscondito,
1759 2558 1947 2614 reddet
1984 2558 2149 2614 vobis.

563 2655 897 2711 Manifestum
926 2666 1009 2709 est
1039 2655 1119 2709 his
1162 2653 1468 2723 praeceptis,
1508 2668 1722 2708 omnem
1772 2662 2010 2707 nostram
2073 2669 2155 2706 ra-

564 2750 760 2803 tionem
791 2745 1189 2819 [intentionem]
1239 2747 1292 2800 in
1331 2746 1588 2802 interiora
1628 2744 1818 2815 gaudia
1864 2744 2043 2813 dirigi,
2090 2758 2156 2797 ne

567 2840 700 2894 foris
725 2850 1031 2909 quaerentes
1058 2842 1362 2894 mercedem
1414 2838 1535 2893 huic
1589 2837 1785 2893 saeculo
1840 2836 2152 2891 conforme-

563 2948 703 2995 ntur,
733 2940 787 2986 et
818 2931 1127 2987 amittamus
1156 2932 1559 3000 promissionem
1600 2941 1745 2985 tanto
1771 2929 2040 2985 solidioris
2070 2938 2154 2983 al-

561 3039 665 3092 que
706 3022 978 3088 ﬁrmioris,
1014 3030 1214 3090 quanto
1242 3023 1514 3077 interioris
1538 3022 1881 3078 beatitudinis
1924 3038 2026 3089 qua
2060 3035 2157 3075 nos

562 3115 723 3181 υὶθείι
771 3114 913 3167 Deus
942 3113 1248 3168 conformes
1278 3113 1395 3169 ﬁeri
1417 3113 1664 3182 imaginis
1695 3113 1814 3167 Filii
1856 3111 1971 3181 ejus
2006 3112 2153 3185 [sui].

568 3206 624 3257 lu
666 3204 768 3259 hoc
823 3213 1002 3259 autem
1057 3204 1293 3272 capitulo
1345 3206 1579 3260 maxime
1618 3205 2154 3260 animadvertendum
2181 3233 2230 3298 ρ

562 3304 665 3364 est,
699 3290 805 3352 non
837 3294 891 3350 in
939 3297 1057 3350 solo
1110 3311 1284 3350 rerum
1338 3311 1718 3367 corporearum
1772 3299 1949 3353 nitore
1996 3308 2158 3367 atque

566 3405 777 3461 pompa,
817 3389 911 3445 scd
943 3392 1105 3447 etiam
1148 3390 1202 3445 in
1233 3392 1361 3461 ipsis
1418 3393 1668 3449 sordibus
1720 3394 1980 3448 luctuosis
2037 3408 2157 3448 esse

566 3497 722 3550 posse
749 3483 1090 3551 iactantiam,
1126 3494 1181 3540 et
1220 3500 1285 3540 eo
1314 3485 1774 3554 periculosiorem,
1799 3500 1906 3555 quo
1934 3485 2035 3540 sub
2059 3501 2156 3541 no.

558 3572 703 3629 mine
728 3574 1000 3630 servitutis
1023 3574 1118 3630 Dei
1141 3575 1357 3644 decipit.
1385 3576 1483 3643 Qui
1510 3591 1637 3644 ergo
1660 3562 2015 3635 immoderato
2042 3576 2157 3632 cul~

567 3674 625 3721 tu
669 3667 911 3735 corporis
964 3675 1122 3735 atque
1165 3668 1412 3733 vestitus,
1469 3669 1555 3724 vel
1602 3677 1920 3725 caeterarnm
1970 3683 2150 3724 rerum

571 3758 744 3813 nitore
768 3757 1070 3829 praefulget,
1096 3756 1252 3815 facile
1280 3761 1623 3816 convincitur
1646 3761 1806 3817 rebus
1838 3760 1968 3830 ipsis
2000 3776 2152 3829 pom-

567 3862 753 3918 parum
803 3846 987 3904 saeculi
1008 3861 1129 3904 esse
1176 3859 1431 3905 sectator.
1486 3848 1596 3905 Nec
1645 3866 1966 3921 quemquam
2014 3850 2151 3905 fallit

558 3940 744 3996 dolosa
775 3940 1005 4012 imagine
1044 3942 1343 3996 sanctitatis
1372 3960 1385 3995 :
1415 3942 1504 4011 qui
1525 3952 1704 3999 autem
1733 3945 1784 3997 in
1812 3943 2149 4013 professione

561 4030 982 4087 Christianitatis
1013 4033 1270 4089 inusitato
1295 4032 1543 4103 squalore
1572 4049 1636 4090 ac
1667 4034 1915 4092 sordibus
1971 4036 2147 4092 inten-

557 4134 640 4180 tos
663 4125 716 4180 in
745 4140 804 4181 se
830 4124 1106 4182 hominum
1151 4127 1339 4182 oculos
1387 4125 1537 4193 facit,
1583 4142 1707 4183 cum
1763 4127 1815 4183 id
1871 4128 2143 4183 voluntate

558 4214 709 4281 facit,
758 4232 863 4271 non
916 4219 1237 4275 necessitate
1266 4218 1484 4288 patitur,
1536 4220 1747 4275 caeteris
1794 4220 1952 4290 hujus
1977 4220 2138 4293 [ejus]

556 4306 808 4375 operibus
834 4315 1014 4381 potest
1033 4308 1246 4379 conjici,
1281 4318 1459 4364 utrum
1485 4311 1584 4366 hoc
1605 4320 1918 4380 contemptu
1944 4327 2137 4381 super-

556 4393 652 4450 ﬁui
679 4397 878 4463 cultits,
902 4413 971 4453 an
987 4380 1287 4457 ambitione
1315 4400 1491 4471 aliqua
1547 4402 1738 4469 faciat;
1791 4404 1915 4473 quia
1944 4414 1999 4459 et
2018 4380 2021 4381 ν
2040 4403 2141 4459 sub

557 4486 712 4542 ovina
740 4488 879 4557 pelle
908 4490 1176 4547 cavendos
1201 4492 1355 4562 lupos
1406 4492 1665 4549 Dominus
1699 4496 1955 4564 praecepit
1989 4514 2000 4549 ε
2029 4496 2135 4552 Sed

556 4595 620 4636 ex
638 4580 920 4650 fructibus,
935 4583 1129 4653 inquit,
1144 4600 1335 4640 eorum
1348 4586 1687 4657 cngnoseetis
1699 4601 1814 4642 eos.
1830 4584 1961 4640 Cum
1986 4587 2132 4643 enim

556 4673 1096 4745 cteperintaliquibus
1122 4679 1715 4749 tentationibuseaipsa
1748 4677 2001 4751 [scilicet]
2032 4679 2142 4733 illis

555 4764 799 4823 subtrahi
834 4768 916 4822 vel
948 4771 1126 4840 negari
1161 4787 1279 4841 quae
1311 4772 1414 4828 isto
1439 4772 1707 4830 velamine
1744 4775 1829 4828 vel
1867 4776 2142 4833 consecuti

554 4870 698 4929 sunt,
712 4862 796 4918 vel
808 4865 1061 4932 consequi
1078 4864 1315 4933 cupiunt,
1334 4876 1459 4922 tunc
1473 4882 1698 4925 necesse
1708 4880 1789 4925 est
1811 4879 1869 4924 ut
1884 4879 2143 4942 appareat

557 4964 734 5011 utrum
762 4953 921 5025 lupus
947 4957 999 5010 in
1027 4955 1185 5013 ovina
1217 4956 1359 5025 pelle
1398 4959 1485 5023 sit,
1539 4975 1605 5015 an
1645 4961 1763 5017 ovis
1796 4963 1849 5016 in
1874 4978 1992 5018 sua.
2024 4963 2140 5021 Non

556 5049 697 5105 enim
748 5057 1030 5119 prepterea
1087 5060 1276 5105 ornatu
1333 5053 1606 5121 superﬂuo
1673 5055 1838 5112 debet
1893 5067 2142 5126 aspectus

556 5140 835 5196 hominum
866 5143 1103 5198 mulcere
1147 5141 1509 5210 Christianus,
1549 5145 1674 5214 quia
1723 5148 1868 5202 illum
1922 5163 2141 5217 parcum

557 5231 801 5289 habitum
844 5249 907 5290 ac
955 5234 1319 5291 necessarium
1370 5237 1531 5291 etiam
1594 5239 1942 5296 simulatores
1999 5256 2143 5310 saepe

559 5336 840 5395 usurpant,
868 5336 929 5382 ut
979 5327 1223 5384 incautos
1273 5328 1566 5396 decipiant,
1612 5330 1735 5399 quia
1763 5341 1817 5387 et
1862 5332 1968 5386 illa;
2014 5348 2142 5388 oves

558 5433 666 5474 non
689 5417 887 5476 debent
940 5421 1213 5492 deponere
1243 5422 1411 5491 pelles
1441 5437 1591 5490 suas,
1620 5422 1664 5477 si
1713 5424 2003 5493 aliquando
2060 5425 2139 5480 eis

558 5511 667 5582 lupi
699 5527 758 5567 se
785 5521 1095 5583 contegunt.
1152 5514 1328 5583 Quaeri
1360 5529 1490 5585 ergo
1537 5516 1677 5571 solet
1708 5516 1835 5586 quid
1888 5518 1958 5572 sit
1996 5517 2135 5587 quod

556 5606 632 5662 ait
660 5623 674 5661 :
708 5606 817 5665 Vos
843 5618 1021 5665 autem
1044 5609 1370 5679 jejunantes,
1416 5613 1599 5681 ungite
1629 5614 1802 5681 capita
1857 5622 2056 5675 vestra,
2089 5624 2145 5668 et

559 5696 728 5755 facies
758 5711 968 5757 vestras
1006 5703 1194 5768 lavate,
1227 5718 1294 5761 ne
1324 5706 1611 5761 videamini
1669 5705 1973 5761 hominibus
2000 5706 2145 5775 jeju-

562 5801 750 5847 nantes
766 5812 780 5860 ;
807 5809 913 5853 non
940 5798 1086 5853 enim
1109 5796 1372 5867 quispiam
1401 5810 1551 5856 recte
1589 5798 1928 5869 praeceperit,
1954 5813 2142 5867 quam-

567 5880 641 5935 vis
670 5882 857 5941 faciem
892 5888 1196 5947 quotidiana
1247 5892 1639 5948 consuetudine
1669 5893 1931 5955 lavemus,
1965 5893 2140 5948 unctis

2259 1916 2375 1985 ipso
2397 1932 2501 1986 quo
2528 1918 2606 1973 sic
2627 1934 2686 1975 se
2711 1919 3005 1989 jejunando
3026 1921 3221 1976 avertit
3247 1936 3278 1974 a
3309 1922 3596 1988 voluptate
3641 1917 3804 1983 saeculi,

2260 2017 2316 2063 ut
2342 2010 2411 2063 sit
2436 2010 2681 2067 subditus
2707 2009 2922 2067 Christo
2952 2014 3044 2083 qui
3072 1994 3370 2068 secundum
3401 2014 3501 2068 hoc
3522 2022 3808 2084 praeceptum

2259 2111 2416 2169 caput
2451 2110 2666 2156 unctum
2719 2102 2921 2158 habere
2952 2103 3254 2169 desiderat;
3283 2105 3357 2160 ita
3382 2104 3523 2160 enim
3556 2117 3604 2157 ct
3646 2104 3807 2159 faciem

2260 2192 2473 2257 lavabit,
2506 2193 2558 2247 id
2601 2205 2683 2248 est
2728 2210 2823 2249 cor
2855 2195 3153 2261 mundabit,
3189 2212 3295 2265 quo
3324 2198 3525 2251 visurus
3555 2204 3628 2249 est
3659 2195 3806 2249 Deum

2261 2298 2366 2337 non
2399 2283 2711 2354 interposito
2763 2286 3046 2350 velamine,
3080 2296 3297 2355 propter
3319 2285 3657 2339 inﬁrmitatem
3684 2298 3797 2338 con-

2261 2382 2480 2427 tractam
2515 2373 2581 2429 de
2608 2374 2876 2443 sordibus,
2906 2376 3001 2431 sed
3032 2375 3221 2430 ﬁrmus
3262 2375 3539 2439 etstabilis,
3568 2374 3809 2443 quoniam

2265 2472 2493 2525 mundus
2524 2481 2578 2526 et
2604 2472 2853 2543 simplex.
2886 2472 3187 2531 Lavamini,
3216 2470 3410 2539 inquit,
3429 2469 3605 2523 mundi
3633 2478 3809 2534 estote;

2261 2560 2465 2614 auferte
2496 2561 2755 2631 nequitias
2778 2561 2844 2614 ab
2895 2560 3087 2613 animis
3117 2558 3313 2613 vestris
3343 2570 3504 2627 atque
3534 2573 3560 2609 a
3615 2570 3809 2623 conspe-

2262 2662 2349 2707 ctu
2379 2654 2655 2709 oculorum
2688 2668 2956 2709 meorum.
2987 2655 3065 2707 Ab
3100 2652 3181 2706 his
3230 2653 3393 2721 igitur
3416 2651 3655 2707 sordibus
3683 2650 3805 2702 facies

2265 2753 2442 2799 nostra
2468 2745 2693 2800 lavanda
2719 2754 2825 2812 est,
2860 2745 3049 2815 quibus
3098 2744 3191 2797 Dei
3225 2752 3481 2809 aSpectus
3536 2742 3800 2796 oﬁ'cnditur:

2264 2853 2360 2891 nos
2389 2839 2531 2893 enim
2556 2838 2791 2893 revelata
2821 2837 2954 2893 facie
2989 2837 3211 2908 gloriam
3269 2836 3362 2889 Dei
3394 2837 3719 2905 speculantes,
3754 2834 3794 2886 in

2262 2928 2505 2984 eamdem
2566 2930 2850 3000 imaginem
2899 2928 3431 2983 transformabimur.
3487 2927 3633 2997 Sche
3673 2927 3793 2981 etiam

2262 3024 2511 3094 cogitatio
2562 3023 2987 3077 necessariarum
3035 3036 3213 3075 rerum
3245 3019 3314 3072 ad
3350 3020 3518 3074 istam
3550 3022 3683 3073 vitam
3703 3031 3792 3086 pcr-

2262 3116 2543 3170 tinentium
2571 3124 2623 3171 et
2653 3115 2856 3170 sauciat
2903 3124 2957 3169 et
3004 3112 3243 3167 sordidat
3296 3114 3618 3167 interiorem
3644 3110 3782 3165 oculata

2264 3217 2527 3273 nostrum,
2554 3214 2604 3261 et
2630 3208 2943 3277 plerumque
2969 3205 3307 3275 conduplicat
3333 3204 3463 3277 [cor
3497 3199 3713 3274 duplicat],
3732 3208 3769 3249 ut

2268 3314 2328 3355 ea
2352 3316 2469 3371 quae
2492 3299 2735 3355 videmur
2761 3314 2881 3355 cum
2907 3298 3210 3352 hominibus
3235 3306 3393 3353 recte
3431 3298 3715 3360 incrementi
3733 3304 3775 3345 es

2264 3394 2426 3448 corde
2445 3392 2701 3448 faciamus
2717 3406 2824 3462 quo
2840 3391 3097 3446 Dominus
3121 3388 3402 3459 prmcepit,
3432 3390 3483 3443 id
3505 3400 3690 3445 estnon
3708 3384 3787 3452 qua

2262 3500 2355 3541 eos
2385 3484 2677 3555 diligimus,
2730 3484 2825 3539 sed
2857 3485 2979 3555 quia
3027 3482 3371 3540 commodum
3424 3482 3496 3536 ab
3523 3486 3602 3537 eis
3640 3476 3800 3549 aliquid

2262 3587 2478 3646 propter
2499 3578 2874 3633 necessitatem
2892 3576 3173 3646 praesentis
3188 3576 3316 3629 vita:
3329 3575 3556 3643 adipisci
3572 3575 3803 3629 volumus.

2262 3668 2530 3724 Debemus
2580 3681 2757 3723 autem
2815 3673 2948 3724 bene
2980 3669 3158 3723 facere
3198 3668 3305 3723 illis
3354 3678 3573 3736 propter
3615 3668 3815 3722 salutem

2257 3758 2493 3829 ipsorum
2553 3769 2833 3826 aeternam,
2906 3775 3009 3814 non
3065 3769 3290 3829 pr0pter
3334 3758 3619 3825 temporale
3670 3772 3817 3811 com-

2256 3850 2472 3905 modum
2506 3861 2769 3905 nostrum.
2818 3850 3039 3906 luclinet
3065 3866 3201 3922 ergo
3229 3851 3353 3904 Deus
3372 3863 3461 3903 cor
3491 3858 3738 3900 nostrum
3770 3848 3827 3901 in

2254 3942 2563 3997 testimonia
2595 3957 2714 4010 sua,
2739 3952 2794 3997 et
2822 3957 2927 3996 non
2958 3942 3011 3996 in
3040 3941 3468 3997 emolumentum.
3496 3938 3658 3992 Finis
3686 3940 3822 3993 enim

2253 4036 2507 4106 praecepti
2539 4044 2621 4091 est
2649 4036 2903 4100 charitas,
2930 4038 2994 4090 de
3024 4035 3189 4091 corde
3220 4049 3376 4103 puro,
3415 4043 3467 4089 et
3501 4032 3823 4087 conscientia

2250 4130 2412 4196 bona,
2437 4141 2487 4183 et
2513 4128 2615 4183 ﬁde
2644 4144 2749 4183 non
2781 4128 2923 4183 ﬁcta.
2949 4128 3239 4194 Quiautem
3257 4138 3473 4197 propter
3496 4143 3649 4181 suam
3674 4126 3724 4180 in
3742 4126 3823 4177 ha»:

2246 4221 2355 4275 vita
2376 4221 2751 4275 necessitatem
2771 4221 2919 4275 fratri
2952 4220 3206 4286 consulit,
3245 4236 3354 4276 non
3393 4221 3579 4290 utique
3602 4216 3823 4273 cbaritati

2257 4313 2510 4380 consulit,
2567 4312 2687 4383 quia
2720 4328 2826 4369 non
2866 4312 2939 4367 illi
2963 4328 3120 4382 quem
3143 4312 3308 4368 debet
3332 4322 3590 4381 tanquam
3612 4314 3819 4380 seipstun

2237 4407 2467 4478 diligere
2488 4448 2501 4473 ,
2534 4406 2627 4462 sed
2657 4406 2757 4461 sibi
2789 4407 3041 4471 consulit,
3077 4406 3157 4461 vel
3182 4406 3360 4474 potius
3394 4421 3500 4462 nec
3531 4406 3658 4469 sibi,
3680 4420 3812 4474 quan-

2240 4499 2526 4569 doquidem
2562 4502 2684 4554 hinc
2712 4500 2811 4555 sibi
2843 4500 2969 4554 facit
2990 4500 3187 4569 duplex
3215 4514 3311 4555 cor
3332 4515 3443 4569 quo
3474 4494 3804 4570 impeditura!

2243 4592 2531 4647 videndum
2563 4592 2752 4657 Deum,
2807 4592 2859 4646 in
2890 4606 2994 4658 qua
3022 4594 3137 4649 sola
3165 4593 3369 4647 visione
3424 4603 3516 4648 est
3578 4591 3802 4649 beatitudo

2254 4694 2401 4739 certa
2433 4694 2596 4755 atque
2627 4693 2906 4755 perpetua.

2767 4798 2997 4855 CAPUT
3035 4797 3327 4855 CCCXVII.

2210 4939 2225 4951 ι
2258 4891 2330 4946 De
2359 4910 2416 4945 eo
2442 4891 2579 4960 quod
2595 4892 2667 4946 ait
2702 4890 2949 4946 Dominus
2982 4908 2999 4945 :
3035 4891 3093 4948 Si
3117 4908 3233 4963 ergo
3262 4893 3435 4945 lumen
3456 4896 3599 4961 quod
3625 4896 3680 4946 in
3712 4902 3823 4947 tea!

2328 4966 2543 5017 tenebrte
2564 4972 2703 5027 sunt,
2732 4964 3092 5033 ipsetenebra:
3112 4971 3317 5033 quanta?
3354 4966 3548 5017 erunt?
3586 4982 3653 5018 (π
3681 4970 3826 5018 cedes

2330 5033 2479 5090 libro.

2321 5146 2567 5201 Lucerna
2596 5147 2857 5217 corporis.
2870 5147 2948 5201 tui
2976 5156 3059 5202 est
3087 5146 3274 5203 oculos
3301 5153 3445 5202 tuus.
3480 5146 3536 5203 Si
3561 5162 3699 5218 ergo
3728 5162 3832 5202 oes-

2250 5243 2333 5297 lus
2359 5250 2481 5297 tuus
2508 5242 2737 5310 simplex
2774 5242 2953 5307 fuerit,
2990 5250 3157 5298 totum
3202 5257 3400 5313 corpus
3426 5252 3579 5297 tuum
3616 5244 3837 5298 lucidum

2247 5336 2379 5401 erit;
2410 5337 2453 5390 si
2483 5345 2659 5390 autem
2685 5336 2872 5390 oculus
2905 5344 3026 5419 tuus
3058 5352 3287 5406 nequam
3316 5346 3420 5402 est,
3443 5344 3624 5391 totum
3654 5349 3840 5402 corpus

2228 5436 2395 5481 tuum
2429 5426 2771 5482 tenebrosum
2804 5427 2925 5481 crit.
2975 5424 3030 5482 Si
3055 5441 3185 5498 ergo
3213 5426 3398 5482 lumen
3422 5426 3570 5495 quod
3606 5429 3663 5482 in
3697 5438 3755 5483 te
3778 5435 3848 5480 est

2249 5519 2486 5575 tenebrae
2515 5527 2661 5583 sunt,
2693 5520 2823 5587 ipsae
2864 5519 3101 5574 tenebrae
3143 5521 3405 5590 quantae?
3435 5520 3540 5588 Qui
3585 5520 3749 5575 locus
3773 5518 3848 5575 bis

2224 5609 2624 5679 intelligendus
2648 5617 2751 5673 est,
2778 5619 2835 5663 ut
2888 5611 3196 5666 noverimus
3224 5610 3407 5665 omnia
3440 5625 3611 5679 opera
3658 5622 3847 5666 nostra

2232 5714 2372 5761 'tunc
2415 5719 2537 5759 esse
2580 5704 2799 5769 munda,
2832 5714 2885 5761 et
2944 5706 3155 5775 placere
3200 5707 3251 5759 in
3307 5714 3603 5775 conspectu
3649 5705 3775 5767 Dei,
3809 5703 3847 5755 si

2250 5798 2377 5853 ﬁant
2434 5795 2663 5865 simplici
2724 5798 2903 5865 corde,
2961 5799 3011 5853 id
3076 5809 3156 5854 est
3217 5799 3518 5853 intentione
3581 5812 3853 5867 superna,

2248 5894 2353 5947 ﬁne
2380 5891 2477 5947 illo
2508 5888 2802 5959 cbaritatis,
2842 5892 2962 5962 quia
2994 5902 3049 5948 et
3081 5892 3357 5963 plenitudo
3399 5892 3531 5962 legis
3578 5892 3845 5946 charitas.
