4010 6382
156 334 163 341 ’
250 353 383 409 tosv

1439 348 1874 416 TIlESAURUS.
1916 356 2071 418 CAP.
2112 358 2379 418 CCCXIX.

3370 334 3509 425 tuas

241 474 463 530 Oculum
497 488 625 544 ergo
647 473 734 529 hic
760 473 1007 544 accipere
1052 472 1310 529 debemus
1336 474 1503 542 ipsam
1554 472 1806 528 intentio-
1841 477 1893 536 Α
1919 473 2117 544 aliquid
2148 476 2394 545 gravius,
2420 483 2478 531 ut
2498 490 2604 531 non
2631 476 2805 533 solum
2832 480 3053 550 patiaris
3088 482 3280 539 harum
3317 497 3501 540 rerum

242 586 387 639 nem,
418 584 519 640 qua
548 567 772 623 facimus
794 566 1050 638 quidquid
1092 566 1338 635 facimus,
1385 582 1502 637 quae
1549 566 1594 620 si
1628 566 1827 621 munda

238 666 404 722 fuerit
434 675 489 721 et
511 678 678 730 recta,
711 675 763 720 et
792 662 924 719 illud
955 663 1222 734 aspiciens
1260 662 1402 733 quod
1457 661 1826 731 aspiciendqu

238 766 343 825 est,
372 758 552 814 omnia
586 772 749 827 opera
790 764 974 812 nostra
997 770 1115 827 quae
1165 755 1457 810 secundum
1486 768 1601 809 eam
1634 769 1829 823 opera-

237 862 361 904 mur
388 862 609 903 necesse
631 855 714 904 est
735 847 871 902 bona
902 845 1038 911 sint;
1079 860 1199 917 qua:
1237 859 1400 915 opera
1431 843 1614 900 omnia
1655 853 1825 901 totum

236 955 436 1012 corpus
459 939 773 1011 appellavit,
798 942 921 1010 quia
955 938 1010 995 et
1040 938 1330 1008 Apostolus
1375 937 1615 993 membra
1639 949 1822 993 nostra

235 1031 369 1087 dicit
401 1046 562 1101 opera
600 1028 844 1100 quaedam
875 1042 995 1101 quze
1032 1030 1334 1100 improbat,
1370 1036 1424 1083 et
1460 1028 1830 1084 mortificanda

234 1122 501 1195 praecipit.
523 1123 708 1180 dicens
733 1141 748 1179 ι
775 1121 1091 1179 Mortiﬁcate
1108 1136 1235 1191 ergo
1248 1122 1485 1175 membra
1508 1129 1686 1176 vestra
1709 1135 1831 1190 quae

237 1227 362 1272 sunt
380 1232 541 1287 super
565 1226 785 1281 terram,
810 1214 1240 1279 fornicationem,
1262 1211 1679 1277 immunditiam,
1700 1224 1827 1264 ava-

237 1312 442 1379 ritiam,
473 1321 530 1367 et
556 1320 751 1366 caetera
783 1308 927 1364 talia.
960 1307 1076 1363 Non
1110 1321 1238 1376 ergo
1266 1306 1395 1378 quid
1424 1306 1646 1376 quisque
1675 1304 1831 1359 faciat

247 1402 368 1476 [sed
397 1418 503 1473 quo
529 1401 709 1456 animo
750 1402 951 1473 faciat],
993 1398 1444 1455 considerandum
1467 1406 1585 1462 est;
1621 1397 1719 1453 hoc
1748 1404 1831 1451 est

238 1495 379 1551 enim
410 1494 588 1549 lumen
618 1493 671 1548 in
704 1493 881 1560 nobis,
919 1492 1041 1562 quia
1071 1490 1172 1547 hoc
1198 1489 1355 1546 nobis
1381 1487 1722 1544 manifestum
1746 1496 1829 1543 est

238 1588 382 1641 bono
414 1585 594 1639 animo
623 1598 721 1639 nos
769 1583 949 1638 facere
976 1581 1120 1650 quod
1181 1580 1430 1636 facimus.
1463 1579 1638 1637 Omne
1687 1580 1828 1636 enim

238 1677 382 1749 quod
414 1677 788 1733 manifeStatur
817 1675 995 1731 lumen
1020 1684 1131 1739 est;
1159 1689 1280 1729 nam
1313 1682 1369 1729 et
1397 1674 1512 1744 ipsa
1545 1674 1677 1730 facta
1708 1688 1830 1745 qua!

236 1772 304 1826 ad
336 1770 611 1827 hominum
645 1771 956 1825 societatem
982 1783 1009 1821 a
1034 1767 1190 1823 nobis
1210 1767 1530 1837 procedunt,
1562 1767 1829 1823 incertum

1938 565 2309 637 indigentiam,
2354 567 2447 623 sed
2478 568 2640 623 etiam
2671 578 2889 639 propter
2913 574 3045 629 hanc
3064 575 3382 646 explendam
3408 577 3511 631 mi-

1936 656 2058 715 lites
2102 659 2234 715 Deo.
2284 659 2398 716 Hoc
2428 668 2602 717 autem
2650 661 2771 718 loco
2819 663 3161 723 vehementer
3211 670 3511 726 cavendum
3572 702 3579 715 ι

1932 761 2016 806 est
2068 767 2134 808 ne
2181 751 2318 808 forte
2364 767 2485 811 cum
2529 752 2820 812 viderimus
2873 755 3104 829 aliquem
3148 774 3364 817 servum
3412 761 3511 820 Dei

1933 846 2216 914 providere
2247 861 2313 901 ne
2338 847 2437 901 ism
2470 849 2771 903 necessaria
2806 847 2983 903 desint
3021 849 3105 906 vel
3140 850 3265 918 sibi,
3298 852 3385 909 vel
3430 857 3513 912 eis

1934 950 2161 1006 quorum
2210 937 2311 992 sibi
2364 951 2496 993 cura
2541 937 2828 994 commissa
2869 946 2995 1007 est,
3036 939 3341 1011 judicemus
3386 958 3509 1000 eum

1932 1040 2118 1085 contra
2142 1038 2470 1101 praeceptum
2502 1029 2714 1087 Domini
2746 1031 2943 1101 facere,
2966 1041 3019 1089 et
3042 1033 3110 1090 de
3139 1036 3376 1092 crastino
3392 1051 3512 1094 esse

1931 1120 2253 1185 sollicitum;
2290 1138 2409 1176 nam
2440 1131 2495 1177 et
2526 1124 2641 1191 ipse
2671 1122 2930 1178 Dominus
2955 1166 2970 1191 ,
3014 1125 3100 1179 eui
3132 1124 3513 1182 ministrabant

1932 1210 2101 1279 angeli
2132 1253 2144 1275 ,
2189 1220 2366 1267 tamen
2413 1222 2631 1281 propter
2682 1214 2982 1282 exemplum
3008 1254 3023 1279 ,
3078 1228 3145 1270 ne
3171 1217 3293 1287 quis
3325 1224 3513 1286 postea

1930 1304 2239 1358 scandalum
2289 1311 2568 1374 pateretur
2592 1344 2607 1369 ,
2662 1318 2784 1360 cum
2828 1305 3059 1375 aliquem
3089 1321 3365 1362 servorum
3395 1307 3512 1379 ejus

1930 1394 2395 1451 animadvertisset
2428 1398 2541 1461 ista
2592 1398 2894 1452 necessaria
2931 1413 3219 1465 procurare
3246 1445 3260 1468 ,
3304 1401 3509 1459 loculos

1932 1488 2128 1545 habere
2158 1489 2409 1560 dignatus
2428 1499 2514 1545 est
2540 1506 2662 1546 cum
2693 1491 2914 1559 pecunia
2936 1492 3077 1548 unde
3102 1494 3287 1549 usibus
3315 1510 3508 1551 neces-

1929 1582 2088 1636 sariis
2141 1583 2396 1655 quidquid
2450 1600 2583 1653 opus
2628 1582 2818 1640 fuisset
2870 1585 3239 1657 praeberetur,
3280 1604 3510 1659 quorum

1933 1671 2229 1730 loculorum
2284 1684 2464 1730 custos
2509 1687 2565 1730 et
2614 1676 2695 1731 fur
2721 1717 2737 1742 ,
2766 1676 2904 1731 sicut
2929 1678 3184 1748 scriptum
3213 1688 3314 1747 est,
3344 1679 3510 1736 Judas

1932 1765 2024 1820 fuit
2080 1765 2171 1837 qui
2223 1782 2343 1841 etim
2398 1766 2656 1822 tradidit:
2702 1767 2841 1823 sicut
2892 1775 2948 1823 et
2997 1769 3271 1838 apostolus
3316 1769 3512 1827 Paulus

237 1862 440 1917 habent
465 1863 689 1929 exitum,
726 1868 783 1917 et
827 1860 951 1916 ideo
998 1859 1248 1914 tenebras
1295 1873 1389 1914 eas
1433 1858 1680 1914 vocavit:
1722 1873 1827 1915 non
1859 1853 1906 1917 Β
1937 1867 2111 1929 potest
2140 1859 2306 1914 videri
2356 1859 2423 1916 de
2471 1861 2706 1916 crastino
2743 1862 3008 1931 cogitasse
3031 1901 3046 1928 ,
3080 1877 3200 1917 cum
3231 1861 3365 1917 dixit
3396 1882 3409 1915 :
3438 1862 3511 1919 De

238 1958 382 2011 enim
417 1957 537 2011 novi
570 1970 691 2010 cum
752 1953 1035 2024 pecuniam
1068 1952 1288 2023 porrigo
1319 1950 1582 2022 indigenti
1629 1957 1686 2005 et
1735 1965 1831 2021 pe-

130 2114 141 2121 ,
237 2049 395 2114 tenti,
425 2048 549 2118 quid
582 2047 707 2101 inde
736 2044 1087 2101 autfacturus
1109 2052 1201 2099 aut
1226 2058 1480 2113 passurus
1512 2044 1601 2106 sit,
1639 2051 1693 2099 et
1716 2042 1830 2099 fieri

236 2149 411 2210 potest
444 2150 500 2195 ut
523 2139 606 2195 vel
635 2139 793 2194 faciat
830 2153 896 2193 ex
925 2152 987 2193 ea
1014 2136 1097 2192 vel
1142 2146 1360 2206 propter
1418 2150 1533 2189 eam
1595 2135 1832 2204 patiatur

235 2233 437 2303 aliquid
467 2233 609 2297 mali,
646 2231 786 2301 quod
817 2244 915 2299 ego
955 2244 1076 2285 cum
1109 2230 1295 2285 darem
1327 2244 1435 2283 non
1481 2229 1697 2283 evenire
1736 2242 1833 2282 vo-

235 2326 449 2390 luerim,
476 2341 649 2395 neque
679 2325 781 2379 hoc
830 2324 1011 2377 animo
1041 2323 1317 2388 dederim;
1373 2325 1552 2391 itaque
1600 2323 1642 2377 si
1693 2322 1831 2376 bono

239 2418 421 2469 animo
446 2416 542 2470 feci
573 2420 712 2484 quod
740 2415 870 2471 mihi
927 2430 1050 2469 cum
1085 2414 1315 2469 facerem
1370 2424 1557 2468 notum
1610 2422 1745 2481 erat,
1779 2422 1833 2470 et

237 2506 362 2563 ideo
384 2508 560 2562 lumen
584 2516 827 2573 vocatur,
854 2508 1187 2561 illuminatur
1248 2506 1406 2560 etiam
1439 2506 1634 2561 factum
1656 2519 1832 2561 meum

237 2599 670 2671 qualemcunque
701 2599 904 2655 exitum
938 2597 1183 2653 habuerit
1218 2615 1229 2649 :
1264 2597 1355 2667 qui
1379 2599 1553 2653 exitus
1577 2597 1830 2667 quoniam

244 2689 487 2747 incertus
512 2702 612 2752 est.
647 2701 699 2745 et
729 2692 940 2760 ignotus
972 2698 1075 2758 est,
1118 2690 1355 2744 tenebrae
1376 2689 1653 2759 appellata
1685 2697 1828 2744 sunt.

234 2786 291 2841 Si
314 2794 491 2842 autem
543 2788 683 2842 malo
720 2788 901 2841 animo
928 2786 1051 2852 Ieci,
1103 2785 1265 2840 etiam
1309 2783 1487 2853 ipsum
1540 2784 1719 2839 lumen
1760 2792 1832 2837 te-

234 2880 418 2934 nebrae
448 2888 593 2947 sunt,
621 2880 803 2934 lumen
834 2878 974 2934 enim
1006 2878 1204 2933 dicitur
1244 2875 1368 2945 quia
1404 2875 1549 2929 novit
1601 2874 1829 2943 quisque

232 2987 341 3043 quo
371 2972 551 3027 animo
581 2973 747 3027 faciat
766 2974 875 3045 85
896 2974 1062 3029 etiam
1106 2984 1228 3025 cum
1262 2969 1401 3025 man
1430 2968 1611 3022 animo
1660 2966 1822 3019 facit:

230 3065 329 3121 sed
354 3066 527 3136 ipsum
550 3067 730 3121 lumen
760 3066 999 3122 tenebrae
1021 3074 1173 3133 sunt,
1212 3063 1334 3132 quia
1368 3078 1472 3118 non
1515 3063 1566 3117 in
1597 3075 1825 3130 superna

229 3158 482 3229 dirigitur
520 3159 747 3227 simplex
794 3158 1041 3225 intentio,
1075 3157 1170 3212 sed
1200 3156 1267 3210 ad
1297 3155 1550 3211 inferiora
1582 3152 1821 3208 declina.

1932 1953 2178 2007 collectis
2210 1964 2385 2007 autem
2414 1968 2533 2024 quae
2564 1953 2694 2007 fiunt
2726 1952 2777 2007 in
2803 1962 3016 2009 sanctos
3036 1994 3051 2019 ,
3096 1954 3237 2008 sicut
3265 1953 3511 2012 ordinavi

1932 2043 1984 2096 in
2028 2042 2277 2098 Ecclesiis
2331 2041 2572 2109 Galatiae,
2623 2044 2697 2098 ita
2735 2052 2792 2099 et
2823 2058 2915 2097 vos
2966 2043 3139 2099 tacite.
3195 2042 3298 2101 Per
3346 2060 3507 2102 unam

1930 2134 2135 2191 sabbati
2174 2137 2536 2207 unusquisque
2570 2142 2809 2191 vestrum
2863 2135 3003 2205 apud
3052 2152 3109 2192 se
3131 2148 3389 2207 .seponat,
3424 2155 3509 2194 re-

1931 2227 2172 2282 condens
2204 2228 2345 2297 quod
2394 2229 2440 2282 ei
2489 2227 2625 2281 bene
2667 2227 2959 2296 placuerit,
3007 2238 3061 2281 ut
3092 2244 3197 2283 non
3224 2272 3238 2295 ,
3271 2245 3391 2285 cum
3419 2248 3508 2287 ve-

1934 2334 2083 2384 nero,
2119 2329 2247 2375 tunc
2275 2321 2514 2375 collecta:
2548 2318 2695 2377 fiant.
2732 2320 2821 2374 His
2850 2326 2904 2375 et
2930 2321 3234 2389 huiusmodi
3265 2322 3507 2395 Scriptu-

1934 2426 2113 2468 rarum
2144 2411 2275 2467 locis
2294 2412 2425 2467 satis
2443 2421 2662 2481 apparet
2690 2410 2975 2466 Dominum
3009 2420 3253 2468 nostrum
3280 2430 3383 2469 non
3409 2416 3509 2471 hoc

1934 2504 2241 2574 improbare
2271 2546 2285 2570 ,
2318 2507 2360 2559 si
2397 2504 2516 2574 quis
2546 2504 2778 2558 humano
2810 2519 2957 2559 more
2988 2506 3085 2559 ista
3118 2516 3385 2575 procuret,
3417 2508 3509 2564 sed

1932 2598 1976 2653 si
2003 2598 2125 2668 quis
2158 2607 2373 2669 propter
2416 2596 2518 2652 ista
2551 2597 2662 2651 Deo
2690 2595 2901 2662 militet,
2936 2609 2991 2653 ut
3024 2599 3076 2654 in
3113 2600 3364 2669 operibus
3397 2604 3508 2658 suis

1932 2704 2038 2745 non
2082 2704 2301 2759 regnum
2354 2690 2467 2755 Dei,
2502 2690 2595 2745 sed
2626 2690 2850 2744 istorum
2873 2691 3277 2759 acquisitionem
3304 2693 3508 2749 intuea-

1933 2787 2039 2835 tur.
2080 2780 2162 2835 Ad
2197 2782 2333 2835 lianc
2363 2795 2491 2850 ergo
2522 2780 2762 2851 regulam
2812 2779 2914 2836 hoc
2961 2789 3130 2837 totum
3182 2792 3507 2853 praeceptum

1932 2874 2189 2945 redigitur
2218 2872 2513 2948 [dirigitur]
2543 2917 2556 2941 ,
2592 2883 2648 2929 ut
2669 2875 2829 2929 etiam
2872 2874 2923 2928 in
2952 2876 3170 2929 istorum
3204 2875 3509 2946 provisione

1929 2980 2151 3037 regnum
2180 2964 2275 3021 Dei
2297 2966 2618 3036 cogitemus,
2646 2965 2699 3019 in
2732 2964 2920 3019 militia
2950 2979 3077 3020 vero
3103 2967 3250 3035 regni
3284 2968 3372 3021 Dei
3405 2967 3509 3023 ista

1932 3076 2035 3115 non
2054 3062 2365 3130 cogitemus.
2391 3059 2493 3114 Ista
2515 3058 2658 3113 enim
2681 3058 2889 3115 etiamsi
2910 3059 3197 3129 aliquando
3218 3059 3507 3127 defuerint,

1927 3153 2067 3223 quod
2120 3152 2429 3221 plerumque
2499 3160 2719 3221 propter
2772 3152 3209 3207 exercitationem
3267 3162 3507 3207 nostram

230 3228 429 3321 tur,iet
459 3252 656 3324 duplici
705 3252 869 3309 corde
898 3249 1052 3323 quasi
1102 3249 1345 3305 umbram
1393 3248 1539 3303 facit.
1593 3246 1650 3302 Si
1695 3260 1824 3315 ergo
1854 3228 1900 3295 C
1933 3243 2071 3298 Deus
2100 3243 2247 3308 sinit,
2304 3258 2405 3298 non
2459 3242 2631 3297 solum
2683 3258 2789 3298 non
2839 3243 3119 3299 debilitant
3175 3245 3508 3317 propositum

233 3346 415 3402 lumen
447 3348 587 3416 quod
613 3346 665 3401 in
694 3354 745 3401 te
771 3354 854 3401 est
880 3346 1118 3399 tenebrm
1138 3351 1283 3409 sunt,
1309 3343 1545 3397 tenebrae
1575 3340 1823 3410 quantae?

229 3437 336 3492 hoc
347 3444 449 3504 est,
466 3437 508 3491 si
522 3438 636 3507 ipsa
653 3436 829 3491 cordis
846 3434 1069 3495 intentio
1086 3449 1189 3502 qua
1206 3430 1338 3485 facis
1362 3430 1501 3500 quod
1522 3428 1673 3497 facis,
1691 3445 1812 3497 qua:

230 3528 330 3585 tibi
345 3537 468 3584 nota
486 3539 588 3597 est,
614 3526 924 3585 sordidatur
934 3526 1173 3597 appetitu
1214 3538 1392 3579 rerum
1417 3531 1754 3577 terrenarum
1767 3530 1823 3576 et

228 3620 607 3691 temporalium
638 3631 797 3689 atque
818 3627 1072 3684 czecatur‘,
1096 3624 1297 3685 quanto
1318 3613 1487 3684 magis
1514 3615 1687 3682 ipsum
1715 3612 1822 3667 fac-

230 3722 367 3779 tum,
400 3711 553 3783 cujus
604 3712 840 3767 incertus
894 3718 980 3767 est
1011 3708 1209 3772 exitus,
1240 3707 1515 3763 sordidum
1563 3715 1619 3762 et
1672 3718 1818 3761 tene-

231 3804 455 3861 brosum
480 3805 600 3860 est?
632 3805 751 3873 quia
782 3803 884 3859 etsi
936 3804 1073 3858 bene
1099 3801 1259 3856 alicui
1291 3801 1567 3870 proveniat
1592 3798 1731 3869 quod
1765 3808 1818 3852 tu

233 3913 341 3953 non
366 3907 510 3952 recta
564 3907 617 3953 et
642 3896 834 3951 munda
884 3897 1182 3950 intentione
1229 3895 1378 3957 facis,
1434 3891 1703 3962 quomodo
1762 3898 1817 3944 tu

235 3991 427 4045 feceris
475 3990 573 4045 tibi
634 3992 963 4059 imputatur,
1027 4004 1132 4044 non
1178 3986 1449 4057 quomodo
1494 3985 1571 4039 illi
1623 3996 1815 4053 prove-

236 4080 399 4137 nerit.

728 4148 954 4206 CAPUT
993 4147 1312 4204 CCCXVIII.

234 4266 314 4321 De
342 4264 686 4320 sollicitudine
728 4265 965 4318 crauime
1015 4262 1119 4316 diei
1157 4258 1471 4329 prohibita;
1520 4272 1587 4311 ea:
1639 4256 1816 4309 eodem

952 4332 1105 4387 libro.

305 4470 477 4525 Nolite
504 4482 635 4540 ergo
678 4468 893 4525 solliciti
925 4482 1044 4523 esse
1073 4468 1139 4522 de
1167 4463 1406 4522 crastino
1436 4462 1634 4535 [Nolite
1664 4461 1810 4533 cogi-

232 4572 348 4616 tare
382 4562 447 4617 de
494 4558 750 4631 crastino]
784 4578 794 4614 :
835 4575 937 4613 non
966 4559 1109 4615 enim
1133 4557 1329 4612 dicitur
1357 4556 1622 4611 crastinus
1650 4554 1767 4611 dies
1794 4596 1808 4620 ,

227 4656 334 4711 nisi
369 4656 419 4708 in
450 4664 691 4725 tempore
720 4652 809 4708 ubi
843 4652 1118 4723 praeterito
1148 4650 1388 4705 succedit
1433 4650 1668 4703 futurum
1715 4646 1809 4701 ite-

232 4763 375 4804 rum.
427 4748 564 4816 Ergo
593 4761 713 4801 cum
746 4746 943 4812 aliquid
980 4746 1102 4799 boni
1134 4759 1438 4812 operamur,
1472 4758 1577 4797 non
1603 4753 1811 4812 tempo-

228 4843 389 4905 ralia,
418 4840 514 4896 sed
542 4847 743 4895 aeterna
774 4839 1095 4908 cogitemus,
1131 4846 1257 4892 tunc
1290 4838 1390 4891 erit
1432 4836 1562 4892 illud
1609 4838 1807 4892 bonum

228 4944 285 4989 et
312 4934 602 5002 perfectum
632 4946 786 5001 opus.
816 4931 1092 4986 Crastinus
1122 4930 1284 4995 enim,
1311 4931 1501 4999 inquit,
1529 4930 1644 4986 dies
1665 4931 1807 4984 solli-

229 5029 372 5081 citus
397 5026 493 5078 erit
518 5024 615 5079 sibi
647 5024 743 5093 ipsi
778 5041 789 5077 :
822 5023 872 5077 id
901 5032 1001 5089 est,
1028 5032 1085 5077 ut
1106 5038 1225 5077 cum
1252 5024 1549 5091 oportuerit
1578 5022 1668 5075 tibi
1694 5022 1805 5090 ipse

224 5134 411 5174 sumas
433 5118 627 5184 cibum,
656 5118 737 5172 vel
782 5125 983 5185 potum,
1027 5116 1107 5171 vel
1135 5115 1524 5179 indumentum,
1556 5129 1674 5168 cum
1698 5114 1809 5182 ipsa

223 5210 433 5265 scilicet
464 5208 753 5263 necessitas
772 5222 964 5278 urgere
981 5207 1226 5277 coeperit.
1249 5207 1490 5261 Aderunt
1506 5206 1647 5260 enim
1673 5207 1805 5275 Ιιιιεο,

225 5304 350 5373 quia
380 5301 525 5356 novit
555 5301 711 5355 Pater
748 5308 926 5355 vester
980 5300 1122 5370 quod
1177 5298 1363 5352 horum
1406 5299 1643 5353 omnium
1676 5299 1807 5351 indi-

224 5410 417 5468 gemus
447 5413 458 5447 :
488 5393 697 5451 Sufﬂeit
724 5394 865 5447 enim
895 5436 907 5456 ,
944 5393 1148 5462 inquit,
1181 5393 1283 5447 diei
1335 5392 1533 5446 malitia
1580 5406 1707 5454 sua;
1753 5389 1804 5444 id

225 5496 334 5553 est,
367 5486 564 5541 sufficit
583 5484 722 5553 quod
746 5483 853 5537 ista
875 5498 1089 5538 sumere
1116 5485 1324 5553 urgebit
1353 5484 1466 5554 ipsa
1495 5482 1802 5543 necessitas,

225 5596 385 5652 quam
422 5587 703 5647 propterea
730 5575 989 5630 malitiam
1024 5576 1353 5630 nominatam
1387 5575 1651 5637 arbitror,
1683 5573 1805 5642 quia

228 5669 457 5745 ptenalis
481 5676 565 5723 est
586 5668 762 5731 nobis,
784 5667 1016 5736 pertinet
1038 5668 1179 5720 enim
1208 5671 1272 5720 ad
1303 5669 1440 5720 hanc
1469 5664 1805 5733 fragilitatem

228 5775 282 5818 et
339 5762 714 5816 mortalitatem
764 5774 921 5829 quam
978 5760 1248 5829 peccando
1305 5761 1617 5813 meruimus.
1679 5757 1811 5812 Huic

227 5871 358 5927 ergo
433 5867 605 5924 poenae
682 5848 994 5923 temporalis
1052 5848 1384 5905 necessitatis
1449 5847 1558 5903 noli
1613 5847 1811 5903 addere

1927 3346 2191 3401 nostrum,
2217 3335 2309 3390 sed
2342 3336 2500 3389 etiam
2532 3336 2893 3389 examinatum
2936 3337 3328 3407 probatumque
3371 3354 3503 3395 con-

1927 3424 2141 3479 firmant
2174 3440 2190 3477 :
2217 3422 2524 3480 Gloriamur
2544 3426 2709 3490 enim,
2736 3426 2929 3494 inquit,
2964 3426 3015 3479 in
3045 3426 3499 3485 tribulationibus.

2447 3558 2673 3615 CAPUT
2713 3557 2983 3616 CCCXIX.

1928 3671 2199 3748 Quomodo
2225 3673 2581 3748 accipiendum
2608 3675 2675 3727 ait
2698 3689 2716 3727 :
2748 3673 2926 3748 olite
2944 3675 3188 3745 judicare
3214 3693 3279 3732 ne
3297 3680 3507 3748 judice-

1994 3744 2151 3809 mini;
2181 3752 2244 3817 et,
2260 3743 2324 3797 de
2345 3746 2540 3817 festuca
2560 3746 2612 3798 in
2641 3746 2789 3800 oculo
2812 3743 2989 3817 fratris
3019 3763 3078 3817 ac
3105 3750 3244 3803 trabe
3272 3743 3374 3805 ιὶοη
3401 3754 3506 3809 viso

1992 3817 2045 3866 in
2072 3815 2277 3885 proprio
2302 3815 2485 3877 oculo;
2537 3831 2597 3869 ea:
2639 3815 2821 3870 codem‘
2861 3815 2990 3870 libro
3020 3816 3083 3872 de
3114 3817 3362 3876 Sermone
3394 3821 3500 3877 Do~

1992 3886 2117 3939 mini
2138 3886 2192 3939 in
2223 3885 2272 3938 Μ
2281 3894 2415 3940 ante.

1992 3997 2168 4051 Nolite
2189 3996 2437 4066 judicare
2463 4012 2530 4051 ne
2552 3996 2821 4067 judicetur
2843 3998 2910 4057 de
2938 3999 3120 4054 vobis:
3150 4002 3202 4055 in
3224 4018 3331 4073 quo
3357 4008 3503 4063 enim

1915 4090 2523 4162 judiciojudicaveritis,
2550 4088 2879 4160 judicabitur
2909 4090 2974 4144 de
3006 4090 3186 4158 vobis;
3224 4102 3277 4148 et
3310 4095 3363 4149 in
3396 4111 3500 4166 qua

1920 4197 2171 4236 mensura
2203 4182 2373 4235 mensi
2400 4180 2627 4249 fueritis,
2682 4180 2997 4235 remetietur
3030 4180 3205 4238 vobis.
3238 4183 3347 4239 Hoc
3381 4185 3503 4242 loco

1918 4274 2053 4329 nihil
2084 4274 2226 4329 aliud
2259 4274 2414 4329 nobis
2459 4274 2674 4345 praecipi
2716 4273 3002 4339 existimo,
3035 4274 3137 4328 nisi
3166 4284 3221 4329 ut
3258 4290 3319 4330 ea
3367 4276 3503 4337 facta

1920 4382 2040 4437 quae
2072 4365 2291 4420 dubium
2324 4374 2412 4422 est
2435 4380 2540 4435 quo
2565 4366 2745 4420 animo
2776 4364 2907 4421 fiant
2930 4407 2946 4432 ,
2980 4368 3031 4420 in
3064 4362 3338 4423 meliorem
3378 4382 3501 4439 par—

1920 4468 2027 4515 tem
2055 4460 2494 4528 interpretemur.
2518 4457 2671 4529 Quod
2700 4459 2844 4513 enim
2871 4457 3129 4528 scriptum
3151 4469 3253 4524 est,
3287 4459 3365 4515 Ex
3392 4458 3501 4517 fru-

1919 4551 2089 4605 ctibus
2129 4564 2314 4604 eorum
2356 4550 2695 4620 cognoscetis
2729 4564 2852 4617 eos,
2878 4547 2946 4604 de
2978 4547 3273 4605 manifestis
3299 4550 3497 4607 dictum

1922 4650 2026 4707 est,
2059 4657 2178 4711 quae
2203 4658 2309 4695 non
2354 4651 2577 4710 possunt
2618 4640 2761 4695 bono
2800 4640 2980 4694 animo
3009 4640 3123 4715 fieri
3150 4659 3164 4696 :
3190 4642 3345 4699 sicuti
3376 4655 3500 4701 sunt

1921 4744 2129 4806 stupra,
2162 4734 2246 4789 vel
2274 4733 2648 4804 blasphemiae,
2676 4732 2758 4787 vel
2792 4732 2960 4797 furta,
2995 4733 3079 4788 vel
3109 4733 3416 4803 ebriositas,
3444 4749 3499 4794 et

1919 4828 2087 4898 siqua
2115 4827 2237 4881 talia
2257 4866 2270 4891 ,
2299 4825 2365 4880 de
2405 4823 2599 4895 quibus
2650 4822 2803 4878 nobis
2834 4823 3076 4894 judicare
3123 4826 3450 4896 permittitur
3480 4870 3495 4895 ,

1917 4923 2129 4977 dicente
2156 4919 2597 4991 ApOStolonuid
2622 4915 2761 4974 enim
2779 4916 2905 4974 mihi
2928 4918 2994 4973 de
3017 4918 3079 4972 iis
3102 4920 3188 4989 qui
3223 4920 3350 4975 foris
3374 4934 3497 4977 sunt

1911 5006 2189 5085 judicare?
2218 5028 2395 5068 nonne
2418 5012 2485 5066 de
2506 5012 2585 5066 eis
2610 5011 2703 5083 qui
2744 5011 2889 5067 intus
2913 5020 3035 5066 sunt
3066 5026 3162 5065 vos
3199 5012 3449 5079 iudicatis
3472 5014 3495 5067 ἵ

1920 5108 1993 5161 De
2019 5118 2213 5171 genere
2241 5111 2417 5158 autem
2458 5103 2722 5171 ciborum,
2745 5102 2864 5171 quia
2895 5110 3118 5170 possunt
3140 5100 3281 5155 bono
3312 5103 3494 5158 animo

1917 5206 1970 5250 et
2010 5195 2238 5264 simplici
2272 5195 2432 5249 corde
2463 5195 2578 5248 sine
2609 5193 2737 5247 vitio
2780 5191 3225 5258 concupiscentia
3248 5192 3491 5260 quicum-

1918 5302 2021 5360 que
2053 5286 2268 5341 humani
2308 5286 2413 5340 cibi
2446 5281 2813 5339 indiﬂerenter
2854 5282 3014 5347 sumi,
3048 5280 3320 5350 prohibuit
3348 5284 3490 5343 idem

1918 5381 2207 5451 Apostolus
2234 5379 2461 5449 judicari
2497 5392 2591 5432 eos
2630 5376 2721 5445 qui
2755 5374 3005 5450 carnibus
3038 5377 3393 5434 vescebantur
3437 5393 3490 5436 et

1917 5476 2097 5526 vinum
2129 5472 2404 5537 bibebant,
2428 5471 2494 5526 ab
2523 5470 2600 5524 eis
2632 5470 2719 5537 qtti
2748 5481 2807 5521 se
2835 5466 2905 5520 ab
2935 5465 3237 5535 hujusmodi
3270 5457 3518 5524 alimcn-I

1915 5564 1983 5620 tis
2014 5566 2377 5635 temperabant
2407 5582 2418 5615 :
2445 5560 2543 5629 Qui
2576 5558 2885 5625 manducat,
2911 5558 3105 5627 inquit,
3134 5573 3236 5611 non
3264 5562 3487 5617 mandu-

1915 5670 2123 5714 cantem
2158 5675 2260 5713 non
2304 5667 2541 5727 spernat,
2571 5661 2625 5708 et
2646 5652 2733 5722 qui
2768 5666 2872 5705 non
2915 5650 3199 5705 manducat
3222 5694 3234 5717 ,
3268 5654 3490 5707 mandu-

1915 5762 2122 5810 Cantem
2156 5769 2259 5808 non
2294 5752 2531 5822 judicet;
2566 5749 2635 5803 ibi
2679 5747 2840 5803 etiam
2868 5746 2941 5800 ait
2977 5764 2987 5797 :
3017 5746 3098 5800 Tu
3148 5748 3266 5817 quis
3298 5765 3372 5814 es,
3401 5753 3487 5819 qui

1913 5846 2120 5917 judicas
2152 5846 2380 5902 alienum
2406 5855 2618 5898 servum
2643 5842 2664 5894 ’ἓ
2700 5839 2924 5896 Domino
2948 5854 3045 5896 suo
3074 5848 3300 5905 stat,aut
3325 5841 3482 5896 cadit.
