4010 6382
482 354 619 409 1059
694 348 703 351 ’

1586 346 1649 400 D.
1691 340 2012 401 EUGYPPll
2050 334 2342 395 ABBATIS
2378 332 2699 391 AFRICANI

3646 325 3771 383 1040

488 470 565 525 De
596 467 798 525 talibus
836 466 982 523 enim
1024 464 1185 521 rebus
1229 476 1347 532 quae
1387 468 1611 530 possunt
1640 458 1813 523 bono,
1855 465 1912 512 et
1950 455 2080 512 sim-
2110 455 2367 516 Aautem
2418 444 2853 519 persecutoribus
2904 441 3237 513 plurimum,
3277 439 3401 510 quia
3456 440 3571 495 etsi
3620 441 3776 511 aliqui

484 564 615 633 plici
642 604 658 630 ,
702 573 755 619 et
806 576 1002 631 magno
1028 559 1209 613 animo
1234 554 1372 625 ﬁeri,
1405 552 1653 625 quamvis
1683 552 1889 623 possint
1915 549 2078 606 etiam

483 670 594 709 non
635 654 799 721 bono,
835 652 1092 709 volebant
1117 648 1219 715 illi,
1249 664 1373 703 cum
1399 644 1648 701 homines
1671 653 1874 709 essent,
1904 644 1959 697 in
1989 656 2082 698 oc-

483 745 630 800 culta
674 744 855 801 cordis
886 742 1029 798 ferre
1057 738 1407 808 sententiam,
1438 738 1505 793 de
1545 737 1740 808 quibus
1766 735 1910 791 Deus
1931 732 2081 789 solus

483 836 706 907 judicat.
742 835 819 890 Ad
850 833 955 890 hoc
990 832 1227 904 pertinet
1264 830 1427 886 etiam
1472 829 1603 884 illud
1633 829 1775 899 quod
1823 827 1934 881 alio
1964 827 2083 882 loco

486 932 615 987 dicit
649 948 660 983 :
694 928 874 984 Nolite
903 936 1031 983 ante
1058 935 1269 995 tempus
1299 924 1591 996 quidquam
1610 923 1878 994 judicare,
1905 918 2083 991 quoad

486 1038 659 1091 usque
682 1022 862 1078 veniat
897 1020 1177 1085 Dominus,
1204 1027 1256 1073 et
1278 1017 1543 1073 illuminet
1574 1015 1686 1089 [qui
1717 1024 1771 1071 et
1816 1012 2087 1068 illumina-

484 1112 585 1183 bit]
614 1113 928 1170 abscondita
972 1112 1319 1169 tenebrarum
1343 1155 1357 1177 ,
1392 1118 1448 1163 et
1478 1104 1846 1163 manifestabit
1877 1102 2083 1175 cogita-

485 1206 659 1261 tiones
688 1205 891 1268 cordis,
923 1214 977 1260 et
1008 1214 1132 1259 tunc
1168 1203 1283 1257 laus
1311 1201 1415 1256 erit
1439 1199 1726 1268 unicuique
1753 1213 1781 1250 a
1817 1197 1929 1251 Deo
1958 1195 2089 1265 [Do-

486 1296 682 1370 mino].
714 1296 855 1353 Sunt
884 1311 1013 1367 ergo
1042 1292 1288 1365 quaedam
1326 1292 1465 1346 facta
1498 1290 1693 1355 media,
1725 1304 1843 1358 quae
1875 1288 2089 1357 ignora-

486 1403 608 1444 mus
656 1402 764 1459 quo
812 1387 996 1441 animo
1045 1386 1204 1451 fiant,
1246 1382 1371 1455 quia
1421 1392 1477 1438 et
1521 1382 1666 1437 bono
1704 1389 1759 1435 et
1791 1379 1933 1433 malo
1971 1376 2091 1432 ﬁeri

488 1490 739 1550 possunt,
775 1479 843 1536 de
864 1479 1058 1551 quibus
1087 1476 1432 1533 temerarium
1456 1484 1539 1530 est
1566 1474 1831 1543 judicare,
1858 1470 2091 1526 maxime

487 1581 548 1627 ut
582 1570 1030 1627 condemnemus.
1084 1569 1288 1625 ﬂorum
1346 1576 1527 1623 autem
1580 1564 1763 1621 veniet
1796 1577 2005 1633 tempus
2034 1570 2093 1616 ut

487 1662 821 1731 iudicentur,
846 1678 969 1718 cum
1016 1661 1159 1717 Deus
1188 1659 1495 1735 [Dominus]
1520 1657 1846 1713 illuminabit
1866 1656 2092 1712 abscon-

489 1753 601 1811 dita
634 1755 1005 1821 tenebrarum,
1031 1764 1089 1809 et
1115 1752 1484 1809 manifestabit
1509 1751 1869 1823 cogitationes
1888 1749 2090 1805 cordis.

2186 557 2374 598 eorum
2406 540 2633 597 correcti
2661 548 2821 605 sunt,
2874 551 2940 593 eo
2973 547 3154 592 tamen
3187 542 3433 605 tempore
3459 546 3578 603 quo
3605 548 3776 603 perse-

2185 639 2487 709 quebantur
2515 634 2808 692 excaecavit
2836 634 2959 689 illos
2998 630 3201 688 malitia
3254 644 3466 685 eorum.
3507 627 3606 684 Sic
3631 637 3685 683 et
3711 636 3777 684 te

2187 731 2477 787 merarium
2502 728 2765 800 judicium
2812 726 3129 797 plerumque
3159 720 3293 778 nihil
3319 730 3486 777 nocet
3517 720 3572 775 ei
3598 719 3667 776 de
3686 734 3776 790 quo

2190 833 2398 878 temere
2423 820 2717 891 judicatur,
2742 819 2792 874 ei
2819 827 2999 873 autem
3032 815 3121 886 qui
3154 820 3357 868 temere
3394 810 3612 881 judicat
3637 852 3652 876 ,
3680 811 3775 879 ipsa

2192 913 2468 968 temeritas
2518 925 2745 967 necesse
2773 918 2855 967 est
2885 918 2942 963 ut
2994 916 3208 963 noceat.
3263 904 3369 960 Ista
3408 904 3608 975 regula
3637 904 3774 958 etiam

2190 1008 2319 1064 illud
2347 1008 2549 1063 dictum
2574 1007 2808 1063 arbitror
2838 1022 2851 1058 :
2883 1003 3073 1059 Omnis
3105 1002 3195 1071 qui
3224 998 3569 1071 percusserit
3596 997 3773 1068 gladio,

2190 1103 2369 1173 gladio
2397 1102 2677 1158 morietur.
2701 1102 2872 1170 Quam
2908 1097 3064 1153 multi
3096 1097 3239 1153 enim
3256 1093 3441 1167 gladio
3465 1093 3773 1163 percutiunt,

2192 1212 2291 1251 nec
2326 1206 2499 1251 tamen
2525 1192 2627 1267 [in]
2654 1193 2835 1265 gladio
2863 1192 3166 1245 moriuntur
3198 1229 3213 1256 ,
3245 1189 3386 1244 sicut
3415 1200 3530 1241 nec
3561 1186 3671 1255 ipse
3699 1185 3777 1239 Pe

2193 1287 2351 1340 trus?
2383 1286 2489 1342 Sed
2517 1302 2585 1341 ne
2614 1286 2773 1340 istum
2817 1284 2977 1339 venia
3009 1291 3352 1352 peccatorum
3386 1280 3559 1333 talem
3590 1293 3773 1348 penam

2195 1378 2434 1433 evasisse
2463 1378 2583 1448 quis
2613 1387 2784 1447 putet,
2810 1390 3115 1446 quanquam
3139 1373 3274 1427 nihil
3305 1371 3606 1427 absurdius
3632 1386 3765 1441 quam

2196 1485 2254 1529 ut
2279 1473 2536 1545 majorem
2563 1482 2715 1545 putet
2748 1471 2930 1543 gladio
2962 1484 3175 1539 pinnam
3217 1482 3341 1523 esse
3371 1468 3648 1536 potuisse,
3676 1480 3773 1533 qum

2196 1568 2356 1624 Petro
2387 1583 2495 1622 non
2522 1566 2743 1632 accidit,
2763 1580 2923 1635 quam
2952 1546 3125 1618 crucis
3151 1576 3272 1632 qua:
3292 1560 3501 1615 aCCidil
3526 1577 3537 1610 :
3570 1558 3688 1629 quid
3714 1568 3776 1610 ta-

2197 1677 2321 1717 men
2351 1661 2421 1717 de
2451 1659 2747 1715 latronibus
2769 1658 3013 1714 dicturus
3037 1664 3140 1721 est,
3164 1654 3403 1725 quicum
3429 1654 3660 1709 Domino
3679 1667 3775 1706 cru-

2197 1756 2340 1811 cifixi
2369 1764 2528 1821 sunt,
2562 1755 2689 1825 quia
2717 1763 2773 1809 et
2799 1754 2889 1807 ille
2919 1751 3013 1822 qui
3054 1748 3251 1805 meruit
3293 1748 3515 1803 veniam
3544 1790 3559 1814 ,
3593 1757 3776 1818 postea-

489 1846 623 1903 Item
672 1848 780 1904 alio
828 1848 950 1903 loco
996 1847 1126 1903 dicit
1172 1847 1315 1903 idem
1346 1846 1641 1916 Apostolus
1677 1863 1687 1898 :
1722 1843 2091 1912 Quorumdam
2126 1856 2175 1917 Β
2200 1864 2359 1919 quam
2413 1847 2705 1902 crucifixus
2754 1854 2839 1900 est
2895 1843 3130 1909 meruit,
3166 1852 3222 1895 et
3255 1841 3395 1895 alter
3437 1842 3658 1894 omnino
3687 1855 3773 1894 non

489 1942 773 1996 hominum
805 1949 1027 2011 peccata
1057 1940 1342 1997 manifesta
1374 1950 1501 1996 sunt
1529 1940 1892 2011 praecedentia
1922 1939 1989 1993 ad
2008 1938 2094 2008 ju-

492 2032 696 2091 dicium
724 2078 741 2103 ,
774 2035 1020 2105 quzedam
1057 2044 1240 2091 autem
1271 2044 1325 2089 et
1352 2035 1779 2104 subsequuntur.
1814 2031 2093 2087 Manifesta

491 2145 556 2184 ea
586 2127 759 2194 dicit,
811 2129 878 2184 de
925 2128 1117 2199 quibus
1156 2128 1365 2184 clarum
1411 2137 1496 2184 est
1542 2144 1647 2199 quo
1702 2127 1881 2183 animo
1922 2126 2092 2191 fiant;

496 2221 618 2277 haec
664 2220 973 2290 praecedunt
1004 2221 1071 2276 ad
1099 2220 1399 2290 judicium,
1430 2222 1482 2276 id
1519 2232 1628 2288 est,
1671 2220 1793 2291 quia
1842 2219 1886 2274 si
1936 2219 2099 2275 fuerit

494 2318 596 2372 ista
629 2316 980 2372 subsecutum
1003 2314 1287 2386 judicium,
1313 2331 1421 2371 non
1443 2330 1525 2371 est
1558 2313 1927 2370 temerarium.
1960 2312 2099 2368 Sub-

498 2417 803 2479 sequuntur
862 2407 952 2462 illa
1003 2415 1183 2463 autem
1231 2423 1354 2478 quae
1394 2406 1604 2462 occulta
1632 2414 1758 2461 sunt
1784 2446 1798 2471 ,
1832 2405 1956 2475 quia
1998 2418 2099 2459 nec

426 2506 437 2513 '
497 2499 619 2569 ipsa
649 2500 891 2555 latebant
921 2508 1167 2570 tempore
1206 2516 1326 2555 suo.
1357 2500 1447 2556 Sic
1474 2499 1623 2555 etde
1655 2498 1812 2553 bonis
1839 2497 1995 2551 factis
2018 2496 2100 2551 in-

502 2591 858 2662 telligendum
888 2601 1001 2657 est,
1026 2608 1150 2647 nam
1182 2593 1254 2647 ita
1291 2591 1440 2664 [ista]
1483 2591 1761 2660 subjungit
1794 2607 1807 2644 :
1838 2588 2092 2645 Similiter

497 2695 553 2741 et
588 2686 726 2742 facta
751 2686 891 2741 bona
920 2686 1207 2742 manifesta
1240 2694 1387 2753 sunt,
1414 2696 1468 2740 et
1491 2699 1829 2755 quaecunque
1854 2699 1913 2739 se
1940 2684 2097 2737 aliter

504 2778 708 2833 habent
740 2780 906 2834 latere
938 2794 1046 2834 non
1080 2788 1326 2849 possunt.
1370 2778 1448 2835 De
1488 2777 1790 2834 manifestis
1815 2792 1944 2846 ergo
1960 2774 2103 2846 judi-

499 2886 721 2941 cemus,
747 2872 816 2928 de
838 2874 1069 2928 occultis
1108 2887 1237 2928 vero
1264 2873 1374 2929 Deo
1390 2871 1656 2942 judicium
1687 2872 2056 2942 relinquamus
2080 2908 2099 2937 ,

499 2967 624 3035 quia
661 2974 717 3022 et
755 2965 869 3034 ipsa
903 2965 1166 3020 abscondi
1213 2979 1319 3020 non
1360 2972 1619 3034 possunt,
1653 2964 1766 3019 sive
1792 2962 1954 3027 mala,
1985 2961 2104 3017 sive

504 3053 671 3123 bona,
699 3071 820 3112 cum
846 3068 1056 3127 tempus
1076 3056 1361 3111 advenerit
1382 3072 1488 3125 quo
1515 3056 1954 3111 manifestentur.
1986 3053 2103 3108 Duo

501 3155 631 3200 sunt
670 3156 850 3202 autem
887 3148 943 3202 in
974 3147 1171 3217 quibus
1219 3147 1568 3203 temerarium
1606 3147 1871 3217 judicium
1902 3160 2103 3201 cavere

2202 1941 2435 1999 meruit?
2485 1958 2550 1996 an
2604 1941 2739 1996 forte
2786 1953 2977 1993 omnes
3017 1951 3153 2007 quos
3187 1933 3505 1991 occiderant
3557 1934 3771 1989 cruciﬁxi

2198 2045 2374 2103 erant,
2400 2045 2457 2091 et
2484 2044 2769 2106 propterea
2794 2033 2899 2087 hoc
2941 2031 3103 2087 etiam
3156 2029 3257 2096 ipsi
3304 2029 3410 2095 pati
3444 2038 3734 2081 meruerunt
3756 2032 3773 2076 γ

2198 2129 2483 2185 ridiculum
2515 2136 2601 2184 est
2649 2130 2750 2182 hoc
2802 2135 3011 2195 putare.
3045 2122 3187 2191 Quid
3230 2136 3363 2190 ergo
3406 2120 3546 2175 aliud
3590 2121 3772 2175 dictum

2201 2232 2304 2290 est,
2346 2222 2533 2278 Omnis
2562 2221 2707 2278 enim
2736 2219 2827 2289 qui
2856 2218 3029 2290 gladio
3058 2216 3409 2287 percusserit,
3436 2214 3612 2286 gladio
3652 2228 3766 2268 mo-

2200 2316 2392 2385 rietur,
2426 2314 2528 2370 nisi
2570 2314 2693 2382 quia
2730 2314 2848 2381 ipso
2890 2320 3113 2381 peccato
3141 2308 3312 2363 anima
3335 2308 3571 2372 moritur,
3597 2304 3757 2375 quod-

2202 2425 2415 2481 cunque
2466 2406 2847 2465 commiseritf
2895 2405 2963 2461 Et
3009 2404 3268 2475 quoniam
3315 2402 3379 2458 de
3418 2402 3769 2457 temerarioet

2203 2506 2387 2575 iniquo
2428 2504 2634 2575 judicio
2673 2517 2773 2558 nos
2820 2504 2923 2556 hoc
2962 2500 3083 2556 loco
3121 2498 3383 2554 Dominus
3411 2506 3627 2561 monet,
3674 2495 3776 2550 vult

2202 2601 2348 2655 enim
2382 2607 2439 2653 ut
2468 2597 2696 2669 simplici
2722 2596 2907 2662 corde,
2955 2604 3011 2651 et
3060 2595 3112 2649 in
3156 2608 3323 2649 unum
3354 2592 3525 2647 Deum
3554 2591 3773 2657 intento,

2206 2691 2463 2748 faciamus
2488 2706 2822 2761 quaecunque
2860 2686 3086 2743 facimus
3108 2727 3126 2754 ,
3155 2695 3210 2741 et
3238 2686 3413 2740 multa
3434 2685 3683 2740 incertum
3704 2691 3774 2738 est

2205 2798 2314 2855 quo
2343 2784 2507 2839 corde
2539 2779 2767 2855 [animo]
2796 2779 2950 2847 ﬁant,
2979 2780 3048 2835 de
3071 2778 3266 2850 quibus
3290 2778 3547 2848 judicare
3575 2787 3767 2833 temera-

2206 2876 2348 2931 rium
2380 2884 2491 2931 est.
2521 2875 2758 2930 Maxime
2796 2884 2976 2929 autem
3022 2872 3078 2928 hi
3119 2882 3323 2928 temere
3361 2870 3765 2941 judicantdein-

2208 2969 2396 3037 certis,
2428 2976 2484 3024 et
2513 2967 2669 3023 facile
2698 2965 3141 3037 reprehendunt,
3174 2963 3270 3035 qui
3302 2967 3485 3036 magis
3515 2964 3767 3019 amantri-

2209 3070 2463 3131 tuperare
2482 3068 2536 3115 et
2557 3059 2834 3128 damnare,
2851 3073 3010 3130 quam
3023 3057 3319 3114 emendare
3336 3068 3511 3128 atque
3528 3058 3758 3126 corrigere-

2208 3151 2356 3222 quod
2389 3150 2576 3207 vitium
2617 3150 2705 3206 vel
2739 3149 3010 3219 superbize
3040 3158 3124 3206 est
3149 3149 3237 3205 vel
3269 3149 3523 3205 invidiae.
3552 3150 3745 3223 [Edm-

504 3236 768 3294 debemus
791 3279 807 3305 ,
862 3254 987 3295 cum
1026 3241 1288 3296 incertum
1335 3250 1420 3295 est
1479 3254 1585 3310 quo
1636 3240 1816 3294 animo
1868 3240 2105 3310 quidque
2134 3252 2180 3317 ρ
2210 3254 2505 3315 sequenler
2526 3243 2770 3310 subiicit,
2804 3252 2860 3298 et
2883 3241 3056 3299 dicit:
3088 3243 3225 3311 Quid
3255 3252 3445 3299 autem
3478 3245 3613 3299 vides
3630 3242 3735 3296 testu.

503 3333 702 3389 factum
751 3334 822 3389 sit
853 3331 1090 3408 [fuerit],
1127 3333 1215 3390 vel
1240 3348 1365 3390 cum
1392 3333 1658 3389 incertum
1691 3344 1776 3389 est
1822 3332 1997 3404 qualis
2018 3331 2104 3388 fu-

505 3433 660 3480 turus
686 3424 757 3481 sit
778 3426 871 3497 qui
903 3440 1046 3481 nunc
1091 3426 1179 3482 vel
1207 3425 1385 3482 malus
1427 3426 1510 3481 vel
1540 3426 1714 3482 bonus
1745 3435 1989 3496 apparet.
2046 3424 2107 3481 Si

506 3534 638 3591 ergo
658 3520 948 3591 quispiam,
972 3520 1125 3577 verbi
1146 3521 1344 3591 gratia,
1358 3529 1689 3591 conquestus
1708 3520 1777 3576 de
1799 3520 2101 3588 stomacho,

504 3612 749 3683 jejunare
793 3613 987 3681 noluit,
1034 3620 1091 3668 et
1125 3622 1182 3668 tu
1228 3612 1282 3668 id
1312 3628 1418 3669 non
1470 3613 1720 3681 credens,
1744 3612 2026 3668 edacitatis
2052 3610 2106 3666 id

506 3707 640 3762 vitio
668 3706 945 3771 tribueris.
974 3716 1177 3762 temere
1204 3706 1492 3775 iudicabis.
1526 3706 1657 3761 item
1688 3704 1736 3760 si
1762 3704 2106 3760 manifestam

511 3798 837 3855 edacitatem
867 3798 1347 3869 ebriositatemque
1370 3799 1715 3869 cognoveris,
1744 3808 1798 3853 et
1827 3798 1899 3853 ita
1923 3812 2109 3867 repre-

510 3890 768 3947 henderis
820 3890 977 3961 quasi
1023 3906 1296 3962 nunquam
1346 3892 1438 3947 ille
1489 3890 1661 3960 possit
1702 3890 1897 3960 corrigi
1945 3899 2108 3960 atque

506 3982 744 4050 mutari,
798 3981 1150 4039 nihilominus
1212 3992 1413 4039 temere
1461 3982 1748 4052 judicabis.
1805 3983 1920 4038 Non
1980 3997 2109 4053 ergo

507 4072 971 4144 reprehendamus
1000 4089 1063 4130 ea
1095 4090 1217 4143 qua:
1245 4076 1523 4131 nescimus
1563 4090 1672 4145 quo
1705 4075 1890 4130 animo
1931 4075 2060 4130 fiant
2089 4115 2105 4141 ,

506 4182 682 4238 neque
717 4168 792 4222 ita
837 4166 1303 4237 reprehendamus
1355 4183 1478 4239 qua:
1520 4166 1805 4224 manifesta
1851 4176 2013 4233 sunt,
2050 4178 2108 4223 ut

506 4256 862 4328 desperemus
892 4257 1205 4325 sanitatem,
1229 4266 1285 4313 et
1309 4257 1597 4314 vitabimus
1619 4257 1880 4329 judicium
1914 4259 1981 4314 de
2004 4275 2109 4329 quo

509 4362 654 4403 nunc
677 4347 877 4403 dicitur
902 4364 917 4402 :
944 4348 1125 4405 Nolite
1163 4348 1429 4417 judicare,
1462 4364 1530 4404 ne
1550 4348 1820 4418 iudicetur
1841 4349 1907 4404 de
1930 4351 2105 4406 vobis.

508 4440 695 4495 Potest
735 4441 847 4513 86
892 4450 1071 4499 autem
1124 4456 1345 4499 movere
1390 4441 1535 4511 quod
1583 4441 1660 4495 ait
1696 4459 1709 4496 :
1744 4442 1797 4495 ln
1828 4456 1935 4511 quo
1964 4443 2108 4498 enim

508 4532 717 4604 judicio
736 4533 1112 4604 judicaveritis
1130 4580 1145 4602 ,
1175 4535 1510 4607 iudicabitur
1538 4535 1605 4592 de
1629 4535 1816 4602 vobis,
1844 4544 1899 4591 et
1928 4537 1981 4592 in
2004 4552 2109 4606 qua

2213 3351 2335 3391 eam
2359 3335 2415 3391 in
2437 3336 2597 3393 oculo
2623 3335 2803 3391 fratris
2826 3376 2843 3402 ,
2877 3335 3087 3391 trabem
3110 3343 3291 3390 autem
3317 3335 3375 3389 in
3404 3345 3503 3390 tuo
3533 3335 3661 3389 oculo
3677 3345 3750 3386 in

2211 3428 2405 3486 vides?
2432 3428 2501 3486 Ut
2526 3429 2571 3485 si
2602 3427 2765 3495 forte,
2796 3427 2946 3484 verbi
2974 3427 3143 3498 gratia
3164 3468 3181 3495 ,
3214 3426 3296 3481 ira
3316 3426 3411 3481 ille
3440 3428 3697 3497 peccavit,
3724 3433 3765 3474 ιι

2211 3523 2339 3580 odio
2391 3522 2781 3594 reprehendas.
2846 3520 3117 3589 Quantum
3164 3530 3348 3575 autem
3402 3519 3629 3578 interest
3670 3522 3773 3573 inter

2212 3616 2476 3673 festucam
2506 3624 2562 3672 et
2586 3615 2820 3683 trabem,
2851 3613 3007 3685 quasi
3054 3622 3262 3670 tantum
3306 3615 3445 3670 inter
3485 3616 3620 3670 iram
3648 3615 3782 3668 distet

2213 3720 2376 3781 atque
2405 3708 2611 3764 odium.
2644 3708 2840 3764 Odium
2872 3715 2955 3763 est
3005 3706 3147 3762 enim
3199 3706 3278 3761 ira
3305 3707 3615 3774 inveterata,
3649 3707 3789 3777 quasi

2212 3817 2333 3873 qua:
2376 3809 2641 3857 vetustate
2687 3800 2801 3870 ipsa
2834 3807 3040 3855 tantum
3073 3797 3239 3854 robur
3269 3797 3517 3866 acceperit
3538 3837 3554 3861 ,
3588 3807 3645 3851 ut
3678 3811 3790 3850 me-

2217 3895 2324 3951 rito
2343 3893 2647 3965 appelletur
2677 3894 2881 3948 trabes.
2915 3890 3060 3947 Fieri
3088 3898 3275 3947 autem
3304 3897 3465 3961 potest
3498 3899 3560 3943 ut
3587 3889 3633 3943 si
3680 3890 3791 3942 ira-

2212 3988 2381 4044 scaris
2417 3986 2662 4053 homini,
2711 3985 2845 4041 velis
2892 3999 3017 4040 eum
3062 3983 3264 4055 corrigi
3296 4002 3309 4037 :
3336 3983 3381 4037 si
3408 3991 3583 4037 autem
3616 3981 3793 4036 oderis

2213 4081 2486 4137 hominem
2511 4119 2528 4145 ,
2558 4094 2667 4135 non
2693 4088 2850 4150 potes
2881 4092 3003 4133 eum
3034 4075 3177 4132 velle
3206 4076 3494 4145 corrigere.
3521 4073 3792 4140 Quomodo

2212 4174 2358 4229 enim
2402 4172 2539 4229 dicis
2590 4170 2743 4226 fratri
2800 4179 2893 4225 tuo
2925 4185 2940 4223 :
2975 4169 3102 4225 Sine
3127 4208 3143 4234 ,
3175 4167 3391 4238 ejiciam
3423 4166 3684 4221 festucam
3732 4164 3789 4219 de

2214 4267 2371 4322 oculo
2400 4275 2515 4333 tuo,
2547 4274 2602 4319 et
2629 4277 2758 4319 ecce
2784 4262 2967 4318 trabes
2994 4270 3078 4318 est
3104 4260 3159 4315 in
3190 4260 3349 4316 oculo
3382 4259 3522 4314 tuo?
3554 4259 3794 4330 llypocri-

2214 4370 2289 4427 ta,
2307 4360 2442 4430 ejice
2464 4361 2695 4429 primum
2726 4356 2932 4412 trabem
2961 4356 3029 4412 de
3055 4355 3213 4411 oculo
3234 4364 3348 4420 tuo,
3379 4364 3437 4411 et
3462 4364 3595 4411 tunc
3614 4354 3790 4408 videbis

2213 4452 2413 4523 ejicere
2443 4450 2705 4506 festucam
2736 4448 2807 4505 de
2834 4449 2996 4506 oculo
3022 4448 3203 4505 fratris
3230 4448 3305 4503 tui
3335 4466 3347 4501 :
3375 4448 3431 4504 id
3455 4459 3566 4514 est,
3589 4450 3785 4520 primum

2212 4544 2426 4619 expelle
2444 4545 2623 4601 odium
2650 4583 2667 4611 ,
2714 4552 2768 4599 et
2796 4542 2995 4601 deinde
3024 4543 3226 4615 poteris
3247 4542 3361 4614 jam
3387 4558 3515 4599 eum
3549 4559 3689 4615 quem
3712 4541 3777 4594 di-

518 4640 776 4681 mensura
831 4628 1004 4685 mensi
1054 4630 1302 4696 fueritis,
1357 4630 1413 4684 in
1453 4644 1517 4686 ea
1571 4630 1889 4684 remetietur
1936 4629 2107 4685 vobis.
2140 4640 2340 4727 Dligis
2394 4638 2709 4695 emendare,
2760 4639 2827 4693 Et
2874 4639 3012 4694 bene
3060 4638 3173 4701 δίε,
3202 4637 3522 4709 ιιςροςηω,
3551 4642 3791 4696 Accusare

517 4717 771 4789 Nunquid
815 4720 958 4775 enim
1009 4722 1056 4777 si
1106 4737 1204 4779 nos
1255 4722 1459 4792 judicio
1502 4721 1791 4777 temerario
1829 4720 2110 4790 judicave-

519 4814 691 4868 rimus
717 4852 732 4875 ,
761 4821 967 4868 temere
1026 4813 1188 4868 etiam
1220 4813 1288 4869 de
1320 4813 1475 4869 nobis
1517 4814 1657 4870 Deus
1680 4812 1986 4883 jndicabit?
2022 4820 2116 4868 aut

518 4903 761 4975 nunquid
793 4905 837 4961 si
870 4905 923 4959 in
964 4919 1221 4960 mensura
1276 4907 1457 4977 iniqua
1506 4906 1680 4961 mensi
1731 4904 1987 4961 fuerimus
2012 4946 2028 4972 ,
2059 4914 2115 4961 et

517 4997 660 5069 apud
690 4998 860 5055 Deum
887 4997 1069 5069 iniqua
1102 5014 1353 5054 mensura
1383 5011 1463 5055 est
1492 4999 1634 5056 unde
1658 5000 1816 5055 nobis
1856 5000 2113 5056 remetie-

521 5090 649 5146 tur?
673 5088 809 5146 Nam
856 5100 913 5147 et
957 5105 1229 5148 mensura:
1268 5093 1514 5158 nomine,
1546 5093 1718 5162 ipsum
1742 5092 2007 5163 judicium
2036 5093 2125 5148 εἰς

518 5182 832 5252 gnificatum
876 5184 1138 5251 arbitror;
1178 5185 1326 5241 nullo
1355 5185 1517 5241 modo
1548 5187 1725 5253 Deus,
1775 5187 1860 5242 vel
1910 5195 2115 5243 temere

432 5332 441 5352 λ
514 5273 745 5346 judicat,
776 5275 864 5333 vel
912 5277 1093 5349 iniqua
1140 5292 1393 5335 mensura
1423 5279 1673 5349 cuiquam
1706 5279 1984 5349 rependit;
2019 5280 2114 5337 sed

432 5356 445 5435 ί
519 5366 626 5424 hoc
647 5367 851 5425 dictum
879 5378 993 5437 est,
1016 5371 1270 5441 quoniam
1303 5370 1581 5427 temeritas
1602 5385 1704 5440 qua
1738 5370 1897 5440 punis
1923 5370 2112 5439 alium,

518 5458 710 5517 eadem
739 5459 856 5531 ipsa
880 5458 985 5531 [est
1011 5462 1062 5518 ei
1083 5462 1209 5536 qua]
1251 5472 1306 5520 te
1348 5462 1536 5533 puniat
1587 5477 1811 5520 necesse
1838 5474 1956 5530 est;
2008 5462 2114 5519 nisi

518 5550 660 5609 torte
697 5552 1067 5610 arbitrandum
1097 5568 1182 5612 est
1211 5557 1354 5628 quod
1399 5557 1653 5627 iniquitas
1697 5558 1747 5613 ei
1791 5568 1983 5613 noceat
2008 5558 2111 5613 ali-

518 5643 650 5715 quid
681 5646 734 5702 in
765 5660 925 5717 quem
954 5648 1221 5719 procedit,
1244 5651 1292 5705 ei
1314 5651 1688 5707 autemnihila
1711 5666 1818 5721 quo
1849 5650 2109 5722 procedit.

518 5735 635 5795 Imo
664 5754 795 5795 vero
823 5754 968 5810 saepe
1012 5742 1146 5798 nihil
1195 5755 1353 5800 nocet
1387 5747 1435 5801 ei
1467 5746 1559 5816 qui
1592 5747 1792 5816 patitur
1818 5746 2069 5815 injurlam
2092 5786 2109 5812 ,

521 5830 577 5887 ei
603 5839 785 5890 autem
808 5832 901 5903 qui
931 5832 1063 5891 facit
1108 5851 1332 5893 necesse
1358 5847 1442 5894 est
1470 5846 1531 5895 ut
1558 5848 1771 5897 noceat.
1804 5838 1942 5907 Quid
1966 5840 2109 5895 enim

523 5928 709 5986 nocuit
762 5930 1088 6002 martyribus
1145 5932 1398 6001 iniquitas
1450 5935 1924 6006 persequentium?
1984 5930 2127 6006 ipsis

2219 4735 2363 4791 enim
2396 4734 2544 4803 vitia,
2577 4733 2817 4788 officium
2852 4741 2937 4787 est
2965 4733 3225 4789 bonorum
3255 4732 3505 4786 virorum
3549 4743 3603 4788 et
3653 4733 3796 4786 bene-

2220 4826 2493 4891 volorum;
2548 4824 2688 4896 quod
2719 4839 2840 4880 cum
2895 4823 3023 4879 mali
3077 4823 3323 4887 faciunt,
3375 4824 3590 4880 alienas
3641 4834 3806 4894 partes

2220 4927 2405 4991 agunt,
2440 4920 2580 4975 sicut
2609 4918 2924 4989 hypocrita,
2950 4918 3040 4987 qui
3071 4926 3253 4988 tegunt
3282 4917 3383 4972 sub
3412 4932 3651 4986 persona
3684 4916 3807 4987 quod

2218 5022 2382 5082 sunt,
2432 5022 2489 5070 et
2544 5022 2818 5069 ostentant
2885 5012 2939 5067 in
3010 5027 3243 5082 persona
3304 5012 3449 5083 quod
3508 5029 3619 5068 non
3672 5023 3809 5068 sunt.

2221 5107 2635 5179 llypocritarum
2661 5121 2792 5179 ergo
2818 5106 3033 5161 nomine
3058 5145 3076 5174 ,
3107 5105 3453 5161 simulatores
3499 5106 3779 5177 acceperis
3796 5148 3810 5171 ,

2219 5209 2275 5256 et
2304 5211 2387 5256 est
2419 5216 2544 5255 vere
2574 5201 2804 5255 multum
2833 5199 3137 5255 cavendum
3162 5209 3217 5255 et
3254 5200 3549 5255 molestum
3601 5203 3818 5257 simulas

2220 5302 2396 5348 torum
2425 5308 2597 5363 genus
2620 5332 2635 5358 ,
2676 5292 2764 5363 qui
2795 5306 2918 5347 cum
2950 5292 3189 5347 omnium
3221 5291 3475 5347 vitiorum
3517 5294 3818 5349 accusatio-

2220 5397 2318 5438 nes
2347 5383 2473 5438 odio
2499 5390 2555 5439 et
2583 5383 2755 5438 livore
2781 5381 3076 5451 suscipiant
3102 5422 3119 5448 ,
3151 5382 3313 5438 etiam
3342 5384 3723 5441 consolatores
3747 5386 3821 5438 vi-

2220 5474 2338 5530 deri
2368 5490 2427 5531 se
2450 5475 2669 5540 volunt;
2697 5484 2753 5530 et
2776 5474 2899 5531 ideo
2930 5475 3016 5546 pie
3041 5483 3309 5544 cauteque.
3335 5476 3669 5547 vigilmdum
3696 5486 3781 5534 est
3801 5519 3818 5541 .

2223 5578 2281 5622 ut
2308 5583 2431 5623 cum
2463 5568 2697 5639 aliquem
2720 5567 3123 5637 reprehendere
3170 5568 3257 5623 vel
3297 5568 3591 5641 obiurgare
3632 5588 3825 5627 ncces.

2221 5660 2352 5716 sitas
2377 5660 2632 5730 coegerit,
2672 5664 2847 5731 primo
2867 5664 3166 5733 cogitemus
3196 5674 3373 5719 utrum
3403 5666 3512 5720 tale
3537 5668 3608 5722 sit
3628 5669 3821 5723 vitium

2222 5753 2364 5823 quod
2393 5769 2664 5823 nunquam
2696 5755 3013 5822 habuimus,
3044 5755 3126 5810 vel
3156 5772 3262 5826 quo
3289 5758 3403 5828 jam
3428 5760 3708 5816 caruimus
3740 5763 3825 5819 :si

2224 5862 2495 5917 nunquam
2525 5848 2833 5917 habuimus,
2857 5850 3154 5923 cogitemus
3182 5862 3237 5909 et
3260 5870 3359 5909 nos
3400 5856 3654 5913 homines
3675 5875 3824 5922 esse.

2223 5945 2279 5995 et
2302 5938 2502 5999 habere
2523 5941 2805 6014 potuisse;
2850 5942 2896 6002 si
2932 5958 3060 6003 vero
3087 5942 3393 6016 habuimus,
3429 5958 3482 6005 et
3514 5966 3619 6010 non
3651 5950 3826 6009 habe.
