4010 6382
293 476 420 532 1041

1437 467 1873 528 THESAUBUS.
1910 468 2064 527 CAP.
2104 467 2351 528 CCCXX.

3415 474 3552 533 1049.

295 596 622 663 mus,tangat
647 590 960 648 memoriam
985 590 1281 647 communis
1303 590 1602 659 inﬁrmitas,
1627 599 1684 646 ut
1706 590 1852 645 illam
1883 590 1935 651 Α
1960 589 2053 645 sed
2084 592 2136 645 in
2169 591 2368 663 templo
2396 606 2515 657 suo,
2544 590 2630 647 cui
2672 606 2765 664 per
2803 592 3029 663 gratiam
3075 593 3338 666 benignus
3376 602 3460 651 est
3488 606 3547 651 et

292 684 762 752 reprehensionem
785 693 878 738 aut
896 683 1325 753 objurgationem
1352 723 1368 749 ,
1401 698 1507 738 non
1538 681 1865 748 odium,—sed

293 775 657 831 misericordia
682 777 973 846 prtccedat,
997 784 1055 831 ut
1082 776 1199 833 sive
1219 776 1287 831 ad
1308 775 1698 831 correctionem
1721 775 1862 845 ejus,

292 875 507 939 propter
534 882 694 938 quem
722 868 774 923 id
804 868 1024 922 facimus
1050 909 1066 933 ,
1098 869 1214 923 sive
1235 868 1301 922 ad
1328 871 1728 939 perversionem
1771 882 1867 922 va-

291 936 612 1031 luerit(na'm
642 960 876 1015 incertus
923 969 1008 1015 est
1046 961 1271 1033 exitus),
1305 936 1403 1016 nos
1426 971 1604 1017 tamen
1640 961 1708 1017 de
1735 961 1866 1017 sim-

290 1052 522 1123 plicitate
567 1051 705 1110 oculi
737 1053 907 1109 nostri
936 1055 1111 1110 securi
1156 1056 1344 1109 simus.
1381 1054 1439 1110 Si
1490 1063 1666 1110 autem
1716 1056 1865 1127 cogi-

288 1150 462 1198 tantes
509 1144 869 1214 nosmetipsos
914 1145 1275 1200 invenerimus
1305 1145 1356 1199 in
1388 1160 1455 1201 eo
1481 1161 1605 1202 esse
1631 1146 1762 1201 vitio
1811 1146 1864 1202 in

289 1250 392 1305 quo
418 1245 501 1291 est
526 1236 617 1292 ille
645 1254 801 1308 quem
826 1238 1222 1307 reprehendere
1253 1241 1594 1308 parabamus,
1635 1254 1744 1296 non
1779 1254 1866 1297 re-

288 1328 680 1397 prehendamus
725 1346 897 1401 neque
923 1332 1267 1403 obiurgemus
1292 1376 1307 1401 ,
1340 1336 1435 1391 sed
1464 1342 1643 1391 tamen
1670 1349 1865 1404 conge-

288 1418 578 1473 miseamus
609 1418 973 1493 [cavendum],
1003 1430 1059 1477 et
1086 1438 1192 1478 non
1220 1424 1369 1479 illum
1401 1426 1467 1479 ad
1489 1426 1866 1496 obtemperan-

287 1508 412 1564 dum
440 1511 617 1578 nobis,
646 1513 738 1569 sed
758 1514 824 1568 ad
849 1514 1049 1583 pariter
1071 1517 1372 1572 conandum
1396 1518 1701 1575 invitemus.
1731 1519 1864 1576 Nam

286 1610 341 1656 et
381 1601 511 1657 illud
554 1604 697 1673 quod
744 1604 873 1661 dicit
904 1608 1190 1675 Apostolus
1222 1626 1234 1662 :
1265 1608 1459 1664 Factus
1500 1624 1618 1665 sum
1661 1609 1865 1666 Judaeis

285 1695 437 1764 quasi
467 1694 702 1762 Judaeus,
735 1705 794 1753 ut
821 1697 1039 1753 Judacos
1067 1700 1468 1769 lucrifacerem;
1504 1702 1588 1759 his
1628 1703 1719 1769 qui
1764 1703 1864 1760 sub

286 1786 402 1856 lege
431 1798 572 1852 sunt,
602 1791 751 1857 quasi
775 1791 875 1845 sub
906 1791 1023 1862 lege
1059 1806 1257 1861 essem,
1285 1808 1404 1848 cum
1447 1808 1557 1849 non
1601 1795 1702 1849 sim
1749 1795 1864 1865 ipse

284 1880 389 1934 sub
419 1879 557 1947 lege,
582 1892 637 1934 ut
665 1895 761 1936 eos
780 1883 872 1953 qui
893 1885 993 1938 sub
1017 1884 1135 1954 lege
1154 1894 1309 1940 erant
1342 1885 1709 1943 fucrifacerem
1734 1905 1748 1954 ;
1780 1886 1864 1941 his

1967 684 2232 753 propitius
2258 704 2270 738 :
2304 686 2512 756 capitur
2542 694 2720 742 autem
2753 686 3028 754 habitans,
3059 689 3128 745 ah
3153 689 3270 744 aliis
3299 688 3553 760 amplius,

1968 774 2035 829 ab
2063 776 2185 830 aliis
2216 778 2413 833 minus.
2450 778 2527 834 De
2571 778 2687 848 ipso
2730 794 2859 835 vero
2896 781 3071 851 capite
3108 789 3295 836 nostro
3321 779 3553 850 Aposto-

1968 865 2052 921 lus
2077 865 2151 922 ait
2176 884 2187 920 :
2221 868 2353 936 Quia
2382 870 2433 924 in
2466 871 2580 940 ipso
2607 870 2819 927 habitat
2844 872 3021 928 omnis
3043 873 3321 943 plenitudo
3348 875 3553 930 Divini-

1967 959 2093 1014 tatis
2123 962 2496 1031 corporaliter.
2529 963 2645 1019 Non
2688 965 2810 1021 ideo
2847 965 3222 1037 corporaliter,
3263 966 3387 1039 quia
3426 982 3552 1024 cor-

1966 1065 2165 1122 poreus
2197 1063 2278 1108 est
2307 1052 2422 1128 [sit]
2452 1056 2592 1112 Deus
2620 1073 2635 1123 ;
2668 1058 2765 1113 sed
2794 1066 2887 1114 aut
2920 1060 3086 1115 verbo
3123 1062 3384 1116 translato
3423 1076 3551 1117 usus

1966 1153 2080 1210 est,
2114 1154 2361 1216 tanquam
2388 1148 2441 1203 in
2473 1150 2671 1221 templo
2701 1149 3006 1208 manufacto
3027 1168 3135 1209 non
3166 1154 3546 1225 corporaliter,

1964 1236 2059 1292 sed
2090 1237 2405 1294 umbraliter
2436 1240 2792 1309 habitaverit;
2824 1244 2931 1316 87
2964 1243 3017 1299 id
3048 1253 3168 1313 est,
3198 1247 3551 1317 praeﬁguran-

1964 1326 2107 1383 tibus
2136 1327 2302 1399 signis
2328 1330 2475 1401 (nam
2504 1331 2625 1388 illas
2651 1347 2841 1390 omnes
2867 1335 3295 1403 observationes,
3327 1339 3550 1394 umbras

1963 1420 2263 1479 futurorum
2284 1432 2457 1493 vocat,
2480 1427 2637 1482 etiam
2660 1428 2775 1498 ipso
2798 1430 3059 1487 translato
3077 1432 3341 1489 vocabulo
3362 1450 3377 1499 ;
3401 1448 3551 1488 sum-

1968 1528 2093 1568 mus
2121 1515 2263 1570 enim
2293 1515 2466 1583 Deus,
2498 1518 2639 1573 sicut
2667 1518 2927 1589 scriptum
2966 1532 3081 1590 est,
3124 1538 3229 1580 non
3269 1524 3325 1580 in
3364 1538 3550 1581 manu-

1968 1604 2129 1661 factis
2156 1607 2371 1677 templis
2401 1608 2659 1681 habitat);
2684 1620 2777 1667 aut
2799 1621 2949 1670 certe
2970 1615 3320 1687 corporaliter
3344 1616 3549 1673 dictum

1965 1708 2081 1766 est,
2113 1700 2237 1770 quia
2276 1711 2333 1757 et
2377 1702 2428 1756 in
2477 1701 2676 1761 Christi
2716 1719 2942 1777 corpore
2979 1710 3121 1779 quod
3160 1710 3448 1781 assumpsit
3482 1724 3552 1767 ex

1967 1788 2185 1872 Virgine
2205 1833 2221 1859 ,
2253 1801 2505 1864 tanquam
2535 1794 2589 1851 in
2621 1799 2823 1867 templo
2852 1797 3055 1854 habitat
3098 1802 3259 1857 Deus.
3305 1801 3442 1858 Hinc
3464 1811 3552 1859 est

1964 1882 2107 1938 enim
2138 1884 2281 1954 quod
2310 1885 2511 1942 ludatis
2539 1886 2749 1960 signum
2782 1890 3086 1959 petentibus
3112 1907 3232 1950 eum
3275 1894 3504 1952 dixisset
3530 1939 3549 1966 ,

284 1970 377 2039 qui
399 1971 515 2025 sine
545 1972 662 2041 lege
686 1981 831 2039 sunt,
854 1975 1009 2044 quasi
1058 1977 1175 2032 sine
1223 1977 1363 2049 lege,
1410 1994 1532 2033 cum
1578 1980 1695 2034 sine
1743 1979 1861 2049 lege
1887 1967 1938 2031 Β
1964 1973 2172 2030 Solvite
2200 1978 2455 2047 templum
2483 1978 2617 2047 hoc,
2652 1988 2707 2035 et
2734 1980 2788 2035 in
2820 1982 2998 2037 triduo
3023 1986 3360 2043 resuscitabo
3389 1987 3549 2055 illud,

286 2060 381 2116 Dei
405 2076 508 2117 non
536 2062 633 2118 sim
666 2064 911 2137 [essem],
941 2067 1036 2123 sed
1080 2068 1181 2124 sim
1209 2071 1263 2124 in
1292 2070 1409 2141 lege
1437 2071 1653 2139 Christi,
1688 2082 1747 2127 ut
1777 2073 1861 2127 lu-

286 2152 602 2210 crifacerem
624 2171 717 2211 eos
744 2157 833 2227 qui
856 2160 973 2215 sine
996 2160 1110 2231 lege
1129 2170 1272 2228 sunt;
1294 2163 1463 2219 factus
1486 2179 1604 2219 sum
1632 2152 1860 2220 inﬁrmis

288 2245 531 2303 infirmus
556 2289 574 2317 ,
596 2258 654 2304 ut
686 2251 923 2307 infirmos
949 2253 1315 2313 lucrifacerem
1342 2275 1355 2323 ;
1387 2258 1636 2314 omnibus
1678 2261 1860 2315 omnia

285 2336 457 2395 factus
486 2355 602 2395 sum
626 2384 643 2409 ,
677 2352 732 2396 ut
757 2358 945 2400 omnes
983 2345 1349 2402 lucrifacerem
1378 2366 1390 2403 :
1425 2364 1531 2403 non
1560 2349 1744 2419 utique
1782 2350 1858 2404 si-

290 2431 586 2487 mulatione
618 2433 876 2500 faciebat,
901 2438 1350 2503 quemadmodum
1390 2439 1606 2510 quidam
1663 2441 1861 2497 intelli-

285 2536 414 2591 gere
460 2524 644 2578 volunt
678 2543 691 2580 :
720 2536 775 2580 ut
811 2541 999 2583 eorum
1047 2530 1359 2585 detestanda
1404 2532 1678 2588 simulatio
1728 2536 1860 2591 tanti

289 2616 525 2685 exempli
547 2619 867 2675 auctoritate
893 2620 1201 2689 muniatur;
1232 2624 1326 2677 sed
1358 2624 1459 2679 hoc
1488 2624 1863 2682 faciebatcha-

288 2709 467 2773 ritate,
489 2725 591 2779 qua
616 2711 732 2780 ejus
764 2712 1157 2783 inﬁrmitatem,
1190 2717 1275 2771 cui
1304 2718 1517 2773 volebat
1544 2718 1859 2792 subvenire,

286 2806 537 2869 tanquam
569 2817 721 2857 suam
750 2806 1054 2874 cogitabat;
1102 2808 1204 2862 hoc
1233 2810 1374 2863 enim
1404 2818 1460 2864 et
1485 2812 1754 2879 praestruit
1781 2813 1865 2869 di-

284 2893 497 2949 cendo:
526 2892 658 2950 Cum
694 2900 837 2953 enim
885 2900 1022 2956 liber
1069 2903 1193 2969 sim,
1249 2917 1313 2958 ex
1344 2905 1593 2961 omnibus
1623 2909 1861 2966 omnium

284 2998 369 3039 me
424 3001 636 3042 servum
673 2989 809 3057 feci,
857 2999 915 3046 ut
959 2992 1142 3062 plures
1191 2994 1563 3072 lucrifacerem
1598 3000 1780 3069 :quod
1807 3007 1865 3056 ut

281 3078 552 3150 intelligas
575 3122 591 3148 ,
625 3098 730 3137 non
760 3085 1103 3143 simulatione
1128 3133 1142 3156 ,
1175 3088 1270 3144 sed
1300 3090 1565 3147 charitate
1591 3092 1725 3161 fieri,
1759 3110 1863 3164 qua

282 3169 510 3226 infirmis
553 3172 859 3229 hominibus
884 3216 900 3240 ,
951 3185 1202 3248 tanquam
1236 3195 1335 3234 nos
1369 3196 1577 3249 sumus,
1608 3185 1865 3254 compati-

284 3278 435 3329 mur;
466 3264 536 3318 ita
565 3267 707 3321 enim
740 3277 920 3323 monet
950 3270 1055 3324 alio
1079 3271 1196 3326 loco
1225 3271 1411 3329 dicens
1439 3293 1452 3327 :
1483 3275 1590 3330 Vos
1619 3276 1671 3331 in
1700 3277 1860 3332 liber-

1960 2065 2300 2137 Evangelista
2348 2070 2475 2139 quid
2525 2070 2627 2127 hoc
2669 2082 2814 2129 esset
2854 2086 3250 2148 consequenter
3276 2093 3554 2150 exponens

1959 2159 2073 2215 ait:
2109 2160 2221 2216 Hoc
2246 2170 2426 2218 autem
2456 2163 2669 2220 dicebat
2693 2166 2761 2222 de
2786 2168 2989 2237 templo
3008 2171 3253 2239 corporis
3277 2173 3382 2228 sui.
3410 2171 3555 2240 Quid

1976 2266 2106 2317 ergo
2137 2252 2259 2306 est?
2289 2252 2523 2310 Hoccine
2552 2258 2820 2313 interesse
2843 2259 3171 2317 arbitramur
3209 2264 3351 2319 inter
3392 2272 3555 2334 caput

1963 2352 2016 2400 et
2040 2347 2280 2401 membra
2310 2355 2504 2403 caetera
2524 2388 2540 2414 ,
2570 2350 2710 2419 quod
2738 2351 2792 2406 in
2820 2352 3062 2422 quolibet
3086 2356 3334 2425 quamvis
3360 2358 3553 2426 praeei-

1962 2456 2071 2511 puo
2100 2442 2373 2510 membro,
2419 2446 2568 2501 velut
2611 2447 2667 2503 in
2705 2447 2887 2519 aliquo
2931 2464 3127 2520 magno
3167 2451 3432 2523 propheta
3459 2462 3554 2511 aut

1961 2536 2242 2603 apostolo,
2274 2536 2520 2606 quamvis
2546 2538 2804 2595 Divinitas
2838 2539 3072 2606 habitet,
3106 2556 3213 2599 non
3253 2553 3434 2600 tamen
3468 2547 3548 2601 si-

1964 2636 2057 2682 cut
2086 2628 2139 2682 in
2168 2631 2342 2698 capite
2368 2630 2510 2701 quod
2541 2642 2625 2687 est
2652 2631 2921 2702 Christus,
2954 2636 3131 2692 omnis
3159 2637 3438 2707 plenitudo
3467 2639 3554 2695 Di-

1966 2720 2247 2776 vinitatis?
2286 2722 2419 2779 Nam
2456 2735 2511 2781 et
2547 2726 2600 2781 in
2643 2735 2831 2784 nostro
2866 2744 3095 2801 corpore
3144 2731 3284 2787 inest
3326 2733 3553 2803 singulis

1950 2807 2261 2879 hembris;
2313 2814 2408 2870 sed
2455 2831 2564 2872 non
2607 2826 2788 2874 tantus
2834 2831 3063 2891 quantus
3103 2823 3156 2878 in
3199 2823 3411 2894 capite,
3462 2824 3553 2879 ubi

1964 2918 2186 2974 prorsus
2215 2906 2392 2962 omnis
2421 2916 2505 2963 est
2528 2911 3024 2980 quinquepartitus:
3057 2913 3131 2969 ibi
3156 2917 3300 2971 enim
3327 2924 3382 2970 et
3406 2916 3553 2971 visus

1966 3005 2081 3064 est,
2110 3004 2164 3052 et
2192 2997 2406 3053 auditus
2424 3039 2441 3066 ,
2469 3007 2525 3054 et
2553 2999 2814 3068 olfactus,
2848 3013 2902 3059 et
2928 3012 3147 3074 gustus,
3180 3013 3237 3060 et
3261 3015 3432 3061 tactus
3457 3023 3471 3071 ;
3499 3007 3553 3064 in

1966 3090 2179 3145 exteris
2205 3099 2385 3146 autem
2412 3093 2559 3148 solus
2578 3104 2659 3149 est
2688 3103 2883 3150 tactus.
2911 3097 2995 3150 An
3020 3096 3178 3152 etiam
3208 3106 3403 3168 praeter
3428 3099 3553 3167 hoc,

1968 3178 2112 3247 quod
2145 3188 2396 3250 tanquam
2430 3182 2483 3236 in
2512 3186 2716 3253 templo
2740 3225 2756 3250 ,
2800 3186 2853 3239 in
2902 3185 2996 3241 illo
3035 3202 3262 3257 corpore
3306 3188 3554 3254 habitat,

1969 3271 2151 3325 omnis
2184 3272 2460 3342 plenitudo
2492 3275 2829 3345 Divinitatis,
2859 3286 2943 3334 est
2972 3278 3115 3333 aliud
3160 3279 3299 3351 quod
3345 3281 3555 3337 intersit

285 3363 448 3409 tatem
476 3358 647 3411 vocati
674 3360 805 3413 estis
828 3402 843 3425 ,
879 3359 1105 3427 fratres;
1140 3370 1343 3418 tantum
1375 3380 1441 3419 ne
1468 3366 1770 3423 libertatem
1802 3367 1860 3423 in
1881 3355 1933 3422 C
1974 3366 2117 3421 inter
2146 3366 2272 3421 illud
2298 3376 2459 3437 caput
2486 3376 2542 3423 et
2572 3370 2856 3439 cujuslibet
2881 3371 3108 3427 membri
3135 3374 3506 3429 excellentiam
3532 3377 3554 3429 l

216 3464 225 3471 ·
281 3446 621 3501 occasionem
651 3449 829 3503 carnis
857 3450 1028 3516 detis,
1052 3452 1147 3506 sed
1176 3468 1269 3521 per
1306 3454 1621 3510 charitatem
1661 3457 1861 3512 servile

282 3535 510 3591 invicem
536 3554 550 3602 ;
586 3538 728 3607 quod
760 3538 873 3594 ﬁeri
905 3556 1011 3595 non
1038 3551 1211 3610 potest
1237 3585 1253 3609 ,
1310 3545 1411 3599 nisi
1454 3546 1675 3601 alterius
1707 3547 1859 3603 inﬁr-

282 3628 523 3682 mitatcm
565 3629 793 3701 quisque
828 3630 1190 3703 babeatquasi
1220 3650 1395 3703 suam,
1424 3646 1483 3692 ut
1525 3653 1643 3693 eam
1682 3655 1863 3711 atqua-

278 3719 501 3774 nitniter
528 3720 687 3787 ferat,
720 3722 894 3779 donec
922 3725 991 3779 ab
1014 3740 1076 3780 ea
1104 3726 1362 3783 liberetur
1380 3729 1500 3797 ille,
1528 3731 1681 3800 cujus
1709 3740 1863 3789 curat

280 3809 527 3865 salutem.
564 3811 705 3866 Raro
729 3828 856 3881 ergo
880 3822 935 3870 et
978 3816 1080 3887 [in]
1107 3832 1297 3887 magna
1329 3822 1651 3879 necessitate
1677 3824 1862 3893 objur-

278 3901 525 3970 gationes
552 3903 873 3961 adhibendae
902 3919 1026 3963 sunt
1056 3928 1069 3963 :
1095 3910 1168 3963 ita
1199 3920 1374 3968 tamen
1402 3924 1459 3969 ut
1498 3916 1660 3971 etiam
1688 3918 1742 3972 in
1776 3919 1862 3977 his

281 3992 452 4059 ipsis,
506 4010 611 4049 non
651 3999 805 4052 nobis
837 4040 851 4065 ,
885 4002 977 4054 sed
1030 4004 1136 4057 Deo
1182 4003 1452 4079 [Domino]
1494 4018 1551 4063 ut
1598 4014 1861 4067 serviatur

281 4083 563 4140 instemus.
598 4088 715 4157 Ipse
735 4101 818 4144 est
844 4093 982 4147 cnim
1019 4094 1162 4163 finis,
1196 4106 1253 4149 ut
1299 4098 1426 4153 nihil
1454 4100 1654 4170 duplici
1694 4105 1860 4160 corde

278 4176 560 4248 faciamus,
588 4180 888 4239 auferentes
921 4187 1123 4242 trabem
1169 4190 1236 4243 de
1277 4192 1434 4247 oculo
1478 4204 1661 4249 nostro
1716 4196 1854 4252 invi-

278 4270 476 4327 dentiae
502 4313 518 4339 ,
554 4274 639 4329 vel
671 4277 919 4343 malitiae,
946 4279 1027 4334 vel
1058 4282 1419 4341 simulationis
1443 4326 1460 4353 ,
1494 4298 1551 4342 ut
1583 4288 1858 4348 videamus

275 4364 473 4434 ejicere
499 4367 756 4424 festucam
787 4369 854 4426 de
882 4371 1041 4427 oculo
1069 4374 1267 4431 fratris.

807 4499 1035 4558 CAPUT
1070 4501 1317 4561 CCCXX.

275 4612 939 4697 ng‘fiterkm'tclligendum
978 4618 1031 4671 in
1064 4619 1544 4697 ipso__ltabitatignis
1582 4627 1851 4697 plenitudo

349 4683 643 4741 Divinitatt's
672 4683 1002 4758 corporaliter
1019 4706 1039 4756 ;
1071 4683 1133 4745 ea:
1160 4692 1290 4747 libro
1319 4695 1382 4748 de
1415 4683 1697 4753 Praesentia
1728 4683 1847 4758 Dei.

351 4815 566 4870 ilabitat
606 4817 782 4887 itaque
821 4820 996 4875 omnis
1032 4821 1084 4875 in
1122 4824 1345 4894 singulis
1383 4826 1555 4895 Deus,
1596 4839 1850 4903 tanquam

278 4906 334 4960 in
372 4907 582 4975 templis
615 4909 758 4975 suis,
793 4917 846 4963 et
874 4910 928 4966 in
957 4912 1204 4969 omnibus
1233 4916 1392 4971 simul
1424 4919 1475 4973 in
1516 4936 1679 4978 unum
1718 4941 1853 4982 con-

269 4998 539 5066 gregatis,
585 5006 834 5069 tanquam
887 5001 940 5055 in
990 5004 1187 5073 templo
1230 4993 1367 5072 suo;
1413 5012 1554 5079 quod
1594 5019 1849 5087 templum

270 5087 529 5156 quandiu,
570 5089 707 5143 sicut
747 5104 867 5145 arca
903 5090 1036 5159 Noe,
1070 5094 1119 5149 in
1153 5093 1254 5150 hoc
1284 5099 1481 5155 saeculo
1513 5102 1756 5175 fluctuat,
1791 5109 1852 5163 ﬁt

267 5181 413 5251 quod
446 5182 499 5235 in
526 5184 732 5251 psalmo
754 5185 1010 5255 scriptum
1039 5195 1123 5243 est
1148 5206 1160 5241 :
1192 5188 1451 5247 Dominus
1479 5196 1740 5256 diluvium
1766 5201 1850 5257 in-

270 5271 507 5339 habitat;
537 5276 779 5344 quamvis
803 5286 855 5332 et
885 5288 1102 5350 propter
1130 5283 1327 5339 multos
1356 5286 1406 5341 in
1438 5292 1686 5349 omnibus
1714 5310 1849 5365 gen-

268 5362 417 5419 tibus
460 5366 684 5434 populos
735 5366 1016 5437 ﬁdelium,
1063 5388 1198 5443 quos
1240 5390 1496 5447 aquarum
1538 5362 1754 5441 nomine
1793 5388 1846 5445 in

271 5460 596 5531 Apocalypsi
634 5460 928 5530 signiﬁcat,
975 5470 1145 5535 possit
1181 5485 1541 5546 congruenter
1584 5481 1844 5556 intelligi:

270 5553 526 5608 Dominus
554 5553 814 5610 diluvium
843 5557 1121 5615 inhabitat.
1146 5563 1397 5635 Sequitur
1425 5580 1600 5628 autem
1625 5591 1639 5632 :
1667 5575 1735 5631 Et
1758 5553 1847 5636 se-

266 5644 419 5701 debit
440 5644 701 5701 Dominus
730 5648 845 5704 Rex
875 5651 927 5704 in
957 5662 1214 5712 aeternum
1242 5662 1467 5732 ;utique
1493 5666 1544 5721 in
1568 5668 1684 5739 ipso
1714 5680 1846 5730 tem-

264 5740 363 5809 plo
386 5751 505 5803 suo,
523 5738 633 5807 jam
657 5739 711 5795 in
739 5741 847 5796 vita
874 5751 1096 5813 aeterna,
1120 5761 1238 5818 post
1263 5738 1658 5816 fluctuationem
1685 5762 1845 5834 hujus

263 5831 452 5885 saeculi
479 5871 493 5897 ,
527 5834 838 5889 constituto.
870 5836 1015 5893 Deus
1051 5842 1211 5910 igitur
1246 5848 1334 5915 qui
1372 5849 1565 5922 ubique
1604 5831 1844 5926 prmens

263 5928 386 5990 est,
414 5928 470 5979 et
494 5922 689 5994 ubique
721 5933 863 5984 totus
893 5944 1154 6004 presens,
1185 5951 1285 5994 nec
1322 5940 1517 6013 ubique
1556 5922 1836 6021 habitans,

1968 3459 2063 3513 Est
2094 3459 2287 3527 plane,
2321 3460 2461 3529 quod
2502 3461 2765 3532 singulari
2802 3462 3030 3532 quadam
3070 3466 3410 3535 susceptione
3450 3467 3555 3523 lto-

1964 3551 2127 3604 minis
2168 3550 2314 3605 illius
2360 3566 2463 3606 una
2504 3551 2642 3607 facta
2685 3563 2771 3609 est
2817 3570 3045 3623 persona
3079 3572 3202 3613 cum
3234 3558 3451 3614 Verbo:
3484 3561 3553 3616 de

1964 3639 2113 3695 nullo
2153 3640 2298 3695 enim
2339 3650 2647 3698 sanctorum
2692 3644 2798 3701 dici
2839 3648 3043 3718 potuit,
3089 3657 3183 3704 aut
3224 3664 3333 3706 non
3376 3660 3553 3721 potest

1964 3744 2055 3788 aut
2083 3736 2320 3803 poterit:
2355 3736 2584 3792 Verbum
2613 3753 2739 3794 caro
2776 3739 2975 3796 factum
3016 3751 3099 3799 est
3128 3759 3145 3799 :
3177 3744 3355 3799 nullus
3398 3758 3552 3800 sanc-

1967 3834 2141 3882 torum
2162 3871 2177 3896 ,
2201 3829 2440 3899 qualibet
2473 3834 2782 3901 praestantia
2811 3836 2997 3908 gratia:
3017 3880 3033 3905 ,
3064 3837 3326 3908 unigeniti
3355 3854 3551 3896 nomen

1962 3920 2195 3991 accepit,
2227 3932 2286 3977 ut
2312 3922 2452 3993 quod
2482 3931 2566 3978 est
2594 3925 2766 3995 ipsum
2798 3927 2893 3984 Dei
2922 3928 3150 3986 Verbum
3176 3940 3302 3986 ante
3326 3932 3549 4002 saecula,

1962 4012 2065 4067 hoc
2090 4015 2247 4067 simul
2270 4029 2391 4069 cum
2413 4026 2689 4085 assumpto
2705 4019 2922 4075 homine
2935 4020 3225 4077 diceretur.
3246 4022 3550 4092 Singularis

1963 4111 2047 4156 est
2071 4119 2201 4175 ergo
2229 4104 2316 4159 illa
2347 4108 2641 4175 susceptio,
2670 4124 2769 4164 nec
2795 4125 2914 4165 cum
2947 4111 3257 4168 hominibus
3285 4114 3549 4184 aliquibus

1961 4198 2190 4263 sanctis,
2222 4199 2555 4267 quantalibet
2588 4204 2850 4273 sapientia
2880 4214 2935 4261 et
2966 4205 3250 4263 sanctitate
3282 4217 3547 4276 praestan-

1965 4289 2137 4358 tibus,
2171 4290 2278 4344 ullo
2307 4292 2468 4347 modo
2497 4303 2683 4363 potest
2711 4311 2830 4352 esse
2860 4299 3183 4354 communis.
3212 4299 3314 4357 Ubi
3350 4300 3546 4359 divinat

1960 4382 2147 4449 gratia:
2171 4385 2299 4437 satis
2327 4387 2662 4455 perspicuum
2686 4391 3001 4461 clarumque
3023 4391 3402 4450 documentum
3423 4404 3543 4450 est:

1958 4475 2079 4544 quis
2106 4474 2245 4530 enim
2277 4486 2383 4532 tam
2416 4482 2708 4552 sacrilegus
2733 4526 2748 4550 ,
2793 4492 2852 4537 ut
2891 4484 3089 4541 audeat
3128 4487 3398 4544 afﬁrmare
3441 4489 3544 4542 ali-

1958 4583 2117 4638 quam
2148 4585 2304 4640 posse
2332 4573 2598 4643 animam,
2635 4592 2728 4645 per
2755 4580 3003 4635 meritum
3032 4580 3185 4637 liberi
3214 4581 3421 4639 arbitrii
3443 4624 3457 4647 ,
3485 4591 3543 4642 ut

1959 4660 2096 4715 alter
2144 4662 2214 4717 sit
2262 4663 2509 4720 Christus
2557 4668 2817 4724 efﬁcere?
2861 4671 2927 4727 Ut
2973 4687 3101 4743 ergo
3141 4673 3207 4729 ad
3253 4690 3541 4745 personam

1879 4742 1937 4806 Ι)
1966 4754 2122 4810 Verbi
2156 4757 2419 4827 unigeniti
2452 4760 2777 4830 pertineret,
2822 4773 2876 4819 et
2915 4780 3024 4836 quo
3042 4742 3216 4836 pacto
3254 4742 3363 4839 per
3404 4770 3540 4825 libe-

1956 4861 2073 4901 rum
2100 4848 2384 4904 arbitrium
2434 4854 2791 4909 communiter
2830 4856 3076 4913 omnibus
3122 4868 3177 4914 et
3220 4861 3540 4917 naturaliter

1956 4937 2136 4993 datum
2160 4983 2175 5008 ,
2211 4950 2270 4996 ut
2296 4957 2402 4997 una
2432 4943 2544 4997 sola
2573 4946 2753 5002 anima
2782 4950 3100 5017 meruisset,
3142 4952 3245 5006 nisi
3286 4952 3388 5008 hoc
3427 4956 3539 5010 sin-

1955 5034 2155 5101 gularis
2184 5036 2354 5105 gratia
2383 5039 2716 5106 praestitisset
2741 5082 2754 5106 ,
2786 5058 2945 5113 quam
2978 5045 3054 5099 fas
3081 5054 3165 5101 est
3196 5046 3489 5113 praedicere
3514 5090 3532 5116 ,

1956 5124 2024 5179 de
2053 5140 2157 5196 qua
2188 5127 2343 5183 nefas
2370 5138 2454 5184 est
2483 5130 2620 5187 velle
2640 5133 2902 5202 judicare.
2947 5136 3073 5191 Haec
3106 5138 3151 5192 si
3195 5154 3292 5207 pro
3330 5140 3534 5197 viribus

1954 5218 2192 5289 nostris,
2224 5230 2482 5291 quantum
2526 5222 2784 5281 Dominus
2828 5227 3081 5297 adjuvat,
3129 5228 3232 5285 rite
3272 5235 3532 5290 tractavi-

1954 5324 2105 5377 mus,
2135 5312 2350 5381 quando
2378 5312 2547 5368 Deum
2578 5315 2773 5386 ubique
2803 5328 3120 5387 prmsentem
3141 5360 3157 5383 ,
3190 5330 3245 5377 et
3272 5338 3377 5378 non
3407 5340 3533 5396 spa-

1954 5401 2042 5455 tiis
2088 5402 2409 5459 distantibus
2456 5406 2607 5475 quasi
2657 5407 2832 5477 aliqua
2884 5410 3024 5464 mole
3075 5413 3161 5479 vel
3204 5414 3531 5476 distentione

1951 5491 2238 5562 diffusum,
2283 5496 2377 5552 sed
2422 5496 2621 5568 ubique
2662 5508 2828 5552 totum
2872 5501 3110 5570 cogitare
3152 5514 3205 5561 te
3243 5510 3524 5580 extendis,

1952 5594 2134 5641 averte
2177 5596 2410 5643 mentem
2453 5588 2522 5643 ab
2570 5589 2821 5645 omnibus
2857 5591 3175 5663 imaginibus
3214 5614 3525 5674 corporum,

1948 5692 2080 5748 quas
2111 5679 2341 5735 humana
2371 5679 2627 5750 cogitatio
2658 5682 2879 5739 volvere
2907 5690 3203 5745 consuevit.
3235 5692 3349 5749 Non
3380 5699 3522 5753 enim

1947 5772 2025 5827 sic
2054 5773 2315 5843 sapientia
2335 5813 2353 5841 ,
2385 5786 2491 5827 non
2514 5772 2723 5842 iustitia
2741 5816 2757 5842 ,
2786 5791 2894 5832 non
2924 5779 3001 5833 sic
3028 5780 3260 5855 denique
3287 5785 3525 5847 charitas

1947 5864 2240 5934 cogitatur,
2271 5864 2339 5919 de
2365 5878 2466 5934 qua
2492 5865 2749 5934 scriptum
2791 5878 2871 5924 est
2899 5888 2910 5924 :
2960 5872 3099 5929 Deus
3144 5876 3378 5934 charitas
3413 5892 3518 5939 est.

1943 5954 2077 6016 Cum
2106 5975 2237 6017 vero
2266 5957 2384 6030 ejus
2427 5956 2807 6017 habitationem
2854 5966 3055 6031 cogitas
3140 5968 3394 6031 unitatem
3421 5980 3519 6031 co.
