4010 6382
506 452 643 545 tcta

1577 473 1638 531 ι).
1677 466 1991 527 EUGYPPII
2028 458 2315 518 ABBATIS
2354 455 2668 516 AFRICANI

3633 448 3768 504 ηομ

508 606 613 673 gita
643 646 656 669 ,
716 598 1288 670 congregationemque
1333 599 1641 646 sanctorum
1672 632 1684 651 ,
1742 585 1975 642 maxime
2019 580 2075 634 in
2105 577 2159 639 Α
2181 590 2322 631 rum.
2365 574 2617 641 Quaedam
2646 584 2776 637 ergo
2805 571 2856 622 in
2883 566 3093 622 semine
3121 562 3415 619 materialis
3443 562 3653 634 [quasi]
3683 564 3755 633 in.

509 695 695 760 cmlis,
726 692 811 748 ubi
841 697 1123 760 propterea
1150 686 1417 755 praecipue
1438 683 1633 737 dicitur
1660 679 1927 741 habitare,
1957 674 2080 744 quia

481 790 583 851 .ibi
616 789 674 843 fit
701 786 946 840 voluntas
974 781 1092 851 ejus
1124 778 1355 848 perlema
1387 791 1571 833 eorum
1607 774 1659 828 in
1697 772 1888 842 quibus
1929 766 2079 821 habi-

511 891 629 948 tat;
659 875 850 934 deinde
879 877 933 929 in
966 883 1104 927 terra
1127 914 1140 937 ,
1185 872 1273 926 ubi
1314 870 1581 924 mdilicans
1625 865 1825 920 habitat
1864 863 2082 916 domum

2188 666 2435 721 formitas
2452 706 2465 728 ,
2494 680 2611 733 quae
2635 664 2859 716 formata
2882 672 3079 728 corpus
3100 654 3331 710 hominis
3357 654 3645 709 redditura
3671 666 3766 721 est,

2186 759 2240 812 in
2269 755 2661 826 significatione
2694 752 2868 822 posita
2896 759 2982 804 est
3034 748 3158 803 vita:
3206 746 3457 801 informis
3496 755 3553 799 et
3594 748 3766 801 iuera-

2186 848 2316 903 ditae
2342 862 2357 912 ;
2388 861 2420 900 a
2453 861 2554 913 qua
2581 842 2940 906 informitatc,
2969 837 3220 909 quoniam
3251 845 3473 905 oportet
3502 838 3770 894 hominem

2182 938 2454 994 doctrinae
2484 935 2657 991 forma
2687 943 2741 989 et
2768 933 3068 989 eruditione
3099 930 3376 995 mundari,
3411 947 3466 984 in
3507 931 3676 1000 hujus
3704 933 3769 986 rei

2183 1032 2394 1101 signum
2445 1030 2531 1084 illa
2584 1024 2881 1097 puriﬁcatio
2930 1030 3195 1094 praecepta
3248 1032 3333 1077 est
3382 1033 3506 1090 post
3560 1025 3770 1078 seminis

2184 1125 2551 1181 emissionem.
2597 1122 2782 1191 Neque
2819 1119 2962 1175 enim
3005 1118 3061 1174 in
3104 1118 3311 1172 somnis
3340 1127 3578 1187 peccato
3611 1117 3702 1179 lit,
3729 1126 3774 1170 et

2182 1227 2367 1273 tamen
2396 1215 2554 1270 etiam
2588 1213 2662 1268 ibi
2695 1216 2962 1280 pracepta
2989 1217 3073 1264 est
3103 1207 3431 1277 purificatio.
3466 1207 3587 1259 Atat
3612 1206 3659 1259 ai
3685 1208 3773 1260 hoc

514 985 664 1028 suam
684 1009 700 1034 ,
731 967 786 1022 in
820 970 927 1021 line
958 964 1139 1019 saeculi
1168 960 1518 1018 dedicandam
1545 976 1558 1020 ;
1604 958 1873 1013 Christum
1905 960 2083 1008 autem

514 1063 799 1117 Dominum
843 1071 1114 1121 uosuum,
1160 1053 1488 1126 unigenitum
1533 1051 1629 1106 Dei
1658 1049 1878 1113 Filium,
1908 1056 2086 1115 aequa-

517 1155 622 1209 lem
654 1152 798 1208 Patri
825 1194 840 1219 ,
872 1150 1227 1218 eumdemque
1257 1146 1488 1201 hominis
1520 1144 1709 1199 Filium
1733 1183 1747 1207 ,
1781 1156 1887 1211 quo
1914 1137 2084 1209 major

512 1252 597 1299 est
621 1244 801 1308 Pater,
830 1253 890 1297 ut
919 1242 1117 1310 ubique
1143 1247 1313 1294 totum
1356 1246 1673 1308 praesentem
1703 1250 1822 1289 esse
1851 1248 1955 1287 non
1987 1229 2084 1285 du-

514 1338 685 1402 bites,
721 1346 970 1407 tanquam
1001 1336 1168 1390 Deum
1197 1336 1329 1389 etin
1360 1333 1549 1388 eodem
1584 1331 1780 1400 templo
1810 1328 1901 1384 Dei
1932 1340 2081 1392 esse,

514 1438 764 1499 tanquam
796 1426 1185 1483 inhabitantem
1208 1425 1375 1481 Deum
1394 1465 1409 1488 ,
1438 1434 1490 1478 et
1517 1424 1710 1479 inloco
1739 1420 1914 1488 aliquo
1942 1416 2083 1485 ctell,

520 1529 739 1593 propter
765 1520 877 1576 veri
909 1519 1152 1589 corporis
1183 1518 1419 1572 modum.

1034 1612 1259 1670 CAPUT
1286 1608 1555 1666 CCCXXI.

514 1707 597 1766 De
627 1709 780 1764 unius
818 1707 1000 1764 uxoris
1033 1704 1143 1785 viro
1184 1704 1419 1785 episcopo
1464 1698 1792 1785 ordinando;
1819 1714 1885 1755 ex
1911 1696 2001 1754 lib.
2026 1696 2088 1752 de

1068 1775 1213 1830 Bono
1242 1791 1335 1829 con
1334 1772 1527 1846 jugali.

504 1918 511 1923 .
590 1856 741 1939 Quod
764 1876 849 1924 est
875 1868 1024 1923 cibus
1049 1867 1115 1921 ad
1148 1868 1373 1921 salutem
1401 1863 1675 1935 corporis,
1718 1861 1821 1917 hoc
1848 1870 1930 1917 est
1956 1875 2085 1914 con-

2187 1320 2465 1380 peccatum
2512 1307 2791 1377 quisquam
2840 1311 3025 1373 putat,
3072 1318 3177 1357 non
3216 1300 3491 1355 arbitrans
3518 1297 3766 1354 accidere

2187 1406 2289 1461 nisi
2316 1420 2382 1460 ex
2412 1404 2591 1471 aliquo
2620 1399 2922 1471 hujusmodi
2953 1397 3244 1464 desiderio,
3274 1396 3420 1466 quod
3451 1395 3649 1464 procul
3678 1395 3762 1448 da-

2187 1498 2277 1551 bio
2320 1497 2509 1551 falsum
2539 1502 2655 1559 est,
2706 1490 2964 1561 numquid
2994 1498 3051 1545 et
3082 1488 3243 1543 solita
3284 1500 3584 1541 mensuum
3617 1485 3771 1557 [meu-

2186 1587 2417 1659 struum]
2446 1594 2663 1656 peccata
2704 1592 2828 1637 sunt
2876 1578 3239 1636 feminarum?
3281 1593 3313 1632 a
3359 1578 3565 1647 quibus
3615 1588 3774 1633 tamen

2186 1680 2376 1735 eadem
2426 1676 2560 1747 legis
2611 1682 2850 1728 vetustas
2900 1671 3157 1740 praecepit
3209 1668 3467 1739 expiari,
3522 1680 3635 1722 non
3680 1667 3770 1721 nisi

2192 1778 2411 1839 preptcr
2444 1768 2614 1838 ipsam
2645 1762 2978 1819 materialcm
3008 1760 3394 1815 informitatem
3414 1798 3433 1825 ,
3476 1773 3606 1829 qua
3648 1757 3768 1812 facto

2193 1872 2478 1927 conceptu,
2500 1867 2749 1926 tanquam
2769 1852 3176 1907 aedificationem
3195 1852 3445 1919 corporis
3466 1849 3701 1913 additur;
3714 1866 3769 1903 ac

514 1965 728 2022 cubitus
755 1961 822 2017 ad
844 1961 1070 2017 salutem
1099 1958 1334 2030 generis,
1365 1965 1419 2013 et
1439 1966 1721 2025 utrumque
1734 1968 1840 2008 non
1871 1952 2088 2007 estsine
2118 1949 2166 2011 Β
2191 1970 2287 2026 per
2318 1955 2418 2007 hoc
2444 1966 2561 2006 cum
2589 1948 2887 2003 informiter
2913 1946 3049 2007 ﬂuit,
3080 1944 3367 2015 signiﬁcari
3395 1944 3654 2013 peritiam
3683 1945 3755 1996 lex

517 2058 879 2114 delectatione
913 2054 1116 2110 carnali
1149 2069 1165 2109 :
1192 2053 1402 2108 diversa
1433 2063 1592 2121 opera
1626 2056 1835 2118 patrum
1881 2060 1987 2100 non
2010 2042 2093 2098 fa-

521 2150 702 2208 ciebat
727 2149 827 2203 nisi
862 2147 1144 2204 diversitas
1173 2154 1473 2214 temporum
1493 2182 1507 2196 .
1539 2141 1629 2197 Sic
1655 2148 1832 2195 autem
1869 2149 2094 2192 necesse

529 2250 649 2299 erat
671 2250 729 2295 ut
755 2240 1041 2295 carnaliter
1069 2239 1310 2303 coirent,
1343 2236 1503 2292 etiam
1553 2248 1658 2289 non
1704 2231 1946 2287 carnales
1975 2243 2098 2300 pro-

525 2333 724 2403 pheta,
753 2332 893 2388 sicut
919 2345 1142 2387 necesse
1181 2339 1296 2385 erat
1327 2338 1383 2383 ut
1411 2326 1699 2383 carnaliter
1726 2332 2093 2387 vescerentur,

524 2424 683 2480 etiam
708 2439 813 2481 non
841 2423 1083 2480 carnales
1107 2421 1357 2493 apostoli.
1387 2419 1641 2477 Ecclesia:
1670 2418 2094 2487 dispensatorem

526 2529 632 2570 non
661 2515 824 2572 licere
853 2515 1089 2580 ordinari
1114 2554 1131 2581 ,
1160 2514 1264 2570 nisi
1311 2513 1469 2569 unius
1499 2511 1683 2566 uxoris
1722 2509 1893 2565 virum
1917 2549 1934 2575 ,
1974 2522 2099 2561 acu—

528 2605 634 2660 tius
679 2606 1078 2672 intellexerunt,
1130 2607 1217 2676 qui
1265 2620 1363 2660 nec
1399 2619 1521 2661 eum
1565 2604 1655 2675 qui
1685 2602 2099 2657 catechumenos

526 2698 612 2753 vel
633 2713 870 2769 paganus
895 2699 1139 2755 habuerit
1180 2699 1424 2764 alteram,
1453 2695 1802 2753 ordinandam
1829 2710 1947 2749 esse
1975 2708 2099 2749 cen-

525 2798 769 2845 suerunt.
797 2788 875 2844 De
904 2799 1242 2846 sacramento
1270 2790 1411 2844 enim
1432 2789 1609 2857 agitur
1628 2830 1644 2855 ,
1678 2802 1782 2843 non
1813 2787 1880 2842 de
1910 2801 2099 2857 peccas-

526 2892 600 2938 to.
626 2881 759 2938 Nam
787 2882 841 2937 in
870 2883 1133 2954 baptismo
1156 2893 1370 2953 peccata
1395 2884 1573 2939 omnia
1598 2883 1938 2938 dimittuntur
1962 2897 1977 2946 ;
2005 2881 2097 2937 sed

524 2975 615 3043 qui
642 2974 819 3029 dixit:
850 2974 907 3030 Si
936 2976 1207 3044 acceperis
1246 2991 1463 3032 uxorem
1489 3019 1504 3042 ,
1538 2992 1645 3030 non
1677 2975 1932 3043 peccasti,
1980 2982 2035 3028 et
2054 2974 2100 3028 si

526 3064 769 3131 nupserit
793 3065 957 3132 virgo,
982 3079 1087 3119 non
1112 3073 1331 3129 peccat;
1361 3076 1434 3129 et,
1465 3065 1615 3131 Quod
1644 3065 1755 3119 vult
1783 3064 1971 3126 faciat;
1996 3078 2101 3117 non

527 3162 748 3221 peccat,
780 3152 871 3225 [si]
911 3157 1077 3209 nubat
1103 3171 1116 3208 :
1141 3156 1271 3210 satis
1306 3156 1601 3211 declaravit
1650 3156 1858 3223 nuptias
1900 3155 2099 3208 nullum

528 3258 651 3299 esse
693 3255 988 3313 peccatum.
1041 3246 1265 3314 Propter
1292 3247 1613 3302 sacramenti
1642 3256 1818 3302 autem
1845 3248 2098 3301 sanctita-

2197 2048 2392 2115 voluit,
2418 2046 2654 2099 animum
2678 2044 2793 2096 sine
2820 2040 3120 2108 disciplina:
3148 2038 3317 2091 forma
3352 2036 3661 2091 indecenter
3680 2035 3766 2089 fiu-

2191 2141 2373 2195 vidum
2406 2132 2668 2208 [ﬂuidum]
2694 2148 2758 2189 ac
2787 2133 3135 2199 dissolutum,
3168 2145 3327 2199 quem
3360 2129 3573 2183 formari
3605 2142 3758 2196 opor-

2195 2245 2311 2292 tere
2329 2233 2613 2305 signiﬁcat,
2631 2246 2753 2286 cum
2779 2229 2938 2283 talem
2961 2227 3163 2280 ﬂuxum
3185 2224 3421 2293 corporis
3438 2223 3585 2291 jubet
3611 2222 3751 2287 puri-

2199 2326 2369 2382 ﬁcari.
2403 2324 2683 2379 Postremo
2711 2317 2947 2387 nunquid
2975 2326 3029 2373 et
3059 2316 3197 2370 mori
3234 2324 3477 2383 peccatum
3506 2320 3587 2366 est
3608 2351 3623 2375 ,
3656 2319 3744 2363 aut

2202 2428 2469 2475 mortuum
2504 2414 2733 2484 sepelire
2759 2427 2861 2465 non
2893 2411 3053 2465 etiam
3085 2408 3286 2463 bonum
3313 2420 3436 2474 opus
3460 2402 3752 2456 humanita-

2202 2512 2269 2566 tis
2294 2510 2411 2565 est?
2439 2520 2490 2562 ct
2515 2516 2693 2561 tamen
2722 2502 3019 2572 purificatio
3043 2511 3092 2553 et
3113 2499 3241 2553 inde
3264 2496 3505 2552 mandata
3525 2504 3631 2561 est,
3650 2495 3766 2562 quia

2188 2614 2256 2659 et
2286 2608 2554 2656 mortuum
2582 2611 2776 2666 corpus
2798 2596 2903 2649 vita
2926 2593 3212 2647 deserenle
3237 2604 3343 2643 non
3374 2597 3645 2656 peccatum
3669 2593 3760 2646 est,

2198 2695 2295 2753 sed
2332 2702 2606 2765 peccatum
2638 2688 2906 2758 signiﬁcat
2935 2684 3127 2739 animae
3156 2682 3388 2737 desertae
3419 2695 3448 2733 a
3478 2677 3703 2747 iustitia.

2699 2800 2924 2857 CAPUT
2962 2795 3289 2854 CCCXXIII.

2199 2903 2312 2974 88
2329 2900 2404 2955 De
2427 2900 2607 2953 virtute
2628 2895 2788 2949 animi
2801 2893 2880 2948 vel
2894 2894 3082 3018 ιῗὶεηιε
3099 2892 3174 2944 vel
3188 2888 3513 2958 manifesta;
3537 2902 3596 2939 ex
3614 2886 3747 2938 eodem

2934 2982 2945 3016 ι
2985 2979 3060 3017 ro.

2273 3084 2610 3142 Continentia
2638 3098 2744 3137 non
2767 3076 3137 3149 corporis,sed
3162 3076 3329 3131 animi
3352 3075 3537 3130 virtus
3560 3082 3647 3128 eat.
3664 3070 3751 3123 Vir-

2204 3189 2291 3233 tus
2319 3172 2598 3248 [Virtutes]
2624 3182 2799 3227 autem
2829 3169 2991 3225 animi
3021 3168 3310 3237 aliquando
3340 3167 3397 3220 in
3434 3180 3600 3236 opere
3620 3160 3734 3217 mssi-

2196 3271 2427 3325 ‘festatur
2456 3262 2930 3341 {manifestatum},
2959 3261 3239 3332 aliquando
3266 3261 3319 3314 in
3346 3260 3547 3313 habitu
3575 3254 3729 3323 [itaita

532 3348 636 3433 ῑβίη
660 3378 675 3403 ν
700 3338 836 3393 Sim“
861 3338 1054 3394 femina
1099 3340 1260 3433 θιίθπη
1281 3380 1297 3404 ν
1343 3340 1389 3433 “Ai
1417 3339 1800 3433 “malum”?
1832 3341 2000 3433 mem
2026 3340 2102 3395 νί·
2130 3340 2177 3405 c
2208 3360 2340 3433 teut]
2368 3338 2535 3415 :sicut
2556 3354 2793 3428 martyrii
2812 3357 2980 3409 virtus
3000 3354 3220 3409 eminuit
3238 3349 3518 3424 [emicuit]
3541 3348 3739 3418 apparas-

529 3431 678 3498 tiata,
726 3446 833 3486 non
865 3442 1040 3501 potest
1073 3444 1193 3502 post
1235 3431 1556 3499 baptismum
1588 3433 1725 3486 inter
1750 3430 1845 3487 Dei
1870 3433 2106 3501 virgines

529 3523 865 3590 consecrari;
903 3526 975 3578 ita
1014 3540 1120 3579 non
1156 3524 1389 3580 absurde
1420 3526 1590 3579 visum
1635 3532 1719 3580 est
1744 3540 1865 3579 eum
1895 3526 1983 3595 qui
2014 3540 2108 3581 ex-

532 3615 693 3671 cessit
720 3631 946 3671 uxorum
982 3632 1263 3672 numerum
1290 3616 1648 3687 singularem,
1692 3633 1796 3672 non
1831 3627 2105 3687 peccatum

531 3708 746 3777 aliquod
792 3710 1163 3775 commisisse,
1211 3712 1304 3765 sed
1336 3725 1577 3764 normam
1620 3712 1900 3780 quamdam
1932 3726 2109 3766 sacra-

532 3797 699 3852 menti
724 3797 965 3853 amisisse
991 3838 1005 3862 ,
1034 3813 1137 3853 non
1166 3799 1233 3853 ad
1256 3799 1377 3854 vitae
1406 3802 1561 3855 bonae
1588 3802 1834 3857 meritum
1860 3842 1875 3867 ,
1912 3803 2004 3856 sed
2042 3802 2108 3856 ad

508 3886 882 3967 ordinationis
930 3888 1310 3943 ecclesiasticae
1351 3890 1678 3960 signaculum
1722 3892 2106 3947 necessarium.

535 3985 613 4036 Ac
643 3995 736 4050 per
766 3980 867 4039 hoc
895 3980 1033 4036 sicut
1079 3981 1259 4049 plures
1289 3982 1623 4051 antiquorum
1668 3992 1875 4050 patrum
1917 4001 2111 4041 uxores

533 4072 974 4145 signiﬁcaverunt
998 4072 1202 4128 futuras
1230 4083 1443 4129 nostras
1471 4090 1536 4131 ex
1582 4076 1832 4131 omnibus
1861 4078 2109 4146 gentibus

535 4164 803 4222 Ecciesias
825 4165 914 4220 uui
942 4164 1057 4221 viro
1078 4166 1567 4233 subditastristo,
1587 4168 1656 4221 ita
1682 4179 1866 4223 uoster
1882 4171 2108 4225 antistes

534 4260 689 4316 unius
720 4259 905 4317 uxoris
930 4262 1009 4315 vir
1038 4260 1299 4329 signiﬁcat
1332 4277 1402 4316 ex
1428 4262 1678 4318 omnibus
1707 4264 1955 4334 gentibus
1986 4265 2107 4319 uni-

535 4360 717 4417 tatem,
742 4353 831 4407 uni
856 4354 971 4408 viro
995 4352 1263 4407 subditam
1294 4352 1526 4419 Christo,
1556 4370 1674 4423 quae
1708 4363 1833 4410 tunc
1864 4356 2108 4424 perficie-

535 4454 619 4498 tur
646 4459 765 4500 cum
811 4446 1129 4503 revelaverit
1162 4448 1372 4501 occulta
1415 4448 1751 4504 tenebrarum
1781 4490 1796 4513 ,
1822 4460 1929 4504 etc.
1961 4450 2110 4504 Nunc

512 4544 714 4615 autem
758 4547 881 4593 sunt
924 4536 1226 4595 manifestae
1269 4540 1498 4595 latentes
1528 4540 1914 4607 dissensiones,
1949 4543 2107 4597 etiam

535 4627 682 4683 salva
711 4628 991 4695 charitate,
1026 4630 1166 4687 inter
1195 4646 1290 4686 eos
1316 4633 1407 4703 qui
1439 4647 1602 4687 unum
1633 4643 1687 4687 et
1716 4633 1769 4687 in
1807 4649 1913 4689 uno
1950 4635 2111 4690 futuri

2210 3470 2311 3524 que
2362 3451 2638 3508 tolerando
2671 3449 2945 3520 passiones
2977 3465 2987 3499 :
3023 3445 3115 3501 sed
3163 3460 3322 3515 quam
3376 3444 3539 3498 multi
3581 3450 3681 3495 sunt
3714 3437 3755 3489 ia

2209 3545 2394 3601 eadem
2424 3545 2621 3598 virtute
2650 3540 2836 3603 animi,
2866 3539 3059 3608 quibus
3111 3536 3337 3591 tentatio
3385 3534 3576 3601 deest,
3604 3547 3692 3601 qna
3723 3528 3765 3581 id

2190 3636 2348 3707 quod
2380 3636 2524 3690 intus
2553 3644 2655 3699 est,
2687 3634 2739 3687 in
2769 3640 3056 3699 conspectu
3087 3630 3202 3694 Dei,
3234 3629 3397 3683 etiarn
3430 3629 3483 3681 iu
3518 3625 3766 3679 hominum

2212 3728 2508 3800 procedat?
2536 3727 2598 3780 Et
2622 3723 2906 3779 Timotheo
2933 3722 3003 3776 ita
3035 3721 3271 3775 relaxata
3300 3730 3376 3774 est
3406 3716 3613 3785 corpori
3641 3714 3778 3768 utili-

2212 3836 2291 3881 tas
2314 3825 2497 3879 vintun
2522 3820 2760 3886 bibendi,
2785 3828 2842 3873 ut
2873 3828 3114 3872 maneret
3139 3816 3190 3869 in
3216 3816 3383 3869 animo
3407 3811 3615 3865 habitus
3638 3823 3772 3862 con-

2213 3916 2435 3972 tinendi.
2465 3915 2583 3984 Ipse
2610 3922 2694 3968 est
2717 3911 2859 3967 enim
2890 3910 3103 3964 habitus
3129 3922 3236 3979 quo
3258 3904 3433 3974 aliquid
3454 3901 3625 3971 agitur
3647 3913 3779 3952 cum

2212 4026 2346 4081 opus
2375 4016 2483 4074 est;
2518 4021 2638 4061 cum
2669 4014 2845 4060 autem
2875 4017 2980 4057 non
3015 4002 3210 4071 agitur,
3242 4006 3415 4069 potest
3439 3991 3654 4065 agi,sed
3677 4005 3784 4044 non

2213 4116 2344 4170 opus
2369 4109 2472 4156 est.
2503 4098 2635 4154 Num
2670 4099 2831 4167 igitur
2857 4110 2961 4148 non
2992 4092 3180 4147 eratin
3210 4090 3431 4145 Christo
3452 4084 3787 4140 continentis

2208 4198 2380 4250 virtus
2410 4210 2438 4248 a
2466 4193 2585 4248 cibo
2616 4199 2669 4248 et
2701 4198 2849 4261 potu,
2877 4196 3069 4257 quanta
3100 4194 3216 4241 erat
3244 4184 3298 4238 in
3325 4182 3535 4238 Joanne
3562 4178 3782 4249 Baptista

2214 4299 2273 4344 ut
2300 4290 2601 4343 diceretur:
2628 4284 2767 4338 Ecce
2795 4283 2956 4335 homo
2982 4293 3149 4332 vorax
3173 4286 3227 4332 et
3250 4286 3468 4346 potator
3496 4272 3642 4326 viui?
3666 4285 3785 4321 nun-

2212 4384 2337 4453 quid
2368 4396 2470 4435 uon
2492 4379 2616 4434 talia
2646 4376 2899 4431 dicuntur
2924 4373 2976 4426 in
3004 4370 3333 4426 domesticos
3357 4366 3481 4437 ejus
3509 4374 3680 4435 patres
3704 4374 3783 4413 oo-

2215 4487 2388 4541 stros,
2432 4488 2498 4529 ex
2546 4471 2648 4527 alio
2688 4483 2887 4541 genere
2929 4465 3111 4522 utendi
3151 4464 3409 4527 terrenis,
3452 4470 3700 4529 quantum
3725 4456 3778 4508 ad

2215 4571 2552 4624 concubitum
2580 4565 2814 4635 pertinet
2841 4581 2852 4615 :
2882 4562 3016 4616 Ecce
3037 4559 3283 4613 homines
3312 4554 3599 4611 libidinosi
3624 4562 3665 4605 et
3688 4552 3769 4602 im-

2218 4662 2420 4727 mundi,
2448 4667 2711 4716 amatores
2738 4656 3050 4716 feminarum
3078 4660 3129 4707 et
3153 4648 3503 4706 lasciviarum
3521 4650 3547 4702 7
3572 4646 3635 4701 Et
3654 4641 3787 4715 justi-

536 4732 698 4816 Fului
723 4731 997 4816 (iugum?
1027 4724 1206 4816 quun
1236 4724 1392 4779 "una:
1410 4733 1585 4779 eum“
1614 4723 1795 4794 Itaque
1820 4725 1950 4780 Sim"
1978 4727 2109 4781 dum
2135 4724 2188 4785 θ
2220 4757 2371 4809 {irata
2401 4723 2481 4807 cst
2504 4749 2763 4816 sapientia
2786 4765 2813 4802 a
2835 4747 2957 4802 filiis
2977 4747 3109 4810 suis,
3132 4745 3219 4814 qui
3250 4742 3442 4796 vident
3462 4738 3793 4796 continentia!

534 4811 636 4868 bus
664 4812 896 4869 dominis
918 4814 1223 4884 pluribusve
1244 4816 1472 4881 servire,
1495 4816 1576 4872 sic
1604 4831 1634 4872 a
1662 4819 1783 4872 vivo
1813 4820 1928 4873 viro
1950 4821 2001 4874 in
2025 4821 2106 4875 al-

516 4906 701 4975 terius
725 4906 954 4961 transire
979 4907 1326 4975 connubium,
1360 4924 1458 4965 nec
1475 4918 1600 4965 tunc
1629 4908 1782 4965 licuit
1806 4951 1816 4970 .
1850 4926 1946 4965 nec
1969 4922 2111 4969 nunc

535 4998 683 5067 licet,
713 5014 811 5055 nec
833 5013 1065 5069 unquam
1107 4999 1306 5054 licebit.
1338 5003 1654 5069 Apostatare
1682 5002 1877 5072 quippe
1907 5005 1975 5059 ab
2005 5022 2112 5060 uno

538 5089 672 5156 Deo,
702 5097 754 5145 et
782 5089 860 5146 ire
891 5090 942 5145 in
982 5088 1203 5145 alterius
1242 5090 1592 5147 adulterinam
1635 5095 2069 5162 superstitionem
2092 5139 2109 5165 ,

536 5202 751 5258 semper
794 5198 875 5243 est
921 5189 1140 5244 malum.
1185 5187 1295 5243 Nec
1338 5202 1496 5246 causa
1549 5206 1676 5260 ergo
1726 5195 2112 5251 numerosioris

521 5278 704 5348 prolis
734 5275 977 5336 fecerunt
1004 5279 1171 5334 sancti
1203 5279 1412 5344 nostri,
1446 5281 1587 5347 cutod
1614 5280 1748 5336 Cato
1785 5282 1980 5338 dicitur
2023 5284 2105 5341 fc-

538 5373 673 5429 cisse
697 5372 989 5437 Romanus,
1030 5382 1087 5427 ut
1114 5372 1345 5428 traderet
1390 5374 1546 5427 vivus
1574 5389 1792 5431 uxorem
1833 5378 1995 5432 etiam
2040 5379 2116 5433 al-

538 5466 705 5520 terius
725 5464 942 5519 domum
970 5464 1091 5519 [iliis
1116 5465 1479 5534 impleturam.
1498 5465 1555 5521 In
1586 5476 1893 5523 nostrarum
1917 5471 2115 5539 quippe

539 5554 777 5625 nuptiis,
828 5555 945 5625 plus
991 5557 1134 5612 valet
1173 5561 1427 5614 sanctitas
1466 5560 1785 5615 sacramenti
1827 5577 1987 5631 quam
2031 5562 2109 5616 fe-

540 5650 785 5707 cunditas
816 5650 976 5706 uteri.

1052 5720 1278 5778 CAPUT
1316 5721 1611 5778 CCCXXII.

678 5836 685 5843 ”
763 5844 839 5899 De
866 5851 1120 5898 nocturna
1151 5840 1427 5907 illusioue;
1454 5857 1520 5895 ea:
1544 5841 1722 5895 eodem
1749 5840 1900 5894 libro.

618 5955 778 6012 Multa
818 5957 905 6011 lex
948 5957 1099 6025 ponit
1138 5959 1191 6009 in
1222 5955 1570 6010 sacramentis
1596 5963 1650 6011 et
1677 5954 1884 6009 umbris
1915 5952 2094 6009 futuro

2216 4850 2464 4902 virtutem
2491 4847 2542 4898 in
2569 4843 2745 4897 habitu
2770 4840 2930 4893 animi
2958 4850 3166 4905 semper
3186 4849 3309 4889 esse
3328 4832 3559 4896 debere,
3573 4830 3628 4884 in
3651 4842 3801 4896 opere

2202 4940 2391 4993 autem
2407 4951 2501 5005 pro
2516 4949 2690 4988 rerum
2705 4948 2765 4985 ac
2783 4942 3079 4995 temporum
3095 4926 3500 4997 opportunitate
3516 4921 3803 4975 manifesta~

2218 5033 2283 5086 ri.
2314 5030 2445 5085 Cum
2462 5043 2586 5098 ergo
2609 5024 2885 5093 eolloquiis
2912 5021 3064 5075 malis
3080 5018 3274 5074 dicitur
3288 5015 3589 5072 continenti
3609 5025 3664 5069 et
3681 5027 3805 5080 nupo

2220 5126 2321 5182 tias
2334 5122 2595 5179 recusanti
2613 5139 2623 5173 τ
2642 5118 2721 5173 Ttt
2739 5132 2864 5187 ergo
2876 5115 3064 5171 melior
3074 5130 3130 5167 es
3141 5127 3301 5183 quam
3314 5110 3630 5165 Abraham?
3646 5108 3809 5161 dicat:

2223 5218 2335 5288 Fgo
2365 5215 2577 5283 quidem
2615 5228 2717 5265 non
2749 5225 2866 5264 sum
2894 5207 3103 5273 melior,
3133 5204 3227 5259 sed
3258 5212 3340 5259 est
3370 5201 3569 5255 melior
3598 5201 3811 5253 castitas

2222 5310 2467 5362 ctelihum
2492 5321 2647 5374 quam
2670 5302 2890 5355 castitas
2920 5298 3221 5366 nuptiarum
3248 5309 3510 5366 :qnarum
3545 5294 3811 5347 Abraham

2220 5410 2380 5449 unam
2414 5393 2639 5448 habebat
2671 5391 2720 5443 in
2746 5404 2863 5451 usu,
2886 5386 3069 5441 ambas
3100 5386 3149 5439 in
3182 5384 3387 5438 habitu.
3419 5380 3583 5437 Caste
3616 5383 3817 5450 quippe

2212 5487 2571 5555 conjugaliter
2593 5484 2755 5545 vixit;
2779 5495 2897 5534 esse
2917 5487 3094 5533 autem
3117 5462 3264 5531 caste
3290 5474 3405 5529 sine
3431 5473 3693 5543 conjugis
3726 5485 3817 5540 ρος

2222 5583 2345 5644 tuit,
2365 5580 2456 5632 sed
2484 5584 2610 5631 tunc
2633 5590 2738 5629 non
2765 5573 3016 5641 oportuit.
3044 5571 3155 5640 Ego
3174 5584 3304 5624 vero
3328 5567 3541 5623 facilius
3564 5583 3673 5620 non
3700 5576 3821 5619 utor

2227 5673 2442 5742 nuptiis,
2475 5670 2669 5740 quibus
2717 5681 2845 5720 usus
2894 5672 2976 5719 est
3024 5662 3316 5724 Abraham,
3346 5673 3509 5727 quam
3567 5658 3649 5713 sic
3703 5667 3817 5711 utor

2226 5766 2422 5836 nuptiis
2447 5758 2895 5831 quemadmodum
2914 5765 2996 5812 est
3017 5770 3143 5810 usus
3161 5754 3457 5809 Abraham.
3485 5750 3645 5818 Quod
3674 5750 3820 5806 enim

2226 5873 2325 5927 ego
2357 5870 2497 5911 nunc
2542 5868 2660 5922 ago,
2694 5850 2886 5907 melius
2933 5848 3022 5903 ille
3050 5847 3264 5917 egisset,
3302 5845 3346 5899 si
3380 5852 3510 5899 tunc
3550 5841 3825 5913 agendum

2220 5959 2387 6007 esset.
