4010 6382
246 326 387 384 1045

741 440 966 499 CAPUT
1005 441 1325 499 CCCKXIV.

241 554 413 611 Nemo
442 557 671 611 ascendit
708 557 762 611 in
792 557 995 624 cretum,
1027 565 1123 627 etc.
1151 552 1243 627 Et,
1275 553 1425 611 Sicut
1439 553 1659 627 “Moyses
1685 554 1829 610 exat-

312 630 438 681 tauit
456 638 742 698 serpentem
763 630 814 682 in
837 623 1052 683 deserto.
1081 626 1160 683 Ea:
1187 626 1316 681 libro
1342 627 1405 680 de
1430 623 1696 697 Baptismo
1717 644 1831 700 par-

309 701 546 755 vulorum
567 701 753 771 printo.

308 812 502 880 Nemo,
533 814 729 886 inquit,
753 816 995 873 ascendit
1024 816 1074 871 in
1103 817 1320 882 coelum,
1351 814 1454 870 nisi
1482 815 1571 885 qui
1601 813 1670 869 de
1691 814 1829 869 coelo

212 902 217 911 “
238 905 544 977 descendit,
570 909 737 966 Filius
758 909 1014 974 hominis,
1033 911 1120 981 qui
1144 918 1225 965 est
1248 908 1301 964 in
1324 909 1481 965 coelo.
1507 906 1616 973 Sic,
1635 908 1825 977 inquit,

234 998 327 1054 ﬁet
354 1001 626 1069 generatio
647 1002 960 1072 spiritualis,
996 1012 1052 1057 ut
1084 1002 1193 1057 sint
1219 1004 1466 1059 caelestes
1495 1000 1739 1055 homines
1760 1014 1826 1055 ex

234 1094 490 1157 terrenis,
521 1094 666 1164 quod
715 1094 944 1166 adipisci
989 1108 1095 1148 non
1136 1102 1409 1165 poterunt,
1444 1092 1544 1147 nisi
1585 1090 1825 1146 membra

230 1197 354 1238 mea
384 1182 717 1251 efﬁciantur;
748 1192 805 1239 ut
834 1184 949 1254 ipse
978 1183 1232 1239 ascendat
1256 1183 1348 1254 qui
1374 1181 1671 1249 descendit,
1704 1181 1825 1250 quia

230 1294 394 1334 nemo
419 1278 679 1345 ascendit,
708 1278 813 1334 nisi
853 1280 944 1351 qui
970 1278 1263 1335 descendit.
1288 1276 1401 1335 Nisi
1424 1292 1552 1348 ergo
1574 1278 1625 1331 in
1650 1276 1820 1332 unita-

231 1379 340 1426 tem
387 1369 589 1427 Christi
631 1388 821 1428 omnes
852 1372 1095 1428 mutandi
1127 1371 1446 1441 levandique
1475 1378 1821 1436 concurrant,

228 1475 289 1520 ut
318 1464 566 1521 Christus
589 1510 603 1533 ,
637 1467 726 1537 qui
758 1466 1060 1531 descendit,
1092 1465 1206 1536 ipse
1236 1464 1510 1531 ascendat,
1541 1478 1645 1518 non
1676 1462 1822 1518 aliud

225 1558 492 1629 deputans
517 1573 711 1629 corpus
737 1573 915 1625 suum,
942 1548 997 1614 id
1019 1568 1101 1614 est
1127 1557 1425 1614 Ecclesiam
1454 1572 1629 1622 suam,
1658 1571 1821 1625 quam

222 1651 462 1721 seipsum
491 1652 613 1723 quia
646 1651 713 1708 de
742 1650 960 1707 Christo
986 1659 1038 1707 et
1071 1649 1312 1706 Ecclesia
1342 1650 1520 1705 verius
1568 1648 1820 1719 intelligi-

222 1752 312 1798 tur
344 1760 357 1797 :
394 1743 564 1799 Erunt
601 1744 709 1799 duo
733 1744 786 1799 in
815 1759 978 1800 carne
1004 1760 1146 1808 una;
1180 1742 1246 1798 de
1274 1756 1376 1813 qua
1409 1757 1470 1797 re
1498 1742 1614 1811 ipse
1641 1741 1813 1796 dixit:

1274 323 1706 383 THESAURUS.
1749 314 1904 381 CAP.
1943 322 2241 385 CCCXXV.

3392 328 3531 385 1046

1856 444 1913 503 Δ
1934 444 2086 501 tinuo
2112 450 2458 505 sanabantur.
2488 450 2627 517 Quid
2669 446 2933 507 exaltatus
2962 468 3202 523 serpens,
3226 452 3328 509 nisi
3372 466 3520 509 mors

1930 539 2161 607 Christi,
2190 557 2255 599 eo
2281 543 2613 614 signiﬁcandi
2643 545 2822 611 modo,
2845 559 2953 615 quo
2983 561 3078 616 per
3098 547 3428 603 efﬁcientem
3463 544 3517 601 id

1929 636 2072 705 quod
2102 634 2335 691 efﬁcitur
2380 636 2751 707 signiﬁcatur?
2780 639 2820 691 A
2852 648 3104 705 serpente
3128 640 3325 710 quippe
3371 653 3519 696 mors

1930 729 2098 792 venit,
2119 730 2210 797 qui
2237 737 2512 797 peccatum
2535 744 2641 799 quo
2664 734 2966 785 moreretur
2990 728 3193 785 homini
3213 733 3515 801 persuasit:

1932 822 2189 878 Dominus
2214 833 2392 878 autem
2416 822 2467 878 in
2489 836 2707 879 carnem
2733 838 2884 878 suam
2911 838 3017 877 non
3042 835 3318 894 peccatum
3340 835 3516 883 trans-

1928 914 2050 969 tulit
2079 924 2327 985 tanquam
2360 930 2623 972 venenum
2656 917 2941 986 serpentis,
2973 917 3071 973 sed
3117 926 3295 972 tamen
3344 929 3515 975 trans-

1928 1008 2047 1063 tulit
2074 1018 2317 1076 mortem
2344 1018 2571 1066 utesset
2598 1011 2652 1064 in
2678 1010 3083 1065 similitudinem
3106 1011 3284 1065 carnis
3309 1010 3515 1081 peccati

1928 1115 2083 1170 paena
2104 1103 2220 1158 sine
2242 1103 2399 1173 culpa
2424 1121 2437 1157 :
2462 1101 2607 1159 unde
2636 1104 2688 1157 in
2711 1117 2875 1159 carne
2906 1104 3129 1171 peccati,
3149 1112 3205 1159 et
3225 1103 3382 1172 culpa
3405 1102 3515 1157 sol-
3570 1114 3573 1121 '

1927 1204 2143 1250 veretur
2187 1206 2241 1249 et
2290 1210 2467 1265 poena.
2500 1196 2651 1253 Sicut
2696 1210 2826 1265 ergo
2857 1206 2982 1251 tunc
3029 1195 3121 1265 qui
3151 1195 3516 1265 conspiciehat

1925 1284 2213 1344 exaltatum
2262 1300 2591 1359 serpentem,
2622 1300 2677 1345 et
2722 1306 2751 1345 a
2802 1304 3013 1345 veneno
3042 1290 3350 1356 satiabatur,
3382 1298 3439 1346 et
3481 1304 3513 1347 ι

1924 1391 2098 1437 morte
2130 1382 2477 1450 hberabatur,
2511 1384 2587 1439 sic
2627 1398 2768 1438 nunc
2800 1383 2890 1454 qui
2922 1383 3288 1439 conformatur
3316 1383 3511 1439 simili-

1927 1475 2099 1529 tudini
2128 1477 2314 1530 mortis
2338 1476 2561 1543 ChriSti,
2594 1491 2691 1547 per
2722 1474 2879 1530 ﬁdem
2910 1475 3343 1546 baptismumque
3369 1475 3511 1546 ejus,

1923 1578 1977 1623 et
2006 1583 2033 1622 a
2068 1576 2284 1638 peccato
2314 1583 2410 1637 per
2430 1568 2891 1639 justiﬁcationem,
2916 1578 2969 1623 et
3009 1582 3041 1623 a
3081 1578 3257 1623 morte
3285 1582 3385 1639 per
3426 1581 3512 1623 re-

1882 1712 1883 1717 η
1924 1658 2312 1715 surrectionem
2346 1659 2636 1726 liberatur;
2669 1658 2771 1715 hoc
2805 1668 2889 1716 est
2938 1660 3083 1715 enim
3124 1660 3265 1730 quod
3292 1660 3367 1713 ait
3396 1675 3412 1714 :
3442 1658 3513 1716 Ut

1920 1754 2098 1809 omnis
2119 1754 2207 1823 qui
2230 1753 2401 1809 credit
2429 1754 2484 1809 in
2506 1768 2629 1810 eum
2654 1768 2759 1809 non
2782 1763 2991 1824 pereat,
3014 1751 3111 1810 sed
3132 1752 3327 1809 habeat
3346 1753 3509 1809 vitam

218 1834 388 1906 Igitur
414 1836 524 1906 jam
555 1850 662 1891 non
692 1837 820 1903 duo,
846 1836 941 1891 sed
970 1850 1074 1891 una
1100 1849 1248 1899 caro,
1276 1835 1568 1890 ascendere
1596 1832 1815 1889 omnino
1848 1828 1896 1891 B
1922 1857 2197 1902 mel-nam,

215 1943 324 1985 non
349 1938 601 2000 poterunt
625 1931 784 2001 :.quia
815 1944 973 1985 nemo
997 1927 1237 1984 ascendit
1269 1929 1321 1983 in
1346 1928 1565 1994 coelum,
1594 1928 1694 1982 nisi
1717 1928 1808 1998 qui

213 2021 285 2077 de
319 2022 456 2078 cmlo
501 2023 800 2089 descendit,
835 2022 1000 2078 Filius
1030 2022 1283 2087 hominis,
1314 2020 1405 2090 qui
1449 2029 1533 2076 est
1565 2020 1616 2074 in
1645 2019 1802 2076 coelo.

213 2113 471 2182 Quamvis
498 2119 640 2174 enim
673 2117 725 2172 in
758 2125 903 2172 terra
936 2115 1110 2171 factus
1139 2115 1209 2170 sit
1240 2113 1405 2170 Filius
1436 2114 1688 2181 hominis,
1721 2113 1806 2168 di-

213 2210 491 2267 viuitatem
525 2226 697 2277 suam,
731 2227 832 2282 qua
880 2211 935 2264 in
983 2210 1122 2265 coelo
1155 2224 1377 2264 manens
1408 2208 1707 2273 descendit,
1741 2209 1807 2263 ad

214 2310 412 2357 terram
442 2320 549 2360 non
576 2304 845 2375 indignam
879 2303 1087 2359 censuit
1130 2302 1348 2357 nomine
1381 2301 1501 2357 Filii
1550 2300 1805 2365 hominis,

213 2393 355 2446 sicut
380 2408 594 2449 carnem
624 2409 773 2449 suam
805 2393 1052 2465 dignatus
1076 2402 1161 2450 est
1191 2394 1411 2448 nomine
1434 2393 1552 2448 Filii
1591 2393 1714 2459 Dei;
1741 2409 1810 2449 ne

210 2484 365 2553 quasi
382 2485 486 2539 duo
500 2486 697 2541 Christi
714 2485 1072 2556 accipiantur,
1091 2500 1231 2539 unus
1245 2485 1383 2539 Deus
1396 2482 1599 2540 et‘alter
1617 2486 1805 2550 homo;

201 2576 309 2629 sed
342 2590 482 2631 unus
511 2583 673 2647 atque
719 2576 861 2632 idem
892 2578 1034 2633 Deus
1062 2587 1117 2632 et
1148 2578 1309 2634 homo
1344 2594 1358 2630 :
1391 2578 1546 2645 Deus,
1572 2579 1716 2647 quia,
1750 2577 1804 2634 In

208 2667 474 2737 principio
494 2678 611 2723 erat
642 2668 898 2738 Verbum,
921 2677 975 2725 et
1005 2670 1145 2726 Deus
1166 2679 1284 2724 erat
1322 2669 1551 2725 Verbum
1576 2685 1591 2735 ;
1622 2671 1802 2735 homo,

206 2760 355 2829 quia,
390 2760 626 2816 Verbum
658 2777 788 2818 caro
821 2762 1019 2818 factum
1046 2772 1150 2829 est,
1180 2772 1237 2819 et
1266 2762 1520 2819 habitavit
1550 2766 1601 2818 in
1627 2764 1799 2819 nobis.

206 2853 287 2907 Ac
315 2867 414 2922 per
443 2853 545 2909 hoc
574 2868 671 2925 per
696 2854 1010 2911 distantiam
1054 2855 1353 2911 divinitatis
1398 2864 1452 2911 et
1478 2856 1803 2910 inﬁrmitatis

202 2943 372 3000 Filius
398 2946 491 3002 Dei
515 2947 765 3003 manebat
790 2948 843 3001 in
864 2948 1022 3012 cmlo,
1050 2948 1216 3003 Filius
1242 2949 1473 3004 hominis
1496 2948 1803 3004 ambulabat

203 3052 258 3092 In
290 3045 469 3103 terra;
502 3053 599 3107 per
644 3040 906 3095 unitatem
950 3053 1080 3097 vero
1134 3056 1399 3109 personae,
1439 3056 1542 3110 qua
1575 3052 1800 3111 utraque

200 3128 500 3184 substantia
532 3145 668 3186 unus
703 3130 970 3197 Christus,
999 3139 1055 3188 et
1086 3130 1248 3187 Filius
1277 3132 1371 3188 Dei
1404 3133 1710 3189 ambulabat
1743 3134 1793 3187 in

2435 1964 2659 2022 CAPUT
2688 1963 2964 2022 CCCXXV

1914 2106 2301 2161 Resurrectioni
2337 2108 2525 2176 futurae
2552 2115 2728 2160 utrum
2758 2104 2945 2159 Lazari
2989 2113 3078 2158 aut
3116 2103 3309 2160 Christi
3330 2120 3506 2160 resur-

1986 2178 2471 2259 rectio.congruat;
2504 2194 2566 2231 ex
2608 2178 2736 2231 libro
2782 2176 3148 2248 Respomiont's
3192 2184 3371 2231 contra
3414 2191 3507 2234 sets

1984 2258 2289 2317 quazsttones
2318 2265 2653 2318 paganorum.

1984 2380 2110 2436 Ideo
2129 2394 2237 2435 non
2254 2380 2439 2434 Lazari
2468 2380 2810 2446 resurrectio,
2835 2380 2930 2436 sed
2951 2381 3129 2451 potius
3148 2378 3352 2435 Christi
3367 2392 3498 2435 con-

1909 2474 2054 2546 gruit
2083 2474 2362 2545 promissae
2384 2474 2788 2538 resurrectioni,
2811 2475 2937 2545 quia
2966 2473 3197 2529 Lazarus
3220 2474 3292 2527 ita
3318 2487 3504 2530 resur-

1909 2570 2050 2624 rexit
2079 2579 2137 2623 ut
2165 2570 2358 2624 iterum
2391 2578 2712 2637 moreretur,
2739 2568 2989 2625 Christus
3029 2578 3231 2637 autem,
3265 2569 3403 2624 sicut
3430 2569 3501 2625 de

1910 2662 2004 2719 illo
2024 2664 2280 2731 scriptum
2303 2670 2405 2729 est,
2430 2677 2658 2733 surgens
2676 2678 2705 2718 a
2721 2664 2967 2729 mortuis,
2988 2664 3098 2733 jam
3124 2676 3228 2717 non
3252 2661 3501 2725 moritur,

1907 2768 1961 2812 et
1990 2772 2139 2813 mors
2169 2759 2219 2813 ei
2246 2759 2381 2814 ultra
2428 2772 2535 2814 non
2566 2758 2963 2825 dominabitur;
2997 2760 3136 2826 quod
3174 2761 3338 2815 etiam
3374 2774 3502 2829 pro-

1906 2854 2127 2907 missum
2141 2861 2223 2909 est
2243 2853 2651 2907 resurrectionis
2669 2852 3071 2925 [resurrecturis
3087 2850 3098 2923 ι
3115 2853 3165 2907 in
3180 2852 3285 2908 ﬁne
3301 2851 3501 2919 saeculi,

1904 2954 1961 2999 et
1989 2959 2109 2999 cum
2154 2944 2248 2999 illo
2284 2945 2582 3013 regnaturis
2624 2945 2677 2998 in
2727 2952 3010 2999 :eternum.
3041 2944 3129 2998 Sic
3161 2952 3339 2999 autem
3391 2959 3498 2997 non

1904 3037 2217 3105 pertinetad
2243 3037 2696 3092 resurrectionem
2719 3037 3023 3093 differentia
3038 3036 3330 3092 nativitatis
3353 3036 3501 3092 Chri-

1903 3128 1973 3182 sti
2004 3138 2055 3183 et
2101 3139 2321 3197 nostrae,
2351 3130 2492 3200 quod
2522 3130 2612 3186 ille
2640 3131 2759 3185 sine
2800 3130 2903 3185 viri
2932 3132 3161 3197 semine,
3191 3144 3291 3185 nos
3320 3139 3499 3187 autem

202 3227 367 3283 terra,
397 3229 452 3275 et
481 3220 621 3275 idem
652 3223 768 3290 ipse
800 3222 966 3279 Filius
994 3224 1227 3279 hominis
1260 3227 1508 3281 manebat
1541 3227 1590 3281 in
1634 3227 1789 3283 etelo.
1826 3208 1872 3270 C
1904 3238 1968 3278 ex
1997 3222 2114 3277 viro
2140 3233 2194 3277 et
2219 3223 2413 3277 femina
2442 3224 2607 3279 creati
2630 3238 2815 3279 sumus
2842 3241 2855 3279 :
2881 3225 3018 3279 sicut
3046 3238 3150 3278 non
3175 3222 3407 3294 pertinet
3431 3224 3497 3280 ad

201 3310 289 3365 Fit
310 3326 440 3381 ergo
468 3314 870 3369 credihiliorum
896 3314 1035 3371 ﬁdes
1060 3330 1129 3371 ex
1162 3318 1656 3374 incredibilioribus
1681 3332 1797 3374 cre-

180 3403 331 3459 ditis
363 3422 374 3455 :
406 3404 451 3459 si
480 3405 624 3459 enim
654 3405 835 3460 divina
868 3407 1166 3462 substantia
1195 3408 1352 3477 longe
1381 3408 1671 3464 distantior
1719 3420 1800 3465 at-

197 3512 306 3568 que
327 3497 735 3569 incomparabili
751 3498 1063 3557 diversitate
1079 3502 1377 3569 sublimior,
1394 3504 1563 3572 potuit
1582 3514 1800 3574 propter

199 3604 306 3644 nos
336 3590 406 3642 ita
435 3592 713 3661 suscipere
741 3592 1030 3648 humanam
1059 3593 1435 3659 substantiam,
1466 3604 1525 3649 ut
1550 3610 1651 3649 una
1678 3610 1799 3664 per-

196 3697 332 3740 sona
357 3684 531 3750 ﬁeret,
554 3700 618 3741 ac
644 3686 723 3741 sic
746 3685 913 3742 Filius
938 3688 1190 3755 hominis,
1219 3687 1308 3758 qui
1334 3696 1450 3743 erat
1470 3690 1522 3743 in
1546 3696 1687 3744 terra
1704 3703 1797 3759 per

194 3777 379 3832 carnis
406 3778 957 3845 intirmitatem,idem
985 3778 1099 3849 ipse
1128 3789 1275 3836 esset
1301 3779 1351 3834 in
1382 3779 1521 3836 caelo
1548 3794 1644 3850 per
1673 3795 1795 3849 par~

198 3870 475 3939 ticipatam
513 3875 695 3929 carnis
721 3874 1083 3939 divinitatem,
1125 3885 1323 3943 quanto
1352 3874 1664 3931 credibilius
1704 3874 1792 3931 alii

201 3962 453 4017 homines
476 3965 644 4018 sancti
665 3974 721 4019 et
744 3965 928 4019 ﬁdeles
949 3965 1067 4035 ejus
1090 3966 1221 4020 ﬁunt
1245 3980 1366 4021 cum
1397 3966 1611 4020 homine
1630 3964 1792 4020 Chri-

196 4064 286 4110 sto
314 4070 450 4110 unus
479 4056 747 4125 Christus,
774 4067 831 4112 ut
852 4058 1103 4113 omnibus
1134 4074 1230 4128 per
1257 4058 1373 4128 ejus
1400 4059 1539 4114 hanc
1565 4060 1790 4129 gratiam

194 4149 621 4219 societatemque
651 4150 1090 4219 ascendentibus,
1120 4152 1233 4220 ipse
1263 4167 1400 4207 unus
1432 4151 1678 4207 Christus
1708 4167 1794 4209 as-

192 4240 456 4296 cendatin
472 4242 690 4308 cadum,
705 4246 792 4314 qui
809 4244 879 4300 de
901 4245 1041 4300 caelo
1054 4244 1353 4301 descendit.
1387 4245 1474 4300 Sic
1497 4244 1789 4314 etAposto-

191 4334 280 4388 lus
296 4332 367 4388 ait
393 4351 404 4387 :
430 4334 580 4391 Sicut
600 4334 654 4390 in
676 4350 785 4391 uno
810 4350 1039 4407 corpore
1064 4336 1225 4391 multa
1253 4336 1489 4390 membra
1511 4336 1788 4405 habemus,

188 4425 374 4480 omnia
413 4437 590 4483 autem
618 4427 859 4484 membra
880 4428 1126 4500 corporis
1160 4436 1286 4485 sunt
1306 4430 1493 4499 multa,
1518 4446 1680 4486 unum
1707 4442 1791 4489 est

190 4533 409 4588 corpus,
440 4520 508 4574 ita
530 4519 627 4593 [et]
648 4520 914 4577 Christus.
967 4521 1084 4577 Non
1111 4522 1272 4589 dixit,
1292 4522 1365 4577 lta
1402 4534 1456 4579 et
1485 4522 1704 4591 Christi,
1736 4526 1787 4581 id

1904 3316 2070 3384 ipsius
2100 3316 2341 3370 mortalis
2365 3312 2596 3387 [mortis]
2622 3314 2979 3371 diﬁerentiam
3006 3332 3020 3369 :
3045 3328 3150 3369 non
3171 3316 3312 3370 enim
3335 3331 3498 3386 prop-

1904 3418 2049 3462 terea
2076 3408 2219 3461 illius
2243 3422 2349 3461 non
2375 3422 2502 3462 vera
2531 3420 2677 3462 mors
2699 3407 2819 3473 fuit,
2845 3405 2967 3473 quia
2996 3406 3113 3463 sine
3129 3407 3271 3461 virili
3293 3410 3498 3463 semine

1904 3509 2060 3555 natus
2082 3508 2186 3566 est,
2204 3499 2342 3554 sicut
2369 3514 2469 3554 nec
2489 3498 2656 3568 ipsius
2686 3499 2845 3570 primi
2868 3499 3104 3555 hominis
3124 3500 3283 3555 aliter
3310 3507 3493 3555 exorta

1900 3607 2026 3648 caro
2057 3606 2217 3663 quam
2250 3600 2437 3647 nostra
2469 3609 2483 3645 :
2512 3591 2946 3663 quandoquidem
2977 3592 3067 3648 ille
3106 3592 3223 3649 sine
3254 3594 3492 3663 parenti-

1900 3686 2000 3741 bus
2021 3685 2088 3740 de
2116 3697 2254 3740 terra
2285 3695 2499 3741 creatus
2527 3694 2627 3751 est,
2657 3699 2756 3741 nos
2784 3699 2911 3741 vero
2932 3698 2997 3740 ex
3026 3685 3362 3756 parentibus,
3394 3685 3492 3740 ali-

1897 3778 2024 3848 quid
2048 3779 2223 3834 attulit
2244 3778 2310 3834 ad
2333 3776 2691 3835 differentiam
2711 3777 2922 3843 mortis,
2948 3787 3005 3833 ut
3025 3778 3182 3833 aliter
3198 3778 3289 3833 ille
3312 3792 3491 3833 more-

1895 3880 2067 3938 retur,
2092 3872 2248 3928 aliter
2269 3887 2386 3927 nos.
2413 3871 2559 3927 Sicut
2581 3879 2759 3927 autem
2781 3871 2847 3927 ad
2865 3872 3072 3935 mortis,
3093 3871 3172 3925 sic
3198 3886 3296 3926 nec
3318 3870 3383 3925 ad
3411 3885 3493 3926 τες

1896 3965 2246 4022 surrectionis
2271 3965 2625 4020 differentiam
2661 3965 2804 4019 valet
2831 3964 3044 4020 diversa
3071 3965 3361 4029 uativitas;
3395 3965 3489 4019 sed

1896 4074 1997 4114 nec
2029 4059 2133 4113 hoc
2163 4059 2363 4127 ipsum,
2394 4057 2536 4127 quod
2559 4058 2818 4126 scriptum
2850 4065 2933 4111 est
2954 4056 3021 4111 de
3050 4056 3223 4124 primo
3252 4055 3489 4125 homine,

1896 4150 2140 4207 similiter
2170 4149 2412 4205 inﬁdeles
2446 4147 2736 4221 [homines]
2764 4148 2929 4203 nolint
2958 4144 3194 4220 [volunt]
3222 4146 3444 4202 credere
3473 4164 3488 4199 :

1895 4255 2140 4315 quaerant
2166 4245 2252 4301 vel
2282 4243 2713 4300 animadvertant
2739 4242 2782 4297 si
2806 4242 2889 4298 vel
2918 4241 3021 4298 hoc
3051 4250 3299 4312 possunt,
3328 4254 3487 4311 quam

1896 4339 2189 4394 multorum
2212 4336 2525 4393 animalium
2544 4350 2741 4407 genera
2769 4334 2890 4390 sine
2916 4333 3229 4405 parentibus
3253 4348 3318 4389 ex
3346 4341 3487 4388 terra

1897 4442 2272 4504 procreantur,
2302 4447 2421 4503 quae
2452 4440 2631 4486 tamen
2662 4428 2908 4485 coeundo
2936 4429 3049 4500 89
3077 4426 3292 4498 pariunt
3321 4426 3483 4483 etiam

1894 4526 2008 4596 ipsa
2060 4525 2144 4580 sui
2196 4524 2426 4580 similem
2460 4522 2686 4593 prolem,
2723 4537 2821 4577 nec
2866 4531 3087 4591 propter
3114 4521 3485 4579 diversitatem

189 4622 276 4669 est
298 4628 492 4684 corpus
509 4612 708 4671 Christi
736 4617 821 4671 vel
847 4615 1088 4671 membra
1109 4612 1554 4685 Christi,sed,lta
1573 4617 1784 4674 etChrl-
1815 4598 1871 4662 Ῑ)
1895 4621 2193 4676 nativitatis
2240 4620 2452 4675 intersit
2491 4616 2691 4688 aliquid
2745 4615 2810 4670 ad
2861 4625 3106 4679 naturam
3151 4629 3337 4672 eorum
3368 4631 3487 4686 quae

187 4717 328 4773 stus,
356 4723 519 4763 unum
537 4706 808 4764 Christum
831 4709 1110 4779 appellans
1128 4717 1288 4779 caput
1306 4717 1587 4781 etcorpus.
1605 4711 1789 4783 Magna

189 4802 311 4857 haec
337 4801 433 4875 [et]
461 4803 594 4857 mira
623 4802 886 4874 dignatio,
912 4818 1028 4874 quae
1053 4804 1308 4874 quoniam
1338 4804 1453 4861 ﬁeri
1481 4821 1587 4861 non
1612 4817 1790 4877 potest

186 4894 294 4947 nisi
341 4902 435 4963 per
462 4894 834 4951 remissionem
868 4904 1231 4965 peccatorum,
1262 4896 1505 4965 sequitur
1528 4908 1583 4953 et
1612 4898 1743 4954 dicit
1772 4918 1783 4953 :

192 4986 262 5040 Et
292 4989 430 5041 sicut
461 4987 672 5059 Moyses
709 4987 965 5043 exaltavit
1010 4995 1319 5056 serpentem
1360 4987 1413 5042 in
1442 4987 1681 5056 deserto,
1713 4992 1783 5046 ita

186 5076 420 5131 exaltari
453 5086 666 5148 oportet
697 5077 887 5133 Filium
921 5077 1176 5142 hominis,
1199 5088 1257 5133 ut
1287 5080 1463 5135 omnis
1494 5080 1587 5150 qui
1611 5081 1783 5137 credi-

184 5173 331 5227 derit
358 5172 409 5226 in
437 5187 581 5238 eum,
612 5186 717 5226 non
743 5183 945 5243 pereat,
964 5173 1061 5229 sed
1087 5172 1281 5228 habeat
1311 5174 1473 5229 vitam
1498 5186 1775 5229 aeternam.

183 5265 327 5333 Quid
360 5274 484 5318 tunc
513 5262 566 5318 in
589 5262 807 5319 deserto
836 5265 1032 5321 factum
1063 5264 1133 5321 sit
1160 5267 1404 5323 novimus
1434 5285 1445 5321 :
1470 5278 1777 5338 serpentum

97 5368 111 5441 2'
182 5357 462 5414 morsibus
513 5356 662 5412 multi
694 5355 1059 5413 moriebantur
1091 5378 1104 5413 :
1132 5367 1258 5415 tunc
1301 5361 1527 5431 populus
1561 5374 1776 5431 peccata

98 5444 115 5467 “
182 5468 285 5510 sua
311 5454 592 5523 conﬁtens,
627 5469 719 5525 per
750 5454 968 5527 Moysen
1005 5458 1324 5528 deprecatus
1372 5470 1455 5515 est
1492 5460 1771 5516 Dominum

183 5557 245 5603 ut
277 5547 378 5602 hoc
407 5548 475 5609 ab
514 5547 594 5604 eis
622 5548 768 5603 virus
794 5550 1062 5616 auferret;
1094 5565 1157 5605 ac
1179 5551 1257 5607 sic
1286 5550 1494 5625 Moyses
1537 5568 1599 5608 ex
1635 5569 1773 5622 pne-

180 5649 345 5713 Cepto
368 5640 580 5697 Domini
609 5641 863 5699 exaltavit
885 5645 937 5697 in
964 5642 1181 5698 deserto
1202 5659 1409 5701 aeneum
1440 5656 1770 5718 serpentem,

180 5736 572 5806 admonuitque
602 5736 855 5807 populum
887 5746 945 5791 ut
974 5736 1124 5791 illum
1152 5739 1442 5793 exaltatum
1473 5740 1712 5811 quisquis
1742 5755 1771 5794 a

162 5837 436 5909 ,serpente
477 5828 810 5887 morderetur
855 5830 1161 5888 attenderet
1186 5848 1197 5885 :
1225 5830 1326 5887 hoc
1348 5830 1611 5889 facientes
1642 5849 1770 5907 con-

1898 4725 2174 4786 procreata
2208 4722 2333 4769 sunt
2361 4726 2427 4768 ex
2458 4722 2622 4779 terra,
2655 4720 2712 4767 et
2740 4726 2928 4767 eorum
2961 4725 3079 4781 quas
3109 4709 3216 4764 illis
3243 4709 3486 4765 coeunti-

1896 4808 1995 4863 bus
2018 4816 2134 4863 orta
2160 4816 2305 4863 sunt.
2332 4804 2591 4861 Similiter
2612 4804 2752 4859 enim
2772 4804 2976 4869 vivunt,
2995 4803 3349 4871 similiterque
3370 4815 3485 4857 mo-

1894 4899 2127 4965 riuntur,
2157 4899 2401 4968 quamvis
2435 4896 2767 4952 dissimiliter
2809 4896 2917 4950 nati
2950 4899 3077 4950 sint.
3124 4894 3200 4948 ita
3246 4907 3353 4947 non
3401 4902 3485 4949 est

1894 4991 2185 5047 absurdum
2228 4999 2283 5044 ut
2313 4988 2563 5045 similiter
2595 4998 2878 5060 resurgant
2904 5000 3130 5056 corpora
3174 4998 3294 5054 quae
3321 4981 3484 5040 dissi-

1894 5084 2091 5140 militer
2123 5091 2239 5138 orta
2262 5093 2405 5137 sunt.
2431 5080 2751 5153 Hujusmodi
2784 5093 2960 5138 autem
2988 5078 3233 5135 homines
3256 5093 3363 5133 non
3387 5092 3481 5134 va-

1889 5178 2060 5231 lentes
2085 5175 2281 5230 intueri
2310 5175 2375 5228 ad
2398 5190 2555 5245 quam
2581 5190 2691 5229 rem
2725 5172 2934 5228 intersit
2957 5169 3155 5240 aliquid
3180 5168 3476 5235 diversum,

1888 5279 1942 5325 et
1970 5268 2035 5323 ad
2067 5283 2224 5338 quam
2251 5284 2357 5323 non
2385 5266 2617 5331 intersit,
2646 5266 2735 5321 ubi
2765 5280 2870 5319 non
2893 5261 3222 5317 adverterint
3242 5260 3474 5331 aliquam

1886 5362 2195 5417 distantiam
2230 5360 2663 5431 primordioruin,
2692 5357 2850 5411 etiam
2881 5355 3061 5410 omnia
3093 5354 3476 5425 consequentia

1884 5456 2085 5511 distare
2131 5464 2384 5524 oportere
2431 5450 2779 5508 contendunt.
2828 5450 3063 5504 Possunt
3112 5448 3245 5503 tales
3286 5457 3474 5518 putare

1884 5549 2065 5605 oleum
2093 5563 2159 5603 ex
2200 5547 2446 5618 adipibus
2475 5560 2580 5599 non
2625 5543 2822 5600 debere
2856 5553 3038 5597 natare
3066 5557 3229 5613 super
3256 5556 3469 5613 aquam,

1868 5640 2023 5696 sicut
2055 5639 2185 5694 illud
2201 5639 2339 5708 quod
2371 5653 2433 5692 ex
2454 5636 2591 5690 oliva
2606 5643 2707 5702 est,
2730 5635 2980 5705 quoniam
3006 5634 3161 5705 longe
3177 5642 3257 5689 cst
3276 5633 3472 5690 utrius-

1884 5751 1987 5802 quc
2019 5734 2167 5802 origo
2215 5730 2515 5803 diSsimilie,
2547 5729 2759 5801 quando
2806 5730 2934 5785 illud
2967 5745 3033 5785 ex
3078 5729 3245 5799 ligno,
3275 5727 3378 5785 hoc
3406 5744 3469 5787 ex

1883 5844 2043 5885 carne
2093 5826 2426 5901 profluxerit.
2460 5825 2727 5894 Quantum
2777 5834 2950 5881 autem
2999 5822 3193 5880 attinet
3223 5822 3289 5877 ad
3320 5822 3466 5879 illam
