4010 6382
567 399 694 456 10ιῖ

561 623 723 684 atque
763 610 1066 682 putredine,
1117 607 1204 662 die
1247 606 1404 660 tertio
1452 603 1771 666 resurrexit,
1800 610 1980 657 nostra
2017 614 2150 656 vero

561 718 681 777 post
711 709 923 776 longum
959 713 1188 773 tempus,
1222 717 1285 756 ex
1312 700 1540 770 quadam
1572 714 1674 769 qua
1703 697 1789 770 [ex
1820 697 1949 767 quo]
1978 696 2151 750 soluta

564 801 913 858 discesserint
963 796 1297 860 confusione,
1333 794 1746 865 reparabuntur,
1782 792 2030 846 humante
2073 790 2151 845 fa-

562 893 745 948 cultati
777 900 1063 959 utrumque
1111 887 1442 958 impossibile
1473 895 1574 953 est,
1607 886 1802 941 divinae
1845 893 2022 941 autem
2054 898 2152 956 po—

565 986 742 1041 testati
784 992 1074 1053 utrumque
1119 982 1448 1037 facillimum.
1484 980 1557 1036 Ut
1607 979 1752 1035 enim
1787 978 1968 1035 radius
2008 977 2150 1032 oculi

563 1077 734 1131 nostri
781 1091 885 1130 non
915 1076 1072 1132 citius
1117 1076 1360 1143 pervenit
1407 1073 1472 1129 ad
1503 1072 1910 1145 propinquiora,
1944 1071 2152 1127 tardius

561 1170 627 1225 ad
672 1169 1046 1239 longinquiora
1081 1169 1169 1241 [ad
1218 1168 1598 1238 propinquiora
1628 1183 1789 1237 quam
1843 1167 1908 1221 ad
1940 1167 2150 1237 longin-

561 1260 795 1333 quiora],
823 1263 916 1318 sed
948 1271 1173 1332 utraque
1202 1261 1486 1316 intervalla
1515 1261 1669 1331 parili
1698 1260 1974 1316 celeritate
2015 1274 2148 1314 con-

560 1357 799 1427 tingunt;
832 1356 922 1419 ita,
940 1371 1058 1411 cum
1083 1356 1134 1410 in
1158 1356 1265 1412 ictu
1286 1355 1448 1419 oculi,
1463 1355 1603 1409 sicut
1620 1355 1904 1424 Apostolus
1926 1353 2076 1418 dicit,
2097 1353 2153 1408 fit

563 1444 886 1500 resurrectio
915 1453 1252 1499 mortuorum
1289 1441 1672 1512 omnipotentia
1697 1440 1789 1497 Dei
1818 1449 1871 1495 et
1894 1439 2150 1495 ineffabili

562 1546 722 1604 nutu,
752 1539 821 1593 ita
867 1546 972 1593 tam
1007 1537 1161 1593 facile
1189 1545 1270 1592 est
1299 1551 1525 1606 quaeque
1557 1536 1815 1599 recentia,
1849 1548 2006 1604 quam
2035 1533 2153 1588 ditt-

564 1641 978 1703 turnotempore
1003 1632 1206 1702 dilapsa
1221 1631 1484 1686 cadavera
1510 1630 1789 1685 suscitare.
1816 1613 2150 1684 Incredibilia

564 1737 692 1785 sunt
732 1728 847 1782 hanc
893 1725 1235 1795 quibusdam,
1287 1724 1408 1792 quia
1457 1724 1759 1792 inexperta,
1804 1736 1926 1777 cum
1973 1719 2150 1776 omnis

564 1829 755 1876 natura
782 1832 986 1885 rerum,
1023 1828 1128 1871 tam
1157 1815 1223 1871 sit
1269 1815 1422 1885 plena
1456 1813 1748 1879 miraculis,
1781 1821 1838 1867 ut
1867 1827 1973 1866 non
2001 1811 2150 1881 quasi

567 1904 708 1978 facili
737 1911 1186 1982 pervestigatione
1215 1907 1460 1972 rationis,
1494 1905 1589 1961 sed
1617 1905 1833 1962 videndi
1862 1915 2150 1962 consuetu-
2177 1905 2226 1968 B

563 2005 693 2061 dine
721 2004 852 2059 mira
883 2018 988 2057 non
1032 2002 1161 2067 sint,
1193 2016 1310 2071 quae
1334 1999 1404 2055 ob
1434 1999 1536 2054 hoc
1566 2012 1666 2054 nec
1695 1998 2148 2066 consideratione,

565 2112 666 2153 nec
695 2094 1042 2165 inquisitione
1071 2092 1225 2162 digna
1257 2092 1520 2146 videntur.
1546 2088 1677 2144 Nam
1705 2103 1825 2160 ego,
1857 2097 1913 2144 et
1941 2102 2150 2144 mecum

566 2188 866 2258 quicunque
906 2181 1193 2240 invisibilia
1225 2185 1340 2247 Dei,
1375 2198 1470 2254 per
1497 2198 1561 2240 ea
1591 2198 1708 2253 qua:
1738 2182 1875 2237 facta
1905 2190 2030 2236 sunt
2062 2181 2155 2236 in-

569 2279 802 2343 tellecta,
827 2276 1162 2346 conspiciunt
1208 2275 1534 2349 [intelligere
1564 2271 1894 2343 moliuntur],
1925 2280 2016 2326 aut
2045 2287 2152 2327 non

566 2372 741 2427 minus
785 2381 878 2426 aut
927 2371 1162 2440 amplius
1203 2369 1553 2434 admiramur,
1581 2367 1634 2420 in
1665 2380 1774 2420 uno
1794 2365 2020 2420 seminis
2040 2373 2152 2420 tam

566 2463 790 2532 parvulo
817 2477 1007 2532 grano,
1037 2460 1215 2515 omnia
1245 2474 1366 2530 quae
1393 2457 1672 2512 laudamus
1701 2456 1751 2511 in
1802 2457 2016 2521 arbore,
2038 2466 2156 2511 tan-

565 2567 724 2624 quam
743 2552 920 2607 liciata
940 2551 1177 2618 latuisse,
1195 2564 1354 2621 quam
1374 2547 1558 2604 mundi
1582 2547 1738 2619 hujus
1759 2557 1863 2602 tam
1883 2549 2154 2617 ingentem

566 2648 762 2712 sinum,
791 2662 911 2714 quae
942 2645 1010 2700 de
1039 2643 1362 2715 corporibus
1389 2642 1637 2697 humanis
1688 2641 1812 2696 dum
1844 2640 2156 2695 dilabuntur

569 2740 826 2801 absumit,
854 2740 1235 2796 resurrectioni
1259 2739 1454 2795 futurae
1475 2745 1581 2792 tota
1605 2745 1660 2792 et
1687 2737 1893 2806 integra
1915 2734 2158 2790 redditu-

572 2848 712 2889 rum.
763 2833 1044 2901 Quomodo
1089 2843 1267 2890 autem
1305 2832 1630 2889 contrarium
1661 2839 1745 2887 est
1789 2837 1843 2886 et
1886 2829 2156 2886 Christum

567 2936 689 2998 post
711 2929 1160 2983 resurrectionem
1183 2928 1438 2993 cibatum,
1457 2935 1512 2982 et
1539 2927 1593 2981 in
1621 2925 2018 2982 resurrectione
2037 2940 2157 2996 quas

567 3020 900 3089 promittitur
928 3019 1171 3073 ciborum
1208 3017 1554 3088 indigentiam
1587 3033 1694 3073 non
1738 3018 1991 3082 futuram,
2034 3033 2156 3073 cum

567 3119 623 3165 et
652 3109 872 3179 angelos
919 3110 1158 3180 legamus
1189 3109 1456 3178 ejusmodi
1486 3123 1638 3164 escas
1669 3109 1966 3178 eodemque
1997 3109 2158 3164 modo

569 3202 886 3269 sumpsisse,
913 3217 1019 3255 non
1053 3203 1177 3256 ficto
1198 3202 1702 3272 phantasmate,sed
1722 3203 2158 3260 manifestissima

1646 390 1706 446 ῐ).
1747 384 2066 450 EUGYPPII
2104 379 2391 441 ABBATIS
2429 375 2746 437 AFRICANI

560 519 922 578 differentiam
944 515 1085 587 quod
1112 511 1312 568 Christi
1339 524 1533 581 corpus
1558 523 1665 565 non
1686 508 2004 564 dissolutum
2027 506 2149 562 tabe
2181 504 2226 566 A

3716 374 3823 432 1043

2755 495 2980 553 CAPUT
3021 495 3338 552 CCCXXVI.

2256 590 2382 645 Cum
2423 594 2632 660 spiritus
2658 592 2952 645 immundus
2980 592 3158 645 exierit
3185 593 3247 644 ab
3278 590 3510 657 homine,
3543 596 3650 644 etc.
3679 588 3756 644 Ea:
3780 595 3823 645 li-

2468 665 2554 717 bro
2582 665 2746 735 primo
2782 664 3132 730 Quaestionum
3161 661 3449 733 Evangelii.

2324 758 2457 812 Cum
2487 757 2703 827 spiritus
2736 755 3044 811 immundus
3077 755 3269 811 exierit
3298 754 3367 811 ab
3396 754 3652 819 homine,
3678 762 3822 808 etce-

2255 861 2392 921 tera,
2411 848 2948 922 significatquosdam
2979 849 3050 904 ita
3075 849 3396 914 credituros,
3419 855 3484 902 ut
3508 860 3626 900 non
3657 847 3823 914 possint

2255 942 2393 999 ferre
2416 944 2628 999 labores
2643 942 3013 1007 continentiae,
3027 950 3081 997 et
3096 941 3162 996 ad
3180 940 3439 996 saeculum
3465 938 3700 994 redituri
3723 941 3820 993 sint.

2254 1039 2406 1107 Quod
2427 1039 2626 1094 dictum
2654 1046 2736 1094 est
2764 1054 2780 1094 :
2808 1035 3046 1091 Assumit
3066 1051 3245 1092 secum
3269 1035 3406 1091 alios
3421 1042 3668 1104 septem,
3695 1032 3821 1089 intel-

2254 1130 2439 1202 ligitur
2466 1131 2593 1200 quia
2622 1144 2743 1186 cum
2777 1129 2897 1198 quis
2924 1127 3181 1183 ceciderit
3223 1127 3293 1182 de
3335 1127 3568 1196 justitia,
3599 1125 3750 1180 etiam
3772 1127 3821 1180 si-

2256 1223 2600 1279 mulationem
2633 1221 2875 1276 habebit.
2909 1219 3185 1290 Cupiditas
3213 1219 3359 1273 enim
3403 1219 3594 1273 carnis
3645 1218 3820 1287 expulsa

2256 1332 2351 1387 per
2380 1315 2748 1386 paenitentiam
2777 1329 2808 1368 a
2837 1313 3110 1367 consuetis
3141 1310 3424 1381 operibus,
3455 1324 3585 1364 cum
3642 1324 3732 1362 non
3761 1312 3819 1362 in-

2254 1408 2464 1464 venerit
2493 1409 2546 1462 in
2575 1408 2768 1477 quibus
2815 1403 3261 1460 delectationibus
3291 1403 3630 1472 requiescat,
3658 1403 3818 1456 avidius

2254 1500 2430 1556 reddit
2453 1498 2654 1571 [redit],
2689 1507 2742 1554 et
2773 1511 2964 1554 rursus
2993 1496 3226 1552 hominis
3256 1505 3494 1551 mentem
3526 1505 3761 1567 occupat,
3786 1499 3816 1551 si

2255 1593 2529 1662 compulsa
2575 1601 2739 1658 esset,
2784 1590 3108 1663 negligentia
3151 1589 3220 1662 [si
3265 1604 3389 1643 cum
3420 1590 3653 1658 expulsa
3691 1601 3817 1654 esset,

2257 1687 2470 1754 justitite
2496 1683 2846 1758 negligentia]
2874 1684 3162 1740 subsecuta
3192 1691 3294 1742 est,
3321 1690 3382 1736 ut
3407 1696 3516 1736 non
3550 1681 3815 1736 introduce

2257 1790 2402 1834 retur
2433 1788 2683 1850 tanquam
2714 1777 2984 1832 habitator
3011 1775 3282 1830 mundata:
3311 1774 3497 1831 domui
3537 1790 3711 1830 sermo
3747 1775 3815 1829 Dei

2257 1887 2352 1942 per
2377 1885 2563 1927 sanam
2607 1871 2926 1926 doctrinam.
2954 1868 3021 1922 Et
3046 1868 3300 1938 quoniam
3349 1883 3454 1920 non
3487 1867 3659 1922 solum
3685 1866 3812 1920 habe-

2254 1962 2332 2018 bit
2356 1963 2444 2018 illa
2470 1972 2677 2033 septem
2701 1963 2829 2018 vitia
2855 1975 2976 2032 qua).
3008 1968 3215 2029 septem
3243 1959 3532 2014 virtutibus
3558 1959 3813 2028 spirituali-

2252 2056 2352 2111 bus
2381 2064 2506 2110 sunt
2526 2058 2819 2123 contraria,
2846 2055 2939 2110 sed
2963 2055 3124 2109 etiam
3149 2068 3248 2123 per
3275 2052 3597 2124 hypocrisim
3622 2066 3676 2106 se
3695 2050 3811 2120 ipsas

2253 2147 2477 2202 virtutes
2500 2147 2698 2203 habere
2720 2147 3012 2215 simulabit,
3039 2154 3329 2217 propterea
3353 2146 3630 2214 assumptis
3648 2159 3809 2198 secum

2255 2242 2373 2296 aliis
2413 2251 2620 2311 septem
2653 2241 3019 2312 nequioribus,
3050 2240 3155 2296 hoc
3187 2248 3275 2296 est
3305 2242 3408 2310 ipsa
3435 2239 3713 2307 septenart'a
3738 2237 3805 2289 si-

2257 2333 2571 2402 mulatione,
2590 2334 2730 2388 redit
2752 2333 2841 2388 illa
2862 2332 3321 2403 concupiscentia,
3340 2341 3388 2385 ut
3410 2330 3510 2384 sint
3530 2328 3796 2384 novissima

2259 2427 2490 2483 hominis
2520 2427 2662 2482 illius
2693 2427 2876 2497 pejora
2901 2441 3059 2497 quam
3087 2434 3244 2482 erant
3273 2425 3455 2496 prima.

2753 2559 2980 2618 CAPUT
3009 2559 3351 2616 CCCXXV“.

2261 2659 2337 2715 De
2360 2661 2644 2732 sumptibus
2669 2659 2735 2732 ad
2757 2668 2949 2732 turrem
2963 2658 3366 2732 aediﬁcandam;
3383 2671 3463 2732 ea:
3484 2655 3607 2709 libro
3626 2669 3658 2707 n
3683 2654 3804 2720 (Qui!b

2653 2731 2875 2785 stionum
2907 2729 3194 2799 Evangelii,
3226 2730 3306 2781 tit.
3330 2727 3426 2781 2|.
3787 2798 3790 2806 Ξ

2331 2846 2586 2916 Sumptus
2610 2845 2676 2900 ad
2707 2856 2909 2900 turrem
2934 2845 3328 2910 aedificandam,
3356 2844 3506 2898 vires
3530 2843 3595 2897 ad
3613 2841 3791 2910 discipu-

2262 2941 2425 2996 latum
2446 2939 2644 2995 Christi
2672 2939 3054 2993 obtinendum:
3087 2947 3142 2993 et
3161 2937 3350 2992 decem
3376 2936 3554 2990 millia
3577 2933 3794 3004 palinuri

2261 3048 2381 3087 cum
2405 3047 2531 3102 rege
2559 3032 2647 3100 qui
2671 3031 2831 3086 habet
2859 3031 3043 3100 viginti
3067 3029 3256 3093 millia,
3282 3028 3670 3098 simplicitatem
3684 3025 3792 3079 Chri-

2262 3124 2332 3179 sti
2376 3124 2684 3179 dimicaturi
2710 3139 2829 3178 cum
2860 3110 3174 3193 duplicitate
3203 3121 3436 3184 diaboli,
3472 3122 3576 3176 hoc
3602 3131 3679 3180 est,
3704 3133 3781 3172 cum

2265 3217 2406 3271 dolis
2429 3226 2484 3272 et
2505 3216 2726 3273 fallaciis
2752 3217 2867 3286 ejus
2897 3218 2950 3271 in
2980 3216 3173 3271 affectu
3196 3215 3489 3270 constituit
3511 3211 3769 3271 renuntiastis

569 3296 830 3361 veritate;
861 3311 960 3352 nec
982 3305 1160 3351 tamen
1190 3301 1533 3361 necessitate,
1556 3297 1651 3352 sed
1674 3305 1959 3364 potestate.
1990 3299 2160 3356 Aliter
2183 3312 2232 3378 ρ
2261 3308 2517 3363 omnibus
2553 3323 2670 3378 quae
2712 3317 2835 3362 sunt
2863 3307 3002 3378 ejus,
3051 3307 3122 3362 lia
3153 3308 3296 3362 enim
3329 3314 3466 3362 tunc
3495 3303 3771 3373 clamiten-

570 3389 714 3444 enim
737 3391 992 3447 absorbet
1019 3405 1212 3460 aquam
1245 3401 1382 3445 terra
1413 3390 1796 3456 sitiens,aliter
1824 3393 1958 3447 solis
1980 3393 2160 3448 radius

570 3481 806 3538 candens
841 3501 852 3537 :
884 3483 970 3537 illa
1009 3483 1323 3555 indigentia,
1367 3484 1470 3539 iste
1497 3485 1752 3554 potentia.
1790 3483 2004 3540 Futura:
2032 3501 2161 3556 ergo

570 3575 988 3631 resurrectionis
1016 3590 1210 3645 corpus
1265 3576 1592 3646 imperfecta:
1642 3577 1911 3633 felicitatis
1946 3579 2070 3648 erit,
2116 3581 2161 3634 si

570 3665 720 3720 cibos
751 3682 965 3723 sumere
999 3684 1104 3722 non
1135 3669 1395 3736 potuerit;
1436 3669 1765 3738 imperfecta:
1794 3669 2085 3736 felicitatis,
2117 3673 2162 3726 si

574 3759 712 3812 cibis
741 3761 984 3828 eguerit?
1016 3760 1165 3816 Sciat
1193 3775 1324 3815 sane
1353 3761 1442 3832 qui
1475 3761 1572 3816 has
1605 3763 1884 3832 proposuit
1908 3765 2163 3832 quastio-

572 3865 692 3917 nes,
721 3851 996 3907 Christum
1045 3862 1166 3920 post
1214 3855 1667 3910 resurrectionem
1715 3854 2014 3923 cicatrices,
2056 3870 2160 3910 non

573 3944 796 3999 vulnera
851 3943 1255 4000 demonstrasse
1312 3944 1722 4009 dubitantibus;
1768 3954 1988 4014 propter
2031 3961 2165 4014 quos

574 4037 738 4092 etiam
769 4037 947 4093 cibum
973 4053 1036 4093 ac
1067 4047 1249 4107 potum
1278 4053 1491 4094 sumere
1516 4038 1709 4102 voluit,
1733 4051 1837 4092 non
1861 4039 2048 4105 semel,
2072 4040 2165 4095 sed

574 4132 772 4201 saepius
808 4149 820 4186 :
852 4145 922 4186 ne
953 4131 1087 4187 illud
1118 4147 1223 4187 non
1254 4146 1471 4200 corpus,
1505 4132 1597 4186 sed
1629 4130 1875 4200 spiritum
1912 4146 2032 4187 esse
2081 4148 2168 4186 ar-

574 4224 927 4292 bitrarentur,
953 4233 1007 4280 et
1029 4223 1128 4280 sibi
1159 4241 1266 4280 non
1295 4225 1489 4291 solide,
1512 4224 1604 4279 sed
1631 4223 2047 4293 imaginabiliter
2076 4239 2170 4294 ap-

577 4325 815 4385 pareret.
849 4317 998 4373 Tunc
1024 4325 1205 4372 autem
1235 4318 1339 4372 illa:
1372 4317 1518 4372 falsa:
1547 4316 1827 4372 cicatrices
1854 4316 2100 4384 fuissent,
2121 4319 2167 4372 si

573 4409 722 4462 nulla
737 4409 954 4464 vulnera
973 4415 1407 4480 praecessissent;
1432 4418 1485 4464 et
1507 4418 1682 4464 tamen
1699 4424 1798 4465 nec
1816 4410 1947 4480 ipsa:
1964 4417 2162 4475 essent,

582 4503 627 4555 si
654 4516 746 4556 eas
775 4518 895 4558 esse
918 4504 1200 4561 noluisset.
1227 4504 1411 4559 Voluit
1432 4512 1610 4558 autem
1633 4512 1795 4559 certa:
1813 4504 2169 4574 dispensatio-

579 4593 662 4647 nis
690 4595 857 4662 gratia
888 4603 946 4648 ut
971 4596 1070 4664 eis,
1103 4610 1238 4666 quos
1283 4595 1585 4650 aedificabat
1631 4595 1683 4651 in
1735 4596 1839 4651 ﬁde
1883 4612 1988 4651 non
2020 4597 2162 4665 ficta,

2267 3397 2456 3472 cludit]
2485 3415 2499 3451 :
2529 3399 2616 3456 Sic
2645 3414 2772 3467 ergo
2796 3399 2972 3454 omnis
3000 3414 3067 3454 ex
3104 3398 3257 3452 vobis
3293 3399 3390 3468 qui
3445 3414 3556 3456 non
3599 3394 3788 3452 renuntiat

2275 3493 2537 3547 omnibus
2563 3508 2681 3562 quae
2712 3501 2839 3546 sunt
2867 3492 3006 3562 ejus,
3037 3507 3142 3548 non
3169 3501 3348 3562 potest
3381 3507 3539 3548 meus
3563 3507 3668 3547 esse
3690 3487 3800 3542 disci-

2267 3587 2448 3657 pulus.
2481 3586 2624 3640 Inter
2650 3601 2769 3655 quae
2805 3587 3012 3652 omnia,
3041 3586 3202 3641 etiam
3247 3586 3363 3657 ipsa
3416 3585 3707 3656 temporalis
3732 3581 3809 3634 vita

2270 3679 2597 3748 intelligatur
2621 3692 2844 3734 necesse
2883 3689 2984 3745 est,
3019 3693 3176 3748 quam
3209 3687 3425 3748 oportet
3463 3680 3537 3732 sic
3572 3675 3817 3747 possidete

2270 3772 2336 3826 ad
2370 3783 2598 3843 tempus,
2632 3781 2690 3827 ut
2713 3787 2817 3827 non
2865 3781 2918 3828 te
2952 3772 3206 3842 impediat
3251 3773 3320 3828 ab
3344 3784 3550 3834 :eterna,
3589 3772 3680 3839 qui
3720 3784 3826 3823 eam

2272 3866 2432 3920 fuerit
2457 3866 2688 3921 minatus
2707 3865 2941 3921 auferre.
2966 3867 3112 3922 Sicut
3139 3877 3316 3923 autem
3342 3868 3401 3921 de
3428 3875 3565 3920 turre
3587 3880 3690 3918 non
3722 3880 3830 3933 per-

2276 3957 2409 4012 fecta
2441 3973 2536 4027 per
2566 3958 2912 4028 opprobrium
2945 3957 3210 4012 deterruit
3248 3959 3522 4013 dicentium
3543 4000 3557 4020 ,
3585 3958 3723 4024 Quia
3753 3957 3829 4009 hic

2274 4049 2433 4104 homo
2459 4051 2622 4119 cmpit
2665 4051 2952 4114 aediﬁcare,
2984 4060 3040 4105 et
3095 4065 3200 4105 non
3234 4053 3406 4121 potuit
3439 4065 3830 4111 consummare;

2273 4143 2351 4196 sic
2397 4143 2449 4196 in
2495 4157 2621 4212 rege
2659 4158 2779 4197 cum
2821 4157 2928 4213 quo
2953 4141 3317 4198 dimicandum
3347 4154 3452 4208 est,
3480 4144 3648 4212 ipsam
3673 4155 3829 4210 pacem

2274 4234 2545 4289 accusavit
2570 4250 2692 4290 cum
2723 4235 2797 4290 ait
2829 4253 2841 4289 :
2872 4236 3062 4290 Adhuc
3092 4236 3184 4291 illo
3213 4237 3371 4306 longe
3403 4245 3617 4306 agente,
3649 4233 3830 4305 legatio-

2274 4341 2397 4382 nem
2441 4328 2659 4383 mittens
2688 4336 2842 4396 rogat
2878 4342 2941 4382 ea
2985 4343 3104 4399 quae
3154 4330 3301 4398 pacis
3350 4339 3516 4394 sunt;
3565 4327 3826 4399 signiﬁcans

2275 4419 2433 4473 etiam
2463 4421 2635 4474 minas
2660 4420 3056 4476 imminentium
3079 4436 3108 4475 a
3127 4421 3342 4477 diabolo
3361 4425 3826 4486 tetttationum,nott

2275 4510 2543 4566 sustinere
2592 4511 2877 4579 homines,
2934 4516 3023 4582 qui
3077 4524 3183 4568 non
3233 4516 3564 4570 renuntiant
3631 4514 3816 4569 omnibus

2275 4617 2393 4673 quae
2412 4602 2712 4672 possident;
2745 4614 2800 4658 et
2820 4619 3006 4674 pacem
3029 4619 3150 4660 cum
3174 4620 3240 4660 eo
3260 4605 3466 4671 facere,
3487 4601 3822 4662 consentiendi)

579 4697 684 4736 non
718 4682 858 4737 aliud
884 4699 978 4752 pro
1004 4685 1132 4751 alio,
1158 4687 1252 4742 sed
1285 4685 1387 4741 hoc
1414 4686 1553 4754 quod
1576 4687 1893 4742 crucifixum
1921 4687 2167 4743 viderant
2196 4703 2252 4763 ι)
2276 4694 2353 4750 illi
2370 4695 2436 4750 ad
2456 4696 2834 4752 committenda
2856 4705 3095 4767 peccata.
3113 4696 3336 4751 Turrem
3354 4700 3570 4768 quippe
3591 4699 3832 4755 iet-lineae,

579 4776 941 4831 resurrexisse
972 4777 1384 4834 demonstraret.
1415 4780 1550 4849 Quid
1583 4789 1666 4836 est
1702 4796 1831 4852 ergo
1856 4781 1998 4851 quod
2032 4781 2164 4837 dici-

581 4881 683 4936 tur,
714 4871 769 4926 Si
804 4878 1022 4941 propter
1069 4873 1399 4928 incredulum
1440 4875 1585 4944 fecit,
1615 4874 1814 4930 finxit?
1845 4875 2009 4942 Quasi
2039 4890 2166 4931 vero

578 4967 805 5036 quisque
831 4965 897 5039 [si
921 4965 1040 5036 quis
1063 4963 1163 5036 vir]
1189 4966 1360 5034 fortis,
1381 4983 1475 5037 pro
1499 4969 1668 5038 patria
1689 4968 1971 5036 dimicans,
2001 4969 2167 5025 multa

577 5056 802 5112 adversa
835 5057 1052 5113 vulnera
1080 5057 1371 5128 exciperet,
1394 5068 1447 5114 et
1473 5061 1799 5130 peritissimo
1821 5062 2049 5128 medico,
2077 5062 2166 5132 qui

579 5160 694 5216 hzec
715 5177 902 5217 curare
930 5163 1003 5217 ita
1017 5161 1244 5229 valeret,
1263 5171 1319 5216 ut
1342 5162 1620 5219 cicatrices
1640 5164 1802 5219 nulla:
1823 5175 2163 5238 apparerent,
2223 5199 2230 5204 -

579 5261 694 5332 ipse
714 5265 889 5332 potius
910 5264 1138 5332 diceret,
1158 5265 1237 5320 sic
1260 5279 1318 5319 se
1332 5264 1469 5320 velle
1491 5265 1693 5331 sanari,
1722 5274 1778 5320 ut
1799 5268 1967 5338 magis
1988 5276 2169 5323 essent

578 5357 632 5410 in
664 5371 891 5427 corpore
912 5373 1009 5413 suo
1036 5359 1259 5430 vestigia
1288 5359 1592 5426 vulnerum,
1610 5369 1862 5430 tanquam
1895 5362 2031 5415 tituli
2057 5361 2171 5431 glo-

579 5451 803 5515 riarum,
827 5448 948 5505 ideo
973 5450 1060 5505 ille
1081 5451 1320 5506 medicus
1339 5450 1620 5507 cicatrices
1634 5450 1856 5506 finxisse
1877 5451 2167 5524 diceretur,

578 5545 802 5611 quicum
821 5557 918 5612 per
939 5553 1107 5598 artem
1125 5543 1341 5600 efficere
1363 5543 1591 5614 potuerit
1611 5552 1786 5599 utnon
1803 5553 2005 5612 essent,
2022 5554 2170 5599 certa

581 5635 850 5690 existente
876 5649 1037 5690 causa
1056 5651 1152 5705 per
1176 5647 1344 5692 artem
1367 5637 1533 5693 efficit
1549 5639 1726 5708 potius
1748 5647 1805 5692 ut
1833 5646 2034 5703 essent,
2047 5651 2166 5707 quae

582 5744 690 5784 uno
719 5731 834 5786 solo
864 5730 1045 5798 modo,
1077 5731 1218 5786 sicut
1246 5733 1492 5803 superius
1525 5734 1656 5801 dixi,
1687 5734 1834 5791 falsae
1874 5735 2164 5790 convince-

584 5831 793 5887 rentur,
817 5823 860 5876 si
889 5822 1033 5877 nulla
1059 5821 1279 5879 vulnera
1306 5833 1643 5883 sanarentur.

2273 4798 2457 4844 contra
2486 4804 2663 4860 regem
2688 4790 2842 4845 illum
2868 4790 3145 4854 dimicare,
3169 4804 3290 4844 esse
3313 4791 3656 4860 discipulum
3680 4786 3841 4845 Christi

2271 4892 2382 4951 est;
2418 4883 2621 4939 habere
2645 4894 2822 4939 autem
2853 4893 3098 4953 sumptus
3127 4883 3193 4938 ad
3222 4884 3622 4954 perficiendam
3653 4897 3839 4944 turrem,

2272 4984 2327 5031 et
2356 4975 2558 5031 habere
2590 4974 2747 5030 fortia
2793 4975 2982 5031 decem
3021 4975 3184 5029 millia
3215 4985 3403 5029 cotra
3458 4978 3662 5048 viginti
3714 4974 3844 5030 inillit

2274 5068 2435 5138 regis,
2466 5066 2771 5123 renuntiare
2794 5075 2879 5122 est
2908 5065 3156 5121 omnibus
3181 5080 3300 5135 qua:
3326 5077 3458 5122 sunt
3488 5068 3644 5138 ejus.

2756 5203 2986 5261 CAPUT
3011 5201 3374 5259 CCCXXVIII.

2279 5322 2392 5387 Qua
2413 5319 3565 5393 dispositioneri[dispensatione]_providentia?
3593 5324 3691 5378 Dei
3709 5322 3852 5388 Serio

2346 5405 2476 5448 tura:
2503 5393 2697 5446 Veteris
2727 5391 3034 5446 Testa'menti
3060 5409 3122 5445 ea:
3155 5391 3370 5447 Hebrum
3402 5395 3460 5446 in
3491 5394 3752 5449 Cra-cum
3779 5397 3860 5445 ela-

2343 5465 2518 5534 quium
2539 5463 2801 5518 translata
2822 5465 2944 5526 sint,
2971 5474 3024 5516 ut
3046 5465 3288 5534 uniuersis
3314 5466 3566 5534 gentibus
3598 5470 3860 5521 intrature

2347 5533 2488 5601 rent;
2519 5553 2582 5589 ex
2604 5537 2732 5590 libro
2754 5551 2883 5590 xvut
2917 5537 2980 5589 de
3005 5534 3217 5590 Civitate
3255 5533 3375 5588 Dei.

2346 5671 2539 5727 Sacras
2590 5671 2796 5726 litteras
2825 5672 2987 5725 etiam
3041 5686 3180 5726 unus
3226 5669 3675 5729 Ptolomreorum
3709 5687 3868 5745 regum

2275 5764 2493 5835 Egypti
2519 5777 2679 5818 nosse
2710 5762 2914 5817 studuit
2939 5772 2993 5818 et
3021 5762 3240 5829 habere;
3273 5777 3395 5818 nam
3427 5775 3571 5833 post
3597 5766 3874 5822 Alexandri

2275 5854 2600 5920 Macedonis,
2633 5854 2725 5924 qui
2752 5854 2914 5909 etiam
2940 5854 3161 5924 Magnus
3192 5855 3631 5924 cognominatus
3667 5869 3773 5923 est,
3799 5855 3880 5910 :ni-

2277 5946 2720 6003 rificentissimam
2745 5947 3072 6017 minimeque
3091 5945 3397 6002 diuturnam
3419 5951 3779 6018 potentiam,
3796 5961 3881 6015 qua
