4010 6382
237 421 261 472 1
273 418 376 472 M9

1392 421 1825 483 THESAURUS.
1863 421 2018 480 CAP.
2058 421 2380 482 CCCXXIX.

3365 435 3387 489 1
3398 435 3501 492 050

235 540 540 596 universam
561 539 766 609 Asiam,
787 541 896 598 imo
912 555 1048 612 pene
1067 549 1233 597 totum
1252 543 1458 612 orbem,
1486 545 1596 615 9o
1616 543 1806 613 partim
1838 546 1889 603 Α
1915 544 2038 614 quia
2075 547 2174 600 etsi
2206 561 2310 601 non
2354 547 2405 602 in
2448 545 2526 601 eis
2568 559 2705 601 unus
2745 548 3080 618 apparuisset
3106 547 3354 620 Spiritus,
3387 555 3501 608 sine

233 634 287 686 vi
334 641 388 687 et
427 633 608 698 armis,
643 634 833 702 partim
865 644 1068 690 terrore
1099 636 1401 706 subegerat,
1435 635 1650 706 quando
1678 635 1820 690 inter

233 733 429 781 caetera
451 725 684 781 Orientis
709 727 868 782 etiam
898 727 1136 782 Judaeam
1164 729 1438 800 ingressus
1467 728 1725 793 obtinuit;
1754 743 1820 783 eo

232 829 450 875 mortuo
474 820 699 876 comites
720 821 858 891 ejus,
878 838 1000 878 cum
1028 838 1251 894 regnum
1281 823 1408 878 illud
1431 823 1821 893 amplissimum

234 928 344 967 non
367 912 584 982 paciﬁce
607 912 744 968 inter
767 929 827 970 se
847 915 1145 985 possessuri
1168 913 1504 984 divisissent,
1531 915 1625 969 sed
1649 915 1825 984 potius

234 1002 613 1072 dissipassent,
638 1003 794 1059 bellis
815 1005 993 1060 omnia
1023 1004 1301 1072 vastaturi,
1324 1007 1645 1061 Ptolomams
1668 1020 1825 1077 reges

235 1096 400 1166 erepit
430 1097 632 1152 habere
662 1099 954 1171 Egyptus;
987 1117 1214 1172 quorum
1246 1103 1468 1172 primus,
1504 1103 1632 1172 Lagi
1661 1103 1823 1171 ﬁlius,

235 1192 434 1247 multos
464 1207 531 1248 ex
573 1195 757 1251 Iudaea
803 1198 1042 1267 captivos
1089 1199 1141 1254 in
1195 1198 1483 1271 Egyptum
1536 1200 1824 1256 transtulit.

236 1282 374 1340 Huic
402 1296 580 1342 autem
613 1289 908 1346 succedens
939 1291 1074 1348 alius
1108 1293 1454 1361 Ptolomaus,
1484 1294 1576 1366 qui
1604 1304 1687 1351 est
1734 1310 1828 1366 ap-

235 1376 465 1448 pellatus
517 1379 921 1451 Philadelphus,
968 1401 1158 1442 omnes
1202 1401 1342 1456 quos
1393 1387 1486 1442 ille
1529 1387 1828 1443 adduxerat

237 1469 514 1542 subigatos
544 1471 920 1548 [subjugatos],
955 1477 1151 1534 liberos
1179 1479 1356 1535 redire
1382 1480 1649 1550 permisit;
1681 1481 1829 1535 insu-

236 1576 337 1633 per
354 1571 409 1617 et
431 1562 570 1619 dona
598 1566 744 1636 regia
768 1566 822 1622 in
847 1570 1104 1640 templum
1133 1572 1229 1628 Dei
1253 1573 1417 1642 misit,
1443 1575 1740 1645 petivitque
1760 1575 1827 1630 ab

237 1659 495 1717 Eleazaro
537 1671 663 1718 tunc
707 1666 960 1734 pontiﬁce
1003 1667 1119 1724 dari
1163 1669 1268 1724 sibi
1313 1669 1649 1740 Scripturas,
1696 1685 1828 1741 quas

239 1752 484 1821 profecto
515 1755 778 1823 audierat,
814 1759 952 1815 fama
985 1761 1332 1833 praedicante,
1365 1763 1591 1831 divinas,
1622 1773 1674 1819 et
1705 1763 1828 1819 ideo

236 1846 620 1916 concupiverat
647 1847 846 1906 habere
884 1851 939 1906 in
988 1853 1314 1911 bibliotheca
1344 1871 1503 1926 quam
1551 1856 1827 1912 nobilissi-

1923 637 2252 695 dubitatione
2304 641 2534 707 divinus,
2589 643 2682 697 sed
2732 644 2872 699 inter
2916 659 2975 700 se
2999 645 3156 699 verba
3188 647 3506 716 interpreta-

1926 732 2086 786 tionis
2107 749 2220 788 suae
2243 733 2591 806 Septuaginta
2614 736 2753 791 docti
2778 753 2927 793 more
2956 738 3228 794 hominum
3248 743 3505 797 contulis-

1924 833 2063 890 sent,
2089 829 2146 879 ut
2171 827 2310 896 quod
2331 828 2614 897 placuisset
2633 830 2904 897 omnibus,
2923 832 3024 886 hoc
3037 841 3296 900 maneret,
3327 835 3504 891 nullus

1926 914 2004 970 eis
2053 931 2185 970 unus
2237 919 2498 989 interpres
2552 920 2734 976 debuit
2763 925 3048 992 anteponi;
3080 940 3202 980 cum
3234 941 3362 982 vero
3386 938 3506 984 tan-

1930 1019 2036 1064 tum
2061 1011 2111 1065 in
2140 1010 2220 1065 eis
2246 1013 2456 1082 signum
2478 1014 2772 1070 divinitatis
2802 1019 3070 1088 apparuit,
3094 1020 3334 1089 profecto
3359 1023 3504 1091 quis-

1928 1103 2043 1172 quis
2073 1104 2206 1158 alius
2235 1105 2440 1160 illarum
2474 1107 2870 1178 Scripturarum
2902 1127 2968 1165 ex
2998 1112 3217 1168 Hebraea
3243 1114 3294 1168 in
3318 1130 3508 1182 quam-

1933 1194 2060 1250 libet
2088 1195 2243 1251 aliam
2273 1197 2503 1269 linguam
2531 1201 2798 1271 interpres
2830 1215 2913 1258 est
2942 1219 3125 1269 verax,
3148 1215 3238 1260 aut
3266 1210 3510 1278 congruit

1933 1288 2038 1344 illis
2086 1293 2418 1363 septuaginta
2458 1294 2861 1365 interpretibus,
2886 1307 2976 1352 aut
3013 1299 3056 1352 si
3089 1315 3195 1354 non
3217 1315 3511 1371 congruere

1931 1383 2162 1453 videtur,
2213 1386 2438 1441 altitudo
2486 1387 2556 1442 ibi
2595 1389 2905 1458 prophetica
2947 1406 3066 1446 esse
3113 1393 3377 1448 credenda
3409 1406 3509 1450 est.

1930 1476 2161 1546 Spiritus
2180 1481 2321 1534 enim
2349 1482 2436 1551 qui
2464 1481 2515 1535 in
2540 1483 2819 1551 prophetis
2845 1493 2981 1552 erat,
3013 1487 3225 1554 quando
3256 1487 3339 1541 illa
3365 1489 3513 1542 dixe-

1930 1579 2072 1637 runt,
2118 1571 2258 1628 idem
2309 1574 2422 1641 ipse
2468 1583 2583 1629 erat
2637 1574 2840 1648 [etiam]
2870 1579 2921 1632 in
2975 1578 3308 1649 septuaginta
3362 1580 3508 1645 viris,

1929 1664 2144 1734 quando
2167 1666 2255 1720 illa
2283 1667 2612 1736 interpretati
2639 1679 2762 1723 sunt
2786 1688 2797 1721 :
2823 1670 2911 1740 qui
2935 1669 3176 1739 profecto
3200 1673 3515 1728 auctoritate

1931 1758 2106 1811 divina
2134 1767 2186 1814 et
2215 1758 2356 1814 aliud
2413 1761 2591 1816 dicere
2639 1762 2829 1830 potuit,
2865 1772 3112 1832 tanquam
3137 1766 3397 1836 propheta
3430 1766 3516 1821 ille

1931 1859 2214 1922 utrumque
2281 1853 2526 1920 dixisset,
2581 1855 2700 1924 quia
2756 1865 3043 1926 utrumque
3095 1857 3234 1912 idem
3287 1859 3517 1928 Spiritus

235 1953 380 1993 mam
409 1937 630 1996 fecerat.
662 1943 774 1998 Has
795 1945 844 1999 ei
868 1959 991 2000 cum
1017 1946 1158 2002 idem
1184 1948 1424 2019 pontifex
1453 1950 1686 2004 misisset
1716 1949 1822 2005 He-
1852 1939 1902 2001 Β
1933 1945 2162 2011 diceret;
2213 1954 2269 2001 et
2301 1945 2402 2000 hoc
2452 1947 2624 2016 ipsum
2673 1947 2847 2012 aliter,
2881 1957 2938 2002 ut
2974 1964 3080 2003 non
3109 1951 3297 2004 eadem
3330 1952 3513 2018 verba,

235 2028 435 2098 bracas,
464 2042 586 2103 post
624 2035 788 2091 etiam
820 2037 912 2093 ille
942 2040 1266 2110 interpretes
1298 2043 1606 2113 postulavit,
1639 2053 1691 2098 et
1719 2043 1826 2099 dati

235 2133 363 2178 sunt
381 2125 431 2180 ei
454 2129 793 2200 septuaginta
816 2131 923 2187 duo
945 2134 1012 2189 de
1032 2135 1258 2206 singulis
1277 2138 1560 2195 duodecim
1585 2141 1829 2198 tribubus

237 2221 355 2272 seni
386 2219 652 2291 homines,
686 2223 880 2296 linguae
911 2229 1189 2299 utriusque
1229 2230 1553 2299 doctissimi,
1586 2234 1830 2289 Hebraeae

237 2311 443 2369 scilicet
465 2324 625 2386 atque
653 2317 856 2376 Graecae
885 2339 897 2376 :
929 2337 1154 2392 quorum
1183 2324 1576 2396 interpretatio,
1605 2335 1664 2381 ut
1691 2327 1828 2394 Sep-

241 2408 476 2474 tuaginta
508 2422 748 2480 vocetur,
789 2415 897 2483 jam
931 2418 1165 2472 obtinuit
1195 2421 1548 2476 consuetudo.
1582 2421 1832 2477 Traditur

240 2510 390 2563 sane,
423 2507 527 2553 tam
572 2502 871 2559 mirabilem
919 2522 982 2562 ac
1023 2509 1368 2579 stupendum,
1403 2510 1665 2580 planeque
1695 2511 1830 2566 divi-

241 2603 365 2642 num
413 2588 467 2642 in
508 2605 697 2648 eorum
727 2596 911 2652 verbis
955 2598 1119 2654 fuisse
1150 2615 1500 2665 consensum,
1530 2610 1587 2656 ut
1613 2618 1733 2658 cum
1765 2605 1831 2659 ad

241 2675 344 2731 hoc
390 2694 525 2749 opus
576 2687 866 2753 separatim
911 2690 1108 2757 singuli
1141 2692 1399 2747 sederent
1428 2693 1708 2765 [sederint]
1739 2697 1830 2766 (ita

239 2772 383 2827 enim
427 2789 616 2830 eorum
665 2778 823 2835 ﬁdem
857 2782 1152 2840 Ptolomreo
1195 2787 1395 2857 placuit
1422 2788 1752 2857 explorare),
1780 2789 1831 2864 ip

240 2865 390 2919 nullo
412 2867 576 2923 verbo
597 2872 738 2939 quod
769 2873 910 2929 idem
933 2878 1262 2946 signiﬁcaret
1287 2889 1342 2935 et
1383 2883 1714 2937 tantumdem
1737 2899 1833 2937 va-

240 2957 392 3022 leret,
419 2963 504 3016 vel
533 2964 583 3018 in
612 2967 896 3022 verborum
923 2969 1139 3035 ordine,
1168 2972 1308 3026 alter
1336 2973 1404 3027 ab
1433 2974 1602 3028 altero
1632 2974 1834 3031 discre-

240 3061 422 3120 paret;
452 3055 546 3110 sed
592 3064 846 3127 tanquam
893 3074 1035 3113 unus
1067 3070 1210 3116 esset
1259 3061 1544 3132 interpres,
1575 3065 1645 3117 ita
1690 3067 1831 3134 quod

239 3159 428 3203 omnes
455 3149 792 3219 interpretati
822 3161 967 3216 sunt,
994 3168 1157 3205 unum
1189 3163 1324 3219 erat,
1353 3156 1608 3224 quoniam
1645 3171 1833 3211 revera

239 3235 467 3304 Spiritus
498 3247 616 3294 erat
647 3257 786 3295 unus
813 3241 865 3294 in
895 3241 1166 3297 omnibus.
1203 3241 1268 3297 Et
1299 3242 1420 3297 ideo
1452 3255 1557 3298 tam
1591 3247 1832 3300 mirabile

1933 2037 2071 2092 idem
2104 2049 2280 2094 tamen
2307 2054 2496 2095 sensus
2529 2041 2663 2094 bene
2689 2040 3104 2110 intelligentibus
3132 2040 3508 2102 dilucesceret.

1931 2141 1985 2185 et
2029 2131 2168 2186 aliud
2214 2132 2657 2201 prtetermitteret
2688 2129 3170 2202 [praetermittere],
3219 2142 3273 2188 et
3317 2134 3517 2204 aliquid

1933 2225 2151 2290 adderet
2178 2223 2450 2297 [addere],
2499 2236 2556 2281 ut
2609 2228 2767 2279 etiam
2823 2227 2947 2280 hinc
2995 2227 3369 2282 ostenderetur
3409 2244 3516 2284 non

1936 2317 2224 2372 humanam
2249 2318 2416 2374 fuisse
2443 2320 2496 2373 in
2529 2319 2620 2374 illo
2647 2319 3175 2393 opere‘servitutem,
3208 2338 3369 2391 quam
3401 2339 3522 2379 ver-

1933 2407 2015 2462 bis
2042 2408 2271 2464 debebat
2292 2410 2577 2479 interpres,
2599 2411 2691 2465 sed
2716 2411 2950 2466 divinam
2975 2414 3150 2481 potius
3179 2423 3521 2483 potestatem,

1935 2516 2053 2571 quae
2081 2512 2313 2557 mentem
2337 2485 2580 2572 replebat
2599 2510 2650 2557 et
2671 2503 2890 2573 regebat
2912 2504 3239 2573 interpretis.
3264 2505 3519 2562 Nonnulli

1935 2605 2112 2651 autem
2163 2597 2376 2652 codices
2428 2597 2645 2654 Graecos
2695 2597 3155 2667 interpretationis
3177 2599 3522 2670 Septuaginta

1935 2706 1998 2744 ex
2063 2690 2301 2746 Hebraeis
2349 2692 2624 2747 codicibus
2678 2693 3040 2749 emendandos
3095 2704 3348 2764 putarunt
3380 2714 3392 2748 :
3424 2711 3524 2751 nec

1937 2791 2115 2836 tamen
2159 2782 2274 2835 ausi
2301 2795 2425 2837 sunt
2447 2783 2757 2851 detrahere,
2791 2785 2932 2854 quod
2957 2784 3170 2839 Hebrmi
3193 2800 3297 2840 nou
3332 2785 3526 2843 habent

1937 2871 2360 2946 [habebant],et
2400 2874 2745 2946 Septuaginta
2794 2887 3122 2945 posuerunt;
3176 2877 3270 2931 sed
3295 2887 3509 2932 tantum-

1937 2965 2096 3020 modo
2126 2965 2447 3022 addiderunt
2468 2983 2588 3038 quas
2613 2970 2666 3022 in
2695 2969 2936 3025 Hebraeis
2957 2971 3196 3037 inventa,
3228 2973 3365 3041 apud
3391 2973 3524 3043 Sep-

1939 3058 2174 3127 tuaginta
2199 3074 2303 3113 non
2328 3069 2505 3128 erant,
2531 3075 2728 3131 easque
2753 3062 2920 3130 signis
2950 3061 3292 3131 quibusdam,
3326 3065 3377 3117 in
3402 3064 3528 3118 stel-

1940 3151 2109 3206 larum
2144 3153 2361 3207 modum
2413 3154 2588 3220 factis,
2621 3155 2686 3208 ad
2729 3156 2903 3221 capita
2939 3155 3251 3211 eorumdem
3283 3172 3530 3214 versuum

1938 3253 2265 3301 notaverunt
2293 3264 2306 3300 :
2337 3262 2456 3316 qua:
2492 3249 2641 3318 signa
2673 3251 3010 3322 ἀστερίσκους
3035 3259 3244 3306 vocant.
3277 3251 3366 3305 Illa
3407 3267 3532 3308 vero

241 3325 336 3380 Dei
362 3343 553 3383 munus
576 3339 915 3399 acceperant,
939 3343 994 3387 ut
1027 3333 1242 3386 illarum
1276 3332 1698 3404 Scripturarum,
1728 3353 1832 3393 non
1864 3333 1911 3395 C
1942 3353 2062 3407 quae
2111 3353 2215 3392 non
2248 3339 2445 3394 habent
2469 3340 2704 3403 Hebraei,
2735 3341 2934 3395 habent
2960 3350 3134 3395 autem
3161 3342 3531 3412 Septuaginta,

240 3426 491 3488 tanquam
517 3419 900 3488 humanarum,
931 3423 1047 3490 sed,
1084 3427 1221 3478 sicut
1250 3435 1398 3480 erant
1432 3426 1727 3499 [tanquam]
1756 3429 1837 3483 di-

242 3511 504 3578 vinarum,
533 3514 692 3567 etiam
719 3514 822 3568 isto
845 3514 1004 3568 modo
1027 3518 1501 3572 commendaretur
1523 3520 1834 3583 auctoritas,

242 3601 524 3658 eredituris
567 3606 888 3676 quandoque
915 3607 1164 3676 gentibus
1216 3609 1516 3676 profutura,
1552 3609 1692 3679 quod
1722 3609 1832 3680 jam

245 3695 486 3751 videmus
514 3696 783 3754 elfectnm.

744 3814 972 3872 CAPUT
1013 3815 1310 3873 CCCXXIX
1324 3857 1337 3873 .

246 3928 336 4002 De_
377 3932 678 4002 auctoritate
735 3929 1077 4001 Septuaginta
1131 3933 1484 4002 interpretum,
1529 3947 1661 4002 qtue,
1699 3933 1839 3988 salvo

315 3999 507 4073 Itouore
540 3996 1192 4073 Hebrwirstylifomnibus
1223 3996 1585 4073 interpretibus
1616 4004 1682 4056 sit
1710 4022 1841 4067 prte-

317 4069 562 4138 ferenda;
587 4086 651 4123 ex
673 4069 848 4124 eodem
873 4072 1018 4126 libro.

317 4180 449 4236 Nam
470 4196 588 4237 cum
614 4181 812 4238 fuerint
839 4186 994 4240 etalii
1031 4186 1374 4258 interpretes,
1404 4193 1492 4261 qul
1523 4208 1588 4249 ex
1621 4195 1842 4255 Hebraea

247 4276 421 4346 lingua
465 4278 518 4332 iu
567 4277 808 4334 Graecam
859 4295 1015 4335 sacra
1056 4281 1145 4336 illa
1193 4284 1403 4354 eloquia
1433 4290 1838 4363 transmlerunt,

246 4369 383 4424 sicut
400 4369 609 4439 Aquila,
628 4372 1006 4443 Symmachus,
1031 4375 1401 4443 Theodotion;
1425 4379 1563 4434 sicut
1577 4383 1739 4438 etiam
1754 4386 1842 4442 illa

246 4461 370 4533 [est]
410 4462 805 4532 interpretatio,
864 4465 1020 4535 cujus
1075 4477 1264 4523 auctor
1295 4485 1400 4524 non
1433 4484 1673 4543 apparet,
1699 4486 1752 4530 et
1776 4479 1845 4535 ob

246 4554 348 4608 hoc
401 4555 516 4610 sine
571 4558 789 4613 nomine
834 4558 1166 4628 interpretis,
1208 4561 1402 4628 Quinta
1449 4567 1615 4622 editio
1639 4585 1844 4626 nuncu-

245 4655 439 4716 patur;
498 4648 636 4704 hanc
692 4660 869 4706 tamen
924 4668 1043 4722 qua:
1073 4656 1417 4727 Septuaginta
1449 4667 1550 4728 est,
1587 4671 1838 4732 tauquam

1937 3432 2188 3487 similiter
2217 3433 2285 3486 ad
2309 3433 2482 3502 capita
2516 3447 2769 3488 versuum
2797 3435 3095 3502 jacentlbus
3128 3434 3369 3503 virgulis,
3393 3439 3531 3492 sicut

1936 3526 2244 3580 scribuntur
2292 3527 2483 3591 unciae,
2518 3529 2895 3598 signaverunt;
2929 3534 2984 3580 et
3009 3528 3161 3582 multi
3185 3529 3400 3584 codices
3431 3529 3530 3586 has

1939 3628 2095 3672 notas
2141 3616 2398 3673 habentes
2445 3633 2825 3690 usquequaque
2871 3618 3050 3674 diffusi
3103 3629 3306 3676 suntet
3335 3621 3532 3680 Latini.

1939 3708 2067 3776 Quae
2114 3717 2293 3763 autem
2351 3724 2454 3763 non
2504 3711 2868 3777 praetermissa
2909 3711 2992 3766 vel
3019 3710 3221 3781 addita,
3254 3713 3346 3767 sed
3378 3712 3533 3767 aliter

1941 3800 2085 3855 dicta
2141 3809 2286 3868 sunt,
2340 3802 2453 3856 sive
2480 3801 2640 3856 alium
2675 3817 2891 3857 sensum
2924 3801 3142 3868 faciant,
3168 3803 3327 3857 etiam
3359 3803 3532 3872 ipsum

1942 3909 2048 3949 non
2093 3895 2492 3961 abhorrentem,
2544 3894 2657 3950 sive
2705 3895 2812 3949 alio
2843 3894 3004 3950 modo
3032 3895 3279 3950 eumdem
3313 3910 3532 3952 sensum

1943 3991 2212 4060 explicare
2263 3998 2649 4054 monstrentur,
2707 3989 2805 4043 nisi
2867 3989 3107 4057 utrisque
3152 3989 3425 4044 codicibus
3455 3992 3533 4046 in-

1944 4081 2141 4149 spectis
2189 4089 2463 4154 nequeunt
2515 4081 2760 4150 reperiri.
2795 4080 2851 4136 Si
2889 4095 3035 4149 ergo,
3061 4089 3116 4135 ut
3145 4090 3379 4150 oportet,
3405 4083 3532 4138 nihil

1946 4172 2091 4226 aliud
2141 4173 2447 4226 intueamur
2497 4173 2549 4226 in
2599 4173 2888 4243 Scripturis
2931 4171 3057 4238 illis,
3107 4172 3208 4227 nisi
3253 4173 3392 4240 quod
3438 4190 3530 4244 per

1947 4263 2192 4318 homines
2221 4262 2418 4317 dixerit
2458 4263 2553 4318 Dei
2608 4263 2863 4332 Spiritus,
2918 4261 3175 4332 quidquid
3218 4273 3302 4318 est
3333 4264 3384 4317 in
3432 4264 3528 4320 He-

1950 4358 2106 4412 braeis
2129 4357 2422 4423 codicibus,
2454 4367 2507 4413 et
2535 4372 2640 4412 non
2670 4366 2755 4412 est
2778 4356 2918 4427 apud
2951 4359 3273 4426 interpretes
3301 4357 3531 4428 Septua-

1947 4451 2114 4521 ginta,
2147 4452 2318 4506 noluit
2352 4465 2413 4505 ea
2446 4448 2594 4523 [hoc]
2621 4465 2716 4519 per
2737 4450 2890 4517 istos,
2917 4449 3010 4503 sed
3043 4463 3137 4519 per
3158 4449 3278 4505 illos
3306 4452 3532 4522 prophe-

1949 4555 2030 4601 tas
2054 4547 2146 4603 Dei
2173 4547 2406 4616 Spiritus
2426 4545 2642 4611 dicere;
2673 4543 2927 4614 quidquid
2952 4558 3078 4598 vero
3106 4554 3189 4599 est
3225 4545 3364 4616 apud
3397 4545 3532 4615 Sep-

1953 4641 2206 4710 tuaginta,
2263 4639 2314 4692 in
2361 4638 2600 4693 Hebraeis
2643 4644 2823 4691 autem
2873 4634 3150 4692 codicibus
3175 4652 3280 4690 non
3305 4645 3404 4704 est,
3437 4653 3534 4708 per

244 4741 357 4794 sola
378 4752 541 4808 esset,
569 4743 648 4798 sic
671 4747 872 4816 recepit
901 4747 1161 4815 Ecclesia,
1203 4766 1374 4820 eaque
1411 4761 1633 4809 utuntur
1660 4729 1832 4814 Graeci
1868 4732 1916 4792 θ
1944 4734 2078 4788 ίδίοε
2121 4748 2182 4788 ea
2209 4731 2418 4794 malum
2462 4745 2619 4802 αυεηι
2643 4745 2739 4800 Per
2764 4729 2886 4785 "'05
2911 4730 3052 4784 idem
3075 4729 3306 4800 Spirims
3333 4731 3531 4798 dicere!

245 4836 425 4903 p0pu|i
472 4837 776 4903 christiani,
827 4854 1053 4908 quorum
1111 4841 1348 4910 plerique
1398 4853 1575 4899 utrum
1616 4848 1718 4902 alia
1772 4850 1845 4906 sit

243 4928 420 4996 aliqua
464 4928 736 4997 ignorant.
772 4930 847 4984 Ex
875 4931 974 4987 hac
1003 4931 1348 5003 Septuaginta
1377 4937 1837 5007 interpretatione,

243 5024 404 5076 etiam
438 5022 488 5076 in
530 5021 773 5078 Latinam
824 5025 1056 5096 linguam
1089 5027 1494 5098 interpretatum
1530 5031 1654 5105 [cst]
1697 5038 1836 5106 quod

243 5114 499 5169 Ecclesiae
552 5115 755 5170 Latinae
787 5125 988 5173 tenent.
1022 5117 1275 5186 Quamvis
1301 5137 1404 5176 non
1431 5122 1665 5181 defuerit
1697 5137 1834 5182 tem-

243 5207 467 5276 poribus
507 5208 705 5261 nostris
731 5219 915 5264 noster
945 5212 1226 5282 presbyter
1271 5211 1647 5286 Hieronymus,
1680 5220 1840 5276 homo

241 5301 610 5366 doctissimus,
669 5310 722 5356 et
762 5301 1000 5357 omnium
1051 5306 1213 5359 trium
1268 5306 1566 5378 linguarum
1616 5313 1838 5379 peritus,

242 5394 334 5462 qui
387 5407 490 5446 non
539 5407 603 5446 ex
638 5393 846 5460 Graeco,
899 5396 993 5451 sed
1017 5410 1080 5450 ex
1105 5396 1336 5453 Hebraeo
1364 5401 1414 5453 in
1450 5400 1690 5456 Latinum
1723 5405 1838 5457 elo-

241 5483 429 5555 quium
472 5483 685 5537 easdem
717 5483 1022 5553 Scripturas
1065 5490 1412 5544 converterit.
1448 5488 1553 5545 Sed
1585 5491 1701 5560 ejus
1730 5501 1836 5548 tam

244 5580 536 5633 litteratum
568 5578 805 5632 laborem
835 5583 1071 5648 quamvis
1099 5583 1266 5638 Judrci
1295 5585 1564 5642 fateantur
1594 5603 1714 5645 esse
1742 5605 1834 5647 ve-

243 5686 446 5737 racem,
474 5672 819 5743 Septuaginta
839 5689 968 5729 vero
990 5676 1309 5746 interpretes
1343 5681 1394 5735 in
1418 5682 1599 5737 multis
1625 5699 1835 5743 errasse

242 5764 598 5832 contendant,
659 5775 835 5822 tamen
889 5766 1126 5824 Ecclesia
1177 5771 1370 5826 Christi
1410 5783 1503 5830 ~tot
1557 5776 1831 5834 hominum

245 5856 578 5924 auctoritati,
605 5858 672 5912 ab
702 5858 960 5915 Eleazaro
990 5869 1114 5916 tunc
1138 5863 1388 5931 pontiﬁce
1415 5866 1477 5919 ad
1499 5867 1598 5921 hoc
1630 5878 1831 5927 tantum

247 5962 388 6018 opus
449 5949 773 6022 electorum,
834 5951 1100 6010 neminem
1156 5949 1358 6022 judicat
1416 5957 1826 6030 prml‘erendum,

1945 4832 2024 4886 sic
2076 4834 2366 4885 ostendens
2406 4837 2664 4898 utrosque
2719 4825 2884 4881 fuisse
2913 4827 3221 4895 prophetas.
3254 4826 3360 4880 Isto
3391 4826 3532 4880 enim

1947 4925 2105 4978 modo
2159 4922 2262 4977 alia
2297 4938 2390 4992 per
2439 4921 2674 4985 Esaiam,
2707 4919 2810 4973 alia
2843 4934 2937 4989 per
2963 4918 3274 4984 Jeremiam,
3305 4918 3407 4971 alia
3442 4933 3533 4984 per

1941 5019 2108 5072 alium
2157 5017 2426 5087 aliumque
2475 5015 2814 5086 prophetam,
2872 5014 2954 5068 vel
3003 5013 3155 5067 aliter
3197 5011 3383 5065 eadem
3438 5025 3532 5080 per

1941 5108 2082 5164 hunc
2130 5123 2191 5163 ac
2239 5121 2334 5176 per
2381 5106 2528 5160 illum
2569 5104 2723 5171 dixit,
2759 5113 2817 5158 ut
2854 5103 3040 5157 voluit.
3068 5100 3332 5171 Quidquid
3367 5116 3528 5170 porro

1944 5203 2084 5275 apud
2109 5210 2368 5270 utrosque
2397 5201 2684 5266 invenitur,
2728 5214 2820 5268 per
2870 5207 3125 5264 utrosque
3154 5196 3334 5250 dicere
3363 5196 3531 5250 voluit

1945 5314 2081 5353 unus
2120 5307 2278 5367 atque
2306 5297 2445 5352 idem
2467 5295 2729 5366 Spiritus;
2762 5294 2856 5349 sed
2886 5293 2954 5347 ita
2985 5300 3040 5345 ut
3071 5291 3142 5346 illi
3166 5291 3531 5361 praecederent

1943 5393 2332 5465 prophetando,
2389 5392 2476 5447 isti
2523 5397 2875 5462 sequerentur
2922 5385 3233 5456 prophetice
3261 5385 3529 5453 interpre-

1945 5489 2105 5544 tando
2131 5511 2142 5542 ;
2171 5490 2292 5558 quia
2323 5488 2459 5542 sicut
2487 5487 2539 5540 in
2582 5486 2687 5540 illis
2735 5498 2858 5537 vera
2891 5493 2942 5537 et
2965 5481 3244 5536 concordia
3277 5477 3525 5551 [concor-

1941 5579 2143 5650 dantia]
2176 5580 2472 5634 dicentibus
2506 5591 2643 5631 unus
2692 5575 2837 5644 pacis
2876 5574 3106 5645 Spiritus
3135 5573 3251 5640 fuit,
3279 5574 3356 5626 sic
3386 5580 3440 5625 et
3471 5573 3525 5626 in

1940 5673 2056 5728 istis
2105 5689 2208 5728 non
2257 5688 2439 5728 secum
2491 5667 2908 5734 conferentibus,
2952 5676 3006 5723 et
3048 5676 3224 5722 tamen
3275 5675 3524 5735 tanquam

1940 5779 2034 5820 ore
2062 5779 2168 5819 uno
2195 5771 2384 5818 cuncta
2415 5759 2910 5832 interpretantibus,
2945 5759 3083 5816 idem
3125 5758 3356 5830 Spiritus
3386 5770 3523 5811 unus

1938 5856 2200 5926 apparuit.
3341 5863 3346 5870 ’
