4010 6382
544 414 645 473 1θό
656 410 677 471 1⁷

1045 523 1269 580 CAPUT
1304 518 1606 576 CCCXXX.

549 646 689 713 Quid
745 642 1130 709 intelligendum
1184 640 1248 713 sit
1298 638 1359 690 de
1410 635 1756 713 Ninivitarum
1798 633 2020 713 excid-io,-
2078 630 2139 682 de

613 719 764 784 cuius
803 701 1177 769 denuntiatioui
1221 712 1391 782 [cujus
1435 708 1750 784 denuntiatio
1792 702 1878 784 ini
1922 701 2140 784 Hebi'teo

621 773 960 857 quadraginta
990 785 1204 857 dierum
1224 773 1416 852 ‘sp'atio
1442 779 1685 857 tenditur,
1719 778 1768 829 in
1803 773 2141 857 Septuaginta

615 844 782 913 dotem
820 844 995 909 "tridui
1045 844 1290 908 brevitate
1310 850 1654 913 concluditur,
1699 863 1763 900 ea:
1784 846 1959 899 eodem
1988 844 2136 896 libro.

615 995 719 1051 Sed
775 993 848 1047 ait
876 991 1074 1061 aliquis
1106 1007 1119 1043 :
1148 987 1434 1057 Quomodo
1474 986 1638 1039 sciam
1669 982 1796 1051 quid
1829 980 1995 1035 Jonas
2022 992 2140 1046 pro-

548 1086 707 1156 pheta
748 1082 951 1139 dixerit
982 1081 1249 1147 Ninivitis,
1296 1086 1496 1143 utrum,
1538 1076 1814 1139 Triduum,
1863 1082 1910 1126 et
1957 1070 2142 1125 Ninioe

548 1186 816 1241 evertetur,
847 1191 937 1240 an,
966 1173 1324 1244 Quadraginta
1347 1169 1492 1224 dies?
1514 1168 1644 1234 Quis
1665 1167 1807 1220 enim
1834 1179 1939 1217 non
1965 1161 2144 1216 videat

548 1290 654 1330 non
680 1273 920 1343 potuisse
951 1281 1237 1338 utrumque
1264 1276 1388 1321 tunc
1411 1264 1517 1318 dici
1542 1277 1572 1315 a
1598 1259 1877 1329 propheta,
1899 1258 1985 1325 qui
2008 1255 2140 1310 mis-

550 1381 643 1421 sus
688 1364 880 1428 fuerat,
910 1372 1069 1417 terrae
1094 1358 1573 1415 comminutionem
1606 1353 1829 1425 [terrere
1851 1348 2143 1403 commina-

550 1457 719 1529 tione]
775 1456 1103 1512 imminentis
1128 1452 1281 1510 exitii
1332 1449 1644 1505 civitatem?
1672 1447 1769 1502 Cui
1797 1448 1840 1502 si
1875 1444 2031 1501 tertio
2057 1441 2144 1499 die

553 1553 726 1606 fuerat
779 1549 987 1603 futurus
1032 1545 1303 1611 interitus,
1338 1558 1443 1598 non
1493 1540 1679 1610 utique
1734 1536 2144 1609 quadragesimo

554 1642 673 1709 die;
727 1641 772 1697 si
820 1649 999 1695 autem
1047 1636 1480 1709 quadragesimo,
1529 1648 1634 1688 non
1682 1632 1865 1701 utique
1887 1624 2145 1684 tertio.Si

558 1751 686 1807 ergo
707 1751 737 1789 a
769 1749 855 1789 me
897 1731 1155 1805 quaeritur
1195 1728 1323 1798 quid
1382 1727 1569 1781 horum
1598 1724 1759 1779 Jonas
1796 1721 2010 1785 dixerit,
2043 1718 2144 1773 hoc

561 1836 687 1897 puto
744 1826 919 1894 potius
975 1822 1116 1893 quod
1159 1821 1350 1891 legitur
1394 1820 1447 1873 in
1495 1816 1756 1873 llebrteo:
1784 1812 2143 1882 Quadraginta

1628 406 1689 460 Β.
1732 396 2055 459 EUGYPPII
2096 393 2387 453 ABBATIS
2427 390 2747 449 AFRICANI

2166 519 2219 573 Α
2318 525 2415 576 que
2441 508 2617 575 fecerit
2647 508 2815 569 homo,
2846 513 2990 559 extra
3020 517 3204 576 corpus
3259 510 3366 566 est;
3393 510 3690 576 qut_atttem
3725 504 3810 569 for-

3696 383 3811 442 1052

2316 570 2542 643 rticatur,
2574 578 2627 629 in
2681 591 2865 644 corpus
2920 570 3186 646 proprium
3223 580 3421 642 peccat.
3480 570 3567 626 Ex
3611 588 3810 627 sermone

2316 659 2523 721 prOpler
2551 648 2647 702 hoc
2669 647 2859 718 ipsum.

2315 806 2551 873 Quaestio
2606 807 2677 861 de
2731 803 2970 875 Epistola
3016 802 3423 859 Corinthiorum
3483 801 3629 855 beati
3684 800 3807 855 Pauli

2244 898 2471 967 apostoli
2504 898 2592 953 ubi
2615 897 2785 952 dicit:
2818 896 2991 951 Omne
3022 903 3299 965 peccatum
3323 892 3806 963 quodcunquefecr-

2244 988 2317 1043 rit
2345 990 2526 1055 homo,
2553 996 2702 1043 extra
2730 1000 2929 1057 corpus
2956 996 3071 1053 est;
3101 988 3191 1056 qui
3224 994 3405 1040 autem
3440 976 3820 1049 fornicatur,iu‘

2243 1093 2441 1150 corpus
2469 1081 2741 1150 proprium
2756 1090 2960 1149 peccat,
2992 1081 3176 1135 nescio
3203 1080 3247 1133 si
3270 1079 3447 1149 possit
3481 1077 3555 1131 ad
3585 1077 3805 1146 liquidum

2240 1171 2488 1240 dissolvi,
2540 1173 2789 1242 quamvis
2828 1170 3020 1240 possit,
3050 1171 3288 1225 donante
3339 1170 3608 1235 Domino,
3638 1169 3803 1235 aliquid

2246 1265 2370 1320 inde
2401 1266 2751 1335 probabiliter
2778 1265 2913 1329 dici;
2943 1264 3016 1319 ita
3054 1264 3196 1318 enim
3255 1262 3533 1332 profunda
3580 1270 3681 1315 est.
3704 1259 3803 1314 Nata

2236 1380 2367 1421 cum
2395 1366 2647 1435 superius
2680 1367 2731 1419 in
2759 1363 2948 1420 eadem
2982 1362 3219 1431 Epistula
3250 1359 3558 1429 Apostolus
3598 1358 3801 1413 diceret:

2244 1456 2420 1512 Nolite
2447 1469 2653 1522 errare,
2687 1469 2861 1525 neque
2914 1454 3286 1517 fornicatores,
3323 1466 3509 1520 neque
3544 1449 3801 1505 idolisseo

2242 1551 2473 1615 vieutes,
2498 1563 2673 1617 neque
2688 1546 2939 1614 adulteri,
2973 1560 3144 1615 neque
3173 1543 3389 1608 molles,
3426 1556 3610 1612 neque
3634 1556 3803 1597 masca

2246 1641 2418 1696 lorum
2447 1641 2846 1705 concubitores,
2867 1652 3043 1707 neque
3070 1636 3238 1701 fures,
3267 1650 3450 1705 neque
3472 1635 3642 1697 avari,
3667 1648 3804 1702 neque

2248 1734 2469 1801 ebriosi,
2496 1747 2672 1803 neque
2701 1730 2972 1797 maledici,
3004 1743 3179 1799 neque
3206 1741 3458 1797 rapaces,
3495 1740 3703 1795 regnum
3730 1723 3802 1777 Dei

2250 1828 2635 1897 possidebunt;
2660 1838 2716 1882 et
2774 1825 2937 1897 paulo
2967 1834 3124 1893 post:
3157 1821 3417 1883 Nescitis,
3448 1821 3550 1885 ait,
3590 1820 3800 1887 quoniam

561 1921 689 1986 dies,
721 1928 769 1974 et
816 1918 1001 1973 Ninive
1036 1923 1287 1971 evertetur
1313 1929 1333 1969 :
1359 1910 1704 1981 Septuaginta
1735 1908 1950 1979 quippe,
1986 1906 2141 1974 longe
2170 1907 2221 1968 Β
2246 1935 2473 1989 corpora
2514 1933 2692 1977 vestra
2735 1920 2976 1976 membra
3024 1924 3152 1971 sum
3194 1914 3438 1970 Chl-is“?
3482 1912 3668 1966 mum
3702 1922 3802 1977 αξ,

562 2012 831 2084 posterius
850 2008 1198 2078 interpretati,
1221 2005 1365 2061 aliud
1386 2004 1565 2059 dicere
1587 2008 1890 2071 potuerunt,
1912 1997 2051 2068 quod
2071 2007 2148 2051 ta-

570 2124 694 2166 men
723 2107 789 2162 ad
818 2121 929 2161 rem
952 2105 1261 2175 pertineret,
1304 2110 1358 2158 et
1383 2102 1438 2156 in
1461 2115 1621 2157 unum
1650 2098 2004 2166 eumdemque
2028 2111 2151 2150 sen-

572 2218 714 2269 sum,
744 2200 989 2271 quamvis
1011 2198 1110 2253 sub
1137 2198 1305 2253 altera
1331 2193 1741 2266 signiﬁcatione,
1767 2197 2147 2248 concurreret:

567 2297 673 2367 91
732 2294 1152 2362 admoneretque
1206 2291 1460 2346 lectorem
1486 2327 1501 2352 ,
1563 2297 1787 2357 utraque
1840 2283 2153 2339 auctoritate

570 2404 675 2445 non
702 2397 901 2457 spreta,
927 2387 995 2442 ab
1019 2386 1237 2442 historia
1264 2399 1385 2441 sese
1406 2382 1652 2438 attollere
1668 2381 1733 2435 ad
1754 2394 1816 2436 ea
1834 2378 2154 2448 requirenda

570 2490 788 2552 propter
814 2494 931 2549 quae
959 2477 1303 2548 signiﬁcanda
1329 2476 1544 2531 historia
1576 2474 1687 2543 ipsa
1709 2472 2010 2541 conscripta
2050 2480 2151 2525 est.

572 2575 735 2631 Gesta
776 2571 975 2643 quippe
1032 2577 1157 2625 sunt
1180 2567 1312 2641 [illa]
1341 2569 1391 2623 in
1449 2567 1637 2622 Ninive
1665 2565 1899 2629 civitate,
1931 2561 2025 2617 sed
2054 2560 2153 2613 ali—

572 2668 697 2739 quid
747 2666 909 2722 etiam
956 2663 1390 2732 signiﬁcaverunt
1445 2659 1586 2730 quod
1616 2657 1834 2713 modum
1862 2654 2004 2709 illius
2029 2651 2157 2707 civi-

574 2759 697 2815 tatis
738 2755 961 2812 excedat
1000 2772 1017 2811 :
1063 2756 1201 2810 sicut
1227 2763 1432 2824 gestum
1475 2762 1559 2808 est
1582 2752 1722 2821 quod
1752 2748 1869 2819 ipse
1899 2747 2156 2817 propheta

573 2850 626 2905 in
655 2859 840 2905 ventre
868 2848 969 2903 ceti
1003 2846 1180 2902 triduo
1210 2845 1328 2912 fuit,
1363 2855 1415 2900 et
1446 2854 1623 2898 tamen
1652 2842 1811 2897 alium
1842 2836 2161 2909 signiﬁcavit

572 2943 625 2998 in
666 2942 931 3013 profundo
961 2940 1155 2995 inferni
1186 2939 1362 2994 triduo
1393 2938 1647 3001 futurum,
1676 2937 1765 3006 qui
1790 2934 2046 2989 Dominus
2077 2943 2160 2989 est

573 3038 813 3091 omnium
861 3032 1261 3103 prophetarum.
1292 3031 1631 3101 Quapropter
1660 3032 1702 3084 si
1738 3045 1830 3099 per
1861 3030 2006 3085 illam
2028 3029 2159 3084 civi-

578 3134 739 3181 tatem
793 3134 939 3180 recte
987 3124 1244 3191 accipitur
1295 3122 1531 3177 Ecclesia
1561 3120 1799 3189 gentium
1850 3120 2161 3189 prophetico

578 3220 823 3288 ﬁgurata,
853 3232 1038 3272 eversa
1086 3217 1287 3271 scilicet
1333 3228 1427 3284 per
1476 3216 1865 3284 pwnitent’am,
1905 3224 1961 3269 ut
1993 3215 2163 3283 qualis

2255 2011 2492 2066 membra
2514 2010 2714 2066 Christi
2735 2051 2753 2078 ,
2777 2008 2967 2064 faciam
2997 2009 3242 2061 membra
3290 2002 3621 2058 meretricis?
3650 1998 3801 2055 Absit!

2238 2106 2334 2159 .Au
2359 2102 2576 2158 nescitis
2599 2102 2724 2172 quia
2746 2101 2838 2171 qui
2868 2099 3110 2154 adhaeret
3136 2096 3431 2161 meretrici,
3456 2110 3612 2149 unum
3633 2107 3803 2161 corpus

2236 2198 2368 2253 est?
2396 2196 2569 2250 Erunt
2590 2196 2757 2261 enim,
2789 2192 2983 2263 inquit,
3011 2191 3117 2247 duo
3157 2193 3212 2244 in
3250 2203 3407 2244 carne
3439 2203 3566 2250 una;
3595 2188 3679 2254 qui
3717 2198 3800 2236 au-

2257 2297 2364 2343 tem
2391 2287 2633 2342 adhaeret
2661 2285 2912 2351 Domino,
2945 2298 3081 2338 unus
3103 2280 3442 2351 spiritusest;
3467 2276 3621 2345 fugite
3637 2272 3787 2329 forni-

2254 2381 2545 2435 cationem.
2604 2378 2780 2447 Atque
2828 2375 2901 2433 ibi
2949 2373 3232 2444 subiunxit
3284 2389 3296 2425 :
3350 2372 3509 2426 Omne
3544 2376 3795 2437 peccatum

2258 2471 2619 2542 quodcunque
2641 2469 2831 2525 fecerit
2874 2468 3056 2536 homo,
3086 2473 3248 2522 extra
3271 2478 3463 2532 corpus
3487 2472 3595 2517 est:
3618 2459 3700 2528 qui
3724 2473 3802 2511 au-

2261 2572 2365 2617 tem
2397 2561 2715 2623 fornicatur,
2748 2558 2803 2614 in
2834 2572 3032 2627 corpus
3061 2556 3344 2625 proprium
3382 2560 3594 2622 peccat;
3620 2564 3679 2602 an
3704 2562 3802 2601 nes-

2259 2653 2381 2708 citis
2409 2652 2533 2722 quia
2558 2665 2755 2721 corpus
2778 2659 3044 2716 vestrum,
3071 2648 3327 2715 templum
3360 2645 3415 2698 in
3437 2643 3589 2697 vobis
3613 2639 3798 2709 Spiritus

2260 2746 2433 2802 sancti
2461 2754 2581 2815 est,
2614 2758 2772 2815 quem
2799 2741 3056 2798 habetisa
3084 2740 3221 2805 Deo,
3252 2747 3309 2793 et
3337 2753 3447 2791 non
3497 2735 3621 2789 estis
3643 2731 3797 2786 vestri?

2262 2840 2427 2908 empti
2454 2839 2599 2894 enim
2630 2838 2762 2893 estis
2785 2836 2958 2907 pretio
2991 2848 3206 2903 magno.
3233 2829 3559 2885 Ctoriﬁcate
3575 2837 3621 2882 et
3638 2832 3788 2894 portate

2265 2934 2429 2989 Deum
2454 2933 2507 2987 in
2545 2945 2773 3001 corpore
2791 2940 2991 2984 veSIro.
3015 2926 3144 2982 Cum
3167 2940 3300 2994 ergo
3321 2924 3501 2978 multa
3522 2934 3575 2976 et
3594 2914 3785 2973 horrenda

2264 3029 2316 3082 in
2348 3027 2449 3080 hoc
2474 3025 2711 3093 capitulo
2739 3024 3269 3093 priuseuumerasset
3296 3016 3586 3070 hominum
3612 3019 3784 3081 perula,

2264 3119 2457 3187 quibus
2484 3132 2591 3173 non
2617 3115 2835 3171 dabitur
2865 3126 3087 3184 regnum
3119 3110 3237 3177 Dei,
3271 3123 3399 3177 qua
3432 3098 3782 3162 iamcum”;

2268 3228 2361 3283 per
2388 3228 2586 3284 corpus
2634 3211 2930 3281 perpetrari
2975 3209 3045 3264 ab
3088 3205 3403 3261 hominibus
3438 3194 3765 3275 ροεδυυυῃηιό

579 3314 747 3369 fuerat
790 3312 898 3383 jam
952 3326 1054 3365 non
1101 3319 1284 3365 esset:
1314 3309 1415 3365 hoc
1464 3308 1711 3379 quoniam
1766 3325 1859 3379 per
1887 3308 2159 3363 Christum
2188 3291 2235 3353 C
2268 3319 2462 3373 corpus
2489 3304 2671 3373 utique
2694 3302 2801 3373 jam
2828 3301 3087 3365 ﬁdelium,
3120 3298 3385 3364 templum
3421 3311 3551 3351 esse
3572 3292 3662 3349 dixit
3677 3288 3764 3347 Sil-

542 3406 904 3465 il'actumrest
954 3407 1003 3460 in
1067 3404 1299 3459 Ecclesia
1353 3403 1617 3473 gentium,
1676 3404 1827 3474 cujus
1861 3404 1946 3458 illa
1973 3406 2162 3461 Ninive

577 3499 797 3567 ﬁguram
831 3497 1066 3567 gerebat,
1102 3497 1215 3551 sive
1247 3511 1344 3567 per
1372 3496 1722 3567 quadraginta
1751 3497 1884 3562 dies,
1920 3498 2032 3552 sive
2070 3514 2164 3567 per

577 3591 829 3655 triduum,
893 3590 1031 3644 idem
1087 3592 1201 3658 ipse
1242 3589 1576 3658 signiﬁcatus
1624 3602 1698 3643 εει
1751 3587 1993 3643 Christus
2028 3605 2163 3658 :per

573 3682 920 3752 quadraginta
962 3682 1185 3745 scilicet,
1217 3682 1338 3749 quia
1386 3688 1457 3733 tot
1486 3680 1599 3734 dies
1632 3680 1833 3750 peregit
1863 3692 1983 3733 cum
2005 3680 2165 3735 disci-

575 3776 715 3844 pulis
761 3776 873 3826 suis
907 3782 1023 3841 post
1072 3774 1521 3827 resurrectionem
1571 3772 1799 3843 [suam],
1833 3785 1888 3827 et
1925 3774 2165 3827 ascendit

578 3867 633 3921 in
663 3865 895 3929 ctelum;
924 3879 1018 3933 per
1059 3863 1293 3918 triduum
1325 3878 1475 3929 vero,
1508 3864 1628 3931 quia
1657 3864 1744 3919 die
1795 3865 1953 3920 tertio
1989 3881 2167 3921 resur-

578 3960 752 4025 rexit;
805 3966 1054 4026 tanquam
1096 3957 1352 4013 lectorem
1395 3956 1529 4012 nihil
1559 3957 1702 4012 aliud
1743 3973 1900 4028 quam
1926 3960 2165 4015 historiae

578 4066 756 4108 rerum
793 4060 1063 4118 gestarum
1107 4050 1373 4106 inhaerere
1403 4050 1728 4120 cupientem,
1760 4051 1828 4106 de
1854 4066 2044 4106 somno
2067 4067 2169 4107 ex-

484 4140 488 4144 i
577 4144 861 4201 citaverint
901 4143 1246 4212 Septuaginta
1292 4143 1635 4211 interpretes,
1669 4142 1917 4213 idemque
1959 4143 2167 4215 [iidem-

577 4255 612 4311 q
653 4238 704 4309 ε]
736 4239 1032 4307 prophetat,
1074 4235 1139 4290 ad
1186 4235 1623 4304 perscrutandam
1670 4234 2002 4291 altitudinem
2046 4252 2168 4305 pro-

584 4332 799 4400 phetiae,
821 4342 877 4387 et
898 4328 1294 4399 quodammodo
1315 4328 1581 4384 dixerint:
1609 4327 1665 4383 In
1689 4328 2034 4401 quadraginta
2057 4328 2170 4385 die-

584 4424 679 4477 bus
700 4423 868 4487 ipsum
893 4435 1094 4491 quaere,
1122 4423 1171 4475 in
1193 4436 1297 4490 quo
1328 4429 1381 4474 et
1405 4420 1635 4475 triduum
1668 4416 1866 4488 poteris
1889 4421 2134 4476 invenire
2154 4461 2166 4473 .

583 4516 712 4572 illud
760 4516 810 4570 in
858 4517 1196 4581 ascensione,
1228 4515 1331 4570 hoc
1364 4514 1418 4568 in
1448 4514 1565 4581 ejus
1595 4514 1989 4569 resurrectione
2016 4529 2170 4583 repe-

585 4609 712 4662 ries.
750 4608 971 4675 Propter
1007 4608 1149 4679 quod
1191 4618 1419 4675 utroque
1449 4619 1674 4661 numero
1724 4606 2013 4677 signiﬁcari
2042 4622 2171 4663 con-

2269 3398 2404 3451 ritus
2432 3397 2626 3465 sancti,
2661 3412 2819 3466 quem
2845 3396 3104 3450 habemus
3130 3406 3159 3445 a
3188 3390 3340 3457 Deo;
3373 3391 3601 3459 ipsaque
3619 3382 3778 3440 thesin

2268 3485 2732 3556 corporisnostri,
2775 3484 3015 3541 membra
3046 3495 3165 3537 esse
3204 3489 3499 3536 asseverat
3548 3472 3794 3537 Christi,“

2270 3579 2465 3648 quibus
2486 3578 2765 3649 arguendo
2784 3588 2840 3632 et
2863 3572 3261 3647 quodammodo
3303 3569 3697 3640 interrogando,
3719 3564 3798 3618 ait:

2269 3672 2488 3726 Tollens
2521 3688 2648 3743 ergo
2680 3672 2921 3727 membra
2943 3666 3161 3731 Christi,
3191 3665 3384 3721 faciam
3414 3666 3651 3722 membra
3676 3672 3809 3715 mert-

2276 3766 2461 3819 tricis?
2494 3764 2949 3835 responderetque
2986 3761 3121 3826 sibi,
3158 3758 3345 3814 Absit!
3371 3752 3819 3825 subjungatadhus

2269 3866 2323 3912 et
2353 3860 2495 3911 dicat
2530 3874 2542 3910 :
2582 3857 2815 3912 Nescitis
2866 3855 3113 3925 quoniam
3146 3852 3239 3920 qui
3296 3850 3513 3906 adhaeret
3542 3843 3823 3906 meretrici,

2271 3966 2433 4003 unum
2464 3965 2659 4019 corpus
2684 3949 2799 4005 est?
2837 3948 3003 4002 Erunt
3024 3947 3168 4002 enim
3190 3988 3205 4012 ,
3232 3943 3419 4014 inquit,
3458 3941 3562 3995 duo
3583 3939 3638 3993 in
3680 3950 3826 3990 carne

2274 4056 2408 4105 una;
2441 4041 2529 4111 qui
2552 4050 2727 4095 autem
2762 4039 3000 4093 adhaeret
3056 4039 3305 4101 Domino,
3337 4050 3469 4089 unus
3494 4032 3715 4103 spiritus
3731 4040 3825 4090 est;

2277 4151 2329 4193 et
2352 4136 2660 4191 concludit:
2694 4134 2886 4203 Fugite
2920 4134 3365 4197 fornicationem;
3399 4130 3639 4199 sequitur
3681 4137 3825 4180 tamen

2274 4231 2387 4300 ipse
2417 4240 2470 4285 et
2500 4228 2681 4282 dixit:
2729 4229 2897 4280 Omne
2946 4236 3225 4295 peccaturo
3268 4224 3636 4294 quodcunque
3677 4218 3827 4272 fecerit

2275 4320 2458 4385 homo,
2492 4328 2644 4375 extra
2674 4330 2886 4386 corpus
2942 4326 3053 4381 est;
3088 4316 3176 4385 qui
3233 4324 3414 4369 autem
3452 4311 3758 4372 fornicatur,
3786 4308 3822 4355 in

2273 4426 2467 4481 corpus
2519 4409 2793 4479 prepriutn
2827 4417 3013 4478 peccat
3044 4426 3056 4460 :
3090 4408 3243 4477 quasi
3268 4420 3400 4461 vero
3450 4404 3547 4459 illa
3581 4416 3688 4472 quas
3707 4398 3800 4451 dinu

2278 4505 2502 4561 meravit
2532 4510 2770 4574 peccata,
2805 4500 2990 4556 dicens
3016 4518 3028 4553 :
3062 4500 3237 4555 Nolite
3265 4513 3480 4563 errare,
3525 4511 3685 4565 neque
3706 4492 3812 4543 tiro.-

2276 4606 2507 4661 catores,
2534 4608 2704 4662 neque
2736 4591 2893 4647 idolis
2923 4592 3219 4647 servientes
3238 4633 3250 4656 ,
3278 4606 3455 4660 neque
3489 4586 3725 4647 adulteri,
3748 4593 3815 4632 ne“

590 4698 989 4753 venientissitue
1017 4675 1207 4768 potuit,
1241 4712 1464 4768 quorum
1493 4712 1655 4752 unum
1689 4675 1794 4767 peri
1825 4697 2015 4753 Jonam
2049 4714 2158 4763 pro-

2278 4702 2379 4758 que
2410 4687 2619 4756 molles,
2648 4700 2820 4755 neque
2854 4685 3211 4739 masculorum
3253 4683 3672 4747 concubitores,
3701 4687 3829 4741 neque

587 4789 823 4860 phetam,
857 4788 1017 4842 alium
1048 4805 1142 4857 per
1171 4789 1513 4859 Septuaginta
1560 4788 1912 4859 interpretum
1943 4790 2171 4861 prophe-

588 4884 735 4950 tiam,
787 4890 963 4936 tatuen
1009 4895 1146 4934 unus
1174 4889 1335 4950 atque
1365 4882 1501 4936 idem
1527 4880 1757 4951 Spiritus
1788 4881 1941 4936 dixit.
1981 4883 2172 4954 Longi-

591 4970 827 5027 tudiuem
888 4969 1051 5042 fugio,
1086 4979 1272 5025 utnon
1319 4971 1432 5026 hmc
1458 4988 1550 5042 per
1589 4973 1755 5027 multa
1781 4974 2167 5043 demonstrem,

586 5062 639 5117 in
657 5063 852 5133 quibus
875 5064 941 5116 ab
965 5062 1215 5117 hebraica
1235 5063 1455 5118 veritate
1475 5065 1821 5134 Septuaginta
1851 5066 2172 5134 interpretes

590 5152 887 5224 [putantur]
936 5154 1269 5223 discrepare,
1301 5166 1348 5208 et
1385 5155 1520 5209 bene
1553 5155 1811 5211 intellecti
1836 5158 2174 5211 inveniuntur

590 5258 707 5298 esse
752 5244 1068 5299 concordes.
1132 5242 1286 5299 Unde
1329 5245 1487 5297 etiam
1538 5260 1636 5313 ego
1668 5260 1763 5315 pro
1801 5262 1920 5301 meo
1965 5247 2181 5301 modulo

588 5334 808 5403 vestigia
832 5349 1059 5405 sequens
1076 5337 1462 5407 apostolorum,
1488 5337 1608 5405 quia
1637 5347 1689 5391 et
1712 5339 1809 5407 ipsi
1828 5354 1887 5393 ex
1917 5340 2176 5410 utrisque,

594 5428 643 5486 id
677 5436 831 5482 estet
854 5442 917 5482 ex
951 5427 1205 5494 Ilehrteis,
1239 5436 1292 5483 et
1323 5426 1433 5501 [exi
1464 5428 1829 5498 Septuaginta,
1878 5431 2182 5486 testimonia

594 5519 906 5591 prophetica
949 5531 1258 5591 posuerunt,
1298 5532 1522 5592 utraque
1575 5523 1894 5577 auctoritate
1921 5524 2177 5581 utendum

597 5620 798 5690 putavi,
844 5620 1094 5689 quoniam
1144 5628 1366 5689 utraque
1410 5636 1514 5674 una
1538 5630 1697 5691 atque
1723 5619 1901 5675 divina
1928 5629 2030 5676 est.

1096 5773 1319 5830 CAPUT
1350 5774 1673 5831 CCCXXXI.

604 5887 682 5947 De
700 5903 756 5943 eo
786 5889 921 5957 quod
960 5889 1031 5943 ait
1055 5888 1326 5961 Apostolus
1359 5903 1377 5944 :
1409 5888 1569 5944 Omne
1594 5897 1855 5959 peccatum
1908 5889 2175 5961 quodcun-

2280 4779 2447 4846 fures,
2482 4792 2653 4848 neque
2699 4776 2867 4842 avari,
2902 4792 3072 4846 neque
3118 4776 3338 4841 ebriosi,
3364 4790 3558 4844 neque
3614 4768 3835 4827 maledici.

2280 4889 2452 4944 neque
2473 4887 2713 4941 rapaces,
2750 4886 2973 4940 regnum
3016 4870 3104 4924 Dei
3154 4869 3550 4937 possidebunt;
3580 4870 3677 4923 ista
3702 4860 3835 4918 nutri:

2281 4965 2513 5020 facinora
2546 4974 2595 5019 et
2630 4963 3103 5035 ﬁagitia,nunquid
3134 4979 3238 5017 non
3276 4962 3375 5015 nisi
3403 4977 3509 5031 per
3536 4974 3734 5029 corpus
3756 4952 3837 5010 ﬁeri

2282 5069 2370 5113 aut
2398 5057 2638 5112 exerceri
2699 5055 3107 5124 possunt?quis
3164 5053 3266 5108 hoc
3298 5054 3413 5107 sani
3471 5054 3683 5125 capitis
3727 5053 3843 5103 homo

2286 5149 2593 5219 negaverit?
2646 5147 2835 5201 Totum
2886 5146 3083 5217 quippe
3134 5147 3290 5200 istum
3351 5147 3541 5200 locum
3600 5143 3847 5217 Aposmlus

2288 5252 2504 5311 propter
2532 5244 2703 5310 ipsum
2735 5255 2954 5309 corpus,
2979 5241 3085 5308 jam
3109 5250 3343 5308 emptum
3375 5256 3589 5310 magno
3614 5235 3849 5311 pletioﬁsl

2284 5345 2386 5401 est,
2417 5333 2614 5390 Christi
2644 5335 2907 5404 sanguine
2932 5335 3195 5402 pretioso,
3229 5333 3618 5404 templumque
3653 5332 3851 5402 Spiritui

2286 5428 2453 5482 sancti
2483 5427 2676 5479 factum
2704 5443 2731 5479 a
2768 5426 2896 5492 Deo,
2932 5441 2997 5479 ne
3024 5425 3217 5479 talibus
3266 5423 3487 5494 ﬂagitiis
3522 5428 3853 5495 polluerc’ur.

2285 5520 2379 5576 sed
2414 5518 2589 5589 polius
2615 5519 2923 5575 inviolatum
2950 5528 3198 5588 tanquam
3228 5517 3319 5571 Dei
3360 5516 3746 5575 habitaculum
3772 5526 3859 5569 sct-

2288 5623 2537 5675 varetur,
2565 5610 2755 5679 agebat
2787 5620 2839 5664 et
2888 5610 3229 5666 defendebat.
3254 5610 3439 5677 Quare
3468 5627 3617 5682 ergo
3672 5610 3863 5678 subjun-

2286 5719 2411 5773 gere
2444 5703 2603 5757 voluit
2642 5703 2764 5770 hoc,
2798 5703 2937 5758 unde
2971 5702 3204 5757 difficilis
3258 5709 3490 5771 quaestio
3545 5712 3864 5759 nasceretur.

2286 5798 2334 5851 id
2359 5805 2459 5860 est,
2498 5804 2550 5847 ttt
2582 5794 2781 5848 diceret
2821 5813 2831 5847 :
2873 5796 3042 5849 Omne
3078 5803 3353 5864 peccatum
3404 5796 3786 5868 quodcunque
3812 5792 3862 5842 l€~

2283 5890 2415 5947 cerit
2440 5888 2619 5957 homo,
2650 5897 2806 5944 extra.
2831 5902 3024 5962 corpus
3055 5896 3167 5957 est;
3202 5885 3288 5962 qui
3323 5896 3504 5943 autem
3564 5888 3863 5947 fornicatum
