4010 6382
225 422 367 503 loss

1358 430 2371 503 THESAURUS.CAP.CCCXXXLI

3324 439 3465 509 {054‘

220 566 275 620 in
307 580 500 637 corpus
526 580 681 621 suum
707 573 908 634 peccat,
936 576 1056 618 cum
1082 563 1194 618 sive
1212 564 1322 633 ipsa
1345 561 1645 627 fornicatio,
1674 564 1786 616 sive
1814 562 1863 622 Α
1895 557 2226 616 familiariter
2251 574 2465 616 servum
2510 556 2741 631 [servus]
2789 560 3029 629 corporis
3078 564 3170 616 eor
3229 560 3469 623 hominis

214 660 320 714 alia
347 658 671 730 huiusmodi,
692 673 810 730 quae
835 671 941 713 non
958 657 1056 712 nisi
1082 670 1176 725 per
1191 669 1385 725 corpus
1413 654 1546 709 fiunt
1572 664 1790 723 peccata

218 751 535 821 turpitudini
559 760 613 807 et
642 750 983 806 fornicationi
1010 748 1304 813 simillima,
1334 763 1437 802 non
1465 747 1565 801 nisi
1587 761 1681 815 per
1708 746 1789 815 ip-

212 860 334 900 sum
358 859 550 914 corpus
572 854 821 915 gerantur
850 852 1010 914 atque
1030 842 1427 898 exerceantur?
1454 839 1593 907 Quid
1610 839 1789 894 enim?

216 938 485 1009 poteritne
514 951 635 992 esse
660 934 919 1007 quispiam
938 980 951 1004 ,
985 943 1042 989 ut
1071 942 1265 988 caetera
1310 939 1605 985 memorata
1629 944 1790 998 supc-

212 1030 326 1085 rius
350 1038 576 1098 taceam,
620 1029 722 1096 fur,
760 1027 843 1084 vel
887 1027 1166 1093 ebriosus,
1216 1025 1298 1080 vel
1352 1021 1787 1087 maledicus,vel

211 1135 375 1189 rapax
395 1162 412 1190 ,
440 1130 587 1176 extra
641 1120 1006 1190 operationem
1055 1120 1299 1188 corporis
1330 1117 1523 1187 hujus?
1546 1114 1789 1186 quamvis

211 1227 315 1268 nec
346 1214 459 1283 ipsa
490 1212 822 1278 idololatria,
854 1227 1024 1281 neque
1054 1212 1166 1283 ipsa
1193 1213 1433 1276 avaritia,
1464 1223 1654 1281 prmter
1675 1224 1790 1264 ser-

211 1306 399 1362 vitium
424 1306 664 1375 corporis
696 1306 893 1376 poterit
941 1305 1005 1360 ad
1060 1320 1212 1359 usum
1245 1304 1579 1374 fructumque
1633 1317 1786 1357 suum

208 1400 510 1471 pervenire.
538 1400 674 1469 Quid
704 1407 789 1456 est
809 1414 938 1469 ergo
956 1442 970 1465 ,
997 1400 1169 1453 Omne
1197 1407 1473 1468 peccatum
1514 1397 1789 1466 quodcun-

203 1506 312 1563 que
341 1491 526 1549 fecerit
557 1495 717 1548 homo
739 1537 753 1560 ,
783 1502 934 1548 extra
970 1506 1167 1561 corpus
1197 1502 1310 1559 est;
1352 1490 1442 1561 qui
1469 1500 1643 1546 autem
1676 1490 1787 1544 for-

205 1584 439 1647 nicatur,
471 1585 524 1639 in
557 1599 753 1655 corpus
795 1584 1071 1655 preprium
1111 1584 1329 1653 peccat?
1380 1582 1638 1650 Primum,
1663 1581 1785 1651 quia

202 1676 262 1733 in
286 1692 513 1746 corpore
541 1676 646 1731 isto
670 1676 831 1731 homo
859 1675 1204 1739 constitutus,
1237 1674 1492 1745 quidquid
1524 1675 1639 1729 solo
1668 1682 1788 1728 tan-

200 1781 318 1828 tum
348 1772 526 1827 animo
572 1771 768 1841 poterit
816 1770 995 1837 inique
1041 1769 1464 1838 concupiscere,
1513 1766 1619 1823 dici
1679 1781 1782 1822 non

201 1872 544 1934 potestextra
568 1877 761 1932 corpus
784 1860 886 1916 hoc
908 1860 1179 1915 hominem
1206 1858 1403 1924 facere,
1425 1872 1547 1913 cum
1572 1868 1784 1913 constat

1896 650 2230 720 fornicantis,
2258 654 2309 708 in
2336 662 2579 722 tempore
2633 655 2867 710 maxime
2919 655 3081 725 ipsius
3124 658 3467 727 nequissimae

1892 744 2239 810 operationis.
2272 745 2326 798 In
2366 752 2569 799 tantum
2600 754 2655 799 ut
2686 746 2799 813 ipse
2827 748 3107 814 Apostolus
3152 750 3468 808 inculcatius

1893 833 2079 888 volens
2101 836 2487 892 commendare
2512 837 2804 891 cavendum
2864 838 3165 895 hominibus
3214 842 3314 897 hoc
3345 859 3458 898 ma-

1892 922 2024 989 lum,
2058 925 2253 980 dixerit
2281 944 2293 979 :
2320 928 2533 983 Tolleus
2562 942 2690 999 ergo
2737 929 2974 983 membra
3017 929 3238 1000 Christi,
3270 930 3461 989 faciam

1892 1022 2128 1073 membra
2175 1021 2519 1075 meretricis?
2548 1029 2602 1075 et
2633 1035 2917 1077 exsecraris
2948 1037 3009 1077 ac
3056 1020 3325 1080 detestans
3352 1040 3465 1081 res-

1893 1110 2160 1178 ponderit,
2190 1110 2381 1165 Absit!
2417 1114 2496 1166 An
2551 1111 2790 1179 nescitis,
2851 1114 3039 1182 inquit,
3067 1116 3318 1183 quoniam
3368 1116 3462 1185 qui

1891 1204 2127 1259 adliceret
2157 1204 2447 1269 meretrici,
2471 1219 2634 1260 unum
2667 1219 2862 1273 corpus
2915 1208 3037 1263 est?
3097 1209 3267 1264 Erunt
3319 1211 3463 1265 enim

1891 1296 2013 1363 duo,
2048 1299 2235 1368 inquit,
2270 1299 2322 1353 in
2352 1312 2515 1354 carne
2554 1313 2681 1353 una.
2713 1299 2958 1370 Nunquid
3014 1301 3115 1357 hoc
3146 1311 3326 1371 posset
3357 1302 3465 1358 dici

1891 1389 1957 1444 de
1986 1389 2106 1445 aliis
2134 1400 2290 1461 atque
2314 1390 2431 1445 aliis
2456 1390 2758 1459 quibusque
2784 1392 3112 1448 facinoribus
3147 1394 3420 1449 hominum
3442 1396 3464 1449 f

1891 1481 2143 1537 Liberum
2173 1490 2255 1537 est
2271 1482 2413 1538 enim
2446 1482 2623 1537 animo
2647 1483 2901 1550 humano,
2931 1485 2982 1538 in
3013 1484 3135 1539 aliis
3165 1485 3465 1557 quibusque
3502 1516 3505 1519 »

1888 1571 2202 1635 sceleribus,
2242 1585 2295 1626 et
2323 1586 2491 1626 unum
2545 1570 2747 1641 aliquid
2799 1587 2987 1628 eorum
3038 1577 3269 1645 operari,
3301 1584 3357 1631 et
3400 1591 3466 1633 eo

1890 1667 2008 1736 ipso
2032 1677 2274 1737 tempore
2306 1666 2435 1721 alibi
2458 1666 2780 1734 cogitatione
2808 1666 3061 1735 distendi,
3094 1670 3236 1739 quod
3265 1670 3317 1724 in
3350 1669 3463 1725 for-

1890 1758 2167 1814 nicationis
2200 1759 2315 1827 ipso
2337 1773 2501 1828 Opere
2519 1768 2681 1829 atque
2708 1768 2953 1829 tempore
3000 1776 3105 1818 non
3132 1761 3255 1818 licet
3283 1764 3464 1819 animo

1888 1852 1953 1907 ad
1984 1852 2129 1907 aliud
2159 1852 2358 1923 aliquid
2386 1852 2725 1924 cogitandum
2756 1852 2983 1909 liberum
3012 1868 3135 1911 esse
3166 1874 3180 1909 :
3210 1856 3293 1911 sic
3320 1857 3463 1913 enim

199 1969 327 2012 eum
351 1954 553 2009 carnali
575 1968 736 2010 sensu
762 1951 1028 2009 etcarnali
1049 1950 1327 2021 prudentia
1346 1950 1446 2004 hoc
1466 1964 1646 2021 agerc,
1677 1951 1777 2005 isto
1808 1953 1856 2015 Β
1882 1956 2024 2003 totus
2054 1948 2212 2001 homo
2241 1946 2562 2003 absorbetur
2589 1947 2657 2002 ab
2685 1946 2802 2017 ipso
2832 1957 2889 2002 et
2939 1951 2990 2003 in
3038 1948 3158 2018 ipso
3209 1963 3458 2019 corpore,

203 2048 381 2104 adhuc
409 2048 823 2117 circumseptum
868 2061 1112 2113 corpore.
1147 2044 1278 2099 Nam
1302 2054 1356 2100 et
1384 2043 1525 2114 quod
1555 2043 1608 2099 in
1640 2043 1781 2123 psal-

198 2159 293 2200 mo
321 2145 577 2213 scriptum
601 2153 682 2198 est
713 2160 727 2196 :
761 2141 900 2198 Dixit
954 2138 1145 2209 impius
1192 2139 1244 2194 in
1295 2140 1458 2195 corde
1512 2154 1634 2202 suo,
1664 2138 1779 2193 Non

194 2245 284 2293 est
306 2236 468 2305 Deus,
515 2236 656 2292 idem
702 2236 888 2291 beatus
928 2232 1216 2303 Apostolus
1256 2248 1363 2287 non
1394 2232 1570 2302 potuit
1598 2234 1781 2299 utique

196 2341 454 2397 separare
476 2342 503 2381 a
525 2326 787 2395 corporali
819 2341 985 2396 opere
1005 2366 1020 2391 ,
1047 2324 1136 2380 illo
1166 2324 1285 2379 loco
1307 2324 1396 2379 ubi
1422 2323 1495 2378 ait
1527 2340 1540 2374 :
1570 2323 1771 2377 Omnes

197 2418 497 2473 astabimus
519 2428 641 2473 ante
670 2417 1135 2481 tribunalCliristi,
1167 2425 1224 2471 ut
1245 2416 1469 2485 recipiat
1492 2416 1778 2485 unusquis-

195 2525 308 2580 que
326 2512 617 2567 secundum
646 2525 709 2567 ea
726 2527 843 2581 quae
875 2526 970 2579 per
982 2524 1178 2581 corpus
1204 2509 1391 2580 gessit,
1415 2509 1528 2565 sive
1555 2509 1774 2573 bonum,

192 2604 315 2659 sive
345 2603 541 2659 malum
577 2621 590 2658 :
621 2604 742 2675 quia
774 2602 1023 2658 videlicet
1054 2619 1158 2657 non
1184 2603 1281 2657 nisi
1316 2602 1367 2657 in
1396 2616 1623 2670 corpore
1646 2617 1777 2655 con-

191 2698 416 2751 stitutus
439 2698 635 2766 impius
666 2699 835 2766 potuit
862 2696 1044 2751 dicere
1064 2737 1078 2760 ,
1106 2695 1224 2750 Non
1274 2704 1356 2749 est
1403 2694 1541 2749 Deus
1566 2711 1590 2746 -.
1616 2704 1669 2748 ut
1700 2704 1778 2747 ta-

190 2802 371 2855 ceam,
403 2787 545 2854 quod
600 2787 655 2841 in
705 2787 807 2841 alia
843 2787 1077 2855 Epistola
1121 2786 1239 2855 ipse
1292 2787 1488 2841 Doctor
1538 2786 1775 2855 gentium

188 2877 325 2934 dicit
358 2896 372 2932 :
402 2876 682 2935 Manifesta
724 2890 901 2934 autem
933 2891 1058 2934 sunt
1104 2893 1266 2950 Opera
1297 2879 1506 2946 carnis;
1539 2889 1593 2933 et
1617 2894 1778 2934 exse-

188 2969 376 3040 quitur
403 2988 419 3026 :
447 2987 566 3041 quae
593 2980 718 3027 sunt
759 2971 1169 3033 fornicationes,
1199 2970 1584 3037 immunditiis,
1618 2970 1774 3024 luxu-

186 3062 320 3130 ria,
360 3064 638 3130 veneficia,
684 3062 1014 3128 inimicitias,
1046 3063 1440 3123 contentiones,
1473 3060 1772 3115 aemulatio-

186 3169 309 3223 nes,
342 3154 713 3211 animositates
739 3198 755 3222 ,
807 3153 1202 3219 dissensiones,
1236 3155 1498 3220 haereses,
1535 3151 1768 3217 invidiae,

184 3248 503 3313 ebrietates,
534 3256 591 3303 et
628 3246 710 3301 his
740 3244 936 3303 similia
962 3266 977 3312 ;
1019 3261 1137 3316 quae
1168 3244 1403 3314 praedico
1448 3244 1601 3299 vobis
1632 3244 1773 3298 sicut

1884 2048 1943 2095 ut
1966 2042 2075 2111 jam
2104 2040 2333 2095 dicinon
2379 2040 2548 2110 possit
2596 2041 2709 2109 ipse
2738 2040 2950 2096 animus
2998 2055 3129 2097 suus
3184 2056 3337 2109 esse,
3368 2044 3463 2099 sed

1883 2134 2040 2188 simul
2070 2142 2215 2189 totus
2233 2134 2391 2189 homo
2412 2134 2517 2190 dici
2547 2134 2717 2205 possit
2743 2134 2886 2204 quod
2913 2148 3039 2191 caro
3052 2136 3143 2202 sit,
3168 2144 3225 2193 et
3245 2136 3467 2207 spiritus

1878 2226 2080 2281 vadens
2107 2234 2162 2279 et
2191 2242 2295 2280 nou
2323 2234 2620 2282 revertens.
2643 2213 2890 2297 Sie'ergo
2923 2241 3214 2297 possumus
3258 2229 3461 2286 intelli-

1881 2332 2008 2387 gere
2039 2318 2161 2387 quia
2192 2332 2353 2372 omne
2376 2326 2653 2388 peccatum
2682 2318 3041 2388 quodcunque
3065 2320 3251 2375 fecerit
3278 2320 3463 2391 homo,

1880 2422 2031 2467 extra
2086 2425 2280 2481 corpus
2322 2421 2436 2478 est,
2468 2413 2555 2482 qui
2600 2421 2775 2467 autem
2828 2413 3139 2479 fornicatur,
3168 2413 3222 2469 in
3271 2428 3465 2484 corpus

1882 2504 2153 2572 proprium
2183 2514 2403 2571 peccat;
2438 2512 2493 2557 ut
2523 2503 2786 2569 videatur,
2820 2514 2877 2558 ut
2902 2503 3030 2569 dixi,
3067 2506 3381 2575 Apostolus,
3411 2507 3462 2561 in

1882 2604 2084 2649 tantum
2130 2610 2453 2665 exaggerare
2482 2596 2718 2651 voluisse
2750 2595 3122 2651 fornicationis
3151 2596 3372 2665 malum,
3407 2608 3465 2654 ut

1878 2688 1934 2741 in
1983 2689 2387 2757 comparatione
2438 2687 2595 2757 hujus
2637 2681 3033 2757 fornicationis,
3065 2697 3258 2743 catera
3310 2696 3463 2744 extra

1877 2795 2074 2851 corpus
2115 2780 2354 2834 habenda
2395 2794 2518 2835 esse
2563 2780 2777 2835 duxerit
2823 2794 3159 2851 quacunque
3217 2791 3459 2851 peccata,

1877 2878 1995 2932 solo
2024 2877 2123 2931 hoc
2178 2874 2546 2930 tantummodo
2604 2874 2970 2930 fornicationis
3002 2874 3145 2929 malo
3176 2875 3231 2929 in
3263 2890 3464 2946 corpus

1879 2968 2147 3039 praprinm
2180 2966 2395 3037 peccari
2424 2966 2640 3029 dixerit,
2673 2968 2795 3037 quia
2850 2968 3057 3036 majore
3110 2966 3347 3023 libidinis
3377 2982 3463 3023 ar-

1875 3061 2028 3125 dore,
2059 3075 2165 3129 quo
2191 3061 2437 3125 superior
2460 3059 2633 3113 nullus
2660 3068 2763 3125 est,
2796 3060 3043 3129 voluptas
3070 3061 3239 3130 ipsius
3265 3074 3463 3131 corpo-

1874 3157 1948 3209 ris
1971 3163 2340 3210 tenetservuni
2364 3154 2633 3222 efficitque
2655 3154 2953 3223 captivum.
2974 3154 3096 3209 llaec
3108 3154 3251 3209 dicta
3264 3155 3373 3209 sint
3387 3154 3455 3210 de

1873 3248 2091 3316 speciali
2117 3247 2469 3302 fornicatione
2498 3247 2656 3316 hujus
2684 3246 2927 3317 corporis
2949 3263 2965 3313 ;
2987 3262 3175 3303 verum
3206 3249 3331 3317 quia
3353 3261 3460 3302 non

187 3340 440 3412 praedixi,
467 3340 590 3411 quia
617 3341 705 3409 qui
739 3339 863 3393 talia
894 3347 1056 3408 agunt
1088 3352 1307 3407 regnum
1339 3336 1432 3391 Dei
1466 3351 1567 3391 non
1602 3337 1768 3404 possi-
1798 3344 1848 3411 (ζ
1879 3341 2050 3394 solum
2093 3339 2371 3393 fornicatio
2414 3342 2469 3393 in
2512 3340 2679 3393 sacris
2737 3340 2930 3394 litteris
2976 3339 3302 3407 specialiter,
3363 3339 3459 3395 scd

184 3432 419 3487 debunt.
460 3431 710 3501 Nunquid
735 3430 877 3485 enim
909 3444 1015 3483 non
1043 3430 1255 3483 videtur
1288 3428 1443 3482 nobis
1466 3435 1621 3481 extra
1649 3442 1767 3481 cor-

185 3535 290 3592 pus
316 3520 433 3577 lieri
453 3531 645 3577 cetera
668 3520 759 3574 illa
784 3533 903 3589 qua:
930 3519 1002 3574 ibi
1026 3518 1367 3587 interposuit,
1383 3518 1766 3583 aemulationes,

181 3616 561 3673 animositates
584 3655 600 3683 ,
652 3614 1016 3668 dissenslones
1038 3654 1054 3681 ,
1113 3610 1359 3680 invidias,
1417 3611 1690 3666 haereses?
1717 3619 1771 3666 et

182 3717 368 3765 tamen
398 3706 652 3775 operibus
682 3703 860 3760 carnis
883 3703 981 3757 ista
1013 3703 1195 3759 tribuit
1226 3701 1424 3756 Doctor
1442 3703 1685 3773 gentium
1718 3704 1770 3758 in

183 3803 292 3859 fide
317 3811 372 3859 et
393 3800 640 3856 veritate.
669 3798 805 3865 Quid
832 3805 915 3852 est
942 3810 1090 3867 ergo,
1112 3796 1284 3852 Omne
1303 3805 1582 3866 peccatum
1597 3796 1737 3866 quod
1752 3826 1769 3838 -

179 3908 398 3963 cunque
419 3893 610 3948 fecerit
631 3892 815 3958 homo,
843 3900 995 3946 extra
1026 3904 1220 3959 corpus
1240 3897 1353 3954 est;
1382 3897 1436 3944 et
1465 3903 1625 3943 unum
1656 3897 1770 3942 tan-

183 3984 467 4041 tummodo
500 3983 877 4038 fornicationis
907 3988 1186 4051 peccatum
1218 3983 1520 4047 nominans,
1543 3980 1640 4047 ait,
1664 3981 1762 4047 Qui

180 4089 358 4131 autem
376 4076 486 4146 92
506 4074 825 4139 fornicatur,
842 4074 896 4128 in
919 4086 1113 4141 corpus
1137 4074 1409 4142 proprium
1434 4074 1649 4143 peccat?
1668 4075 1769 4143 Ap-

178 4178 335 4241 paret
348 4169 514 4239 igitur
525 4166 694 4222 cuivis
711 4165 862 4221 tardo
875 4174 929 4220 et
942 4165 1171 4219 obtunso
1182 4164 1767 4239 [obtuso],quam[quze]

173 4264 251 4317 sit
270 4267 370 4317 ista
392 4259 620 4330 quaestio
635 4256 889 4323 difficilis;
911 4272 1072 4327 quam
1088 4256 1345 4312 Dominus
1362 4259 1462 4326 pia:
1485 4258 1763 4315 intentioni

174 4351 481 4423 nostrze,si
512 4352 897 4421 aliquantulum
946 4353 1196 4422 dignatus
1245 4351 1403 4408 fuerit
1451 4353 1766 4411 "lucescere

174 4457 341 4518 atque
372 4443 631 4512 revelare,
679 4441 973 4511 poterimus
1022 4440 1220 4511 aliquid
1269 4443 1659 4500 rationabiliter
1679 4444 1759 4498 di-

172 4553 328 4595 cere.
362 4536 583 4591 V'idetur
613 4534 754 4589 enim
781 4535 965 4590 beatus
1014 4536 1329 4605 Apostolus,
1364 4538 1417 4593 in
1438 4552 1546 4609 quo
1576 4537 1764 4607 loque-

180 4634 347 4688 batur
372 4628 649 4692 Christus,
681 4636 774 4683 aut
801 4643 1129 4701 exaggerare
1176 4629 1410 4687 voluisse
1460 4630 1763 4688 fornicatio-

1878 3436 2039 3487 etiam
2062 3434 2383 3503 generaliter
2424 3434 2668 3503 arguitur
2717 3442 2772 3487 et
2818 3433 3147 3499 nominatur,
3177 3448 3457 3500 conemur,

1879 3527 1988 3582 Deo
2016 3526 2323 3596 adiuvante,
2358 3534 2414 3581 et
2442 3526 2565 3580 hinc
2605 3525 2805 3595 aliquid
2852 3525 3207 3595 probabiliter
3251 3525 3454 3580 dicere.

1878 3617 2160 3672 Generalis
2212 3617 2368 3687 igitur
2423 3617 2707 3672 fornicatio
2763 3626 2943 3687 aperte
2997 3617 3372 3679 manifestatur
3404 3618 3455 3672 in

1874 3710 2103 3779 psalmo,
2139 3709 2224 3764 ubi
2255 3709 2449 3764 dicitur
2482 3726 2493 3761 :
2524 3708 2787 3778 Quoniam
2831 3722 2957 3764 ecce
2983 3709 3073 3779 qui
3110 3709 3266 3779 longe
3289 3724 3347 3763 se
3376 3708 3456 3763 fa-

1873 3804 2067 3856 ciunta
2098 3810 2168 3866 te,
2200 3799 2484 3872 peribunt;
2520 3800 2796 3870 perdidisti
2830 3816 3044 3857 omnem
3101 3801 3192 3872 qui
3224 3800 3457 3856 fornica-

1872 3902 1960 3949 tur
1991 3894 2086 3947 abs
2135 3902 2207 3948 te.
2246 3893 2343 3948 Ubi
2370 3893 2761 3963 subsequenter
2787 3894 3014 3964 qualiter
3046 3895 3145 3949 ista
3182 3893 3452 3963 generalis

1873 3986 2159 4041 fornicatio
2185 3987 2412 4041 evadiet
2438 3985 2595 4055 effugi
2645 3988 2833 4055 possit,
2876 3986 3127 4056 adjunxit
3153 3986 3445 4058 [euim]di-

1868 4093 2028 4133 cens:
2046 4078 2173 4133 Mihi
2195 4088 2375 4134 autem
2390 4078 2666 4133 adhaerere
2691 4079 2802 4133 Deo
2827 4079 3022 4133 bonum
3040 4089 3125 4134 est
3150 4095 3163 4133 :
3185 4088 3242 4133 ut
3262 4079 3456 4135 exinde

1867 4170 2023 4226 facile
2046 4170 2383 4225 advertamus
2414 4171 2555 4233 illam
2605 4184 2723 4226 esse
2767 4172 3072 4241 generalem
3127 4172 3441 4227 fornicatio-

1870 4276 1990 4316 nem
2003 4261 2194 4315 animae
2211 4264 2478 4327 humanas,
2498 4276 2601 4331 qua
2626 4277 2733 4316 non
2752 4263 3032 4318 adhaerens
3060 4264 3285 4334 quisque
3316 4263 3447 4329 Deo,

1866 4353 2109 4408 adlmret
2171 4352 2393 4409 mundo.
2446 4352 2596 4408 Unde
2645 4354 2830 4408 beatus
2898 4354 3172 4423 apostolus
3216 4355 3451 4409 Joannes

1866 4446 1994 4501 dicit
2026 4464 2038 4499 :
2075 4446 2134 4502 Si
2160 4446 2280 4516 quis
2311 4445 2561 4501 dilexerit
2591 4446 2871 4511 mundum,
2899 4445 3118 4503 dilectio
3141 4446 3316 4502 Patris
3342 4461 3448 4501 non

1862 4547 1947 4594 est
1976 4537 2030 4591 in
2055 4536 2183 4603 illo;
2212 4536 2554 4605 etapostolus
2579 4538 2813 4593 Jacobus
2839 4537 3004 4593 dicit:
3033 4538 3296 4602 Adolteri,
3322 4552 3448 4593 nes-

1863 4630 1987 4687 citis
2015 4630 2139 4697 quia
2178 4630 2419 4686 amicitia
2466 4630 2626 4699 hujus
2678 4629 2858 4685 mundi
2902 4628 3111 4685 inimica
3166 4637 3246 4686 est
3298 4629 3450 4685 Deo?

172 4727 267 4783 nis
298 4723 495 4779 malum
522 4736 685 4789 super
714 4729 909 4776 cratera
961 4722 1138 4778 omnia
1195 4731 1436 4793 peccata,
1487 4739 1607 4794 qua:
1657 4725 1758 4780 etsi
1786 4722 1840 4786 D
1870 4723 2115 4779 Breviter
2139 4738 2270 4794 ergo
2296 4723 2579 4779 definitum
2600 4732 2683 4778 est
2711 4738 2815 4777 non
2849 4738 3007 4792 posse
3034 4722 3233 4778 habere
3270 4723 3436 4779 dileco

171 4833 276 4889 per
321 4828 517 4882 corpus
556 4813 980 4880 committantur,
1025 4828 1129 4869 non
1159 4824 1336 4870 tamen
1380 4816 1616 4872 animum
1665 4817 1765 4873 hu-

170 4925 396 4968 manum
410 4907 860 4977 concupiscentiae
875 4908 1077 4964 carnali
1100 4910 1171 4964 ita
1193 4909 1755 4967 efficiuntobstriclum

170 5015 233 5061 et
261 5002 575 5069 obnoxium,
599 5000 1051 5071 quemadmodum
1102 5002 1153 5056 in
1189 5002 1305 5057 solo
1336 5018 1501 5072 opere
1530 5004 1761 5059 fornica-

174 5094 344 5151 tionis
371 5092 667 5161 corporalis
703 5092 1065 5147 mommisceri
1124 5091 1249 5149 facit
1298 5093 1532 5148 animum
1566 5094 1647 5147 vis
1676 5094 1757 5148 in-

171 5202 313 5260 gens
339 5185 571 5240 libidinis
599 5176 720 5239 cum
777 5186 892 5254 ipso
922 5200 1167 5251 corpore,
1196 5194 1252 5239 et
1292 5201 1451 5241 unum
1482 5202 1601 5241 cum
1641 5187 1757 5256 ipso

170 5277 574 5352 quodammodo
604 5278 918 5346 agglutinari
948 5288 1002 5332 et
1023 5278 1329 5333 devinctum
1357 5292 1478 5334 esse
1510 5297 1523 5333 :
1556 5280 1609 5334 in
1643 5290 1755 5341 Iane

173 5384 292 5427 tum
324 5378 381 5422 ut
414 5366 545 5422 nihil
575 5368 714 5421 aliud
746 5369 862 5436 ipso
885 5378 1158 5424 momento
1186 5377 1242 5425 et
1269 5372 1637 5438 experimento
1659 5370 1756 5426 hu-

170 5465 264 5534 jus
294 5462 593 5529 tammagni
623 5460 803 5529 flagitii
836 5462 1071 5531 cogitare
1117 5462 1317 5517 homini
1373 5463 1530 5519 liceat
1558 5472 1647 5518 aut
1677 5463 1758 5517 in-

134 5553 420 5616 -tcndere,
451 5551 550 5605 nisi
604 5550 744 5619 quod
798 5552 1010 5607 sibimet
1060 5554 1260 5610 addicit
1310 5564 1564 5622 mentem,
1597 5573 1754 5626 quam

128 5680 135 5687 ο
169 5644 440 5714 captivam
466 5643 644 5697 subdit
670 5642 782 5713 ipsa
812 5644 1134 5711 submerslo,
1162 5658 1215 5701 et
1237 5649 1635 5718 quodammodo
1664 5652 1757 5705 ab-

170 5737 381 5807 sorptio
412 5736 649 5792 libidinis
691 5745 745 5791 et
770 5737 1203 5804 concupiscentia
1249 5744 1501 5809 carnalis,
1545 5753 1603 5799 ut
1654 5746 1755 5799 hoc

167 5846 296 5891 esse
317 5831 583 5895 videatur;
605 5831 747 5901 quod
772 5832 973 5886 dictum
996 5840 1078 5887 est
1096 5851 1106 5885 :
1123 5833 1223 5899 Qui
1242 5842 1418 5890 autem
1443 5837 1752 5903 fornicatur,

171 5928 229 5983 in
259 5938 451 5996 corpus
477 5924 748 5996 proprium
804 5933 1022 5997 peccat,
1055 5928 1173 5997 quia
1218 5936 1344 5985 tunc
1370 5931 1429 5986 fit
1459 5933 1673 6003 proprie
1699 5942 1755 5989 ct

1838 5097 2032 5154 Nemo
2079 5104 2257 5165 potest
2301 5094 2510 5151 duobus
2552 5096 2786 5151 dominis
2841 5094 3046 5149 servire

1868 4819 2064 4874 tionem
2094 4818 2213 4885 Dei,
2246 4818 2334 4887 qui
2360 4817 2606 4873 habuerit
2639 4817 2982 4872 dilectionem
3013 4816 3194 4871 mundi
3219 4833 3234 4883 ;
3257 4825 3311 4870 et
3332 4815 3437 4871 ini-

1866 4912 2062 4968 inicum
2093 4925 2216 4969 esse
2248 4912 2364 4972 Dei.
2387 4912 2475 4981 qui
2506 4911 2710 4965 amicus
2723 4926 2845 4967 esse
2873 4900 3099 4967 voluerit
3129 4909 3335 4966 mundi.
3362 4910 3439 4964 Ad

1867 5009 1969 5061 lioc
1988 5006 2151 5061 etiam
2175 5005 2409 5075 pertinet
2434 5004 2575 5074 quod
2600 5004 2862 5061 Dominus
2889 5005 2939 5057 in
2966 5002 3259 5071 Evangelia
3280 5000 3439 5055 dicit:

3100 5109 3113 5144 :
3154 5099 3245 5145 aut
3295 5091 3438 5145 enim

1864 5206 2028 5245 unum
2055 5190 2178 5246 odio
2219 5189 2455 5257 habebit,
2495 5197 2554 5245 et
2604 5189 2830 5245 alterum
2892 5187 3101 5254 diliget;
3136 5193 3228 5237 aut
3276 5198 3438 5237 unum

1863 5284 2114 5354 patietur,
2150 5291 2203 5336 et
2230 5282 2461 5337 alterum
2495 5290 2836 5344 contemnet;
2859 5286 2915 5333 et
2969 5275 3243 5330 concludit
3275 5293 3286 5329 :
3320 5274 3437 5329 Non
3504 5286 3507 5289 '

1862 5376 2085 5445 potestis
2118 5376 2225 5431 Deo
2252 5377 2459 5432 servire
2487 5385 2542 5431 et
2567 5386 2905 5431 mammonte.
2936 5370 3037 5425 ista
3065 5377 3148 5425 est
3192 5384 3323 5437 ergo
3346 5385 3439 5438 ge-

1862 5470 2083 5537 neralis,
2109 5480 2163 5525 ut
2192 5470 2391 5525 dictum
2419 5477 2523 5534 est,
2553 5465 2830 5522 fornicatio
2856 5464 3071 5527 anima,
3108 5462 3288 5516 omnia
3319 5476 3436 5517 om-

1861 5564 1989 5618 nino
2042 5563 2093 5617 in
2141 5578 2199 5618 se
2249 5562 2566 5624 continens,
2621 5572 2725 5627 qua
2783 5571 2885 5611 non
2936 5556 3241 5611 adhaeretur
3292 5554 3431 5621 Deo,

1854 5656 1981 5709 dum
2012 5655 2314 5709 adhaeretur
2344 5650 2544 5707 mundo
2575 5665 2588 5703 :
2621 5657 2679 5702 ut
2717 5647 2877 5703 etiam
2909 5649 2989 5702 sic
3016 5644 3313 5714 intelligere
3344 5660 3433 5699 va-

1854 5747 2093 5814 leamus,
2117 5746 2409 5802 secundum
2447 5742 2601 5797 istam
2632 5740 2941 5811 generalem
2997 5739 3430 5801 fornicationem,

1852 5840 1994 5910 quod
2051 5840 2126 5895 ait
2177 5835 2508 5907 Apostolus:
2541 5834 2711 5890 Omne
2762 5842 3035 5903 peccatum
3077 5831 3435 5903 quodcunque

1851 5933 2040 5993 locet-it
2066 5932 2250 5999 homo,
2281 5935 2437 5987 extra
2458 5940 2653 6003 corpus
2677 5926 2894 6003 est;qui
2921 5934 3102 5983 autem
3120 5922 3433 5993 fornicatur,
