4010 6382
604 418 741 475 1055

1671 416 1735 472 D.
1775 412 2093 475 EUGYPPll
2135 411 2424 472 ABBATIS
2463 415 2786 474 AFRICANI

3735 423 3842 481 1056

603 550 655 588 in
696 532 891 603 corpus
922 517 1194 603 proprium
1247 535 1449 598 peccat.
1489 528 1625 596 Quia
1653 529 1697 585 si
1727 544 1832 584 non
1885 529 2175 584 fornicetur
2201 532 2254 588 Δ
2283 530 2482 585 mundo
2502 540 2557 586 et
2579 531 2845 588 alienatur
2889 547 2918 588 a
2948 532 3088 590 Deo:
3117 535 3259 604 quod
3288 544 3393 602 est,
3429 545 3496 591 ut
3519 534 3721 593 dictum
3746 551 3838 595 est:

608 627 784 680 anima
839 625 1092 687 humana,
1142 621 1467 676 adhaerendo
1519 621 1652 690 Deo,
1711 637 1810 677 nec
1859 621 2188 676 adhaerendo

605 718 826 780 mundo,
858 727 1186 786 quaecunque
1233 714 1334 769 alia
1385 724 1623 784 peccata,
1674 732 1703 769 a
1758 714 2187 784 concupiscentia

603 811 806 868 carnali
847 823 1063 879 prorsus
1093 809 1268 864 aliena
1291 852 1305 877 ,
1338 810 1575 879 potuerit
1624 823 1720 879 pro
1761 810 1874 879 ipsa
1907 809 2189 879 fragilitate

603 903 966 968 mortalitatis,
1002 905 1083 958 vel
1117 903 1435 974 ignorando,
1460 904 1544 958 vel
1564 903 1910 974 negligendo,
1936 904 2018 957 vel
2052 902 2190 957 obli-

603 996 875 1064 viscendo,
909 997 993 1053 vel
1020 1011 1126 1052 non
1157 998 1504 1068 intelligendo
1530 1000 1691 1052 homo
1743 999 2040 1064 incurrere,
2075 998 2178 1053 hoc

521 1121 524 1124 ι
601 1091 832 1162 sitquod
864 1091 1064 1147 dictum
1115 1101 1197 1148 est
1228 1107 1245 1146 :
1282 1092 1452 1148 Omne
1504 1100 1778 1162 peccatum
1835 1092 2192 1162 quodcunque

601 1183 790 1240 fecerit
817 1184 1014 1252 homo,
1049 1193 1197 1241 extra
1227 1200 1423 1254 corpus
1436 1195 1518 1241 est
1548 1202 1563 1246 ς
1589 1187 1711 1256 quia
1735 1185 1935 1240 nullum
1956 1186 2040 1239 hic
2067 1199 2189 1239 cor-

603 1278 806 1347 poralis
831 1278 915 1334 vel
967 1279 1278 1347 temporalis
1305 1278 1760 1348 concupiscentiae
1789 1285 2068 1347 peccatum
2097 1290 2192 1344 po-

603 1370 732 1426 terit
760 1370 985 1440 reperiri
1019 1387 1034 1426 :
1069 1370 1211 1426 unde
1238 1371 1429 1426 merito
1461 1381 1610 1426 extra
1643 1385 1838 1440 corpus
1879 1384 2000 1424 esse
2022 1368 2192 1438 quod-

607 1462 735 1517 libet
766 1463 873 1518 tale
902 1473 1181 1534 peccatum
1210 1464 1314 1518 dici
1359 1463 1593 1520 videtur.
1626 1465 1777 1532 Quod
1808 1465 1853 1519 si
1909 1464 2190 1519 adhaerens

603 1555 803 1609 mundo
854 1555 1159 1610 mundanus
1214 1555 1420 1624 homo,
1472 1555 1630 1625 longe
1684 1571 1743 1612 se
1791 1555 1918 1611 facit
1964 1572 1994 1610 a
2053 1555 2190 1620 Deo,

604 1648 924 1704 fornicando
953 1649 1022 1704 ab
1072 1650 1191 1720 ipso
1231 1650 1363 1716 Deo,
1416 1650 1468 1704 in
1519 1665 1715 1720 corpus
1759 1651 2031 1721 proprium
2063 1663 2191 1717 pec-

603 1753 709 1810 cat,
749 1744 871 1813 quia
911 1744 1177 1814 corporali
1205 1744 1658 1814 concupiscentia,
1711 1746 1765 1799 in
1796 1760 2017 1815 quaeque
2049 1754 2193 1801 tem-

605 1837 809 1906 poralia
836 1846 892 1891 et
920 1837 1174 1901 carnalia,
1224 1837 1422 1892 carnali
1478 1852 1638 1892 sensu
1682 1847 1736 1892 et
1785 1839 2062 1908 prudentia
2092 1838 2191 1894 hu-

2289 622 2501 679 lnitium
2534 628 2797 696 superbire
2825 628 3054 684 hominis
3074 639 3382 700 apostatare
3411 648 3445 685 a
3469 632 3590 686 Deo
3619 651 3632 694 ;
3663 648 3839 705 propter

2293 718 2432 785 quod
2466 718 2732 787 generalis
2761 718 3134 776 fornicationis
3163 723 3474 776 cavendum
3523 723 3718 778 malum
3743 727 3840 779 bea-

2295 817 2377 863 tus
2403 809 2638 867 Joannes
2660 813 2913 870 admonet
2929 814 3112 871 dicens
3128 834 3141 870 :
3158 816 3332 872 Nolite
3351 816 3591 885 diligere
3613 820 3841 886 mundum,

2292 917 2467 972 neque
2495 918 2559 958 ea
2577 920 2694 974 qua:
2709 915 2834 961 sunt
2859 908 2910 962 in
2934 909 3157 974 mundo,
3183 910 3440 980 quoniam
3471 926 3597 980 qua:
3618 912 3666 965 in
3690 917 3842 967 mundo

2293 1005 2449 1062 sunt,
2481 1000 2914 1068 concupiscentia
2973 1004 3153 1058 carnis
3197 1011 3301 1070 est,
3351 1014 3406 1059 et
3455 1009 3841 1075 concupiscentia

2293 1088 2592 1156 oculorum,
2633 1102 2688 1145 et
2716 1091 2941 1146 ambitio
2971 1094 3095 1148 vita:
3142 1095 3347 1161 seculi,
3382 1111 3516 1163 qua:
3577 1111 3679 1149 non
3713 1108 3840 1152 estex

2294 1182 2474 1247 Patre,
2508 1185 2602 1238 sed
2627 1200 2692 1239 ex
2723 1187 2956 1252 mundo;
2987 1197 3042 1241 et
3071 1189 3300 1243 mundus
3343 1189 3604 1250 transiet.
3629 1200 3840 1247 elconcu-

2295 1275 2552 1343 piscentia
2582 1277 2716 1346 ejus.
2752 1278 2850 1343 Qui
2902 1288 3080 1334 autem
3136 1279 3328 1335 fecerit
3376 1281 3710 1336 voluntatem
3760 1284 3838 1349 Dei,

2295 1378 2474 1423 manet
2504 1370 2556 1423 in
2583 1380 2842 1425 aeternum
2866 1413 2880 1436 ,
2910 1372 3150 1428 sicutille
3181 1383 3363 1429 manet
3397 1376 3457 1429 in
3477 1385 3742 1431 aeternum.
3768 1378 3836 1431 ista

2294 1476 2421 1530 ergo
2447 1462 2664 1517 dilectio
2685 1464 2904 1531 mundi,
2940 1480 3060 1535 quae
3103 1466 3473 1522 universalem
3515 1469 3568 1522 in
3605 1484 3661 1524 se
3687 1485 3833 1523 concu-

2294 1555 2610 1624 piscentiam
2638 1558 2879 1612 continet
2915 1558 3121 1624 mundi,
3158 1561 3429 1630 generalis
3467 1572 3554 1616 εει
3594 1562 3834 1630 fornicatéo,

2294 1663 2397 1718 qua
2429 1657 2680 1717 peccatur
2703 1650 2754 1702 in
2784 1664 2979 1718 corpus
3023 1650 3321 1718 proprium,
3372 1667 3442 1707 co
3480 1652 3618 1720 quod
3646 1654 3838 1707 omnibus

2293 1745 2663 1814 corporalibus
2686 1744 3077 1809 etvisibilibus,
3095 1754 3149 1800 et
3175 1747 3571 1816 temporalibus
3596 1747 3836 1815 desideriis,

2301 1847 2355 1893 et
2381 1837 2745 1907 voluptatibus
2800 1838 3049 1892 humanis
3089 1839 3464 1894 indesinenter
3493 1841 3652 1895 servit
3677 1843 3837 1896 animus

607 1943 798 1984 manus
826 1929 1033 1985 animus
1074 1929 1307 1984 trahitur
1351 1938 1510 2001 atque
1549 1930 1887 1999 distrahitur,
1928 1941 2191 1988 creaturae
2219 1931 2269 1992 B
2296 1930 2362 1986 ab
2391 1931 2507 2000 ipso
2535 1929 2794 1988 Creatore
2839 1931 3213 1986 universorum
3246 1931 3532 1989 desolatus
3557 1943 3702 2004 atque
3721 1933 3838 1990 dere-

611 2021 853 2077 serviens
903 2023 1078 2091 potius
1132 2037 1288 2091 quam
1320 2022 1582 2089 Creatori,
1626 2023 1716 2093 qui
1746 2034 1830 2079 est
1879 2023 2193 2081 benedictus

611 2115 665 2170 in
703 2116 918 2170 saecula.
976 2116 1064 2172 Sic
1111 2131 1259 2185 ergo,
1292 2124 1546 2185 quantum
1587 2118 1717 2172 mihi
1768 2117 1993 2184 videtur,
2043 2119 2192 2174 salva

609 2206 746 2276 fide,
804 2208 1024 2278 intelligi
1072 2217 1283 2277 potest,
1333 2209 1615 2278 utriusque
1671 2210 2037 2265 fornicationis
2077 2225 2193 2265 ma-

607 2302 738 2369 lum,
773 2310 878 2358 tam
903 2303 1154 2372 specialis
1176 2318 1334 2373 quam
1366 2304 1704 2370 universalis,
1748 2304 1804 2359 in
1833 2305 1937 2359 hoc
1970 2321 2075 2360 uno
2103 2320 2192 2361 ca-

607 2394 925 2463 pitulotanti
950 2404 1004 2448 et
1048 2403 1154 2448 tam
1207 2396 1384 2465 magni
1422 2395 1692 2464 Doctoris,
1725 2397 1812 2452 ubi
1866 2397 1940 2452 ait
1975 2415 1986 2450 :
2019 2398 2191 2455 Omne

608 2496 880 2555 peccatum
904 2488 1258 2556 quodcunque
1282 2486 1471 2542 fecerit
1497 2487 1678 2553 homo,
1703 2497 1853 2544 extra
1870 2498 2189 2560 corpusest;

605 2579 696 2649 qui
725 2588 903 2634 autem
940 2580 1266 2646 fornicatur,
1293 2579 1343 2634 in
1391 2595 1584 2650 corpus
1621 2585 1896 2650 proprium
1956 2592 2140 2652 peccat
2171 2601 2183 2636 :

606 2677 666 2723 ut
693 2671 1146 2741 autexaggeratio
1183 2671 1321 2726 facta
1351 2673 1422 2727 sit
1449 2673 1517 2728 ab
1566 2673 1827 2743 Apostolo
1878 2674 2036 2744 hujus
2067 2690 2190 2746 spe-

609 2762 760 2817 cialis
790 2764 1186 2830 fornicationis,
1215 2781 1315 2834 qua
1346 2767 1395 2820 in
1427 2781 1624 2837 corpus
1655 2769 1925 2837 proprium
1981 2769 2192 2838 peccari

605 2867 750 2914 recte
772 2859 1113 2929 intelligitur,
1145 2861 1267 2931 quia
1299 2875 1562 2931 nusquam
1590 2862 1666 2917 sic
1703 2871 1844 2917 totus
1885 2863 2044 2918 homo
2072 2879 2193 2918 cor-

605 2952 748 3020 poris
795 2953 962 3021 ipsius
992 2953 1250 3022 voluptati
1284 2954 1573 3020 addicitur,
1617 2965 1670 3010 et
1703 2953 2062 3020 ineffabiliter,
2108 2955 2192 3011 vel

605 3043 1010 3110 inevitabiliter,
1038 3045 1294 3115 affigitur,
1315 3057 1372 3100 ut
1395 3047 1448 3100 in
1471 3048 2193 3118 comparationehujustanti

605 3137 732 3190 mali
775 3147 969 3193 caetera
1009 3148 1224 3206 peccata
1271 3148 1420 3194 extra
1475 3155 1673 3211 corpus
1725 3156 1846 3196 esse
1879 3141 2188 3210 videantur,

605 3229 817 3285 etiamsi
852 3246 945 3298 per
977 3247 1174 3302 corpus
1201 3243 1577 3292 exerceantur.
1610 3236 2073 3302 Quemadmodum
2107 3252 2192 3291 so-

606 3323 711 3379 lius
759 3326 1129 3384 fornicationis
1173 3330 1256 3384 vis
1286 3332 1529 3399 quzcdam
1574 3333 1878 3401 imperiosae
1932 3334 2190 3400 libidinis,

605 3417 893 3473 conditioni
941 3434 1054 3474 suae
1083 3421 1284 3487 subdit,
1321 3423 1702 3494 propriumque
1742 3426 1905 3495 ipsius
1946 3429 2191 3497 corporis

606 3511 930 3582 mancipium
959 3513 1253 3583 pessimum
1283 3514 1429 3582 facit,
1463 3527 1706 3586 tempore
1748 3520 1979 3574 maxime
2025 3521 2190 3590 ipsius

603 3599 1044 3659 immundissimte
1060 3607 1410 3675 Operationis,
1442 3618 1502 3664 ut
1522 3610 1665 3664 aliud
1689 3610 1813 3682 quid
1840 3615 2190 3680 praeterquod

604 3694 712 3762 agit
738 3695 790 3749 in
814 3695 931 3763 ipso
961 3711 1192 3766 corpore
1236 3713 1342 3752 non
1389 3700 1460 3753 sit
1493 3700 1717 3756 liberum
1748 3703 1996 3758 humanae
2025 3707 2192 3761 menti

605 3788 688 3838 vel
720 3787 954 3854 cogitare
985 3789 1069 3842 vel
1098 3781 1396 3845 intendere.
1429 3790 1486 3846 Si
1504 3803 1682 3847 autem
1705 3794 1864 3848 etiam
1885 3797 2190 3865 generalem

605 3876 910 3943 significare
940 3879 1106 3934 voluit
1158 3882 1448 3950 Apostolus
1495 3882 1936 3954 fornicationem,
1973 3899 2192 3958 propter

606 3983 764 4037 qnam
805 3969 1008 4026 dixisse
1046 3972 1326 4028 videatur:
1370 3975 1542 4031 Omne
1591 3987 1870 4045 peccatum
1915 3979 2193 4048 quodcun-

605 4077 712 4130 que
744 4062 930 4118 fecerit
955 4064 1139 4128 homo,
1166 4075 1315 4122 extra
1344 4083 1542 4139 corpus
1566 4079 1679 4137 est;
1708 4072 1797 4142 qui
1821 4081 1998 4128 autem
2026 4073 2193 4131 forni-

604 4165 778 4224 catur,
810 4157 862 4212 in
895 4172 1092 4228 corpus
1123 4162 1396 4230 proprium
1447 4173 1655 4233 peccat,
1688 4165 1766 4220 sic
1818 4168 2191 4237 accipiendum

605 4257 690 4303 est
719 4260 771 4304 et
814 4249 1253 4323 intelligendum,
1295 4264 1353 4308 ut
1388 4256 1614 4326 quisque
1645 4257 1771 4313 dum
1805 4274 1910 4314 non
1952 4261 2194 4318 adhaeret

606 4339 738 4407 Deo,
768 4342 858 4411 qui
888 4343 1118 4398 adhaesit
1169 4346 1390 4415 mundo,
1421 4351 1600 4404 omnia
1643 4359 1819 4407 tamen
1878 4356 2191 4422 temporalia

609 4433 835 4503 diligens
864 4449 917 4493 et
935 4442 1344 4510 consupiscens,
1377 4446 1571 4500 merito
1604 4446 1655 4500 in
1676 4461 1873 4516 corpus
1913 4450 2191 4518 proprium

606 4538 829 4596 peccare
883 4531 1113 4598 dicatur,
1171 4535 1223 4589 id
1279 4545 1382 4606 est,
1438 4539 1709 4594 universas
1739 4543 2192 4612 concupiscentia:

605 4623 807 4677 carnali
839 4624 1050 4683 deditus
1098 4638 1153 4684 et
1208 4631 1454 4686 subditus
1507 4633 1702 4700 factus,
1739 4644 1991 4707 tanquam
2051 4648 2191 4695 totus

2297 2026 2478 2082 lictus.

2777 2098 3004 2157 CAPUT
3041 2099 3400 2155 CCCXXX".

2864 2191 2945 2247 De
2970 2194 3180 2247 scientia
3208 2191 3325 2246 Dei.

2364 2305 2536 2361 Omne
2582 2306 2909 2376 praeteritum
2955 2308 3066 2376 jam
3117 2321 3225 2362 non
3277 2317 3387 2367 est;
3436 2318 3584 2358 omne
3627 2303 3843 2359 futurum

2295 2400 2530 2454 nondum
2563 2410 2675 2467 est;
2707 2415 2866 2455 omne
2903 2399 3065 2471 igitur
3094 2411 3148 2455 et
3179 2401 3515 2473 praeteritum,
3538 2407 3593 2451 et
3629 2399 3841 2451 futurum

2295 2495 2466 2550 deest.
2511 2496 2663 2565 Apud
2709 2496 2875 2551 Deum
2913 2505 3092 2552 autem
3139 2495 3274 2550 nihil
3315 2495 3504 2550 deesse
3541 2493 3840 2563 [deestjmet

2299 2587 2627 2656 praeteritum
2659 2587 2840 2657 igitur,
2889 2603 2989 2643 nec
3036 2587 3304 2654 futurum,
3338 2587 3438 2642 sed
3468 2600 3622 2640 omne
3649 2599 3836 2655 prsscrs

2297 2688 2382 2736 est
2406 2678 2545 2748 apud
2575 2678 2765 2734 Deum.

2812 2811 2820 2818 -
2856 2772 2934 2827 De
2962 2775 3096 2828 trina
3125 2775 3328 2829 virtute.

2367 2866 2537 2920 Omne
2593 2867 2735 2936 quod
2791 2874 2908 2932 est,
2961 2866 3104 2921 aliud
3154 2877 3234 2921 est
3288 2882 3401 2938 quo
3460 2877 3679 2933 constat;
3715 2865 3820 2921 aliud

2295 2975 2402 3030 quo
2433 2959 2786 3024 discernitur;
2811 2959 2956 3015 aliud
2988 2975 3093 3030 quo
3122 2961 3396 3030 congruit.
3451 2961 3685 3018 Universa
3707 2962 3821 3031 igitur

2297 3064 2540 3110 creatura
2574 3058 2616 3109 si
2647 3063 2702 3108 et
2729 3064 2811 3110 est
2841 3071 3055 3124 quoquo
3088 3057 3248 3109 modo
3273 3066 3328 3110 et
3358 3057 3432 3110 ah
3465 3072 3536 3113 eo
3566 3058 3676 3127 quod
3697 3055 3808 3109 omni-

2299 3164 2366 3203 no
2391 3149 2522 3204 nihil
2550 3160 2633 3205 est
2662 3149 2946 3218 plurimum
2979 3150 3158 3219 distat,
3189 3159 3242 3204 et
3267 3151 3384 3205 suis
3417 3150 3798 3220 partibussibiset

2297 3247 2562 3314 congruit.
2589 3243 2819 3298 Causam
2871 3259 3080 3314 quoque
3113 3244 3227 3314 ejus
3261 3247 3473 3301 trinam
3519 3263 3611 3302 esse
3635 3250 3780 3311 oportet,

2226 3328 2270 3391 C
2301 3353 2403 3407 qua
2431 3337 2521 3404 sit,
2551 3352 2653 3406 qua
2684 3337 2785 3392 hoc
2814 3338 2900 3402 sit,
2927 3353 3029 3407 qua
3058 3337 3158 3391 sibi
3187 3340 3359 3392 amica
3392 3339 3497 3394 sit.
3525 3338 3794 3394 Cratinum-

2299 3441 2403 3484 tem
2429 3444 2668 3497 causam,
2699 3429 2751 3484 id
2781 3440 2863 3484 est
2892 3438 3162 3484 auctorem
3196 3430 3368 3484 Deum
3401 3433 3643 3485 dicimus.
3663 3431 3808 3496 Oportet

2297 3539 2423 3594 ergo
2474 3538 2594 3579 esse
2643 3522 2953 3590 trinitatem,
3004 3538 3106 3592 qua
3152 3523 3280 3577 nihil
3323 3525 3680 3592 praestantius,
3717 3519 3819 3572 istas

2297 3619 2545 3688 ligentius
2589 3627 2644 3673 et
2688 3617 2897 3672 beatius
2937 3617 3178 3672 invenire
3222 3616 3462 3685 perfecta
3513 3617 3644 3672 ratio
3681 3623 3824 3684 potest;

2297 3711 2525 3781 ideoque
2551 3712 2714 3766 etiam
2757 3725 2878 3765 cum
2919 3711 3119 3766 veritas
3165 3710 3441 3777 quaeritur,
3477 3712 3745 3778 plusquam
3770 3704 3834 3758 tria

2294 3819 2492 3876 genera
2518 3806 2871 3872 quaestionum
2896 3819 3017 3860 esse
3043 3821 3148 3859 non
3175 3816 3394 3874 possunt
3419 3825 3430 3856 :
3457 3814 3632 3857 utrum
3661 3801 3838 3856 omnia)

2295 3899 2385 3961 sit,
2418 3908 2595 3954 utrum
2628 3899 2730 3954 hoc
2758 3915 2824 3954 an
2857 3899 3000 3954 aliud
3032 3901 3123 3964 sit,
3154 3907 3328 3953 utrum
3353 3896 3747 3968 approbandum
3779 3896 3844 3948 im-

2295 3992 2697 4063 probandumve
2726 3992 2817 4047 sit.

2807 4084 2884 4138 De
2913 4085 3021 4140 Dea
3048 4095 3095 4139 et
3123 4094 3381 4140 creatura.

2367 4179 2520 4248 Quod
2570 4178 3006 4236 incommutabile
3051 4186 3136 4233 est
3185 4187 3450 4233 aeternum
3511 4186 3636 4241 est,
3681 4184 3845 4240 semper

2295 4273 2442 4328 enim
2468 4272 2707 4341 ejusdem
2731 4272 2873 4326 modi
2895 4281 3008 4339 est;
3031 4271 3174 4342 quod
3205 4280 3381 4326 autem
3413 4267 3774 4324 commutabile
3790 4275 3848 4318 est

2297 4365 2521 4435 tempori
2536 4365 2825 4420 obnoxium
2848 4374 2949 4429 est,
2965 4381 3072 4420 non
3085 4364 3229 4421 enim
3251 4379 3469 4433 semper
3487 4364 3720 4433 ejusdem
3741 4357 3845 4414 medi

2295 4467 2410 4524 est,
2461 4469 2515 4512 et
2573 4457 2693 4512 ideo
2741 4466 2998 4512 mternum
3059 4467 3206 4512 recte
3265 4473 3376 4512 non
3437 4457 3647 4512 dicitur
3692 4473 3701 4507 :
3741 4449 3842 4521 quod

2296 4553 2438 4608 enim
2485 4561 2720 4606 mutatur
2750 4567 2858 4606 non
2891 4560 3104 4615 manet,
3137 4550 3282 4620 quod
3314 4567 3424 4604 non
3455 4562 3647 4606 manet
3671 4563 3747 4602 son
3776 4550 3839 4596 est

2295 4655 2589 4710 :eternum;
2625 4644 2785 4714 idque
2830 4642 3097 4715 [ideoque]
3129 4643 3269 4698 inter
3302 4644 3622 4699 immortale
3661 4650 3845 4698 etaeta-

605 4722 862 4770 creaturte
889 4732 1075 4773 servus
1102 4720 1170 4774 ab
1199 4722 1318 4791 ipso
1342 4723 1600 4778 Creatore
1631 4726 1840 4782 alienus
1863 4770 1875 4794 ,
1908 4743 2005 4799 per
2037 4729 2182 4785 illam
2218 4728 2273 4790 D
2299 4754 2421 4794 num
2441 4739 2685 4804 interest,
2702 4738 2843 4808 quod
2867 4753 3024 4792 omne
3045 4745 3302 4792 aeternum
3325 4739 3650 4794 immortale
3669 4745 3756 4797 est,
3776 4745 3848 4784 usa

605 4805 813 4861 initium
849 4811 1023 4864 omnis
1078 4816 1283 4881 peccati
1342 4816 1688 4887 superbiam;
1719 4818 1874 4888 cujus
1921 4822 2189 4891 superbia:

604 4903 813 4958 initium
844 4915 949 4970 est,
983 4917 1038 4961 ut
1067 4910 1323 4978 scriptum
1340 4921 1770 4983 est,apostatare
1799 4930 1827 4968 a
1853 4916 1983 4971 Deo.
2017 4920 2061 4972 Α
2083 4933 2190 4986 quo

603 5000 838 5065 generali
879 5000 1254 5059 fornicationis
1309 5007 1450 5062 malo
1481 5009 1708 5080 quisque
1763 5011 1992 5079 alienus,
2017 5013 2193 5083 quod-

603 5106 813 5163 cunque
835 5095 977 5151 aliud
1010 5107 1286 5167 peccatum
1343 5104 1594 5173 potuerit,
1623 5113 1682 5160 ut
1731 5105 1894 5161 homo
1921 5108 2191 5177 corrupti-

605 5184 725 5239 bilis
752 5186 926 5243 adhuc
955 5199 1010 5245 et
1051 5192 1315 5260 mortalis,
1369 5195 1669 5266 incurrere,
1700 5197 1801 5254 hoc
1858 5199 2191 5268 intelligatur

603 5285 752 5332 extra
784 5293 979 5350 corpus
1009 5297 1152 5348 esse,
1182 5285 1235 5340 id
1265 5295 1369 5355 est,
1395 5299 1544 5344 extra
1578 5292 1874 5361 corporalis
1902 5300 1959 5346 et
1985 5297 2193 5362 tempo-

605 5371 735 5426 ralis
761 5375 936 5431 omnis
961 5382 1415 5450 concupiscentiae
1438 5385 1661 5450 malum,
1689 5387 1925 5442 alienum
1949 5403 2069 5444 esse
2093 5404 2190 5444 ex-

608 5475 686 5521 tra
711 5481 930 5539 corpus,
961 5483 1020 5528 ut
1053 5489 1197 5544 saepe
1245 5478 1446 5534 dictum
1496 5489 1581 5536 est
1607 5495 1751 5537 esse.
1792 5483 2192 5539 Tantummodo

606 5559 748 5615 enim
780 5565 1009 5620 carnalis
1036 5575 1091 5622 et
1113 5571 1380 5637 generalis
1409 5572 1517 5645 93
1547 5575 1999 5644 concupiscentiae
2024 5577 2189 5643 malo,

607 5668 703 5724 per
729 5656 910 5711 omnia
934 5656 1236 5717 fornicatur
1251 5667 1428 5720 anima
1447 5683 1477 5720 a
1501 5666 1636 5735 Deo,
1664 5675 1910 5738 tanquam
1945 5683 2192 5736 corpora-

607 5747 745 5804 libus
781 5758 837 5806 et
867 5755 1248 5822 temporalibus
1299 5758 1584 5816 desideriis
1628 5770 1684 5816 et
1730 5761 2191 5818 delectationibus

611 5841 804 5912 illigata
829 5854 883 5901 et
905 5847 1172 5918 devincta,
1201 5851 1253 5906 in
1281 5867 1477 5923 corpus
1503 5857 1782 5927 proprium
1808 5865 2016 5926 peccat,
2037 5856 2193 5927 cujus

613 5933 986 5995 universaliter
1040 5945 1487 6012 concupiscentiae
1555 5948 1832 6014 serviens,
1882 5949 2193 6007 incurvatur

2299 4848 2459 4889 omne
2505 4833 2806 4888 immortale
2848 4832 2979 4886 satis
3018 4831 3283 4887 subtiliter
3327 4834 3609 4888 aeternum
3653 4831 3852 4886 dicitur:

2299 4926 2419 4994 quia
2451 4926 2553 4981 etsi
2579 4939 2792 4994 semper
2819 4923 3018 4993 aliquid
3044 4924 3208 4989 vivat,
3240 4933 3418 4978 tamen
3449 4925 3549 4995 [si]
3583 4922 3852 4980 mutabiliu-

2303 5027 2406 5071 tem
2437 5018 2685 5085 patiatur,
2717 5029 2821 5069 non
2873 5016 3086 5085 proprie
3118 5023 3382 5069 aeternum
3414 5017 3753 5084 appellatur,
3776 5010 3856 5081 qui:

2300 5124 2404 5164 non
2435 5123 2646 5178 semper
2684 5107 2928 5176 ejusdem
2958 5107 3100 5162 modi
3131 5115 3247 5174 est,
3276 5109 3531 5178 quamvis
3567 5105 3858 5164 immortalt.

2299 5201 2418 5272 quia
2434 5200 2809 5270 semper,vivit,
2823 5209 2966 5255 recte
2978 5199 3082 5254 dici
3100 5201 3295 5270 possit:
3313 5211 3545 5256 vocatur
3564 5212 3746 5256 tamen
3758 5208 3865 5253 tta-

2299 5312 2425 5351 num
2460 5295 2730 5350 interdum
2763 5293 2927 5350 etiam
2961 5295 3100 5364 quod
3144 5295 3443 5350 immortale
3474 5305 3586 5351 est.
3622 5296 3748 5350 Illud
3773 5303 3866 5345 vero

2297 5391 2440 5460 quod
2490 5396 2543 5444 et
2592 5387 2943 5442 mutationem
2989 5387 3207 5456 patitur.
3241 5396 3296 5443 et
3343 5390 3544 5443 anima:
3596 5383 3870 5460 present'a.

2297 5497 2418 5536 cum
2451 5480 2627 5533 anima
2655 5494 2760 5534 non
2790 5477 2891 5545 sit,
2921 5478 3102 5533 vivere
3132 5477 3349 5544 dicitur,
3383 5495 3564 5547 neque
3600 5476 3873 5535 immortale

2298 5573 2407 5628 ullo
2431 5572 2612 5638 modo,
2641 5582 2696 5626 et
2721 5572 2887 5626 multo
2919 5573 3094 5626 minus
3125 5580 3388 5626 aeternum
3416 5573 3659 5643 intelligi
3685 5577 3874 5643 potest:

2297 5665 2349 5721 in
2381 5675 2580 5720 aeterno
2612 5663 2916 5736 [teternum,
2943 5666 3052 5718 sine
3079 5661 3152 5733 in]
3184 5664 3328 5718 enim
3357 5679 3484 5718 cum
3517 5666 3749 5734 proprie
3772 5661 3876 5716 diri-

2298 5768 2402 5828 tur,
2424 5771 2596 5827 neque
2617 5756 2903 5827 quidquam
2935 5758 3262 5827 praeteritum
3289 5757 3444 5829 quasi
3477 5757 3790 5819 transierit,
3809 5766 3880 5809 nc-

2296 5867 2404 5924 que
2432 5851 2718 5921 quidquam
2750 5849 3007 5917 futurum,
3036 5853 3187 5920 quasi
3217 5850 3455 5908 nondum
3485 5851 3584 5920 sit,
3617 5851 3725 5908 sed
3752 5846 3879 5918 quid-

2295 5945 2424 6015 quid
2450 5951 2554 6010 est,
2586 5941 2948 6000 tantummodo
2975 5951 3077 5997 est.
