4010 6382
164 412 299 471 1057

322 530 401 587 De
425 534 537 588 loco
566 532 687 601 Dei;
714 549 778 589 ea:
801 534 932 591 libro
963 536 1311 604 Questionum
1340 558 1584 601 Lxxxvtt.

228 648 369 706 Deus
394 665 499 706 non
528 650 718 708 alicubi
747 660 830 709 est
859 670 873 709 :
905 654 1045 725 quod
1072 656 1263 714 alicubi
1292 658 1435 714 enim
1467 669 1571 728 est,
1596 675 1730 717 con-

162 741 359 797 tinetur
385 742 531 809 loco;
564 744 707 815 quod
735 748 1040 804 continetur
1068 748 1209 817 loco,
1236 766 1429 821 corpus
1459 762 1569 818 est;
1604 754 1747 811 Deus

160 844 337 888 autem
366 851 472 890 non
502 845 585 891 est
611 851 835 908 corpus;
864 855 968 895 non
1008 840 1167 911 igitur
1196 843 1393 898 alicubi
1422 852 1505 900 est
1536 861 1551 897 :
1584 854 1636 900 et
1664 854 1746 901 ta-

160 940 283 981 men
308 927 429 997 quia
460 936 574 995 est,
601 938 655 986 et
684 929 738 985 in
768 931 887 987 loco
930 947 1037 988 non
1078 943 1192 1001 est,
1216 935 1271 991 in
1304 936 1393 991 illo
1423 946 1549 993 sunt
1575 940 1748 1008 potius

158 1019 335 1072 omnia
366 1034 523 1089 quam
555 1021 671 1092 ipse
700 1023 925 1091 alicubi,
955 1040 1055 1082 nec
1099 1037 1275 1083 tamen
1307 1028 1379 1084 ita
1409 1030 1462 1085 in
1495 1031 1589 1085 illo
1619 1035 1636 1054 '
1665 1029 1749 1104 [ut

157 1110 275 1177 ipse
298 1110 510 1177 alicubi,
536 1122 708 1170 tamen
738 1116 811 1171 ita
841 1118 892 1172 in
921 1117 1035 1190 illo]
1064 1128 1121 1174 ut
1144 1120 1260 1189 ipse
1285 1120 1356 1176 sit
1384 1122 1550 1177 locus.
1574 1122 1749 1179 Locus

154 1201 299 1256 enim
332 1204 385 1258 in
417 1206 593 1276 spatio
618 1217 720 1273 est,
747 1209 887 1278 quod
914 1209 1272 1281 longitudine,
1303 1211 1601 1283 latitudine,
1628 1213 1751 1268 alti-

154 1294 339 1351 tudine
365 1299 609 1369 corporis
636 1310 955 1371 occupatur;
986 1318 1086 1358 nec
1106 1302 1249 1359 Deus
1273 1305 1377 1359 tale
1400 1305 1601 1373 aliquid
1627 1315 1747 1361 est:

153 1394 209 1439 ει
234 1387 412 1442 omnia
444 1388 688 1459 igitur-in
723 1392 838 1461 ipso
867 1402 1010 1463 sunt,
1040 1403 1095 1450 et
1130 1394 1278 1451 locus
1310 1411 1415 1452 non
1444 1406 1548 1453 est.
1578 1397 1751 1454 Locus

158 1482 334 1533 tamen
364 1480 458 1535 Dei
482 1481 704 1538 abusive
728 1484 925 1541 dicitur
953 1488 1208 1557 templum
1239 1487 1358 1558 Dei,
1382 1506 1489 1545 non
1516 1492 1656 1561 quod
1687 1508 1751 1549 eo

155 1569 516 1639 contineatur,
542 1574 635 1630 sed
664 1576 807 1647 quod
837 1578 886 1633 ei
920 1594 1155 1648 prmsens
1189 1581 1279 1636 sit.
1320 1582 1378 1638 ld
1416 1591 1593 1654 autem
1619 1583 1752 1641 nihil

162 1662 355 1719 melius
385 1681 543 1736 quam
584 1669 760 1724 anima
792 1672 989 1728 munda
1020 1673 1332 1745 intelligitur

633 1777 861 1837 CAPUT
898 1783 1268 1842 CCCXXXIII.

225 1867 303 1925 De
333 1874 651 1942 providentia
680 1876 805 1943 Dei,
833 1894 900 1933 ea:
926 1880 1055 1935 libro
1088 1881 1435 1947 Quwsuonum
1459 1901 1673 1942 uxxnv.

231 1984 375 2042 Fieri
411 1997 588 2058 potest
612 1999 670 2045 ut
697 2006 793 2063 per
824 1993 1019 2049 malum
1052 1996 1321 2055 hominem
1358 2000 1537 2057 divina
1568 2003 1746 2073 provi-

150 2076 334 2133 dentia
375 2090 429 2136 et
472 2083 653 2150 puniat
679 2092 733 2139 et
761 2086 1055 2155 opituletur
1098 2108 1109 2142 :
1156 2106 1279 2146 nam
1310 2092 1615 2150 Judaeorum
1645 2096 1744 2150 im-

149 2169 319 2237 pietas
345 2182 398 2227 et
423 2173 613 2230 ludam
643 2177 1036 2247 supplantavit,
1068 2190 1122 2236 et
1155 2185 1406 2253 gentibus
1432 2187 1591 2242 saluti
1619 2189 1739 2244 fuit.

150 2264 281 2322 Item
315 2267 429 2324 ﬁeri
470 2280 647 2338 potest
670 2274 735 2328 ut
762 2274 939 2330 divina
981 2278 1314 2347 providentia
1345 2296 1441 2351 per
1470 2282 1742 2339 hominem

150 2356 350 2413 bonum
382 2370 435 2416 et
466 2362 690 2419 damnet
734 2375 791 2421 et
834 2366 1071 2437 adjuvet,
1102 2370 1242 2425 sicut
1285 2372 1360 2426 ait
1406 2374 1697 2442 Apostolus
1727 2390 1741 2428 :

150 2445 289 2502 Aliis
328 2464 514 2507 sumus
557 2455 692 2510 odor
732 2456 859 2511 vitae
906 2459 957 2515 in
1004 2460 1190 2530 vitam,
1222 2462 1341 2518 aliis
1390 2474 1565 2521 autem
1614 2466 1746 2522 odor

150 2541 345 2595 mortis
387 2542 439 2596 in
491 2554 739 2602 mortem.
790 2548 895 2604 Sed
943 2566 1064 2606 cum
1109 2555 1283 2609 omnis
1334 2556 1624 2625 tribulatio,
1656 2570 1748 2617 aut

147 2645 311 2699 pmna
336 2635 619 2705 impiorum
648 2641 739 2708 sit,
760 2652 852 2699 aut
871 2646 1187 2703 exercitatio
1206 2648 1494 2719 justorum,
1513 2653 1632 2724 quia
1651 2670 1746 2710 ea-

145 2722 271 2779 dem
292 2727 632 2787 tribulatioet
650 2734 856 2803 paleam
879 2739 1131 2809 concidit,
1151 2749 1206 2796 et
1220 2741 1486 2801 frumenta
1519 2722 1548 2801 τὶ
1578 2746 1747 2818 paleis

144 2817 374 2883 excutit,
400 2820 539 2876 unde
558 2824 828 2882 tribulatio
843 2843 1039 2885 nomen
1062 2834 1485 2902 accepit;rursus
1503 2817 1625 2895 cum
1645 2856 1746 2910 pax

143 2915 207 2962 et
236 2910 392 2979 quies
434 2927 464 2966 a
495 2916 760 2974 molestiis
789 2922 1169 2992 saecularibus,
1213 2935 1267 2981 et
1312 2928 1483 2985 bonos
1512 2930 1749 2989 lucretur

143 3010 204 3056 et
234 3018 541 3078 corrumpat
571 3011 760 3080 malos,
791 3016 973 3071 omnia
1024 3017 1138 3075 haec
1180 3020 1360 3077 divina
1409 3023 1749 3092 providentia

144 3110 249 3165 pro
288 3101 496 3159 meritis
543 3106 853 3164 moderatur
898 3111 1227 3181 animarum;
1272 3116 1367 3171 sed
1420 3126 1595 3175 tamen
1640 3137 1746 3177 non

140 3186 254 3241 sibi
286 3189 490 3260 eligunt
521 3194 648 3251 boni
678 3199 1035 3257 ministerium
1078 3205 1469 3277 tribulationis,
1498 3226 1595 3267 nec
1622 3214 1748 3271 mali

140 3294 545 3397 amaintpacem
571 3306 586 3345 :
615 3307 784 3397 quare
808 3295 909 3397 ipsi
936 3313 1148 3369 quoque
1183 3316 1282 3397 per
1305 3318 1441 3373 quos
1469 3304 1521 3397 id
1557 3309 1733 3379 agitur
1772 3330 1820 3397 ρ

137 3375 290 3443 quod
336 3377 578 3448 ignorant
623 3399 730 3439 non
766 3386 1013 3454 justitiae,
1044 3405 1165 3458 quae
1194 3392 1425 3448 refertur
1454 3396 1520 3450 ad
1552 3375 1741 3466 Deum,

143 3468 249 3524 sed
270 3471 668 3530 malevolentia
694 3492 807 3531 suae
830 3480 1132 3536 mercedem
1159 3484 1429 3555 accipiunt
1452 3502 1467 3544 :
1491 3489 1747 3556 quemad-

137 3561 370 3617 modum
404 3579 506 3620 nec
537 3566 691 3621 bonis
720 3569 1011 3638 imputatur
1039 3572 1180 3642 quod
1211 3574 1340 3644 ipsis
1371 3577 1625 3645 prodesse
1652 3594 1742 3633 vo-

140 3654 385 3711 lontibus
417 3668 640 3713 nocetur
668 3661 866 3729 alicui,
895 3664 989 3717 sed
1026 3664 1168 3719 bono
1212 3666 1394 3722 animo
1423 3668 1747 3726 benevolen—

144 3749 241 3804 tiae
284 3754 562 3819 praemium
612 3755 882 3825 tribuitur.
917 3759 994 3811 lta
1043 3759 1205 3814 etiam
1251 3773 1448 3818 caetera
1495 3773 1741 3819 creatura

138 3856 251 3909 pro
282 3845 485 3901 meritis
516 3847 809 3905 animarum
850 3850 1189 3907 rationalium
1214 3897 1227 3919 ,
1261 3855 1347 3909 vel
1399 3858 1633 3912 sentitur
1662 3858 1744 3914 vel

138 3933 302 4001 latet,
331 3937 414 3991 vel
444 3939 683 3995 modesta
716 3942 1005 4015 [molesta],
1036 3946 1116 4001 vel
1146 3948 1428 4003 commoda
1455 3959 1557 4005 est.
1588 3951 1742 4008 Sum-

138 4040 243 4080 mo
272 4028 412 4081 enim
452 4029 563 4085 Deo
593 4042 786 4087 cuncta
828 4033 966 4089 bene
1012 4036 1419 4107 administrante
1447 4057 1565 4110 qum
1597 4041 1742 4109 fecit,

140 4114 288 4170 nihil
320 4116 681 4176 inordinatum
710 4122 764 4178 in
796 4124 1069 4192 universo,
1095 4128 1331 4199 nihilque
1354 4130 1609 4200 injustutn
1640 4145 1745 4203 est,

139 4206 269 4261 sive
295 4209 611 4280 scientibus,
640 4213 753 4270 sive
780 4216 1141 4273 nescientibus
1172 4220 1354 4286 nobis;
1386 4224 1479 4277 sed
1512 4224 1565 4278 in
1598 4236 1747 4295 parte

136 4300 443 4359 oﬂ'enditur
470 4306 648 4363 anima
678 4309 952 4379 peccatrix
996 4329 1008 4365 :
1054 4321 1232 4368 tamen
1258 4314 1382 4384 quia
1416 4331 1511 4386 pro
1541 4319 1747 4375 meritis

136 4400 225 4457 ibi
254 4410 336 4457 est
364 4402 455 4458 ubi
484 4420 605 4462 esse
632 4407 791 4462 talem
824 4407 1001 4475 decet,
1033 4418 1088 4465 et
1117 4423 1180 4465 ea
1210 4410 1408 4480 patitur
1433 4427 1552 4483 quae
1584 4414 1745 4471 talem

134 4494 261 4564 pati
308 4509 518 4567 tequum
560 4506 666 4566 est,
700 4501 1004 4558 universum
1054 4520 1277 4575 regnum
1326 4507 1422 4563 Dei
1465 4508 1610 4564 nulla
1648 4524 1745 4565 sua

131 4585 394 4644 foeditate
418 4588 703 4647 deformat.
732 4592 1090 4660 Quamobrem
1120 4613 1373 4669 quoniam
1416 4616 1524 4657 non
1567 4604 1745 4658 omnia

129 4678 402 4734 novimus
424 4696 544 4752 quae
570 4682 638 4739 de
661 4684 814 4741 nobis
841 4686 978 4745 bene
1006 4688 1115 4760 agit
1139 4690 1273 4747 ordo
1294 4691 1529 4762 divinus,
1553 4695 1605 4749 in
1632 4696 1747 4752 sola
1773 4713 1824 4774 ι)

129 4773 295 4828 bona
324 4772 600 4830 voluntate
628 4778 923 4834 secundum
966 4781 1139 4852 legem
1182 4784 1408 4854 agimus,
1440 4785 1495 4841 in
1534 4790 1747 4845 caeteris

128 4875 334 4922 autem
385 4870 681 4927 secundum
724 4873 895 4944 legem
944 4878 1172 4947 agimur,
1205 4894 1326 4935 cum
1378 4881 1463 4938 lex
1509 4884 1619 4953 ipsa
1659 4885 1745 4941 in-

134 4960 557 5017 commutabilis
590 4975 826 5032 maneat,
855 4973 911 5021 et
939 4969 1119 5025 omnia
1148 4972 1422 5028 mutabilia
1452 4975 1748 5044 pulcherri-

129 5064 235 5105 ma
265 5050 656 5120 gubernatione
682 5057 1013 5117 moderetur.
1042 5059 1222 5117 Gloria
1251 5063 1411 5134 igitur
1439 5066 1491 5120 in
1522 5068 1748 5125 excelsis

127 5144 286 5212 Deo,
312 5154 366 5201 ει
393 5146 447 5202 in
480 5157 622 5206 terra
652 5165 758 5221 pax
792 5152 1100 5212 hominibus
1130 5156 1286 5213 bonae
1317 5158 1624 5217 voluntatis.

554 5264 667 5340 94
701 5268 927 5327 CAPUT
961 5270 1331 5329 cccxxxrv.

125 5375 225 5432 De
255 5389 319 5431 eo
346 5378 485 5448 quod
511 5380 759 5451 scriptum
786 5392 860 5438 est
900 5362 935 5459 ς’
960 5385 1157 5459 Habitu
1200 5389 1433 5444 inventus
1474 5397 1529 5443 ut
1568 5387 1743 5459 homo,

712 5469 777 5508 ex
822 5457 998 5511 eodem
1022 5458 1172 5514 libro.

216 5562 407 5619 Multis
432 5566 607 5623 modis
632 5567 871 5625 habitum
894 5571 1118 5631 dicimus
1143 5592 1157 5629 :
1182 5575 1267 5632 vel
1290 5575 1526 5632 habitum
1549 5576 1739 5645 animi,

126 5655 313 5712 sicuti
352 5666 437 5712 est
484 5659 851 5730 cujuscunque
880 5662 1181 5735 disciplinae
1214 5669 1489 5739 perceptio
1521 5686 1621 5726 usu
1653 5687 1737 5728 ro-

70 5810 73 5817 _
126 5754 341 5807 borata
380 5760 540 5823 atque
569 5753 808 5823 ﬁrmata;
842 5756 927 5813 vel
958 5758 1199 5815 habitum
1250 5764 1495 5834 corporis
1544 5779 1740 5822 secun-

215 5929 249 5961 “
286 5926 501 5986 Unciuis
528 5930 730 5991 inclusa
753 5937 1053 6000 redundare
1075 5940 1342 6001 videntur.
1424 5946 1573 6004 Eutr.

1288 424 1724 486 THESAURUS.
1763 425 1922 485 CAP.
1960 424 2334 484 CCCXXXIV.

3299 433 3438 492 1058

1771 549 1825 610 Α
1847 544 1972 600 dum
2017 560 2175 614 quem
2204 543 2434 599 dicimus
2463 541 2625 597 alium
2658 544 2762 600 alio
2808 559 2929 602 esse
2978 548 3431 608 succulentiorem
3459 552 3467 558 “

1848 646 1903 691 ει
1952 636 2287 700 validiorem,
2319 651 2435 705 qua:
2460 636 2628 706 magis
2661 639 2878 709 proprie
2910 639 3162 697 habitudo
3202 641 3309 697 dici
3338 658 3429 696 so-

1849 726 1921 782 let
1945 744 1959 793 ;
1992 727 2076 782 vel
2100 727 2339 783 habitum
2367 744 2553 783 eorum
2576 744 2694 799 qua:
2720 730 2973 787 membris
2995 733 3193 789 nostris
3219 749 3437 791 accom-

1850 819 2134 875 modantur
2163 823 2519 890 extrinsecus,
2545 821 2844 878 secundum
2870 838 3027 894 quem
3062 824 3289 881 dicimus
3314 842 3435 883 ves-

1848 915 2025 981 tilum,
2056 916 2373 984 calceatum,
2404 928 2690 984 armatum,
2714 927 2768 974 et
2796 919 2840 973 si
2864 919 2991 989 quid
3023 921 3291 991 ejusmodi
3320 934 3428 979 εει.

1849 1006 1905 1061 In
1934 1008 2126 1077 quibus
2166 1009 2417 1065 omnibus
2463 1011 2772 1080 generibus,
2802 1012 3067 1082 siquidem
3099 1028 3294 1070 nomen
3329 1017 3432 1072 hoc

1848 1098 2051 1156 dictum
2083 1110 2163 1156 est
2184 1104 2252 1157 ab
2281 1105 2376 1159 illo
2408 1108 2568 1163 verbo
2590 1111 2733 1181 quod
2764 1121 2848 1167 est
2886 1102 3123 1181 'ltabere,
3177 1114 3437 1171 manifes-

1854 1203 1961 1246 tum
1990 1201 2072 1249 est
2096 1194 2151 1249 in
2177 1210 2239 1250 ea
2267 1212 2324 1252 re
2348 1198 2452 1253 dici
2488 1201 2747 1270 habitum,
2783 1220 2903 1275 quae
2935 1206 3131 1261 accidit
3151 1208 3332 1276 alicui,
3360 1208 3431 1263 ita

1851 1294 1909 1338 ut
1928 1300 2045 1339 eam
2079 1288 2249 1356 possit
2274 1289 2437 1345 etiam
2483 1308 2588 1347 non
2636 1295 2855 1351 habere.
2907 1296 3042 1352 Nam
3091 1308 3144 1353 et
3181 1298 3431 1355 doctrina

1853 1377 2043 1432 accidit
2071 1379 2273 1447 animo,
2297 1389 2352 1437 et
2372 1397 2565 1439 succus
2591 1401 2654 1440 ac
2684 1387 2850 1442 robur
2873 1391 3117 1459 corporis
3148 1389 3433 1462 [corpori],

1853 1481 1907 1526 et
1934 1473 2099 1529 vestis
2128 1483 2289 1545 atque
2318 1490 2485 1543 arma,
2517 1492 2623 1531 non
2648 1479 2867 1535 dubium
2898 1489 2982 1535 est
3008 1483 3138 1551 quin
3180 1482 3437 1537 accedant

1855 1562 2139 1637 [accidant]
2171 1567 2425 1622 membris
2472 1570 2703 1637 nostris;
2739 1572 2809 1625 ita
2856 1582 2912 1627 ut
2943 1574 3221 1643 imperitus
3254 1586 3439 1643 posset

1854 1673 1975 1714 esse
2001 1657 2229 1728 animus,
2252 1661 2296 1715 si
2320 1662 2368 1716 ei
2393 1662 2637 1718 doctrina
2661 1679 2766 1719 non
2794 1667 3074 1724 accederet
3097 1669 3433 1742 [accideret],

1862 1762 1918 1807 et
1946 1753 2091 1808 exile
2118 1764 2276 1825 atque
2304 1756 2610 1827 languidum
2640 1774 2855 1830 corpus,
2897 1764 3014 1817 sine
3052 1778 3218 1819 succo
3258 1765 3435 1819 visce-

1854 1861 1971 1900 rum
2000 1856 2054 1902 ct
2083 1847 2299 1915 robore,
2332 1856 2386 1904 et
2412 1850 2586 1906 nudus
2608 1852 2723 1907 sine
2769 1863 2941 1920 veste,
2976 1864 3030 1910 et
3074 1856 3291 1911 inermis
3320 1858 3436 1911 sine

1778 1932 1825 1992 B
1852 1941 2099 2008 armis,et
2109 1942 2243 2013 pede
2256 1944 2397 1999 nudo
2412 1946 2527 2002 sine
2542 1947 2912 2003 calceamentis
2929 1963 3049 2004 esse
3063 1949 3225 2005 homo
3239 1960 3435 2020 potest.

1850 2032 2076 2089 Habitus
2102 2050 2228 2107 ergo
2256 2038 2308 2092 in
2336 2052 2402 2094 ea
2432 2053 2489 2094 re
2517 2039 2711 2095 dicitur
2742 2057 2861 2111 qua:
2886 2042 3040 2097 nobis
3085 2052 3139 2097 ut
3172 2042 3433 2098 habeatur

1858 2127 2066 2181 accedit
2120 2126 2377 2200 [accidit].
2425 2129 2807 2187 Verumtamen
2838 2133 2937 2187 hoc
2985 2131 3230 2199 interest,
3284 2131 3427 2202 quod

1848 2222 2092 2290 quaedam
2122 2236 2307 2277 eorum
2338 2240 2456 2294 qua:
2484 2226 2734 2280 accidunt
2765 2227 2940 2291 nobis,
2974 2236 3032 2279 ut
3062 2226 3303 2282 habitum
3339 2225 3434 2281 fa-

1848 2314 2009 2378 ciant,
2060 2329 2164 2369 non
2200 2325 2472 2371 mutantur
2504 2334 2531 2370 a
2564 2318 2739 2385 nobis,
2773 2318 2867 2373 sed
2901 2317 3016 2386 ipsa
3046 2335 3143 2373 nos
3177 2327 3422 2385 mutant,

1850 2407 1903 2460 in
1933 2407 2108 2477 seipsa
2155 2407 2360 2477 integra
2390 2420 2443 2466 et
2472 2411 2787 2467 inconcussa
2814 2413 3105 2477 manentia,
3141 2414 3295 2469 sicuti
3336 2428 3428 2467 sa-

1851 2499 2070 2569 pientia,
2104 2516 2225 2557 cum
2250 2503 2443 2559 accidit
2466 2503 2690 2571 homini,
2739 2521 2845 2561 non
2879 2509 2991 2575 ipsa
3016 2515 3277 2574 mutatur,
3332 2505 3427 2560 sed

1850 2588 2123 2647 hominem
2174 2604 2365 2661 mutat,
2408 2612 2566 2667 quem
2609 2598 2677 2653 de
2722 2597 2886 2653 stulto
2930 2600 3227 2668 sapientem
3279 2597 3428 2653 facit.

1849 2683 2105 2752 Quaedam
2127 2702 2254 2743 vero
2274 2690 2352 2745 sic
2372 2690 2641 2760 accidunt,
2667 2700 2723 2745 ut
2742 2700 2798 2748 et
2822 2700 3029 2747 mutent
3055 2701 3107 2747 et
3132 2700 3433 2747 mutentur:

1849 2780 2004 2834 sicuti
2036 2780 2206 2848 cibus,
2239 2791 2292 2837 et
2322 2781 2437 2853 ipse
2474 2783 2723 2839 amittens
2754 2785 2986 2853 speciem
3019 2800 3196 2852 suam,
3236 2786 3287 2840 in
3315 2799 3438 2840 cor-

1849 2886 1950 2940 pus
1981 2882 2222 2927 nostrum
2252 2873 2511 2940 vertitur,
2546 2884 2601 2930 ει
2630 2892 2727 2932 nos
2758 2876 2949 2932 refecti
2983 2878 3124 2943 cibo,
3179 2877 3247 2933 ab
3278 2875 3434 2932 exili-

1852 2976 1959 3024 tate
1989 2978 2147 3040 atque
2178 2970 2437 3040 languore
2462 2972 2514 3026 in
2546 2973 2712 3028 robur
2740 2983 2901 3044 atque
2954 2974 3239 3029 valentiam
3289 2988 3438 3029 com-

1849 3068 2137 3117 mutamur.
2171 3062 2409 3119 Tertium
2438 3062 2608 3137 [vero]
2640 3081 2810 3136 genus
2840 3074 2944 3132 est,
2987 3082 3109 3121 cum
3154 3066 3268 3136 ipsa
3319 3079 3439 3136 qute

1849 3154 2098 3211 accidunt
2126 3166 2420 3225 mutantur,
2454 3167 2511 3213 ut
2539 3159 2775 3213 habitum
2806 3159 3029 3226 faciant,
3084 3169 3140 3215 et
3173 3159 3438 3231 quodam-

1850 3245 2009 3303 modo
2042 3246 2339 3304 formantur
2359 3249 2427 3304 ab
2465 3250 2548 3305 eis
2576 3250 2771 3321 quibus
2810 3250 3052 3307 habitum
3102 3252 3323 3319 faciunt,
3369 3251 3440 3306 si-

1850 3338 1957 3394 cuti
1986 3350 2070 3396 est
2095 3344 2263 3397 vestis
2292 3362 2303 3396 :
2340 3358 2465 3399 nam
2495 3360 2616 3399 cum
2649 3345 2888 3415 projecta
2925 3347 3008 3401 vel
3042 3347 3271 3414 reposita
3312 3355 3437 3417 est,

1851 3445 1959 3485 non
1990 3431 2152 3487 habet
2204 3448 2323 3487 eam
2357 3434 2584 3488 formam
2619 3451 2777 3503 quam
2820 3438 2985 3490 sumit
3025 3450 3147 3491 cum
3200 3419 3437 3493 indultur

1850 3532 2012 3593 atque
2042 3524 2312 3579 inducitur
2329 3526 2607 3581 membris.
2630 3528 2815 3583 lnduta
2841 3544 2970 3599 ergo
2992 3530 3187 3599 accipit
3207 3530 3436 3587 formam

1850 3631 2011 3686 quam
2034 3632 2138 3672 non
2169 3618 2399 3674 habebat
2423 3630 2604 3687 exuta,
2640 3636 2760 3677 eum
2794 3622 2904 3692 ipSa
2930 3624 3194 3692 membra,
3230 3632 3287 3679 et
3315 3640 3439 3681 cum

1849 3708 2166 3781 induuntur,
2200 3720 2394 3766 etcum
2422 3725 2713 3778 exuuntur,
2752 3715 2804 3770 in
2834 3730 2932 3771 suo
2960 3725 3103 3771 Statu
3160 3728 3436 3773 maneant.

1848 3800 2034 3855 Potest
2054 3817 2174 3857 esse
2203 3806 2364 3859 etiam
2389 3814 2640 3876 quartum
2666 3806 2869 3877 genus,
2905 3824 3026 3865 cum
3054 3824 3115 3865 ea
3146 3825 3267 3880 qua:
3297 3811 3440 3867 acci-
3499 3808 3517 3823 ’

1847 3894 1981 3950 dunt
2011 3896 2077 3950 ad
2111 3896 2420 3953 faciendum
2455 3898 2719 3968 habitum,
2766 3916 2866 3956 nec
2901 3918 2964 3957 ea
3006 3911 3214 3957 mutant
3242 3904 3434 3973 quibus

1847 3989 2099 4045 accidunt
2129 3991 2193 4045 ad
2221 3992 2525 4047 faciendum
2558 3994 2823 4060 habitum,
2855 4010 2951 4050 nec
2979 3998 3046 4051 ab
3070 3999 3148 4051 eis
3172 3997 3284 4067 ipsa
3317 4014 3439 4053 mu-

1849 4088 2051 4147 tantur,
2082 4084 2470 4139 sicutannulus
2501 4085 2692 4155 digito,
2728 4086 2771 4139 si
2818 4102 2924 4141 non
2966 4088 3128 4143 nimis
3169 4089 3439 4147 subtiliter

1850 4175 2157 4230 attendatur
2186 4194 2200 4242 ;
2234 4186 2604 4234 verumtamen
2633 4181 2733 4235 hoc
2754 4194 2943 4250 genus,
2977 4190 3069 4236 aut
3098 4182 3303 4237 nullum
3326 4193 3431 4252 εει,

1848 4270 1894 4325 si
1915 4270 2199 4341 diligenter
2223 4270 2497 4340 discutias,
2532 4283 2625 4328 aut
2653 4274 2873 4329 omnino
2902 4274 3263 4332 rarissimum.
3293 4276 3432 4334 Cum

1848 4364 2009 4433 igitur
2036 4364 2326 4435 Apostolus
2356 4365 2424 4421 de
2456 4366 2736 4438 unigenito
2780 4368 2874 4423 Dei
2930 4368 3040 4424 ﬁlio
3084 4368 3437 4441 loqueretur}

1848 4465 2105 4526 quantum
2135 4460 2368 4529 pertinet
2400 4460 2466 4515 ad
2490 4460 2826 4517 divinitatem
2849 4460 2987 4531 ejus,
3035 4463 3330 4522 secundum
3380 4464 3437 4522 id

1846 4552 1989 4622 quod
2021 4554 2336 4610 verissimus
2363 4555 2508 4611 Dens
2528 4564 2632 4623 est,
2662 4556 2925 4626 aequalem
2954 4571 3073 4613 esse
3100 4557 3235 4613 dixit
3263 4558 3433 4631 Patri,

1847 4645 1990 4717 quod
2014 4662 2118 4703 non
2146 4647 2199 4703 ei
2229 4648 2332 4704 fuit
2353 4658 2604 4721 tanquam
2629 4650 2895 4719 rapinam,
2924 4650 2975 4704 id
3002 4662 3102 4716 est,
3127 4651 3276 4720 quasi
3302 4652 3434 4709 alie-

1852 4757 1978 4797 num
2006 4752 2283 4814 appetere,
2313 4743 2361 4798 si
2390 4759 2604 4814 semper
2658 4758 2884 4800 manens
2918 4744 2971 4798 in
2998 4758 3062 4799 ea
3106 4743 3434 4814 aequalitate,

1853 4836 2021 4891 nollet
2048 4837 2251 4893 homini
2282 4835 2545 4911 [homine]
2578 4836 2746 4904 indui,
2771 4848 2825 4894 et
2849 4837 3156 4895 hominibus
3187 4849 3245 4894 ut
3275 4840 3441 4897 homo

1851 4946 2147 5001 apparere;
2175 4930 2273 4987 sed
2303 4932 2653 5001 semetipsum
2691 4931 3018 5000 exinanivit,
3064 4948 3171 4988 non
3209 4932 3437 4988 formam

1852 5038 2004 5079 suam
2057 5032 2292 5092 mutans,
2345 5023 2441 5079 sed
2471 5023 2699 5079 formam
2732 5024 2873 5082 servi
2919 5025 3210 5096 accipiens,
3254 5039 3431 5093 neque

1851 5132 2145 5175 conversus
2176 5128 2267 5173 aut
2298 5126 2687 5175 transmutatus
2710 5118 2764 5173 in
2795 5117 3087 5182 hominem,
3122 5115 3320 5173 amissa
3352 5115 3437 5172 in-

1850 5210 2220 5266 commutabili
2258 5210 2590 5275 stabilitate;
2620 5210 2715 5266 sed
2755 5220 3008 5278 tanquam
3041 5222 3232 5263 verum
3259 5207 3435 5265 homi-

1851 5318 1973 5359 nem
2003 5303 2362 5372 suscipiendo,
2391 5304 2507 5375 ipse
2526 5313 2806 5375 susceptor
2833 5302 2885 5357 in
2924 5301 3278 5359 similitudine
3310 5302 3329 5373 [
3360 5303 3437 5357 si-

1850 5392 2229 5466 militudinem]
2261 5393 2533 5466 hominum
2555 5392 2748 5462 factus,
2778 5406 2884 5448 non
2931 5392 3052 5459 sibi,
3086 5393 3180 5448 sed
3211 5394 3289 5449 eis
3316 5395 3434 5463 qui-
3506 5446 3527 5465 ,

1850 5488 1948 5543 bus
1970 5489 2022 5544 in
2047 5464 2263 5546 homine
2282 5464 2544 5560 apparuit,
2578 5485 2762 5542 habitu
2787 5486 3033 5542 inventus
3062 5493 3144 5541 est
3171 5496 3226 5540 ut
3247 5485 3430 5555 homo,

1849 5577 1901 5633 id
1926 5587 2029 5645 est,
2046 5578 2293 5635 habendo
2308 5580 2581 5634 hominem
2610 5578 2859 5632 inventus
2890 5584 2947 5632 ut
2997 5575 3159 5631 homo
3186 5585 3298 5642 est;
3324 5591 3429 5631 non

1844 5675 1988 5730 enim
2010 5685 2220 5745 poterat
2249 5673 2432 5747 [Deus]
2455 5672 2681 5727 inveniri
2741 5679 2798 5727 ut
2852 5670 3015 5726 homo
3063 5669 3133 5726 ab
3191 5668 3273 5723 his
3326 5668 3416 5737 qui

1842 5784 1937 5829 cor
1966 5769 2298 5827 immundum
2328 5767 2617 5835 habebant,
2651 5775 2704 5823 et
2748 5764 2980 5823 Verbum
3023 5762 3164 5833 apud
3198 5762 3415 5819 Patrem
