4010 6382
571 391 711 452 1059
1651 375 1714 433 D.
1756 373 2072 434 EUGYPPII
2112 367 2401 429 ABBATIS
2441 363 2760 424 AFRiCANI
3714 351 3826 409 1060

574 517 762 570 videre
791 526 896 565 non
930 512 1197 578 poterant,
1228 500 1326 556 nisi
1360 499 1462 555 hoc
1484 496 1829 567 suscipiendo
1849 493 1994 565 quod
2020 508 2148 563 pos-
2182 498 2236 553 Α
2263 490 2469 544 locutus
2496 496 2579 544 est
2609 484 2837 556 Spiritus
2863 487 3102 543 sanctus,
3128 471 3589 549 opportunissime
3615 471 3675 526 in
3698 471 3822 528 libris

577 617 699 663 sent
731 605 930 668 videre,
960 609 1015 656 et
1038 614 1130 668 per
1157 594 1300 666 quod
1330 594 1397 647 ad
1425 591 1556 647 illud
1586 590 1767 645 iumen
1792 587 2018 644 interius
2048 585 2152 640 du-

577 709 852 762 cereutur.
884 696 986 747 lste
1012 679 1439 746 autem‘habitus
1468 701 1574 738 non
1608 693 1690 738 est
1718 698 1784 737 ex
1831 681 2010 751 primo
2063 694 2154 748 ge-

579 806 730 855 nere,
761 803 864 843 nou
894 785 1038 840 enim
1061 795 1284 838 manens
1310 780 1364 834 in
1394 793 1454 833 se
1485 787 1674 831 natura
1708 773 1943 830 hominis
1992 781 2157 828 natu-

579 899 694 939 ram
726 879 818 936 Dei
837 876 1219 934 "commutavit.
1246 873 1431 942 Neque
1459 885 1529 924 ex
1555 868 1824 924 secundo:
1857 881 1962 922 non
2013 863 2156 920 enim

581 971 878 1032 immutavit
900 971 1062 1024 homo
1092 968 1282 1031 Deum,
1315 975 1370 1020 et
1400 971 1638 1018 mutatus
1667 961 1735 1015 ab
1779 960 1870 1014 illo
1899 967 1982 1014 est
2007 973 2024 1022 ;
2070 970 2164 1010 ne-

578 1084 684 1141 que
712 1083 780 1123 ex
810 1072 1000 1136 quarto
1025 1081 1039 1118 :
1067 1078 1173 1116 non
1193 1060 1337 1116 enim
1361 1059 1438 1113 sic
1460 1064 1764 1126 assumptus
1796 1061 1879 1108 est
1901 1051 2086 1115 homo,
2109 1057 2166 1104 ut

579 1162 879 1232 nequeipse
899 1166 1131 1214 mutaret
1150 1157 1446 1219 Deum,nec
1468 1151 1535 1206 ab
1554 1151 1646 1205 illo
1660 1145 1821 1222 [ipso]
1836 1153 2164 1212 mutaretur;

581 1254 677 1308 sed
727 1253 904 1321 potius
952 1265 1016 1305 ex
1061 1247 1243 1313 tertio,
1296 1246 1375 1300 sic
1428 1245 1572 1298 enim
1623 1249 1931 1309 assumptus
1980 1245 2064 1294 est
2110 1244 2168 1290 ut

581 1353 1002 1400 commutaretur
1020 1343 1094 1416 [in
1122 1341 1334 1405 melius,
1359 1339 1502 1394 etab
1529 1351 1594 1392 eo
1618 1329 1962 1403 formaretur]
1986 1329 2169 1386 inclia-

585 1439 788 1505 hiliter,
819 1445 875 1494 et
903 1437 1260 1494 excellentius
1290 1441 1450 1502 atque
1471 1429 1819 1498 coniunctius
1848 1440 2007 1498 quam
2052 1435 2171 1477 ves-

589 1533 738 1600 titus,
770 1546 896 1586 cum
921 1531 987 1585 ab
1011 1528 1229 1585 homine
1249 1525 1508 1582 induitur.
1541 1522 1654 1578 Hoc
1680 1536 1810 1591 ergo
1840 1518 2056 1574 nomine
2078 1514 2176 1569 ha»

589 1623 734 1679 bitus
751 1623 880 1678 satis
897 1618 1521 1692 signiﬁcavitApostolus
1536 1612 1988 1683 quemadmodum
2013 1609 2169 1664 dixe-

587 1716 660 1772 rit
686 1733 701 1772 :
733 1717 788 1771 In
813 1713 1159 1770 similitudine
1186 1706 1643 1784 [similitudinem]
1669 1706 1945 1761 hominum
1977 1701 2172 1768 factus,

588 1811 712 1882 quia
761 1824 866 1865 non
916 1805 1392 1875 transﬁguratione
1435 1804 1484 1858 in
1518 1800 1816 1864 hominem,
1861 1796 1956 1855 sed
1995 1793 2176 1850 habitu

2263 596 2483 651 ponere,
2517 590 2574 634 ut
2604 578 2749 634 verbi
2782 591 2962 642 causa,
2995 572 3244 642 quoniam
3275 568 3660 625 difﬁcillimum
3690 576 3762 620 est
3782 578 3824 620 ut

2265 677 2424 730 homo
2453 671 2652 742 aliquid
2696 668 2928 726 vindicet
2983 665 3103 721 sine
3126 667 3227 729 ira,
3254 661 3496 717 vindicta
3512 657 3825 731 .[vindirtam]

2264 769 2380 835 Dei,
2403 783 2520 840 quae
2543 765 2760 822 omnino
2785 765 2903 818 sine
2930 760 3029 816 ista
3054 757 3458 830 perturbatione
3476 753 3553 807 sit
3575 749 3697 825 [ﬁt],
3718 749 3820 804 iram

2268 874 2446 918 tamen
2479 861 2773 916 vocandam
2812 856 3208 928 iudicaverunt.
3263 849 3396 904 Item
3440 845 3583 918 quia
3634 843 3825 913 coniugii

2267 956 2563 1010 castitatem
2596 949 2821 1008 zelando
2847 947 2948 1004 viri
2975 945 3246 1002 custodire
3263 949 3688 1002 consueverunt,
3707 937 3818 990 illam

2269 1047 2365 1102 Dei
2387 1046 2799 1118 providentiam,
2831 1057 2922 1112 per
2944 1055 3102 1112 quam
3131 1036 3446 1108 praecipitur
3493 1042 3653 1102 atque
3691 1034 3823 1101 agitur

2270 1155 2337 1196 ne
2349 1141 2524 1194 anima
2539 1144 2930 1205 corrumpatur,
2952 1133 3148 1188 etdeus
3169 1129 3299 1185 alios
3312 1136 3481 1200 atque
3493 1125 3630 1180 alios
3640 1136 3822 1194 sequens

2271 1227 2668 1301 quodammodo
2696 1226 3088 1292 meretricetur,
3115 1223 3290 1278 zelum
3315 1219 3412 1275 Dei
3433 1215 3820 1288 appellaverunt.

2271 1321 2361 1378 Sic
2381 1331 2434 1377 et
2479 1333 2694 1374 manum
2727 1316 2822 1373 Dei
2854 1316 2957 1371 vim
3009 1322 3287 1388 Operatur,
3309 1322 3366 1368 et
3412 1309 3591 1383 pedes
3631 1308 3712 1364 Dei
3749 1309 3822 1362 vi

2277 1429 2380 1485 qua
2419 1414 2596 1469 omnia
2643 1408 2997 1468 custodienda
3029 1418 3082 1464 et
3106 1405 3460 1481 gubernanda
3498 1401 3823 1474 pertendit;et

2275 1521 2433 1562 aures
2491 1506 2586 1561 Dei
2643 1504 2728 1561 vel
2782 1505 2971 1560 oculos
3031 1501 3123 1557 Dei
3172 1500 3283 1556 vim
3347 1512 3456 1570 qua
3517 1495 3691 1554 omnia
3739 1509 3821 1564 per—

2277 1599 2406 1668 cipit
2464 1607 2624 1668 atque
2681 1593 2964 1668 intelligit;
3029 1602 3083 1650 et
3157 1591 3348 1648 faciem
3421 1590 3527 1645 Dei
3600 1589 3693 1648 rixn
3750 1602 3823 1658 qua

2279 1705 2338 1746 se
2415 1689 2720 1746 manifestat
2793 1698 2956 1758 atque
3035 1686 3367 1757 dignoscitur
3409 1727 3424 1750 ,
3521 1693 3575 1738 et
3651 1691 3822 1737 cetera.

2280 1782 2338 1838 ln
2396 1785 2537 1838 hunc
2593 1785 2809 1839 modum
2837 1823 2852 1847 ,
2916 1789 3204 1852 propterea
3275 1777 3492 1834 scilicet
3539 1774 3654 1842 quia
3710 1789 3820 1838 nus,

591 1870 758 1960 lactus
791 1898 1088 1976 [inventus]
1108 1870 1212 1964 est,
1237 1912 1358 1951 cum
1395 1894 1613 1950 indutus
1640 1904 1725 1950 eSt
1774 1891 1988 1945 homine
2019 1901 2177 1958 quem
2207 1876 2257 1936 B
2283 1880 2349 1934 ad
2404 1895 2542 1950 quos
2596 1891 2778 1935 sermo
2818 1877 2896 1943 ﬁt,
2950 1885 3006 1932 et
3045 1875 3292 1930 manibus
3346 1872 3589 1929 solemus
3643 1870 3815 1940 operari

592 1995 693 2052 sibi
726 1995 913 2049 uniens
943 1990 1339 2063 quodammodo
1368 1999 1526 2057 atque
1555 1985 1920 2047 conformatus,
1948 1981 2170 2035 immor-

595 2087 796 2144 talitati
844 2084 1236 2153 aeternitatique
1279 2082 1528 2136 sociaret.
1584 2077 1691 2133 Sed
1742 2077 1887 2132 illum
1939 2072 2177 2128 habitum

595 2179 686 2250 qui
707 2189 788 2234 est
817 2179 867 2232 in
900 2178 1242 2246 perceptione
1272 2173 1546 2243 sapientiae
1576 2181 1631 2226 et
1661 2167 1976 2236 disciplinas,
2017 2162 2169 2218 Grae-

595 2273 646 2326 ci
697 2273 796 2337 ἕξιν
843 2280 1074 2342 vocant;
1133 2267 1273 2323 hunc
1328 2277 1504 2320 autem
1551 2261 1841 2318 secundum
1889 2272 2048 2329 quem
2096 2254 2178 2309 di-

597 2363 769 2418 cimus
820 2363 1066 2417 vestitum
1100 2363 1184 2415 vel
1229 2368 1494 2414 armatum
1547 2365 1735 2429 σχῆμα
1768 2355 1944 2424 potius
1990 2349 2182 2420 appel-

597 2455 712 2510 lant
733 2471 750 2522 ;
775 2469 840 2510 ex
871 2469 976 2525 quo
1009 2453 1320 2522 intelligitur
1341 2451 1408 2506 de
1435 2451 1536 2504 isto
1564 2463 1760 2519 genere
1785 2444 1998 2500 habitus
2032 2441 2183 2496 locu-

599 2559 710 2604 tum
741 2549 1082 2617 Apostolum,
1109 2545 1544 2617 quandoquidem
1580 2544 1633 2597 in
1664 2541 1866 2596 Graecis
1907 2536 2184 2606 exeinplu-

604 2644 759 2701 ribus
786 2648 1028 2716 σχήματι
1056 2642 1312 2713 scriptum
1345 2650 1447 2709 est,
1479 2636 1620 2709 quod
1652 2652 1749 2691 nos
1789 2637 1841 2690 in
1875 2633 2054 2687 latinis
2095 2633 2186 2685 ha-

604 2731 712 2790 bitu
769 2737 1045 2792 habemus.
1103 2737 1221 2802 Quo
1270 2733 1487 2789 nomine
1536 2740 1752 2800 oportet
1790 2727 2036 2798 intelligi,
2081 2741 2189 2780 non

604 2839 870 2885 mutatum
916 2844 1034 2884 esse
1083 2829 1306 2883 verbum
1353 2823 1694 2893 susceptione
1742 2817 1994 2883 hominis,
2052 2817 2192 2871 sicut

607 2939 709 2978 nec
741 2922 981 2978 membra
1008 2929 1156 2976 veste
1186 2919 1368 2974 induta
1415 2926 1710 2982 mutantur,
1752 2926 2054 2984 quanquam
2103 2908 2192 2963 illa

606 3019 878 3086 susceptio
905 3014 1243 3069 inelTabiliter
1271 3021 1578 3082 susceptum
1629 3005 1941 3077 suscipienti
1971 3002 2181 3074 copula-

613 3108 794 3173 verit;
827 3107 920 3161 sed
953 3115 1210 3175 quantum
1260 3103 1426 3158 verba
1459 3103 1688 3156 humana
1718 3099 1876 3154 rebus
1922 3094 2198 3151 incliabili-

615 3203 716 3257 bus
738 3201 976 3270 coaptari
1009 3207 1252 3269 possunt,
1284 3215 1349 3251 ne
1381 3202 1617 3250 mutatus
1649 3192 1979 3261 intelligatur
2032 3189 2195 3254 Deus,

2279 1973 2389 2044 95
2416 1982 2468 2026 et
2499 1971 2726 2041 pedibus
2748 1970 3018 2034 incedere,
3053 1976 3111 2025 et
3156 1983 3264 2037 quo
3305 1967 3412 2022 fert
3438 1965 3644 2019 animus
3679 1977 3826 2032 perte-

2283 2066 2420 2129 nire,
2450 2075 2505 2120 et
2532 2066 2751 2121 auribus
2763 2075 2922 2136 atque
2946 2063 3116 2119 oeulis
3137 2060 3460 2128 ceterisque
3481 2056 3712 2114 sensibus
3727 2069 3826 2111 eor-

2284 2159 2429 2226 poris
2452 2157 2749 2226 corporalia
2783 2157 3060 2226 percipere
3082 2162 3140 2210 et
3168 2152 3307 2208 facie
3337 2153 3688 2215 innotescere;
3716 2158 3764 2204 et
3786 2149 3822 2201 si

2283 2250 2412 2321 quid
2441 2250 2586 2305 aliud
2611 2252 2678 2305 ad
2723 2252 2864 2306 hanc
2895 2258 3144 2316 tanquam
3175 2246 3408 2314 regulam
3446 2243 3680 2311 pertinet.
3725 2240 3825 2293 Hoc

2286 2341 2447 2397 modo
2482 2339 2644 2411 igitur
2673 2340 2926 2410 quoniam
2972 2347 3182 2394 mutare
3220 2347 3420 2405 ceptum
3459 2331 3679 2403 aliquod,
3706 2330 3824 2386 etin

2285 2433 2430 2488 aliud
2460 2430 2782 2498 transferre,
2814 2449 2922 2487 nun
2947 2433 3090 2486 ferre
3113 2424 3317 2502 [facile]
3348 2427 3589 2487 animus,
3610 2423 3704 2478 nisi
3737 2437 3829 2491 pm-

2288 2525 2528 2593 nitendo,
2557 2539 2859 2595 quanquam
2885 2523 3064 2577 divina
3093 2519 3431 2590 providentia
3470 2530 3653 2572 serena
3672 2525 3820 2569 mente

2289 2621 2619 2677 intuentibus
2651 2627 2905 2689 appareat
2930 2627 3122 2673 cuncta
3161 2614 3468 2670 certissimo
3494 2611 3672 2666 ordine
3692 2608 3824 2662 adrni-

2294 2715 2522 2767 nistrare
2541 2710 2628 2782 [ad
2640 2706 2978 2780 ministrari],
3001 2704 3572 2764 aceommodatissie
3590 2711 3754 2764 um,
3774 2698 3820 2752 ad

2302 2803 2556 2858 humilem
2588 2803 2881 2858 humanam
2909 2799 3342 2870 intelligentiam,
3387 2810 3456 2852 ea
3485 2809 3607 2866 qua
3631 2791 3821 2860 inciti!!!

2295 2913 2439 2964 esse,
2505 2913 2680 2969 neque
2750 2903 3102 2967 perseverant
3174 2899 3440 2964 quantum
3497 2893 3816 2958 permittatur:

2296 2999 2507 3061 sperata
2547 2999 2697 3057 sunt,
2735 2991 2884 3061 quasi
2925 3002 3020 3058 per
3052 2982 3424 3057 pmnitentiam
3480 2977 3813 3053 mendicum

2299 3084 2498 3140 ablata.

2770 3219 2994 3279 CAPUT
3035 3213 3310 3276 CCCXXX
3319 3215 3435 3271 VII.

618 3297 867 3351 humanae
899 3292 1201 3362 fragilitatis
1226 3300 1552 3359 assumptor,
1586 3285 1814 3341 electum
1841 3291 1924 3338 est
1951 3290 2010 3336 ut
2043 3281 2192 3336 Graz-
2231 3261 2278 3326 Ο

615 3403 679 3446 ce
723 3395 946 3462 σχῆμα,
981 3395 1037 3443 et
1062 3383 1250 3440 Latine
1275 3381 1478 3437 habitus
1501 3379 1771 3435 diceretur
1797 3374 1888 3432 illa
1913 3375 2204 3445 susceptio.

1096 3547 1323 3606 CAPUT
1356 3542 1706 3604 CCCXXXV.

977 3686 1060 3744 De
1084 3687 1370 3753 alimentis,
1385 3700 1450 3740 ea:
1471 3684 1652 3738 eodem
1694 3681 1845 3737 libro.

686 3849 824 3918 Quid
852 3857 936 3904 est
961 3845 1104 3916 quod
1127 3845 1319 3914 accipit
1369 3859 1489 3899 eam
1523 3858 1636 3898 rem
1687 3858 1847 3913 quam
1895 3847 2208 3906 commutat,

626 3957 685 4002 ut
711 3943 908 4001 animai
935 3942 1113 3998 cibum
1136 3942 1158 3993 ?
1182 3939 1306 4010 quid
1340 3949 1421 3994 est
1439 3938 1580 4008 quod
1611 3936 1869 4006 accipitur
1892 3944 1945 3988 et
1975 3947 2214 3986 commu-

625 4049 786 4106 tatur,
811 4047 868 4092 ut
895 4035 1034 4091 idem
1066 4031 1262 4089 cibus?
1291 4032 1419 4102 quid
1445 4039 1530 4088 est
1567 4028 1710 4101 quod
1738 4027 1995 4097 accipitur
2020 4035 2073 4080 et
2105 4039 2212 4078 non

623 4136 1012 4192 commutatur,
1043 4135 1098 4179 ut
1126 4124 1296 4179 oculis
1327 4123 1438 4189 lux,
1463 4121 1562 4196 [et]
1590 4135 1754 4177 sonus
1804 4118 2066 4174 auribus?
2107 4117 2212 4172 Sed

625 4224 745 4280 haec
805 4238 898 4292 per
947 4234 1141 4289 corpus
1198 4217 1396 4288 accipit
1442 4215 1642 4270 anima.
1696 4214 1833 4283 Quid
1902 4222 1984 4269 est
2035 4224 2214 4266 autem

626 4315 768 4387 quod
799 4330 893 4384 per
917 4313 1149 4383 seipsam
1180 4309 1374 4381 accipit
1398 4317 1453 4363 et
1473 4317 1770 4364 commutat
1800 4307 1853 4361 in
1886 4319 1945 4361 se
1977 4313 2033 4360 ut
2054 4303 2213 4358 aliam

632 4411 884 4473 animam,
909 4421 1068 4477 quam
1099 4402 1406 4474 recipiendo
1436 4404 1488 4457 in
1519 4402 1808 4458 amicitiam
1839 4399 1920 4455 sui
1979 4396 2212 4453 similem

633 4501 802 4558 facit?
830 4511 884 4556 et
911 4499 1037 4571 quid
1069 4507 1153 4554 est
1179 4498 1320 4568 quod
1352 4513 1442 4566 per
1468 4497 1700 4561 seipsam
1753 4494 1966 4564 accipit,
2019 4500 2074 4548 et
2114 4508 2216 4546 non

640 4604 954 4660 commutat,
987 4605 1044 4647 ut
1075 4590 1393 4648 veritatem?
1423 4590 1602 4658 Quare
1650 4583 2079 4660 cognoscendum
2112 4593 2215 4653 est,

2313 3367 2388 3423 De
2435 3383 2491 3422 eo
2522 3364 2660 3435 quod
2701 3365 2946 3432 scriptum
2963 3373 3043 3435 est
3075 3377 3095 3416 :
3127 3359 3422 3435 Sea:ng
3447 3367 3578 3413 sunt
3607 3353 3741 3423 regis,
3769 3355 3797 3401 ι

2805 3431 3060 3505 Octoginta
3092 3431 3420 3486 concubinae.

2387 3577 2644 3635 Denarius
2675 3589 2932 3631 numerus
2977 3579 3152 3641 potest
3191 3569 3513 3641 signiﬁcare
3555 3558 3826 3624 universitatis

2313 3671 2616 3735 scientiam,
2649 3683 2770 3740 qua
2793 3666 2840 3722 si
2870 3665 2936 3721 ad
2969 3664 3222 3720 interiora
3251 3674 3307 3720 et
3337 3664 3404 3718 ad
3435 3656 3752 3728 intelligibiiia
3769 3666 3827 3708 rt-

2315 3765 2540 3832 feratur,
2591 3778 2711 3834 quae
2755 3759 2970 3816 senario
3014 3772 3238 3814 numero
3289 3755 3646 3826 signiﬁcantur
3664 3744 3841 3822 [signiﬁ-

2315 3856 2516 3926 catur],
2545 3856 2602 3909 ﬁt
2633 3854 2782 3925 quasi
2814 3852 2996 3908 decies
3018 3851 3215 3918 sexies,
3247 3848 3382 3919 quod
3406 3856 3477 3902 est
3507 3841 3796 3912 sexaginta;
3823 3834 3849 3893 si

2317 3951 2382 4006 ad
2414 3959 2625 4005 terrena
2659 3956 2713 4004 et
2735 3944 3125 4015 corruptibilin,
3155 3956 3282 4012 qua
3309 3938 3634 4009 octogenario
3659 3943 3850 3988 numero

2320 4041 2612 4113 signiﬁcari
2647 4045 2890 4109 possunt,
2926 4037 3062 4092 ﬁunt
3092 4033 3278 4091 decies
3309 4033 3495 4096 octies,
3525 4026 3659 4100 quod
3686 4033 3762 4082 est
3785 4036 3849 4077 oc-

2324 4137 2546 4206 toginta.
2583 4134 2804 4205 Regina:
2830 4146 2960 4201 ergo
2989 4137 3114 4184 sunt
3158 4126 3377 4194 animae,
3419 4131 3696 4194 regnantes
3728 4121 3771 4173 iu
3797 4118 3852 4169 in-

2321 4227 2692 4298 telligibilibus
2760 4233 2814 4280 et
2874 4220 3297 4294 spiritualihus;
3366 4218 3677 4275 concubina:
3706 4258 3720 4280 ,
3770 4222 3852 4280 qua
3945 4218 3947 4294 l

2321 4289 2626 4376 mercedem
2669 4289 2940 4387 accipiunt
2969 4324 3330 4379 terrenorum,
3375 4313 3448 4368 de
3489 4313 3679 4384 quibus
3703 4307 3850 4363 dictum
3946 4289 3947 4294 “

2322 4424 2405 4469 est
2449 4429 2463 4467 :
2505 4413 2844 4482 Acceperunt
2899 4408 3204 4464 mercedem
3257 4419 3413 4462 suam
3461 4397 3851 4460 adoleseealb.

2323 4518 2548 4574 quarum
2582 4517 2688 4557 non
2718 4511 2801 4557 est
2828 4513 3101 4567 numerus,
3136 4512 3359 4569 quarum
3401 4510 3517 4552 non
3554 4504 3638 4552 est
3670 4485 3853 4546 determi-

2326 4607 2449 4653 nata
2502 4596 2765 4664 scientia,
2827 4603 2886 4650 et
2944 4594 3174 4650 diversis
3229 4590 3583 4661 dogmatibus
3639 4575 3858 4657 periclitati

635 4693 692 4740 et
719 4684 843 4755 quid
875 4685 943 4738 sit
968 4684 1126 4740 Petro
1154 4684 1379 4752 dictum,
1414 4683 1579 4736 Macta
1612 4691 1665 4736 et
1693 4658 1990 4749 manduca;
2023 4679 2221 4751 etquid
2252 4658 2305 4724 υ
2330 4703 2571 4765 possunt,
2625 4701 2682 4748 ιη
2731 4658 3008 4758 [iumen-us,
3057 4687 3200 4760 quod
3250 4658 3452 4742 dierum
3511 4697 3622 4750 est,
3665 4676 3862 4752 signiﬁttl

637 4777 690 4834 in
722 4775 1029 4846 Evangelio,
1062 4777 1129 4831 Et
1154 4776 1260 4830 vita
1289 4785 1405 4832 erat
1427 4775 1514 4830 lux
1549 4775 1848 4830 hominum.

1119 4957 1344 5014 CAPUT
1380 4955 1748 5015 CCCXXXVI.

649 5119 727 5175 De
753 5137 812 5176 eo
833 5119 967 5189 quod
1002 5117 1196 5172 dictum
1225 5124 1332 5171 est:
1364 5114 1584 5189 Paenitet
1633 5132 1714 5172 me
1743 5115 1997 5170 hominem
2025 5114 2225 5184 fecisse,

1215 5203 1282 5244 ea:
1300 5189 1478 5243 eodem
1506 5188 1654 5243 libro.

722 5350 924 5404 Divina:
949 5349 1262 5418 Scripturae,
1291 5361 1318 5399 a
1352 5354 1568 5402 terreno
1594 5351 1648 5398 et
1673 5344 1907 5400 humano
1950 5357 2111 5398 sensu
2163 5339 2231 5395 ad

648 5441 885 5496 divinum
932 5449 987 5496 et
1029 5441 1307 5497 cmiestem
1354 5453 1454 5494 nos
1501 5437 1792 5508 erigentes,
1843 5451 2012 5506 usque
2063 5434 2129 5488 ad
2170 5449 2231 5488 ea

648 5532 808 5588 verba
839 5532 1253 5599 descenderunt,
1313 5532 1505 5602 quibus
1535 5531 1676 5585 inter
1701 5544 1761 5586 se
1790 5528 2231 5585 stultissimorum

649 5625 812 5680 etiam
843 5627 1007 5680 utitur
1026 5625 1380 5681 consuetudo.
1412 5625 1596 5693 itaque
1639 5623 1801 5679 etiam
1838 5638 2024 5678 earum
2071 5620 2232 5677 aﬁ‘ec-

655 5720 857 5774 tionum
912 5720 1151 5787 nomina,
1184 5734 1319 5789 quas
1349 5720 1561 5775 animus
1610 5729 1794 5775 noster
1841 5719 2060 5788 patitur,
2105 5729 2239 5787 quas

660 5809 971 5879 longissime
1000 5826 1028 5864 a
1058 5811 1167 5865 Deo
1198 5826 1316 5866 esse
1338 5812 1632 5882 sejunctas,
1655 5812 1763 5880 jam
1791 5813 1877 5881 qui
1917 5811 2106 5864 melius
2153 5824 2241 5864 sa-

659 5899 759 5972 pit.
809 5901 1072 5972 intelligit,
1132 5918 1235 5957 non
1264 5905 1644 5960 dubitaverunt
1673 5905 1746 5958 illi
1794 5905 1890 5957 viri
1952 5918 2042 5971 per
2086 5917 2219 5973 quos

2330 4796 2532 4843 certam
2561 4793 2616 4842 et
2647 4783 3005 4840 indubitatam
3031 4780 3500 4838 conﬁrmationem
3536 4779 3772 4836 scientiae.

2794 4925 2870 4980 De
2896 4925 3203 4997 temporibus
3229 4925 3456 4980 uternis.

2407 5060 2586 5130 Quaeri
2621 5067 2795 5130 potest
2835 5057 3110 5129 quamde
3153 5058 3221 5113 ab
3256 5057 3506 5127 apostolo
3539 5057 3708 5110 Paulo

2335 5153 2447 5208 sit:
2478 5153 2616 5207 Ante
2652 5161 2890 5219 tempora
2937 5158 3160 5205 :eterna.
3211 5149 3267 5204 Si
3308 5148 3452 5203 enim
3502 5157 3745 5217 tempora
3783 5155 3872 5206 tis-“‘-

2337 5245 2497 5300 modo
2524 5243 2755 5299 aeterna?
2784 5241 2886 5298 nisi
2909 5241 3046 5297 forte
3069 5249 3191 5296 ante
3215 5239 3692 5309 annialempora,
3720 5227 3881 5294 inteliigi

2337 5337 2522 5391 voluit.
2553 5335 2685 5403 Quia
2716 5335 2760 5390 si
2802 5335 3047 5397 dixisset,
3091 5332 3228 5394 Ante
3257 5340 3530 5401 tempora,
3571 5343 3746 5398 neque
3773 5320 3880 5378 addi-

2341 5428 2526 5495 disset,
2554 5438 2776 5492 aeterna,
2811 5429 2992 5496 posset
3019 5425 3192 5498 accipi
3225 5434 3356 5484 ante
3386 5424 3641 5496 quaedam
3680 5431 3886 5488 temp-Hau

2342 5538 2460 5592 qua:
2489 5529 2612 5576 ante
2653 5535 2713 5576 se
2755 5519 3019 5578 haberent
3059 5519 3163 5574 alia
3211 5527 3483 5587 tempora;
3526 5526 3730 5573 eterna
3757 5518 3885 5563 autem

2314 5607 2318 5612 ’
2343 5613 2532 5670 maluit
2543 5613 2918 5682 dicere,-quam
2934 5611 3154 5667 omnino
3167 5607 3417 5684 [omnia],
3435 5607 3672 5663 fortasse
3687 5604 3798 5660 ideo
3808 5597 3890 5668 qui:

2314 5718 2553 5786 ,ιθιηρυε
2593 5724 2697 5762 ῐιοη
2737 5708 2898 5778 εωρὶι
2930 5722 2993 5762 ex
3040 5715 3302 5776 tempore.
3347 5705 3427 5758 An
3461 5709 3672 5756 :cterna
3707 5702 3890 5760 tempus!

2345 5816 2517 5855 aevum
2548 5799 2872 5870 signiﬁcavit
2906 5819 2918 5854 :
2951 5799 3087 5854 inter
3114 5795 3256 5868 quod
3288 5805 3340 5851 et
3374 5804 3585 5864 tempus
3618 5795 3723 5846 hoc
3757 5791 3896 5842 distat.

2347 5895 2487 5968 quod
2509 5895 2638 5951 illud
2669 5897 2861 5952 stabile
2891 5905 2989 5960 est,
3017 5904 3226 5964 tempus
3255 5900 3437 5947 autem
3467 5883 3772 5945 mutabile!
