4010 6382
209 226 333 289 1061

652 325 878 399 CAPUT
919 334 1335 394 cccxxxvni.

213 438 280 493 De
303 440 501 492 nomine
522 436 658 505 facto
702 434 768 489 ad
804 432 1153 505 intaginemiet,
1173 430 1560 485 similitudinem
1580 428 1794 495 Βάκι

818 510 992 559 eodem
1032 504 1180 557 libro.

275 623 409 678 Cum
460 622 773 678 interiorem
821 630 875 676 et
920 619 1244 676 exteriorem
1291 618 1563 673 hominem
1612 616 1796 673 divina

208 715 479 787 Scriptura
509 721 915 778 commemoret,
935 712 1053 768 etin
1081 722 1281 766 tantum
1303 725 1396 766 eos
1422 710 1713 777 discernat,
1740 716 1800 766 ut

208 810 271 865 ab
316 808 577 878 Apostolo
608 806 811 865 dictum
836 806 905 858 sit
938 821 951 856 :
986 803 1051 857 Et
1079 801 1125 857 si
1154 804 1392 858 exterior
1423 802 1584 855 homo
1617 808 1802 857 noster

211 900 596 971 corrumpitur,
622 896 719 954 sed
750 895 977 952 interior
1006 902 1297 949 renovatur
1327 892 1395 948 de
1420 892 1507 948 die
1530 893 1583 947 in
1617 892 1758 947 diem
1784 908 1800 947 :

208 992 368 1066 quaeri
400 1000 576 1062 potest
621 1001 798 1047 utrum
828 1004 964 1044 unus
992 986 1184 1043 horum
1245 986 1415 1041 l'actus
1461 985 1532 1040 sit
1571 982 1638 1040 ad
1670 983 1803 1038 ima-

211 1090 385 1159 ginem
414 1095 467 1143 et
497 1083 901 1140 similitudinem
937 1080 1063 1148 Dei;
1090 1094 1211 1135 nam
1245 1079 1376 1134 illud
1402 1092 1645 1149 quaerere
1674 1076 1805 1132 stul-

209 1198 317 1243 tum
368 1194 472 1249 est,
514 1184 558 1240 si
611 1198 749 1241 unus
786 1182 907 1253 quis
955 1180 1197 1237 horum?
1241 1178 1372 1247 Quis
1412 1177 1558 1234 enim
1598 1176 1810 1233 dubitat

208 1294 327 1335 eum
363 1277 537 1348 potius
582 1277 673 1346 qui
715 1283 1030 1343 renovatur,
1077 1287 1236 1343 quam
1270 1287 1392 1326 eum
1438 1271 1530 1341 qui
1565 1286 1807 1327 corrum-

212 1371 352 1443 pitur
394 1370 613 1426 dicere?
661 1376 838 1423 utrum
888 1376 1069 1423 autem
1119 1366 1303 1431 ambo,
1345 1379 1534 1437 magna
1581 1366 1810 1435 quaestio

213 1470 313 1519 est.
347 1460 481 1517 Nam
524 1459 615 1533 [si]
644 1460 882 1515 exterior
913 1458 1075 1513 homo
1120 1469 1203 1514 est
1249 1457 1444 1527 Adam,
1485 1469 1541 1513 et
1587 1456 1811 1513 interior

214 1556 481 1622 Christus,
515 1556 655 1611 bene
695 1554 852 1609 ambo
889 1552 1286 1623 intelliguntur.
1328 1550 1434 1607 Sed
1475 1565 1594 1605 cum
1642 1549 1809 1604 Adam

212 1646 351 1704 sicut
377 1662 408 1702 a
438 1645 551 1701 Deo
586 1646 756 1701 lactus
797 1653 879 1698 εει
909 1643 1105 1710 bonus,
1140 1657 1246 1697 non
1291 1640 1569 1707 manserit,
1601 1648 1656 1695 et
1683 1638 1809 1695 dili-

1323 218 1750 281 TiiESAURUS.
1792 218 1948 282 CAP.
1987 218 2370 279 CCCXXXIX.
2402 274 2413 282 .

3355 219 3490 277 1062

1819 343 1871 403 Α
1899 338 1942 392 si
1974 336 2214 393 exterior
2245 336 2428 403 homo,
2467 334 2575 389 vita
2604 334 2690 389 illa
2734 332 2991 404 accipitur
3031 348 3131 405 qua
3172 348 3269 405 per
3295 350 3490 405 cerpus

1897 430 2162 485 sentimus
2187 430 2418 499 quinque
2450 425 2744 482 notissimis
2771 427 3039 496 sensibus,
3081 443 3214 499 quos
3240 444 3359 485 cum
3394 445 3491 498 pe-

1897 525 2114 581 coribus
2141 525 2402 581 habemus
2443 538 2756 580 communes
2791 540 2801 576 :
2836 538 2956 576 nam
2998 532 3051 577 et
3080 523 3191 593 ipsa
3225 523 3491 581 molestiis

1897 618 2355 690 sensibilibusque
2376 616 2836 689 persecutionibus
2859 615 3190 685 ingeruntur,
3212 616 3488 687 corrumpi

1898 718 2078 782 potest
2110 728 2123 763 :
2161 725 2267 765 non
2312 710 2582 765 immerito
2609 718 2664 763 et
2701 708 2801 763 iste
2841 703 3001 779 [ipse]
3035 709 3194 761 homo
3225 710 3492 779 particeps

1905 801 2104 856 dicitur
2131 800 2499 857 similitudinis
2527 800 2645 869 Dei,
2679 814 2786 854 non
2820 798 2995 853 solum
3025 798 3147 867 quia
3176 800 3327 867 vivit,
3352 799 3496 871 quod

1905 897 2065 975 etiam
2092 896 2145 952 in
2167 896 2355 953 bestiis
2372 906 2614 969 apparet,
2640 896 2733 951 sed
2755 896 2985 963 amplius
3005 896 3145 966 quod
3170 895 3234 949 ad
3262 906 3497 952 mentem

1905 989 2235 1044 convertitur
2280 1004 2339 1045 se
2380 999 2680 1060 regentem,
2730 1003 2888 1058 quam
2938 987 3172 1043 illustrat
3212 988 3499 1060 sapientia,

1907 1083 2049 1154 quod
2081 1083 2135 1141 in
2164 1084 2354 1141 bestiis
2382 1099 2491 1141 non
2524 1092 2723 1155 potest,
2757 1082 2966 1137 ratione
3005 1081 3333 1137 carentibus.
3366 1080 3503 1136 Cor-

1910 1191 2009 1247 pus
2047 1191 2259 1249 quoque
2312 1176 2565 1242 hominis,
2612 1175 2735 1247 quia
2784 1174 2959 1230 solum
3006 1174 3147 1229 inter
3188 1172 3503 1229 animalium

1911 1278 2247 1327 terrenorum
2272 1285 2520 1340 corpora,
2549 1268 2678 1341 [non
2702 1266 2951 1340 pronum]
2982 1266 3034 1321 in
3066 1267 3242 1321 alvum
3268 1272 3505 1336 prostra-

1913 1372 2026 1418 tum
2067 1372 2171 1431 εει,
2204 1379 2327 1418 cum
2368 1362 2437 1418 sit
2476 1362 2710 1429 visibile,
2743 1361 2837 1416 sed
2867 1360 2933 1415 ad
2964 1360 3275 1415 intuendum
3306 1359 3505 1415 coelum

1913 1466 2174 1524 erectum,
2197 1455 2339 1528 quod
2378 1465 2462 1513 est
2492 1454 2815 1526 principium
2849 1454 3164 1519 visibilium,
3192 1467 3503 1524 quanquam

1915 1564 2020 1603 non
2063 1564 2179 1616 sua,
2209 1548 2303 1605 sed
2333 1548 2526 1603 animae
2571 1547 2855 1619 praesentia
2904 1546 3085 1601 vivere
3114 1554 3503 1617 cognoscatur;

1918 1651 2097 1699 tamen
2122 1657 2230 1699 non
2254 1641 2435 1711 modo,
2461 1641 2584 1711 quia
2609 1650 2716 1707 est,
2748 1649 2803 1696 et
2828 1639 2881 1695 in
2910 1648 3169 1710 quantum
3196 1646 3298 1701 est,
3325 1637 3506 1708 utique

210 1740 381 1810 gendo
421 1738 679 1803 carnalia,
727 1735 958 1791 carnalis
1004 1734 1229 1791 eﬁ‘ectus
1273 1733 1366 1801 sit,
1419 1748 1525 1788 non
1574 1731 1805 1789 absurde
1836 1740 1885 1800 Β
1915 1737 2113 1789 bonum
2148 1745 2250 1800 εει,
2282 1733 2379 1790 sed
2421 1732 2581 1789 etiam
2612 1734 2737 1803 quia
2770 1733 2877 1787 tale
2912 1741 3013 1799 est,
3066 1740 3123 1786 ut
3167 1730 3233 1785 ad
3266 1738 3507 1785 contem-

210 1831 379 1888 videri
438 1840 615 1901 potest
658 1829 759 1885 hoc
809 1828 983 1898 ipsum
1030 1826 1081 1882 ei
1136 1826 1301 1881 fuisse
1348 1840 1532 1880 carere
1576 1824 1806 1895 imagine

217 1922 332 1990 Dei,
363 1930 418 1977 et
458 1919 865 1977 similitudinem
896 1920 1169 1986 amittere,
1210 1932 1273 1973 ac
1312 1932 1409 1989 per
1441 1917 1540 1973 hoc
1569 1917 1682 1987 ipse
1721 1932 1807 1973 re-

210 2022 459 2081 novatur,
487 2022 543 2069 et
565 2014 678 2082 ipse
697 2021 781 2068 est
802 2011 962 2067 etiam
986 2010 1234 2068 interior.
1262 2010 1544 2079 Quomodo
1574 2024 1702 2081 ergo
1725 2018 1808 2065 est

210 2108 325 2179 ipse
352 2107 633 2165 exterior?
675 2123 742 2162 an
785 2105 1085 2163 secundum
1114 2119 1333 2175 corpus,
1374 2116 1434 2161 ut
1480 2112 1535 2161 et
1580 2104 1808 2159 interior

213 2203 286 2259 sit
316 2202 614 2260 secundum
646 2202 902 2273 animam,
937 2211 993 2259 et
1036 2201 1261 2257 interior
1293 2202 1364 2257 sit
1403 2200 1732 2256 resurrectio
1757 2208 1813 2255 et

212 2297 514 2363 renovatio,
566 2311 686 2365 quae
732 2309 875 2351 nunc
901 2295 961 2349 fit
1007 2294 1306 2351 secundum
1339 2303 1568 2354 mortem
1616 2294 1811 2364 prioris

214 2386 357 2450 vitae,
397 2385 449 2441 id
496 2394 579 2441 est
619 2385 848 2455 peccati,
902 2394 957 2441 et
999 2386 1297 2442 secundum
1345 2386 1810 2458 regenerationem

213 2492 367 2532 novae
394 2478 539 2544 vitaz,
568 2477 621 2534 id
657 2487 761 2544 est,
790 2478 1049 2547 iustitiae;
1078 2494 1215 2549 quos
1246 2480 1369 2535 item
1401 2480 1539 2536 duos
1568 2482 1814 2537 homines

212 2572 291 2628 sic
314 2573 576 2641 appellat,
596 2580 653 2628 ut
675 2588 840 2628 unum
860 2581 1096 2629 veterem
1120 2589 1279 2643 quem
1305 2574 1563 2631 debemus
1588 2590 1809 2643 exuere,

213 2664 435 2718 alterum
480 2680 704 2729 novum,
757 2674 813 2720 et
855 2680 979 2720 eum
1025 2666 1356 2722 induendum
1402 2680 1812 2724 commemoret.

212 2755 449 2822 Quorum
481 2771 671 2812 rursus
699 2757 849 2812 illum
882 2758 1119 2828 appellat
1148 2758 1437 2830 imaginem
1472 2761 1672 2815 terreni
1714 2761 1815 2815 ho-

213 2848 403 2918 minis,
428 2849 552 2919 quia
584 2850 879 2906 secundum
921 2858 1199 2920 peccatum
1250 2850 1408 2921 primi
1440 2851 1676 2908 hominis
1723 2868 1815 2924 ge.

221 2939 378 3006 ritur,
429 2941 520 3012 qui
572 2950 654 2997 est
704 2942 904 3007 Adam;
958 2943 1185 2999 alterum
1232 2944 1519 3016 imaginem
1576 2945 1818 3003 caelestis

219 3030 477 3095 hominis,
510 3032 631 3102 quia
676 3033 967 3089 secundum
1011 3033 1278 3104 justitiam
1318 3035 1539 3091 secundi
1587 3036 1820 3093 hominis

1911 1827 2167 1897 plaudunt
2198 1827 2391 1884 coelum
2426 1827 2494 1881 sit
2516 1828 2710 1896 aptius,
2734 1826 2903 1898 magis
2932 1826 2982 1879 in
3009 1828 3110 1879 hoc
3131 1823 3197 1879 ad
3222 1824 3507 1893 imaginem

1910 1929 1966 1975 et
2005 1920 2408 1975 similitudinem
2455 1919 2571 1986 Dei,
2603 1934 2762 1989 quam
2810 1930 3004 1974 cmtera
3044 1908 3274 1988 cerpora
3304 1917 3511 1971 anima-

1911 2009 2039 2065 lium
2072 2010 2269 2067 factum
2308 2012 2429 2081 jure
2460 2012 2629 2067 videri
2680 2020 2877 2081 potest.
2913 2013 3114 2065 Tamen
3160 2012 3285 2080 quia
3326 2009 3509 2078 homo,

1912 2103 2030 2157 sine
2075 2105 2183 2158 vita
2232 2119 2336 2158 non
2383 2113 2529 2159 recte
2580 2104 2905 2175 appellatur,
2954 2118 3059 2157 non
3092 2117 3291 2173 corpus
3335 2102 3508 2156 solum

1916 2195 2077 2249 homo
2107 2199 2362 2264 exterior,
2396 2212 2570 2265 neque
2612 2196 2727 2251 sola
2783 2197 2914 2263 vita,
2948 2211 3067 2266 qua:
3120 2195 3172 2249 in
3219 2209 3381 2250 sensu
3431 2206 3512 2251 εει

1916 2288 2182 2357 corporis,
2213 2289 2307 2343 sed
2341 2299 2628 2359 utrumque
2659 2288 2818 2343 simul
2850 2289 3048 2342 rectius
3081 2286 3311 2343 fortasse
3357 2288 3512 2342 intel~

1917 2380 2118 2448 ligitur.
2172 2378 2354 2450 Neque
2402 2381 2593 2435 inscite
2652 2378 2999 2449 distinguitur
3052 2379 3195 2449 quod
3243 2379 3389 2433 aliud
3442 2380 3513 2434 sit

1920 2473 2097 2542 imago
2136 2485 2190 2529 et
2238 2473 2534 2529 similitudo
2582 2474 2698 2543 Dei,
2750 2474 2837 2544 qui
2888 2473 3046 2528 etiam
3100 2474 3238 2527 [ilius
3287 2473 3513 2539 dicitur;

1919 2565 2062 2619 aliud
2092 2566 2159 2619 ad
2203 2566 2487 2638 imaginem
2518 2576 2571 2621 et
2623 2565 3033 2621 similitudinem
3067 2565 3179 2633 Dei,
3230 2567 3371 2620 sicut
3412 2566 3514 2620 ho-

1920 2660 2120 2717 minem
2151 2661 2347 2716 factum
2371 2663 2686 2731 accipimus.
2712 2663 2848 2716 Sunt
2868 2660 3029 2715 etiam
3059 2661 3149 2730 qui
3178 2678 3283 2715 non
3312 2660 3511 2716 frustra

1923 2756 2226 2826 intelligant
2256 2757 2363 2812 duo
2405 2756 2547 2811 dicta
2576 2772 2721 2826 esse,
2752 2757 2818 2812 ad
2855 2756 3143 2827 imaginem
3174 2767 3229 2813 et
3263 2756 3516 2812 similitu-

1924 2849 2128 2918 dinem,
2160 2866 2280 2906 cum
2312 2852 2357 2906 si
2388 2866 2490 2905 una
2522 2866 2609 2907 res
2637 2860 2798 2918 esset,
2836 2867 2997 2907 unum
3029 2864 3227 2906 nomen
3262 2849 3517 2906 soflicere

1924 2944 2165 3014 potuisse
2238 2954 2539 3012 asserunt;
2607 2944 2703 3001 sed
2772 2944 2839 3000 ad
2914 2944 3200 3016 imaginem
3279 2952 3518 3000 mentem

1926 3038 2123 3093 factam
2168 3038 2374 3107 volunt,
2403 3053 2523 3109 qua:
2562 3038 2705 3093 nulla
2748 3039 3063 3110 interposita
3095 3038 3412 3106 substantia,
3446 3038 3513 3096 ab

212 3122 436 3195 geritur,
464 3124 551 3191 qui
596 3132 677 3177 est
707 3123 979 3178 Christus.
1016 3124 1260 3180 Exterior
1295 3135 1472 3181 autem
1507 3124 1691 3196 homo,
1723 3127 1812 3197 qui
1845 3136 1891 3205 ο
1923 3130 2036 3200 ipsa
2083 3132 2309 3188 veritate
2355 3131 2639 3197 formatur,
2686 3132 2779 3203 qui
2830 3133 2991 3189 etiam
3034 3131 3269 3202 Spiritus
3297 3132 3515 3202 dicitur,

211 3228 360 3275 nunc
403 3214 788 3286 corrumpitur,
836 3215 1009 3271 futura
1065 3219 1470 3274 resurreCtione
1526 3228 1818 3276 renovatur

212 3306 627 3381 [renovabitur],
661 3325 784 3363 cum
815 3310 975 3363 istam
1004 3318 1235 3364 mortem
1266 3311 1616 3381 persolverit,
1654 3327 1814 3382 quam

211 3387 426 3458 naturae
451 3402 614 3457 debet
658 3402 777 3474 lege
811 3403 897 3456 illa
937 3418 1056 3470 quae
1087 3403 1141 3457 in
1172 3403 1421 3471 paradiso
1450 3420 1544 3473 per
1577 3422 1818 3477 praecep-

214 3505 330 3553 tum
358 3494 481 3551 data
510 3504 615 3551 est.
665 3495 950 3562 Quomodo
993 3503 1172 3551 autem
1202 3510 1310 3550 non
1354 3498 1425 3551 sit
1464 3496 1815 3569 incongruum

210 3587 359 3659 quod
388 3587 585 3643 dicitur
624 3586 788 3641 etiam
833 3600 1032 3656 corpus
1077 3586 1278 3643 factum
1309 3587 1378 3642 ad
1408 3588 1816 3649 similitudinem

211 3680 336 3748 Dei,
364 3678 520 3735 facile
556 3678 807 3749 intelligit
843 3678 933 3749 qui
962 3677 1255 3750 diligenter
1278 3679 1510 3735 attendit
1535 3680 1676 3750 quod
1706 3681 1819 3738 dic-

210 3782 331 3831 tum
372 3780 457 3827 est
508 3770 622 3827 :Et
651 3770 777 3826 fecit
825 3772 965 3826 Deus
1007 3773 1188 3826 omnia
1235 3770 1373 3827 bona
1420 3773 1597 3830 valde.
1650 3774 1819 3831 Nemo

210 3864 362 3920 enim
412 3864 645 3929 dubitat,
673 3878 784 3933 quo
826 3863 1015 3937 [quod]
1043 3866 1114 3920 sit
1152 3865 1267 3935 ipse
1310 3866 1562 3936 primitus
1608 3867 1815 3937 bonus;

214 3953 407 4009 multis
455 3955 601 4009 enim
630 3955 805 4010 modis
847 3956 954 4010 dici
1001 3967 1228 4025 possunt
1277 3973 1364 4014 res
1414 3959 1620 4015 similes
1664 3960 1814 4016 Deo:

214 4045 343 4099 aliae
370 4044 665 4101 secundum
700 4048 951 4101 virtutem
985 4056 1041 4103 et
1066 4048 1379 4117 sapientiam
1410 4051 1582 4121 laetae,
1611 4051 1735 4120 quia
1763 4052 1819 4107 in

212 4139 341 4208 ipso
369 4148 453 4195 est
480 4139 650 4195 virtus
686 4147 742 4196 et
773 4140 1035 4210 sapientia
1067 4155 1175 4196 non
1215 4140 1336 4196 ficta
1373 4140 1587 4215 [facta];
1617 4142 1739 4199 aliae
1766 4146 1820 4200 in

211 4242 483 4303 quantum
515 4233 687 4289 solum
728 4234 941 4309 vivunt,
972 4234 1095 4304 quia
1125 4234 1219 4290 ille
1241 4249 1451 4291 summe
1478 4246 1533 4292 et
1572 4238 1820 4308 primitus

211 4324 385 4392 vivit;
408 4326 529 4380 alia;
555 4326 610 4380 in
641 4334 897 4395 quantum
928 4335 1078 4393 sunt,
1108 4329 1236 4396 quia
1260 4326 1353 4384 ille
1378 4342 1588 4384 summe
1616 4344 1680 4386 ac
1710 4330 1820 4399 pri-

211 4420 389 4475 mitus
417 4428 523 4477 est.
552 4420 619 4475 Et
650 4420 774 4477 ideo
805 4436 925 4491 qua:
947 4423 1317 4478 tantummodo
1342 4433 1486 4491 sunt,
1518 4440 1617 4482 nec
1642 4435 1817 4483 tamen

1923 3242 2029 3283 non
2062 3227 2151 3283 ille
2179 3227 2413 3297 Spiritus
2452 3235 2666 3284 sanctus
2697 3227 2786 3297 qui
2836 3235 2921 3281 est
2963 3226 3076 3298 96
3118 3224 3357 3296 ejusdem
3390 3226 3517 3281 sub-

1922 3322 2158 3391 stantiae,
2189 3321 2344 3392 cujus
2374 3322 2534 3379 Pater
2570 3331 2624 3378 et
2657 3321 2847 3389 Filius,
2878 3321 2973 3376 sed
3006 3320 3226 3391 spiritus
3255 3321 3516 3388 hominis;

1924 3428 2047 3469 nam
2080 3416 2153 3468 ita
2201 3414 2460 3469 discernit
2512 3413 2611 3468 hos
2657 3412 2950 3483 Apostolus
2993 3428 3164 3469 :nam
3212 3428 3371 3469 nemo
3421 3414 3519 3474 scit

1922 3503 2050 3575 quid
2103 3512 2294 3576 agatur
2345 3507 2397 3560 in
2452 3503 2693 3571 homine,
2735 3503 2837 3560 uisi
2883 3504 3103 3575 spiritus
3156 3504 3426 3573 hominis;
3469 3515 3520 3564 et

1914 3614 2083 3679 nemo
2115 3600 2217 3657 scit
2240 3600 2368 3672 quid
2390 3607 2581 3671 agatur
2604 3600 2657 3655 in
2690 3597 2823 3667 Deo,
2854 3599 2956 3654 nisi
2987 3596 3223 3669 Spiritus
3246 3598 3361 3655 Dei.
3388 3597 3520 3658 Item

1922 3701 1991 3754 de
2030 3696 2224 3767 spiritu
2271 3695 2508 3751 hominis
2555 3695 2687 3751 dicit
2731 3712 2745 3750 :
2796 3690 3015 3750 Salvum
3063 3694 3222 3750 faciet
3271 3693 3519 3763 Spiritum

1922 3800 2189 3860 vestrum,
2221 3790 2459 3849 animam
2490 3798 2545 3845 et
2581 3803 2809 3860 corpus;
2840 3797 2896 3845 et
2926 3788 3025 3844 iste
3060 3789 3203 3844 enim
3240 3786 3411 3842 factus
3441 3794 3521 3845 est

1921 3899 1954 3939 a
1983 3885 2117 3953 Deo,
2151 3887 2292 3942 sicut
2320 3896 2513 3943 caztera
2549 3896 2820 3941 creatura.
2864 3884 3136 3954 Scriptum
3170 3894 3250 3939 est
3290 3884 3431 3939 enim
3466 3883 3519 3939 in

1923 3975 2232 4035 Proverbiis
2258 3995 2273 4033 :
2305 3980 2421 4035 Hoc
2440 3978 2601 4033 modo
2622 3978 2758 4033 scito
2786 3978 3037 4047 quoniam
3075 3977 3335 4032 Dominus
3357 3976 3521 4032 corda

1923 4070 2167 4127 omnium
2198 4073 2364 4138 novit,
2407 4081 2461 4128 et
2490 4072 2581 4142 qui
2632 4070 2785 4125 ﬁnxit
2819 4071 3071 4139 Spiritum
3104 4069 3377 4135 omnibus,
3406 4070 3522 4139 ipse

1923 4164 2028 4221 scit
2053 4165 2255 4220 omnia.
2288 4165 2429 4235 Ergo
2462 4164 2563 4220 iste
2591 4165 2811 4234 spiritus
2839 4164 2907 4219 ad
2940 4164 3227 4235 imaginem
3258 4162 3352 4217 Dei
3377 4164 3523 4218 nullo

1924 4257 2205 4316 dubitante
2256 4258 2430 4314 factus
2474 4260 2759 4329 accipitur,
2790 4260 2843 4314 in
2882 4274 2988 4329 quo
3034 4265 3117 4314 est
3171 4256 3522 4328 intelligentia

1927 4348 2202 4419 veritatis;
2252 4352 2420 4408 haeret
2487 4352 2629 4407 enini
2702 4351 2958 4417 veritati,
3009 4350 3153 4406 nulla
3204 4348 3521 4419 interposita

1925 4454 2193 4503 creatura.
2225 4444 2435 4502 Caetera
2471 4443 2701 4500 hominis
2731 4444 2797 4499 ad
2834 4442 3238 4499 similitudinem
3269 4440 3406 4495 facta
3442 4438 3519 4493 vi-

214 4515 410 4609 νῘνΨῗί
437 4523 529 4609 ³9⁸
549 4514 785 4609 sapiu?"
812 4530 919 4609 non
944 4516 1226 4587 Perfecma
1246 4517 1342 4575 sed
1368 4519 1577 4589 θκίευίε
1605 4520 1814 4576 ευηιθά
1846 4539 1901 4605 D
1927 4538 2044 4597 deri
2075 4538 2281 4605 volunt,
2321 4538 2446 4609 quia
2477 4539 2652 4593 omnis
2691 4536 2908 4606 quidem
2953 4536 3131 4609 imago
3168 4534 3365 4590 similis
3411 4543 3517 4599 est,

210 4606 629 4662 similitudinem
660 4606 799 4678 ejus,
833 4608 956 4677 quia
984 4617 1040 4664 et
1069 4609 1184 4679 ipsa
1217 4610 1357 4665 bona
1388 4620 1514 4667 sunt
1542 4612 1594 4668 in
1631 4614 1821 4671 ordine

214 4716 346 4767 suo,
377 4716 500 4756 cum
538 4702 608 4758 sit
652 4702 737 4757 ille
777 4716 942 4773 super
983 4704 1164 4760 omnia
1211 4704 1405 4772 bonus,
1452 4722 1482 4760 a
1528 4722 1633 4777 quo
1680 4707 1820 4765 bona

200 4805 387 4869 psunt;
416 4796 597 4852 omnia
629 4810 758 4853 vero
789 4812 911 4868 quae
939 4799 1125 4853 vivunt
1152 4807 1208 4854 et
1254 4815 1362 4855 non
1395 4798 1625 4870 sapiunt,
1661 4802 1820 4872 paulo

214 4892 460 4961 amplius
491 4892 819 4964 participant
845 4892 1272 4949 similitudinem.
1307 4894 1462 4962 Quod
1493 4896 1632 4951 enim
1662 4896 1817 4964 vivit,

215 4985 390 5041 etiam
420 4994 534 5053 est;
561 5002 667 5042 non
694 4995 871 5042 autem
898 4985 1160 5058 quidquid
1187 4996 1290 5055 est,
1323 4988 1484 5043 etiam
1515 4989 1666 5043 vivit.
1698 4989 1818 5046 Jam

198 5095 391 5149 -porro
418 5096 539 5150 qua:
562 5082 801 5152 sapiunt,
832 5081 906 5136 ita
932 5080 1010 5135 illi
1033 5079 1374 5135 similitudini
1396 5090 1522 5136 sunt
1555 5083 1819 5153 proxima,

220 5183 287 5229 ut
315 5174 369 5229 in
400 5177 664 5232 creaturis
691 5176 821 5232 nihil
849 5176 918 5232 sit
943 5174 1316 5247 propinquius.
1349 5175 1501 5243 Quod
1529 5176 1671 5239 enim
1706 5193 1826 5245 par-

216 5270 415 5337 ticipat
442 5271 747 5339 sapientiae,
770 5280 826 5326 et
856 5270 1010 5336 vivit,
1043 5278 1099 5325 et
1132 5268 1425 5338 est;.quod
1455 5278 1635 5323 autem
1670 5268 1820 5335 vivit,

216 5376 455 5419 necesse
482 5372 566 5419 est
600 5373 657 5419 ut
685 5363 773 5429 sit,
807 5378 916 5420 non
961 5379 1187 5423 necesse
1216 5372 1301 5421 est
1330 5372 1388 5418 ut
1415 5364 1608 5435 sapiat.
1642 5364 1821 5431 Quare

214 5472 353 5513 cum
380 5457 540 5513 homo
566 5458 736 5524 possit
766 5458 1031 5527 particeps
1050 5472 1172 5517 esse
1195 5458 1495 5529 sapientiae,
1520 5459 1819 5514 secundum

218 5550 543 5607 interiorem
594 5551 888 5620 hominem,
923 5553 1216 5609 secundum
1261 5554 1459 5623 ipsum,
1513 5555 1585 5609 ita
1632 5561 1717 5610 est
1755 5554 1823 5610 ad

196 5641 518 5709 imaginem
555 5639 718 5713 [Dei],
752 5652 807 5695 ut
851 5642 996 5698 nulla
1026 5651 1215 5697 natura
1262 5643 1578 5714 interposita
1621 5646 1823 5702 forme-

227 5741 355 5794 tur,
392 5740 446 5787 et
492 5732 611 5789 ideo
640 5733 771 5788 nihil
812 5735 923 5791 Deo
961 5734 1349 5805 conjunctius»:
1385 5748 1437 5792 et
1477 5739 1619 5807 sapit
1653 5739 1820 5804 enim,

225 5837 289 5886 et
318 5826 468 5894 vivit,
501 5834 555 5882 et
600 5835 707 5893 est;
742 5844 845 5900 qua
872 5836 1117 5885 creatura
1149 5827 1280 5884 nihil
1308 5839 1388 5885 εει
1420 5831 1635 5886 melius.
1669 5831 1825 5899 Quod

1925 4649 2033 4690 non
2062 4642 2243 4691 autem
2274 4647 2436 4688 omne
2476 4631 2617 4701 quod
2647 4630 2825 4687 simile
2859 4639 2963 4698 est,
2994 4629 3154 4685 etiam
3188 4628 3363 4698 imago
3394 4642 3517 4695 pro-

1926 4727 2065 4797 prie,
2091 4726 2187 4782 sed
2220 4726 2356 4781 forte
2387 4724 2609 4780 abusive
2636 4723 2740 4779 dici
2769 4730 2962 4792 potest.
2996 4718 3104 4778 Sed
3132 4718 3431 4776 cavendum
3464 4720 3518 4774 in

1925 4821 2123 4877 talibus
2173 4835 2241 4875 ne
2286 4818 2412 4889 quid
2444 4818 2607 4874 nimis
2657 4816 3072 4874 asseverandum
3116 4824 3377 4886 putetur:
3425 4812 3518 4868 illa

1925 4928 1988 4969 re
2034 4928 2167 4969 sane
2219 4913 2508 4969 salubriter
2562 4911 2850 4978 custodita,
2902 4927 2970 4967 ne
3020 4910 3271 4982 quoniam
3319 4919 3517 4975 corpus

1930 5009 2214 5080 quodlibet
2243 5024 2337 5078 per
2384 5009 2570 5065 localia
2618 5008 2789 5078 spatia
2827 5014 3129 5077 porrectum
3160 5011 3263 5071 est,
3314 5000 3514 5071 aliquid

1931 5102 2034 5158 tale
2077 5102 2326 5159 credatur
2356 5116 2477 5157 esse
2524 5100 2829 5157 subStantia
2858 5100 2949 5155 Dei
2985 5116 2998 5151 :
3032 5113 3153 5153 nam
3199 5110 3286 5151 res
3315 5110 3432 5165 quae
3463 5094 3514 5147 in

1929 5202 2083 5264 parte
2126 5194 2302 5249 minor
2329 5202 2413 5249 est
2442 5210 2599 5263 quam
2648 5195 2701 5248 in
2732 5202 2867 5258 toto,
2915 5206 3016 5247 nec
3041 5189 3284 5261 dignitati
3324 5187 3517 5242 animae

1927 5288 2208 5353 convenit;
2233 5295 2433 5368 quanto
2466 5286 2641 5343 minus
2671 5284 2935 5355 majestati
2967 5284 3089 5340 Dei!

2402 5404 2630 5462 CAPUT
2667 5400 3044 5458 CCCXXXIX.

1931 5500 2009 5554 De
2065 5517 2122 5554 eo
2162 5502 2299 5571 quod
2352 5501 2425 5553 ait
2453 5502 2506 5555 in
2537 5498 2816 5568 Evangelia
2865 5496 3080 5571 :Erunt
3136 5496 3188 5547 in
3220 5510 3322 5571 uno
3366 5492 3519 5571 donlo

2001 5573 2146 5627 divisi
2175 5562 2292 5627 'duo
2341 5574 2582 5626 adversus
2611 5562 2734 5635 tre},
2765 5578 2814 5625 et
2860 5579 2961 5625 tres
3007 5568 3250 5624 adversus
3287 5566 3411 5620 duo.
3444 5562 3521 5618 De

2001 5645 2316 5714 expositione
2344 5642 2528 5713 psalmi
2558 5657 2702 5697 κων.

2004 5738 2299 5809 Accingere
2346 5734 2578 5806 gladium
2620 5742 2768 5790 tuum
2819 5731 2963 5789 circa
3016 5732 3205 5797 femur,
3262 5730 3522 5801 potentis~

1934 5832 2089 5889 sime.
2123 5830 2368 5886 Gladium
2402 5836 2573 5895 tuum,
2617 5827 2743 5900 quid
2794 5828 2895 5885 nisi
2948 5828 3165 5886 verbum
3200 5826 3384 5884 tuum?
3422 5824 3522 5883 illo
