4010 6382
546 336 687 396 11165

559 554 732 616 patre,
770 548 931 604 ﬁliam
960 562 989 603 a
1020 556 1210 613 matre,
1243 561 1435 602 nurum
1472 561 1501 600 a
1528 561 1705 603 socru.
1741 546 1995 617 Legimus
2030 548 2146 604 haec

562 638 616 694 in
642 640 932 712 Evangelio
956 656 971 695 :
994 640 1108 696 Non
1134 640 1254 697 veni
1285 655 1472 710 pacem
1495 638 1728 708 mittere,
1753 639 1850 696 sed
1872 640 2140 710 gladium;

551 741 628 798 et,
665 732 833 788 Erunt
862 734 915 787 in
962 746 1069 787 una
1109 732 1273 788 domo
1298 732 1537 804 quinque
1582 731 1866 787 adversum
1914 732 2045 799 duo,
2090 742 2145 787 et

548 823 681 878 duos
700 823 980 878 adversum
1002 832 1145 889 tres;
1170 833 1226 880 et
1254 832 1361 880 tres
1390 824 1679 881 adversum
1703 822 1843 880 duos
1874 832 2037 881 erunt
2063 823 2146 880 di-

554 914 673 980 visi,
724 914 774 970 id
806 925 909 981 est,
955 915 1094 970 ﬁlius
1140 916 1398 972 adversus
1444 924 1648 987 patrem
1680 931 1859 981 suum,
1888 916 1998 972 ﬁlia
2045 914 2144 970 ad-

547 1019 735 1060 versus
766 1014 993 1061 matrem
1021 1020 1196 1077 suam,
1227 1022 1394 1063 nurus
1419 1007 1684 1063 adversus
1711 1022 1927 1063 socrum
1964 1022 2140 1062 suam.

552 1096 679 1152 llaec
708 1097 923 1167 divisio,
954 1110 1058 1170 quo
1083 1099 1262 1172 gladio
1292 1099 1430 1157 facta
1461 1110 1546 1158 est
1568 1101 1818 1158 Christus
1846 1101 2047 1157 attulit.
2080 1101 2146 1156 Et

546 1206 763 1259 revera,
799 1190 1016 1263 fratres,
1048 1194 1209 1249 etiam
1242 1194 1571 1265 quotidianis
1601 1194 1864 1264 exemplis
1894 1194 2142 1250 videmus

546 1284 683 1341 haec.
710 1286 895 1344 Placet
910 1287 1097 1358 juveni
1128 1286 1288 1344 alicui
1316 1288 1525 1345 servire
1547 1287 1680 1355 Deo,
1709 1287 1956 1357 displicet
1980 1286 2139 1356 patri,

541 1376 700 1432 divisi
754 1388 882 1433 sunt
928 1379 1213 1436 adversum
1263 1394 1324 1435 se
1364 1394 1381 1433 :
1425 1378 1513 1435 ille
1557 1378 1823 1449 promittit
1872 1386 2140 1434 terrenam

543 1469 941 1542 haereditatem,
978 1473 1071 1529 ille
1117 1484 1264 1529 amat
1307 1476 1618 1538 cmlestem;
1668 1471 1813 1527 aliud
1843 1472 1944 1527 iste
1984 1471 2139 1540 polli-

542 1570 710 1628 cetur,
743 1562 887 1618 aliud
919 1563 1011 1619 ille
1040 1564 1221 1635 elegit.
1260 1562 1381 1619 Non
1426 1561 1529 1620 sibi
1560 1570 1712 1632 putet
1759 1570 1915 1632 pater
1942 1561 2137 1619 factam

542 1653 815 1725 injuriam,
843 1656 986 1712 Deus
1029 1658 1178 1713 solus
1209 1656 1287 1713 illi
1315 1656 1627 1727 prtefertur;
1669 1664 1724 1711 et
1749 1664 1930 1711 tamen
1970 1655 2141 1725 litigat

542 1763 664 1804 cum
713 1749 823 1804 ﬁlio
871 1753 1091 1806 volente
1129 1753 1335 1806 servire
1365 1750 1476 1808 Deo
1526 1768 1537 1802 :
1571 1748 1668 1806 sed
1716 1747 1906 1803 fortior
1933 1758 2017 1804 est
2046 1747 2139 1803 ille

1628 342 1694 396 D.
1734 339 2054 399 EUGYPPII
2092 338 2384 399 ABBA‘I‘IS
2430 337 2755 398 AFRICANI

553 455 735 527 gladio
782 456 972 513 stravit
1010 455 1287 520 inimicos;
1316 453 1413 510 illo
1452 453 1630 525 gla‘dio
1657 455 1842 512 divisit
1895 456 2062 513 ﬁlium
2109 472 2139 512 a
2168 465 2222 528 Α

3704 342 3824 394 ΝΜ

2781 452 3011 513 CAPUT
3047 450 3293 510 CCCXL.

2249 569 2328 625 De
2370 572 2535 643 magis
2575 568 2900 643 Pharaonis,
2946 576 2995 623 et
3033 584 3125 643 cur
3158 566 3827 643 qugtfaqmirqculafece-

2319 637 2477 725 runt,
2514 643 2647 698 sicut
2688 640 2894 713 Moyses
2938 640 3163 712 famulus
3205 639 3321 696 Dei.
3365 637 3451 695 Ea:
3492 640 3633 695 libro
3664 637 3826 708 om-

2320 723 2533 769 uanum.

2318 828 2433 884 Non
2464 836 2677 899 oportet
2705 826 2906 883 moveri
2934 840 3055 882 cum
3086 825 3308 895 magicis
3334 825 3551 881 artibus
3584 826 3821 883 miracula

2248 919 2383 977 ﬁunt
2403 921 2720 991 plerumque
2743 920 2939 975 similia
2966 918 3239 974 miraculis
3262 932 3387 989 qua
3412 919 3562 973 ﬁunt
3585 932 3679 989 per
3695 933 3827 975 sanc-

2247 1018 2332 1067 tos
2360 1027 2544 1068 servos
2578 1012 2708 1079 Dei,
2738 1010 2879 1067 sicut
2919 1011 3180 1078 scriptum
3225 1018 3310 1065 est
3355 1010 3410 1065 in
3461 1009 3667 1066 Exodo
3707 1010 3827 1081 quod

2247 1104 2387 1174 magi
2455 1103 2748 1159 Pharaonis
2804 1102 3048 1158 fecerunt
3097 1100 3354 1156 nonnulla
3404 1101 3669 1156 similiter
3711 1102 3825 1156 sient

2247 1196 2375 1254 fecit
2402 1196 2633 1269 Moyses.
2662 1195 2782 1251 Non
2811 1209 2940 1264 ergo
2968 1201 3184 1265 oportet
3216 1194 3331 1248 haec
3361 1192 3562 1248 mirari
3591 1193 3711 1261 quia
3735 1208 3826 1249 om-

2250 1286 2338 1343 nia
2367 1302 2487 1358 qua:
2512 1285 2800 1342 visibiliter
2829 1286 2983 1352 ﬁunt,
3021 1285 3182 1341 etiam
3215 1299 3313 1356 per
3343 1284 3649 1340 inferiores
3674 1292 3823 1354 potes-

2247 1390 2388 1437 tates
2420 1381 2564 1438 aeris
2590 1380 2749 1451 hujus
2780 1394 2887 1435 non
2917 1377 3151 1435 absurde
3179 1376 3295 1432 ﬁeri
3327 1391 3497 1448 posse
3532 1376 3819 1432 creduntur.

2243 1474 2350 1532 Sed
2390 1476 2492 1531 hoc
2534 1476 2761 1531 interest
2803 1472 2945 1543 quod
2987 1487 3110 1531 cum
3156 1469 3331 1525 sancti
3374 1469 3505 1525 talia
3556 1468 3821 1525 facientia

2244 1570 2462 1625 nomine
2491 1569 2620 1637 Dei,
2652 1567 2823 1624 Deum
2852 1568 2906 1622 in
2937 1565 3180 1621 omnium
3211 1580 3392 1620 rerum
3434 1565 3511 1620 de
3561 1565 3818 1620 sublimio-

2243 1661 2391 1717 ribus
2417 1660 3011 1733 apparatihusjubetur
3053 1657 3325 1715 inferioris
3371 1669 3673 1714 creaturae.
3711 1659 3821 1713 Cum

2242 1762 2421 1811 autem
2450 1753 2574 1809 mali
2605 1752 2853 1809 homines
2886 1750 3043 1807 malis
3068 1749 3276 1805 artibus
3302 1759 3613 1820 operantur
3634 1749 3820 1813 similia,

542 1841 755 1912 gladius
796 1841 1053 1912 spiritalis
1105 1856 1386 1913 separans,
1433 1857 1592 1913 quam
1643 1841 1901 1911 copulans
1946 1850 2136 1895 natura
2169 1870 2219 1933 Β
2244 1846 2298 1901 in
2335 1861 2524 1902 manus
2555 1860 2681 1902 suas
2712 1846 2928 1913 dantur,
2961 1859 3084 1899 cum
3117 1843 3487 1897 exaudiuntur
3516 1859 3547 1897 a
3592 1844 3821 1899 demoni-

544 1934 799 1990 carnalis.
845 1932 929 1988 Fit
955 1932 1060 1989 hoc
1087 1944 1142 1990 et
1162 1933 1231 1991 de
1266 1934 1375 1989 ﬁlia
1420 1934 1679 1991 adversus
1706 1944 1930 1991 matrem
1958 1948 2135 2000 suam,

542 2023 709 2077 multo
757 2022 927 2093 magis
974 2034 1030 2079 et
1073 2023 1139 2079 de
1188 2039 1325 2079 nuru
1374 2023 1641 2080 adversus
1676 2040 1890 2079 socrum
1939 2037 2135 2079 suam:

545 2132 668 2174 nam
697 2118 986 2191 aliquando
1015 2121 1069 2175 in
1117 2135 1222 2175 una
1253 2120 1414 2175 domo
1461 2135 1631 2175 nurus
1660 2128 1715 2175 et
1755 2135 1941 2176 socrus
1986 2120 2137 2173 iuve-

546 2212 794 2281 niuntur,
828 2214 1082 2271 lueretice
1122 2215 1385 2271 catholica
1420 2212 1694 2288 [haeretica
1733 2223 1789 2270 et
1824 2210 2134 2284 catholica],

543 2316 596 2363 et
630 2308 717 2363 ulli
739 2307 951 2366 fortiter
980 2309 1240 2380 recipitur
1264 2309 1371 2366 iste
1394 2310 1630 2381 gladius,
1654 2308 2134 2379 rebaptizationem

518 2404 649 2457 'non
694 2404 965 2460 timemus.
1011 2402 1193 2459 Potuit
1243 2404 1408 2458 dividi
1454 2404 1563 2458 ﬁlia
1609 2404 1866 2459 adversus
1908 2410 2137 2459 matrem

542 2502 718 2561 suam,
748 2505 803 2551 et
833 2511 939 2551 non
978 2504 1156 2565 potest
1199 2511 1367 2550 nurus
1412 2495 1671 2551 adversus
1702 2510 1915 2552 socrum
1959 2510 2133 2550 suam.

540 2581 764 2641 Factum
790 2596 873 2643 est
901 2586 1006 2643 hoc
1026 2588 1355 2657 generaliter
1378 2588 1543 2643 etiam
1568 2590 1619 2642 in
1641 2604 1839 2659 genere
1864 2590 2134 2645 humano:

539 2676 742 2734 divisus
771 2690 853 2734 est
896 2680 1037 2735 lilius
1065 2680 1323 2736 adversus
1360 2690 1601 2750 patrem;
1636 2680 1834 2737 fuimus
1865 2683 2009 2737 enim
2042 2682 2138 2736 ali-

541 2772 761 2841 quando
789 2772 884 2827 ﬁlii
926 2773 1150 2830 diaboli.
1196 2772 1508 2828 lnﬁdelibus
1538 2772 1738 2827 dictum
1770 2781 1855 2827 est
1887 2790 1899 2825 :
1949 2772 2056 2827 Vos
2105 2788 2135 2827 a

430 2884 437 2891 ·
539 2860 692 2934 patre
735 2864 952 2920 diabolo
982 2866 1135 2921 estis.
1174 2864 1363 2920 Omnis
1391 2862 1679 2919 inﬁdelitas
1726 2872 1933 2931 nostra,
1974 2863 2134 2930 unde,

539 2955 641 3009 nisi
678 2970 706 3008 a
743 2966 893 3026 patre
920 2957 1172 3012 diabolo?
1202 2973 1307 3013 non
1353 2958 1445 3014 ille
1470 2956 1730 3026 creando,
1764 2957 1858 3013 sed
1888 2973 1986 3013 nos
2016 2958 2138 3014 imi-

538 3047 726 3103 tando.
765 3049 883 3104 1am
918 3052 1081 3105 modo
1124 3051 1322 3105 videtis
1358 3050 1525 3105 ﬁlium
1571 3050 1805 3105 divisum
1848 3050 2134 3106 adversum

541 3155 749 3213 pauent
780 3163 792 3197 :
819 3144 971 3201 venit
990 3145 1206 3215 gladius
1229 3145 1341 3210 ille,
1370 3145 1642 3200 renuntiat
1663 3145 1877 3199 diabolo
1896 3186 1910 3210 ,
1934 3143 2137 3199 invenit

540 3236 705 3291 alium
735 3245 967 3307 patrem,
1000 3238 1203 3293 invenit
1239 3236 1397 3291 aliam
1437 3246 1664 3292 matrem
1693 3254 1705 3289 :
1732 3236 1820 3291 ille
1847 3235 1913 3290 ad
1954 3234 2134 3289 imita—
2160 3265 2208 3331 ρ

541 3328 742 3384 tionem
765 3345 823 3384 se
844 3330 1091 3399 praebens
1112 3329 1401 3400 generabat
1420 3330 1471 3383 in
1488 3328 1710 3384 exitium
1728 3343 1742 3393 ;
1763 3338 2009 3399 parentes
2025 3327 2131 3384 duo

538 3435 673 3491 quos
704 3422 1026 3490 invenimus,
1074 3425 1127 3477 in
1158 3422 1322 3477 vitam
1375 3430 1643 3477 terrenam
1674 3431 1953 3492 generant.
1989 3421 2132 3477 Divi-

538 3527 629 3566 sus
674 3522 759 3567 est
804 3513 949 3569 ﬁlius
1000 3513 1260 3568 adversus
1312 3522 1539 3582 patrem,
1572 3511 1741 3568 divisa
1792 3521 1874 3567 est
1902 3512 2007 3567 ﬁlia
2038 3512 2133 3567 ad-

541 3620 725 3661 versus
755 3616 981 3662 matrem
1008 3621 1160 3662 suam
1194 3625 1206 3660 :
1235 3606 1387 3676 plebs
1419 3606 1513 3661 illa
1542 3621 1662 3675 qua:
1690 3605 1758 3661 de
1783 3603 1985 3661 ludatis
2012 3620 2133 3661 cre-

539 3699 695 3765 didit,
725 3700 894 3756 divisa
922 3714 1006 3756 est
1053 3701 1311 3757 adversus
1342 3703 1682 3773 Synagogam
1708 3718 1723 3768 ;
1753 3700 1925 3757 divisa
1956 3710 2039 3756 est
2079 3711 2133 3757 et

543 3808 714 3847 nurus
753 3794 1019 3849 adversus
1064 3808 1277 3848 socrum
1329 3808 1480 3848 suam
1516 3812 1528 3847 :
1579 3793 1725 3864 plebs
1770 3793 1837 3849 de
1884 3793 2132 3863 gentibus

541 3888 786 3955 veniens,
819 3904 983 3945 nurus
1013 3888 1227 3955 dicitur,
1266 3889 1390 3958 quia
1417 3886 1662 3942 Christus
1706 3901 1953 3956 sponsus,
1990 3886 2131 3942 ﬁlius

541 3976 857 4051 Synagogm.
911 3979 1065 4035 Unde
1107 3980 1255 4034 enim
1297 3987 1454 4033 natus
1498 3977 1664 4033 Filius
1694 3976 1789 4032 Dei
1837 3976 2128 4034 secundum

540 4069 791 4124 carnem?
818 4085 881 4126 ex
913 4071 1000 4126 illa
1029 4068 1331 4141 Synagoga.
1360 4068 1455 4125 Ille
1482 4069 1574 4139 qui
1611 4068 1817 4124 dimisit
1842 4077 2051 4140 patrem
2077 4077 2134 4125 et

539 4174 788 4233 matrem,
837 4174 893 4222 et
933 4165 1164 4221 adluatsit
1208 4163 1360 4221 uxori
1409 4180 1544 4231 suae,
1590 4173 1650 4220 ut
1700 4173 1883 4221 essent
1926 4163 2031 4219 duo
2076 4164 2131 4219 in

541 4272 701 4314 carne
739 4274 845 4315 una
880 4274 895 4311 :
934 4272 1043 4313 non
1086 4259 1402 4329 conjectura
1443 4266 1649 4323 nostra,
1696 4256 1792 4312 sed
1841 4263 2130 4311 attestante

542 4350 801 4418 Apostolo
845 4361 898 4405 et
945 4349 1211 4406 dicente:
1263 4350 1673 4407 Sacramentum
1728 4351 1828 4403 hoc
1878 4362 2130 4418 magnum

543 4453 652 4509 est;
679 4459 777 4513 ego
804 4454 982 4500 autem
1010 4444 1132 4501 dico
1154 4446 1207 4500 in
1229 4444 1448 4501 Christo
1470 4456 1524 4500 at
1545 4445 1600 4500 in
1629 4443 1887 4500 Ecclesia.
1918 4442 2131 4499 Dimisit

544 4538 685 4590 enim
739 4537 951 4592 Patrem
1008 4536 1450 4607 quodammodo,
1505 4550 1611 4591 non
1663 4536 1883 4591 omnino
1930 4531 2131 4590 dimisit

543 4627 707 4683 veluti
756 4630 823 4684 ad
862 4632 1281 4700 separationem,
1335 4630 1431 4686 sed
1460 4629 1529 4684 ad
1582 4629 1978 4698 susceptionem
2029 4629 2208 4722 ltu-D

545 4732 719 4772 manae
746 4718 945 4776 carnis.
975 4721 1257 4787 Quomodo
1292 4719 1530 4776 dimisit?
1559 4720 1692 4788 Quia
1735 4734 1855 4774 cum
1886 4726 2032 4774 esset
2067 4718 2123 4773 in

543 4809 712 4863 forma
738 4809 853 4874 Dei,
884 4824 990 4865 non
1017 4812 1256 4880 rapinam
1282 4810 1573 4868 arbitratus
1600 4820 1683 4866 est
1711 4825 1832 4866 esse
1856 4824 1916 4865 se
1946 4823 2124 4880 aequa-

545 4902 649 4957 lem
679 4902 810 4969 Deo,
854 4904 947 4958 sed
990 4906 1337 4976 semetipsum
1371 4905 1688 4971 exinanivit,
1723 4905 1951 4962 formam
1982 4905 2123 4961 servi

543 4990 828 5063 accipiens.
864 4995 1143 5061 Quomodo
1170 4998 1373 5053 dimisit
1398 5007 1452 5055 et
1480 4999 1743 5055 matrem?
1788 5007 2000 5068 gentem
2029 4996 2123 5054 Ju-

543 5087 803 5155 dzeorum,
834 5089 1171 5161 Synagogam
1212 5093 1357 5147 illam
1399 5092 1690 5147 haerentem
1720 5090 1993 5147 veteribus
2037 5106 2121 5146 sa—

469 5248 475 5260 ‘
543 5180 850 5233 oramentis.
909 5180 990 5235 Ad
1038 5183 1207 5252 ipsam
1263 5182 1486 5251 ﬁguram
1536 5182 1767 5251 pertinet
1813 5182 1957 5252 quod
2001 5181 2123 5236 ait:

454 5294 461 5343 λ
541 5268 672 5335 Quae
718 5270 848 5324 mihi
892 5281 1095 5339 mater,
1126 5282 1218 5327 aut
1263 5273 1356 5343 qui
1399 5272 1625 5329 fratres?
1672 5273 1766 5329 ille
1811 5272 1952 5328 enim
1983 5272 2128 5328 intus

448 5356 456 5390 ί
541 5361 789 5426 docebat,
821 5363 896 5418 illi
936 5364 1065 5420 foris
1095 5364 1331 5422 stabant.
1376 5364 1567 5421 Videte
1604 5365 1663 5439 si,
1695 5380 1803 5420 non
1851 5366 2011 5421 modo
2051 5366 2127 5421 ita

460 5450 476 5513 ξ
542 5460 665 5505 sunt
690 5450 859 5507 Judaei
908 5471 923 5508 :

977 5455 1135 5512 docet
1166 5456 1423 5523 Christus
1470 5456 1523 5512 in
1573 5455 1833 5522 Ecclesia,
1880 5456 1958 5511 illi
1996 5456 2130 5513 foris

470 5540 477 5569 ί
541 5550 702 5595 stant.
754 5542 956 5602 Socrus
1003 5561 1129 5616 ergo
1179 5547 1309 5618 quid
1336 5547 1453 5603 est?
1482 5556 1654 5604 mater
1690 5547 1904 5618 sponsi;
1952 5556 2124 5603 mater

542 5636 721 5705 sponsi
752 5637 965 5695 Domini
1007 5640 1137 5696 Jesu
1164 5640 1387 5709 Christi,
1434 5642 1714 5715 Synagoga
1743 5654 1860 5709 est;
1901 5644 2125 5714 proinde

548 5742 715 5783 nurus
755 5730 873 5800 ejus
911 5732 1173 5800 Ecclesia,
1206 5748 1325 5801 quae
1348 5736 1570 5791 veniens
1610 5736 1678 5792 de
1719 5736 1985 5807 gentibus,
2019 5750 2125 5791 non

547 5822 815 5875 consensit
862 5822 913 5877 in
961 5824 1421 5881 circumcisionem
1472 5830 1780 5895 carnalem,
1828 5825 1998 5883 divisa
2045 5838 2128 5886 est

551 5909 803 5968 adversus
834 5929 1043 5970 socrum
1074 5931 1245 5983 suam.

2247 1939 2350 1995 bus
2378 1957 2391 2005 ;
2424 1939 2575 2011 digni
2605 1950 2733 1995 sunt
2761 1939 2905 1994 enim
2935 1937 3025 2008 qui
3057 1936 3148 1991 tali
3191 1936 3543 1991 exauditione
3574 1936 3819 2007 decipian-

2244 2042 2354 2099 tur,
2384 2043 2441 2087 ut
2470 2046 2627 2101 paena
2659 2030 2766 2087 illis
2805 2029 2899 2084 ﬁat
2938 2029 3041 2084 hoc
3080 2026 3224 2098 quod
3264 2027 3519 2083 videntur
3556 2028 3820 2099 impetrare

2244 2126 2599 2191 beneﬁcium,
2630 2141 2753 2179 cum
2798 2125 2878 2180 eis
2920 2123 3178 2179 exhibent
3218 2122 3371 2192 quasi
3412 2121 3662 2191 privatim
3702 2121 3821 2177 infe-

2243 2219 2415 2277 riores
2446 2225 2742 2288 potestates
2771 2215 3017 2285 quaedam
3048 2212 3339 2278 miracula,
3370 2223 3432 2266 ut
3464 2226 3558 2266 eos
3598 2210 3820 2267 habeant

2241 2314 2560 2383 subjugatos
2586 2327 2599 2364 :
2630 2308 2900 2380 permissu
2934 2315 3113 2362 tamen
3153 2304 3341 2360 divinae
3378 2302 3719 2373 providentiae
3756 2310 3813 2359 ut

2244 2425 2338 2479 pro
2380 2405 2591 2463 meritis
2633 2405 2937 2459 animarum
2978 2417 3076 2457 sua
3114 2401 3309 2473 cuique
3344 2400 3643 2455 tribuuntur
3685 2396 3817 2469 [tri—

2240 2500 2517 2573 buantur].
2549 2498 2736 2556 Omnis
2763 2499 2941 2552 anima
2988 2498 3183 2567 partim
3217 2493 3406 2565 privati
3432 2492 3711 2563 cujusdam
3746 2489 3819 2545 sui

2241 2600 2562 2664 potestatem
2592 2591 2761 2661 gerit,
2794 2588 2988 2659 partim
3018 2585 3391 2641 universitatis
3424 2582 3671 2653 legibus,
3698 2582 3817 2635 sicut

2240 2683 2488 2753 publicis,
2522 2690 2805 2738 coercetur
2834 2687 2889 2735 et
2916 2678 3139 2749 regitur.
3174 2677 3313 2745 Quia
3342 2690 3477 2747 ergo
3508 2686 3815 2745 unaquaque

2238 2787 2328 2831 res
2358 2775 2585 2831 visibilis
2615 2776 2669 2829 in
2702 2776 2806 2829 hoc
2836 2771 3038 2827 mundo
3069 2770 3233 2825 habet
3281 2777 3609 2839 potestatem
3639 2766 3809 2837 angeli-

2240 2866 2397 2922 lieam
2446 2867 2546 2922 sibi
2598 2868 2978 2937 praepositam,
3026 2865 3167 2920 sicut
3216 2863 3430 2934 aliquot
3482 2863 3616 2917 locis
3654 2859 3801 2916 divina

2240 2958 2518 3029 Scriptura
2550 2969 2796 3030 testatur,
2831 2960 2897 3016 de
2925 2973 2987 3016 ea
3020 2974 3082 3014 re
3110 2958 3197 3013 cui
3229 2956 3536 3027 praeposita
3566 2964 3639 3011 est
3660 2951 3801 3025 [quasi

2239 3054 2449 3124 privato
2472 3055 2591 3124 jure
2619 3054 2784 3127 agit],
2827 3054 2986 3110 aliter
3012 3060 3267 3123 tanquam
3313 3051 3544 3122 publice
3569 3065 3707 3120 agere
3730 3062 3797 3101 co-

2238 3147 2400 3215 gitur.
2430 3144 2709 3200 Potentior
2738 3154 2824 3201 est
2848 3145 2992 3201 enim
3022 3144 3352 3200 universitas
3383 3151 3571 3214 parte,
3597 3141 3785 3213 quoniam

2237 3245 2293 3291 et
2320 3235 2450 3290 illud
2477 3236 2618 3307 quod
2645 3236 2717 3291 ibi
2744 3236 2998 3306 privatim
3025 3235 3168 3307 agit,
3195 3241 3416 3289 tantum
3444 3231 3766 3305 ageresiaimr.

2236 3338 2496 3402 quantum
2524 3329 2611 3384 lex
2640 3327 3013 3384 universitatis
3042 3326 3193 3382 sinit.
3226 3324 3334 3381 Sed
3361 3336 3673 3396 unaquaeque
3688 3319 3771 3374 asi-

2234 3436 2322 3477 ma
2355 3429 2502 3475 tanto
2539 3428 2622 3475 est
2668 3419 2865 3489 pietate
2904 3420 3204 3489 purgatior,
3246 3428 3463 3489 quanto
3508 3419 3694 3487 privato
3711 3425 3783 3467 suo

2236 3512 2416 3567 minus
2443 3510 2707 3567 delectata
2726 3555 2741 3580 ,
2776 3510 2948 3581 legem
2980 3509 3353 3566 universitatis
3380 3509 3647 3576 intuetur,
3675 3508 3797 3572 eique

2235 3604 2428 3661 devote
2457 3620 2521 3660 ac
2550 3604 2779 3660 libenter
2810 3609 3145 3675 obtemperat
3172 3621 3186 3670 ;
3211 3614 3296 3660 est
3321 3606 3468 3661 enim
3498 3606 3586 3661 lex
3618 3604 3805 3660 univer-

2235 3694 2408 3750 sitatis
2438 3695 2615 3750 divina
2643 3696 2925 3766 sapientia.
2968 3697 3182 3763 Quanto
3221 3706 3401 3753 autem
3444 3696 3675 3767 amplius
3710 3696 3811 3767 pri-

2232 3794 2359 3841 vato
2386 3801 2482 3840 suo
2510 3785 2736 3857 gaudet,
2771 3795 2825 3842 et
2854 3786 3098 3857 neglecto
3125 3787 3238 3843 Deo
3260 3834 3274 3857 ,
3305 3788 3392 3857 qui
3419 3788 3669 3842 omnibus
3697 3788 3815 3841 ani-

2235 3876 2339 3932 mis
2368 3877 2568 3933 utiliter
2593 3892 2656 3934 ae
2678 3877 2967 3934 salubriter
2994 3879 3253 3949 prmsidet
3272 3920 3288 3944 ,
3314 3880 3417 3948 ipsa
3438 3878 3541 3932 sibi
3569 3877 3658 3931 vel
3692 3877 3822 3932 aliis

2233 3970 2425 4039 quibus
2450 3969 2683 4041 potuerit
2703 3971 2816 4026 vult
2837 3986 2957 4028 esse
2982 3987 3081 4042 pro
3115 3972 3247 4041 Deo,
3287 3985 3433 4027 suam
3466 3970 3649 4042 potius
3672 3970 3736 4025 in
3764 3985 3821 4026 se

2236 4063 2320 4119 vel
2344 4064 2399 4118 in
2427 4063 2561 4119 alios
2582 4080 2739 4134 quam
2763 4063 2906 4120 illius
2932 4065 2985 4119 in
3007 4079 3197 4121 omnes
3218 4064 3448 4136 diligens
3468 4074 3817 4135 potestatem,

2235 4165 2383 4210 tanto
2405 4165 2488 4211 est
2516 4156 2805 4224 sordidior,
2834 4167 3086 4228 tantoque
3109 4159 3280 4230 magis
3308 4158 3599 4230 poenaliter
3627 4158 3817 4214 divinis

2234 4246 2442 4318 legibus
2465 4256 2717 4318 tanquam
2749 4248 2978 4321 publicis
3005 4249 3216 4306 servire
3242 4251 3472 4321 cogitur.
3500 4252 3713 4321 Quanto
3733 4252 3821 4321 igio

2233 4348 2322 4395 tur
2348 4339 2555 4415 [etiam]
2572 4343 2752 4397 anima
2774 4343 3002 4398 humana
3023 4342 3242 4400 deserto
3257 4343 3373 4400 Deo
3397 4345 3516 4401 suis
3539 4345 3816 4402 honoribus

2233 4433 2316 4489 vel
2356 4442 2621 4503 potestate
2664 4434 2827 4492 fuerit
2860 4436 3162 4503 delectata,
3194 4446 3347 4494 tanto
3376 4440 3559 4512 magis
3589 4438 3818 4495 subditur

2236 4526 2429 4583 talibus
2462 4529 2853 4598 potestatibus,
2901 4546 3020 4601 quae
3062 4531 3272 4601 privato
3317 4548 3422 4589 suo
3459 4535 3717 4604 gaudent,
3759 4541 3807 4585 et

2235 4618 2491 4676 honorari
2521 4621 2588 4677 ab
2617 4622 2923 4678 hominibus
2948 4624 3087 4679 sicut
3113 4624 3189 4680 dii
3218 4627 3490 4695 cupiunt:
3525 4630 3711 4697 quibus
3736 4625 3813 4679 di-

2234 4711 2356 4767 vina
2376 4712 2493 4783 lege
2521 4728 2666 4785 saepe
2686 4716 3016 4785 conceditur,
3045 4726 3103 4773 ut
3123 4732 3220 4774 eos
3240 4733 3378 4788 quos
3405 4719 3511 4776 sibi
3537 4721 3819 4777 secundum

2232 4808 2422 4862 merita
2450 4806 2872 4878 subjugaverint,
2890 4811 3099 4879 privato
3128 4811 3225 4867 illo
3248 4812 3374 4881 jure
3400 4814 3571 4869 etiam
3595 4815 3827 4869 miracu-

2231 4899 2402 4956 lorum
2434 4901 2632 4973 aliquid
2663 4910 2941 4972 praestent,
2972 4902 3027 4957 in
3052 4903 3137 4959 his
3164 4903 3327 4960 rebus
3355 4905 3827 4971 exhibendum,

2229 4994 2422 5064 quibus
2450 5003 2575 5049 sunt
2601 4994 2820 5061 inﬁmo,
2851 4993 2947 5050 sed
2987 5004 3165 5052 tamen
3201 4998 3616 5055 ordinatissime
3656 5010 3831 5072 potes-

2230 5094 2398 5141 tatum
2432 5087 2631 5157 gradu,
2678 5088 3026 5158 praepositae;
3066 5089 3162 5144 sed
3208 5089 3301 5146 ubi
3342 5091 3531 5147 divina
3571 5102 3827 5164 taon

2228 5176 2441 5247 publica
2468 5180 2577 5251 97
2614 5180 2697 5236 lex
2725 5180 2916 5250 jubet,
2949 5180 3116 5237 vincit
3144 5181 3331 5252 utique
3358 5184 3640 5254 privatam
3669 5186 3833 5241 lieen-

2228 5270 2390 5337 tiam,
2421 5285 2725 5342 quanquam
2770 5280 2825 5326 et
2864 5271 2979 5342 ipsa
3020 5272 3228 5343 privata
3271 5274 3523 5345 licentia,
3564 5277 3678 5332 nisi
3723 5274 3835 5330 uni.

2230 5363 2455 5418 versalis
2485 5363 2681 5419 divina:
2713 5364 2994 5434 potestatis
3024 5366 3382 5435 permissione
3401 5408 3417 5434 ,
3448 5367 3596 5423 nulla
3647 5378 3839 5433 esset;

2230 5454 2458 5525 ideoque
2507 5456 2568 5511 ﬁt
2615 5465 2670 5512 ut
2710 5457 2884 5513 sancti
2939 5457 3036 5513 Dei
3079 5460 3258 5526 servi,
3313 5460 3534 5530 quando
3576 5475 3685 5517 eos
3742 5461 3841 5514 hoc

2230 5548 2429 5605 donum
2458 5549 2658 5606 habere
2682 5550 2811 5607 utile
2837 5559 2956 5617 est,
2980 5552 3275 5608 secundum
3306 5553 3580 5624 publicam
3608 5562 3672 5607 et
3702 5565 3841 5622 quo-

2230 5641 2516 5697 dammodo
2545 5643 2880 5713 imperialem
2912 5642 3123 5714 legem,
3169 5644 3272 5699 hoc
3312 5654 3438 5709 est,
3484 5645 3691 5700 summi
3746 5642 3843 5699 Dei

2235 5741 2549 5801 potestatem
2571 5780 2584 5802 ,
2631 5735 2894 5803 imperent
2923 5733 3125 5788 inﬁmis
3154 5734 3540 5803 potestatibus,
3573 5734 3643 5789 ad
3685 5751 3843 5807 qua-

2233 5824 2358 5878 dam
2385 5824 2615 5881 visibilia
2644 5825 2889 5883 facienda
2929 5824 3207 5880 miracula.
3249 5826 3308 5880 In
3345 5826 3453 5881 illis
3493 5828 3647 5883 enim
3689 5828 3846 5887 Dens

2238 5919 2351 5986 ipse
2380 5916 2648 5988 imperat,
2678 5919 2829 5991 cujus
2857 5918 3112 5989 templum
3145 5927 3269 5975 sunt
3298 5958 3314 5986 ,
3364 5928 3419 5975 et
3460 5935 3668 5989 quem,
3702 5934 3846 5976 con-
