  <div class='ocr_page' id='page_1' title='image "/cluster/home/n/w/nwhite01/storage/ocr_20150623/62/hvd.32044015706393/538.png"; bbox 0 0 4010 6382; ppageno 0'>
   <div class='ocr_carea' id='block_1_1' title="bbox 233 427 387 505">
    <p class='ocr_par' dir='ltr' id='par_1_1' title="bbox 233 427 387 505">
     <span class='ocr_line' id='line_1_1' title="bbox 233 427 387 505; baseline -0.006 -20"><span class='ocrx_word' id='word_1_1' title='bbox 233 427 387 505; x_wconf 34' lang='lat'><strong>1065,</strong></span> 
     </span>
    </p>
   </div>
   <div class='ocr_carea' id='block_1_2' title="bbox 1394 422 2307 483">
    <p class='ocr_par' dir='ltr' id='par_1_2' title="bbox 1394 422 2307 483">
     <span class='ocr_line' id='line_1_2' title="bbox 1394 422 2307 483; baseline -0.005 0"><span class='ocrx_word' id='word_1_2' title='bbox 1394 426 1482 483; x_wconf 77' lang='grc' dir='ltr'><strong>ΤΗ</strong></span> <span class='ocrx_word' id='word_1_3' title='bbox 1492 423 1827 483; x_wconf 73' lang='lat' dir='ltr'><strong>ESAURUS.</strong></span> <span class='ocrx_word' id='word_1_4' title='bbox 1869 422 2023 480; x_wconf 88' lang='lat' dir='ltr'><strong>CAP.</strong></span> <span class='ocrx_word' id='word_1_5' title='bbox 2063 422 2307 482; x_wconf 78' lang='lat' dir='ltr'><strong>CCCXL.</strong></span> 
     </span>
    </p>
   </div>
   <div class='ocr_carea' id='block_1_3' title="bbox 3360 428 3503 485">
    <p class='ocr_par' dir='ltr' id='par_1_3' title="bbox 3360 428 3503 485">
     <span class='ocr_line' id='line_1_3' title="bbox 3360 428 3503 485; baseline -0.014 0"><span class='ocrx_word' id='word_1_6' title='bbox 3360 428 3503 485; x_wconf 74' lang='grc'>1066</span> 
     </span>
    </p>
   </div>
   <div class='ocr_carea' id='block_1_4' title="bbox 230 539 3502 631">
    <p class='ocr_par' dir='ltr' id='par_1_4' title="bbox 230 539 3502 631">
     <span class='ocr_line' id='line_1_4' title="bbox 230 539 3502 631; baseline 0.004 -30"><span class='ocrx_word' id='word_1_7' title='bbox 230 542 429 615; x_wconf 70' lang='lat' dir='ltr'><strong>templa</strong></span> <span class='ocrx_word' id='word_1_8' title='bbox 457 555 552 599; x_wconf 89' lang='lat' dir='ltr'><strong>sua</strong></span> <span class='ocrx_word' id='word_1_9' title='bbox 583 542 793 614; x_wconf 85' lang='lat' dir='ltr'><strong>privata</strong></span> <span class='ocrx_word' id='word_1_10' title='bbox 824 550 1109 614; x_wconf 74' lang='lat' dir='ltr'><strong>potestate,</strong></span> <span class='ocrx_word' id='word_1_11' title='bbox 1141 540 1518 598; x_wconf 77' lang='lat' dir='ltr'><strong>ardentissime</strong></span> <span class='ocrx_word' id='word_1_12' title='bbox 1554 539 1804 610; x_wconf 85' lang='lat' dir='ltr'><strong>diligunt.</strong></span> <span class='ocrx_word' id='word_1_13' title='bbox 1838 540 1888 602; x_wconf 82' lang='lat' dir='ltr'><strong>A</strong></span> <span class='ocrx_word' id='word_1_14' title='bbox 1912 558 2267 629; x_wconf 48' lang='lat' dir='ltr'><strong>potestatibus</strong></span> <span class='ocrx_word' id='word_1_15' title='bbox 2294 570 2551 614; x_wconf 69' lang='lat' dir='ltr'><strong>concessa</strong></span> <span class='ocrx_word' id='word_1_16' title='bbox 2579 557 2637 614; x_wconf 76' lang='lat' dir='ltr'><strong>in</strong></span> <span class='ocrx_word' id='word_1_17' title='bbox 2684 558 2877 615; x_wconf 70' lang='lat' dir='ltr'><strong>ordine</strong></span> <span class='ocrx_word' id='word_1_18' title='bbox 2921 571 3054 627; x_wconf 80' lang='lat' dir='ltr'><strong>suo,</strong></span> <span class='ocrx_word' id='word_1_19' title='bbox 3096 558 3249 629; x_wconf 90' lang='lat' dir='ltr'><strong>quasi</strong></span> <span class='ocrx_word' id='word_1_20' title='bbox 3290 561 3502 631; x_wconf 78' lang='lat' dir='ltr'><strong>privata.</strong></span> 
     </span>
    </p>
   </div>
   <div class='ocr_carea' id='block_1_5' title="bbox 228 634 1807 709">
    <p class='ocr_par' dir='ltr' id='par_1_5' title="bbox 228 634 1807 709">
     <span class='ocr_line' id='line_1_5' title="bbox 228 634 1807 709; baseline -0.002 -16"><span class='ocrx_word' id='word_1_21' title='bbox 228 636 283 693; x_wconf 86' lang='lat' dir='ltr'><strong>lu</strong></span> <span class='ocrx_word' id='word_1_22' title='bbox 309 637 529 708; x_wconf 76' lang='lat' dir='ltr'><strong>magicis</strong></span> <span class='ocrx_word' id='word_1_23' title='bbox 554 648 731 696; x_wconf 91' lang='lat' dir='ltr'><strong>autem</strong></span> <span class='ocrx_word' id='word_1_24' title='bbox 758 637 1221 709; x_wconf 89' lang='lat' dir='ltr'><strong>impetrationibus</strong></span> <span class='ocrx_word' id='word_1_25' title='bbox 1239 677 1256 704; x_wconf 92' lang='lat'><strong>,</strong></span> <span class='ocrx_word' id='word_1_26' title='bbox 1284 636 1350 692; x_wconf 90' lang='lat' dir='ltr'><strong>ad</strong></span> <span class='ocrx_word' id='word_1_27' title='bbox 1378 636 1686 693; x_wconf 88' lang='lat' dir='ltr'><strong>illecebram</strong></span> <span class='ocrx_word' id='word_1_28' title='bbox 1712 634 1807 690; x_wconf 87' lang='lat' dir='ltr'><strong>de-</strong></span> 
     </span>
    </p>
   </div>
   <div class='ocr_carea' id='block_1_6' title="bbox 226 727 1807 802">
    <p class='ocr_par' dir='ltr' id='par_1_6' title="bbox 226 727 1807 802">
     <span class='ocr_line' id='line_1_6' title="bbox 226 727 1807 802; baseline -0.002 -17"><span class='ocrx_word' id='word_1_29' title='bbox 226 729 522 802; x_wconf 87' lang='lat' dir='ltr'><strong>ceptionis,</strong></span> <span class='ocrx_word' id='word_1_30' title='bbox 564 740 624 785; x_wconf 91' lang='lat' dir='ltr'><strong>ut</strong></span> <span class='ocrx_word' id='word_1_31' title='bbox 662 731 764 789; x_wconf 92' lang='lat' dir='ltr'><strong>sibi</strong></span> <span class='ocrx_word' id='word_1_32' title='bbox 803 730 1090 801; x_wconf 87' lang='lat' dir='ltr'><strong>subjugent</strong></span> <span class='ocrx_word' id='word_1_33' title='bbox 1132 744 1227 785; x_wconf 89' lang='lat' dir='ltr'><strong>eos</strong></span> <span class='ocrx_word' id='word_1_34' title='bbox 1270 727 1465 799; x_wconf 85' lang='lat' dir='ltr'><strong>quibus</strong></span> <span class='ocrx_word' id='word_1_35' title='bbox 1510 729 1634 783; x_wconf 89' lang='lat' dir='ltr'><strong>talia</strong></span> <span class='ocrx_word' id='word_1_36' title='bbox 1678 743 1807 783; x_wconf 87' lang='lat' dir='ltr'><strong>con-</strong></span> 
     </span>
    </p>
   </div>
   <div class='ocr_carea' id='block_1_7' title="bbox 226 821 1807 896">
    <p class='ocr_par' dir='ltr' id='par_1_7' title="bbox 226 821 1807 896">
     <span class='ocr_line' id='line_1_7' title="bbox 226 821 1807 896; baseline -0.004 -14"><span class='ocrx_word' id='word_1_37' title='bbox 226 825 454 892; x_wconf 87' lang='lat' dir='ltr'><strong>cedunt,</strong></span> <span class='ocrx_word' id='word_1_38' title='bbox 507 835 769 895; x_wconf 67' lang='lat' dir='ltr'><strong>praestant</strong></span> <span class='ocrx_word' id='word_1_39' title='bbox 823 826 1070 882; x_wconf 71' lang='lat' dir='ltr'><strong>allectum</strong></span> <span class='ocrx_word' id='word_1_40' title='bbox 1129 824 1377 896; x_wconf 83' lang='lat' dir='ltr'><strong>precibus</strong></span> <span class='ocrx_word' id='word_1_41' title='bbox 1429 833 1483 880; x_wconf 91' lang='lat' dir='ltr'><strong>et</strong></span> <span class='ocrx_word' id='word_1_42' title='bbox 1538 821 1807 895; x_wconf 78' lang='lat' dir='ltr'><strong>mysteriis</strong></span> 
     </span>
    </p>
   </div>
   <div class='ocr_carea' id='block_1_8' title="bbox 227 916 1807 991">
    <p class='ocr_par' dir='ltr' id='par_1_8' title="bbox 227 916 1807 991">
     <span class='ocr_line' id='line_1_8' title="bbox 227 916 1807 991; baseline -0.003 -16"><span class='ocrx_word' id='word_1_43' title='bbox 227 932 414 975; x_wconf 87' lang='lat' dir='ltr'><strong>eorum</strong></span> <span class='ocrx_word' id='word_1_44' title='bbox 435 959 450 985; x_wconf 96' lang='lat'><strong>,</strong></span> <span class='ocrx_word' id='word_1_45' title='bbox 486 917 695 988; x_wconf 88' lang='lat' dir='ltr'><strong>privato</strong></span> <span class='ocrx_word' id='word_1_46' title='bbox 724 919 819 975; x_wconf 87' lang='lat' dir='ltr'><strong>illo</strong></span> <span class='ocrx_word' id='word_1_47' title='bbox 841 918 965 991; x_wconf 90' lang='lat' dir='ltr'><strong>jure</strong></span> <span class='ocrx_word' id='word_1_48' title='bbox 995 917 1312 990; x_wconf 72' lang='lat' dir='ltr'><strong>largientes,</strong></span> <span class='ocrx_word' id='word_1_49' title='bbox 1354 918 1499 990; x_wconf 91' lang='lat' dir='ltr'><strong>quod</strong></span> <span class='ocrx_word' id='word_1_50' title='bbox 1534 918 1638 973; x_wconf 89' lang='lat' dir='ltr'><strong>sibi</strong></span> <span class='ocrx_word' id='word_1_51' title='bbox 1680 916 1807 973; x_wconf 89' lang='lat' dir='ltr'><strong>licet</strong></span> 
     </span>
    </p>
   </div>
   <div class='ocr_carea' id='block_1_9' title="bbox 230 1010 1809 1082">
    <p class='ocr_par' dir='ltr' id='par_1_9' title="bbox 230 1010 1809 1082">
     <span class='ocr_line' id='line_1_9' title="bbox 230 1010 1809 1082; baseline -0.001 -17"><span class='ocrx_word' id='word_1_52' title='bbox 230 1010 417 1080; x_wconf 86' lang='lat' dir='ltr'><strong>largiri</strong></span> <span class='ocrx_word' id='word_1_53' title='bbox 472 1011 865 1068; x_wconf 89' lang='lat' dir='ltr'><strong>honorantibus</strong></span> <span class='ocrx_word' id='word_1_54' title='bbox 920 1025 981 1068; x_wconf 89' lang='lat' dir='ltr'><strong>sc</strong></span> <span class='ocrx_word' id='word_1_55' title='bbox 1037 1012 1248 1082; x_wconf 87' lang='lat' dir='ltr'><strong>sibique</strong></span> <span class='ocrx_word' id='word_1_56' title='bbox 1299 1010 1698 1080; x_wconf 87' lang='lat' dir='ltr'><strong>servientibus,</strong></span> <span class='ocrx_word' id='word_1_57' title='bbox 1753 1016 1809 1065; x_wconf 88' lang='lat' dir='ltr'><strong>et</strong></span> 
     </span>
    </p>
   </div>
   <div class='ocr_carea' id='block_1_10' title="bbox 224 1102 1807 1175">
    <p class='ocr_par' dir='ltr' id='par_1_10' title="bbox 224 1102 1807 1175">
     <span class='ocr_line' id='line_1_10' title="bbox 224 1102 1807 1175; baseline -0.003 -15"><span class='ocrx_word' id='word_1_58' title='bbox 224 1104 464 1175; x_wconf 66' lang='lat' dir='ltr'><strong>quaedam</strong></span> <span class='ocrx_word' id='word_1_59' title='bbox 493 1119 676 1162; x_wconf 87' lang='lat' dir='ltr'><strong>secum</strong></span> <span class='ocrx_word' id='word_1_60' title='bbox 706 1104 761 1161; x_wconf 93' lang='lat' dir='ltr'><strong>in</strong></span> <span class='ocrx_word' id='word_1_61' title='bbox 805 1106 1160 1162; x_wconf 86' lang='lat' dir='ltr'><strong>sacramentis</strong></span> <span class='ocrx_word' id='word_1_62' title='bbox 1199 1106 1312 1161; x_wconf 88' lang='lat' dir='ltr'><strong>suis</strong></span> <span class='ocrx_word' id='word_1_63' title='bbox 1352 1114 1505 1175; x_wconf 86' lang='lat' dir='ltr'><strong>pacta</strong></span> <span class='ocrx_word' id='word_1_64' title='bbox 1543 1102 1807 1161; x_wconf 86' lang='lat' dir='ltr'><strong>servanti-</strong></span> 
     </span>
    </p>
   </div>
   <div class='ocr_carea' id='block_1_11' title="bbox 223 1195 1806 1271">
    <p class='ocr_par' dir='ltr' id='par_1_11' title="bbox 223 1195 1806 1271">
     <span class='ocr_line' id='line_1_11' title="bbox 223 1195 1806 1271; baseline -0.002 -17"><span class='ocrx_word' id='word_1_65' title='bbox 223 1197 319 1254; x_wconf 89' lang='lat' dir='ltr'><strong>bus</strong></span> <span class='ocrx_word' id='word_1_66' title='bbox 345 1216 359 1264; x_wconf 92' lang='lat'><strong>;</strong></span> <span class='ocrx_word' id='word_1_67' title='bbox 390 1208 445 1255; x_wconf 91' lang='lat' dir='ltr'><strong>et</strong></span> <span class='ocrx_word' id='word_1_68' title='bbox 474 1198 688 1271; x_wconf 86' lang='lat' dir='ltr'><strong>quando</strong></span> <span class='ocrx_word' id='word_1_69' title='bbox 716 1198 966 1255; x_wconf 87' lang='lat' dir='ltr'><strong>videntur</strong></span> <span class='ocrx_word' id='word_1_70' title='bbox 992 1199 1261 1270; x_wconf 88' lang='lat' dir='ltr'><strong>imperare</strong></span> <span class='ocrx_word' id='word_1_71' title='bbox 1288 1198 1467 1271; x_wconf 89' lang='lat' dir='ltr'><strong>magi,</strong></span> <span class='ocrx_word' id='word_1_72' title='bbox 1501 1212 1595 1268; x_wconf 91' lang='lat' dir='ltr'><strong>per</strong></span> <span class='ocrx_word' id='word_1_73' title='bbox 1638 1195 1806 1253; x_wconf 86' lang='lat' dir='ltr'><strong>subli-</strong></span> 
     </span>
    </p>
   </div>
   <div class='ocr_carea' id='block_1_12' title="bbox 221 1288 1806 1360">
    <p class='ocr_par' dir='ltr' id='par_1_12' title="bbox 221 1288 1806 1360">
     <span class='ocr_line' id='line_1_12' title="bbox 221 1288 1806 1360; baseline -0.001 -14"><span class='ocrx_word' id='word_1_74' title='bbox 221 1292 450 1349; x_wconf 89' lang='lat' dir='ltr'><strong>miorum</strong></span> <span class='ocrx_word' id='word_1_75' title='bbox 480 1292 699 1350; x_wconf 87' lang='lat' dir='ltr'><strong>nomina</strong></span> <span class='ocrx_word' id='word_1_76' title='bbox 730 1293 1016 1350; x_wconf 74' lang='lat' dir='ltr'><strong>interiores</strong></span> <span class='ocrx_word' id='word_1_77' title='bbox 1047 1301 1288 1360; x_wconf 86' lang='lat' dir='ltr'><strong>terrent,</strong></span> <span class='ocrx_word' id='word_1_78' title='bbox 1310 1301 1366 1349; x_wconf 90' lang='lat' dir='ltr'><strong>et</strong></span> <span class='ocrx_word' id='word_1_79' title='bbox 1392 1291 1650 1347; x_wconf 90' lang='lat' dir='ltr'><strong>nonnulla</strong></span> <span class='ocrx_word' id='word_1_80' title='bbox 1678 1288 1806 1345; x_wconf 84' lang='lat' dir='ltr'><strong>visi-</strong></span> 
     </span>
    </p>
   </div>
   <div class='ocr_carea' id='block_1_13' title="bbox 218 1382 1805 1458">
    <p class='ocr_par' dir='ltr' id='par_1_13' title="bbox 218 1382 1805 1458">
     <span class='ocr_line' id='line_1_13' title="bbox 218 1382 1805 1458; baseline -0.001 -19"><span class='ocrx_word' id='word_1_81' title='bbox 218 1382 343 1440; x_wconf 91' lang='lat' dir='ltr'><strong>bilia</strong></span> <span class='ocrx_word' id='word_1_82' title='bbox 363 1426 378 1450; x_wconf 92' lang='lat'><strong>,</strong></span> <span class='ocrx_word' id='word_1_83' title='bbox 412 1401 531 1457; x_wconf 71' lang='lat' dir='ltr'><strong>quae</strong></span> <span class='ocrx_word' id='word_1_84' title='bbox 561 1395 780 1458; x_wconf 84' lang='lat' dir='ltr'><strong>propter</strong></span> <span class='ocrx_word' id='word_1_85' title='bbox 809 1385 1177 1443; x_wconf 89' lang='lat' dir='ltr'><strong>inﬁrmitatem</strong></span> <span class='ocrx_word' id='word_1_86' title='bbox 1204 1386 1384 1442; x_wconf 88' lang='lat' dir='ltr'><strong>carnis</strong></span> <span class='ocrx_word' id='word_1_87' title='bbox 1408 1398 1598 1456; x_wconf 89' lang='lat' dir='ltr'><strong>magna</strong></span> <span class='ocrx_word' id='word_1_88' title='bbox 1626 1382 1805 1440; x_wconf 89' lang='lat' dir='ltr'><strong>viden-</strong></span> 
     </span>
    </p>
   </div>
   <div class='ocr_carea' id='block_1_14' title="bbox 221 1476 1805 1547">
    <p class='ocr_par' dir='ltr' id='par_1_14' title="bbox 221 1476 1805 1547">
     <span class='ocr_line' id='line_1_14' title="bbox 221 1476 1805 1547; baseline 0.001 -16"><span class='ocrx_word' id='word_1_89' title='bbox 221 1484 310 1532; x_wconf 89' lang='lat' dir='ltr'><strong>tur</strong></span> <span class='ocrx_word' id='word_1_90' title='bbox 338 1476 647 1537; x_wconf 89' lang='lat' dir='ltr'><strong>hominibus</strong></span> <span class='ocrx_word' id='word_1_91' title='bbox 676 1493 783 1535; x_wconf 89' lang='lat' dir='ltr'><strong>non</strong></span> <span class='ocrx_word' id='word_1_92' title='bbox 814 1478 1121 1535; x_wconf 89' lang='lat' dir='ltr'><strong>valentibus</strong></span> <span class='ocrx_word' id='word_1_93' title='bbox 1150 1488 1352 1536; x_wconf 63' lang='lat' dir='ltr'><strong>aeterna</strong></span> <span class='ocrx_word' id='word_1_94' title='bbox 1380 1478 1651 1545; x_wconf 90' lang='lat' dir='ltr'><strong>contueri,</strong></span> <span class='ocrx_word' id='word_1_95' title='bbox 1684 1491 1805 1547; x_wconf 72' lang='lat' dir='ltr'><strong>quae</strong></span> 
     </span>
    </p>
   </div>
   <div class='ocr_carea' id='block_1_15' title="bbox 216 1568 1802 1642">
    <p class='ocr_par' dir='ltr' id='par_1_15' title="bbox 216 1568 1802 1642">
     <span class='ocr_line' id='line_1_15' title="bbox 216 1568 1802 1642; baseline 0.001 -20"><span class='ocrx_word' id='word_1_96' title='bbox 216 1578 311 1638; x_wconf 87' lang='lat' dir='ltr'><strong>per</strong></span> <span class='ocrx_word' id='word_1_97' title='bbox 336 1582 396 1624; x_wconf 90' lang='lat' dir='ltr'><strong>se</strong></span> <span class='ocrx_word' id='word_1_98' title='bbox 424 1568 599 1638; x_wconf 89' lang='lat' dir='ltr'><strong>ipsum</strong></span> <span class='ocrx_word' id='word_1_99' title='bbox 629 1578 851 1642; x_wconf 65' lang='lat' dir='ltr'><strong>prastat</strong></span> <span class='ocrx_word' id='word_1_100' title='bbox 890 1569 1241 1627; x_wconf 86' lang='lat' dir='ltr'><strong>dilectoribus</strong></span> <span class='ocrx_word' id='word_1_101' title='bbox 1284 1571 1397 1627; x_wconf 89' lang='lat' dir='ltr'><strong>suis</strong></span> <span class='ocrx_word' id='word_1_102' title='bbox 1425 1585 1586 1627; x_wconf 90' lang='lat' dir='ltr'><strong>verus</strong></span> <span class='ocrx_word' id='word_1_103' title='bbox 1624 1568 1802 1637; x_wconf 89' lang='lat' dir='ltr'><strong>Deus,</strong></span> 
     </span>
    </p>
   </div>
   <div class='ocr_carea' id='block_1_16' title="bbox 220 1658 1807 1736">
    <p class='ocr_par' dir='ltr' id='par_1_16' title="bbox 220 1658 1807 1736">
     <span class='ocr_line' id='line_1_16' title="bbox 220 1658 1807 1736; baseline 0.003 -23"><span class='ocrx_word' id='word_1_104' title='bbox 220 1658 543 1715; x_wconf 84' lang='lat' dir='ltr'><strong>mirantibus</strong></span> <span class='ocrx_word' id='word_1_105' title='bbox 580 1660 869 1718; x_wconf 88' lang='lat' dir='ltr'><strong>exhibeant</strong></span> <span class='ocrx_word' id='word_1_106' title='bbox 907 1660 1258 1736; x_wconf 78' lang='lat' dir='ltr'><strong>[exhibent].</strong></span> <span class='ocrx_word' id='word_1_107' title='bbox 1298 1663 1425 1719; x_wconf 66' lang='lat' dir='ltr'><strong>Hazc</strong></span> <span class='ocrx_word' id='word_1_108' title='bbox 1463 1674 1644 1719; x_wconf 89' lang='lat' dir='ltr'><strong>autem</strong></span> <span class='ocrx_word' id='word_1_109' title='bbox 1682 1677 1807 1732; x_wconf 90' lang='lat' dir='ltr'><strong>per-</strong></span> 
     </span>
    </p>
   </div>
   <div class='ocr_carea' id='block_1_17' title="bbox 219 1751 1806 1827">
    <p class='ocr_par' dir='ltr' id='par_1_17' title="bbox 219 1751 1806 1827">
     <span class='ocr_line' id='line_1_17' title="bbox 219 1751 1806 1827; baseline 0 -18"><span class='ocrx_word' id='word_1_110' title='bbox 219 1751 389 1809; x_wconf 87' lang='lat' dir='ltr'><strong>mittit</strong></span> <span class='ocrx_word' id='word_1_111' title='bbox 415 1753 556 1811; x_wconf 87' lang='lat' dir='ltr'><strong>Deus</strong></span> <span class='ocrx_word' id='word_1_112' title='bbox 583 1756 730 1825; x_wconf 89' lang='lat' dir='ltr'><strong>juste</strong></span> <span class='ocrx_word' id='word_1_113' title='bbox 758 1757 941 1812; x_wconf 90' lang='lat' dir='ltr'><strong>omnia</strong></span> <span class='ocrx_word' id='word_1_114' title='bbox 969 1756 1257 1814; x_wconf 87' lang='lat' dir='ltr'><strong>moderans</strong></span> <span class='ocrx_word' id='word_1_115' title='bbox 1277 1796 1293 1824; x_wconf 92' lang='lat'><strong>,</strong></span> <span class='ocrx_word' id='word_1_116' title='bbox 1322 1766 1381 1812; x_wconf 93' lang='lat' dir='ltr'><strong>ut</strong></span> <span class='ocrx_word' id='word_1_117' title='bbox 1409 1772 1506 1827; x_wconf 87' lang='lat' dir='ltr'><strong>pro</strong></span> <span class='ocrx_word' id='word_1_118' title='bbox 1542 1756 1806 1827; x_wconf 89' lang='lat' dir='ltr'><strong>cupidita-</strong></span> 
     </span>
    </p>
   </div>
   <div class='ocr_carea' id='block_1_18' title="bbox 218 1846 1805 1907">
    <p class='ocr_par' dir='ltr' id='par_1_18' title="bbox 218 1846 1805 1907">
     <span class='ocr_line' id='line_1_18' title="bbox 218 1846 1805 1907; baseline 0 -4"><span class='ocrx_word' id='word_1_119' title='bbox 218 1846 361 1903; x_wconf 82' lang='lat' dir='ltr'><strong>tibus</strong></span> <span class='ocrx_word' id='word_1_120' title='bbox 406 1856 463 1904; x_wconf 87' lang='lat' dir='ltr'><strong>et</strong></span> <span class='ocrx_word' id='word_1_121' title='bbox 515 1848 873 1907; x_wconf 86' lang='lat' dir='ltr'><strong>electionibus</strong></span> <span class='ocrx_word' id='word_1_122' title='bbox 928 1850 1215 1907; x_wconf 90' lang='lat' dir='ltr'><strong>servitutes</strong></span> <span class='ocrx_word' id='word_1_123' title='bbox 1257 1864 1444 1906; x_wconf 79' lang='lat' dir='ltr'><strong>eorum</strong></span> <span class='ocrx_word' id='word_1_124' title='bbox 1504 1850 1805 1905; x_wconf 53' lang='lat' dir='ltr'><strong>libertates.</strong></span> 
     </span>
    </p>
   </div>
   <div class='ocr_carea' id='block_1_19' title="bbox 214 1936 1882 2013">
    <p class='ocr_par' dir='ltr' id='par_1_19' title="bbox 214 1936 1882 2013">
     <span class='ocr_line' id='line_1_19' title="bbox 214 1936 1882 2013; baseline 0.002 -18"><span class='ocrx_word' id='word_1_125' title='bbox 214 1954 318 2010; x_wconf 85' lang='lat' dir='ltr'><strong>que</strong></span> <span class='ocrx_word' id='word_1_126' title='bbox 350 1940 654 1997; x_wconf 89' lang='lat' dir='ltr'><strong>distribuat.</strong></span> <span class='ocrx_word' id='word_1_127' title='bbox 675 1940 743 1998; x_wconf 86' lang='lat' dir='ltr'><strong>Et</strong></span> <span class='ocrx_word' id='word_1_128' title='bbox 774 1942 817 1999; x_wconf 89' lang='lat' dir='ltr'><strong>si</strong></span> <span class='ocrx_word' id='word_1_129' title='bbox 848 1942 1062 2013; x_wconf 89' lang='lat' dir='ltr'><strong>quando</strong></span> <span class='ocrx_word' id='word_1_130' title='bbox 1089 1942 1427 1999; x_wconf 89' lang='lat' dir='ltr'><strong>invocatione</strong></span> <span class='ocrx_word' id='word_1_131' title='bbox 1454 1941 1649 1997; x_wconf 77' lang='lat' dir='ltr'><strong>summi</strong></span> <span class='ocrx_word' id='word_1_132' title='bbox 1681 1940 1798 2011; x_wconf 89' lang='lat' dir='ltr'><strong>Dei,</strong></span> <span class='ocrx_word' id='word_1_133' title='bbox 1832 1936 1882 1999; x_wconf 87' lang='lat' dir='ltr'><strong>B</strong></span> 
     </span>
    </p>
   </div>
   <div class='ocr_carea' id='block_1_20' title="bbox 218 2031 1804 2106">
    <p class='ocr_par' dir='ltr' id='par_1_20' title="bbox 218 2031 1804 2106">
     <span class='ocr_line' id='line_1_20' title="bbox 218 2031 1804 2106; baseline 0.002 -20"><span class='ocrx_word' id='word_1_134' title='bbox 218 2031 417 2103; x_wconf 92' lang='lat' dir='ltr'><strong>aliquid</strong></span> <span class='ocrx_word' id='word_1_135' title='bbox 475 2050 573 2103; x_wconf 91' lang='lat' dir='ltr'><strong>pro</strong></span> <span class='ocrx_word' id='word_1_136' title='bbox 641 2035 754 2091; x_wconf 88' lang='lat' dir='ltr'><strong>suis</strong></span> <span class='ocrx_word' id='word_1_137' title='bbox 822 2036 980 2091; x_wconf 91' lang='lat' dir='ltr'><strong>malis</strong></span> <span class='ocrx_word' id='word_1_138' title='bbox 1047 2036 1428 2106; x_wconf 84' lang='lat' dir='ltr'><strong>cupiditatibus</strong></span> <span class='ocrx_word' id='word_1_139' title='bbox 1473 2038 1804 2106; x_wconf 87' lang='lat' dir='ltr'><strong>impetrant,</strong></span> 
     </span>
    </p>
   </div>
   <div class='ocr_carea' id='block_1_21' title="bbox 220 2129 1805 2205">
    <p class='ocr_par' dir='ltr' id='par_1_21' title="bbox 220 2129 1805 2205">
     <span class='ocr_line' id='line_1_21' title="bbox 220 2129 1805 2205; baseline 0.001 -21"><span class='ocrx_word' id='word_1_140' title='bbox 220 2129 363 2186; x_wconf 79' lang='lat' dir='ltr'><strong>unde</strong></span> <span class='ocrx_word' id='word_1_141' title='bbox 391 2130 533 2186; x_wconf 90' lang='lat' dir='ltr'><strong>dicta</strong></span> <span class='ocrx_word' id='word_1_142' title='bbox 562 2140 643 2187; x_wconf 89' lang='lat' dir='ltr'><strong>est</strong></span> <span class='ocrx_word' id='word_1_143' title='bbox 669 2130 829 2205; x_wconf 88' lang='lat' dir='ltr'><strong>[suis]</strong></span> <span class='ocrx_word' id='word_1_144' title='bbox 863 2131 954 2187; x_wconf 89' lang='lat' dir='ltr'><strong>illa</strong></span> <span class='ocrx_word' id='word_1_145' title='bbox 985 2147 1092 2188; x_wconf 88' lang='lat' dir='ltr'><strong>non</strong></span> <span class='ocrx_word' id='word_1_146' title='bbox 1118 2132 1317 2203; x_wconf 86' lang='lat' dir='ltr'><strong>gratia;</strong></span> <span class='ocrx_word' id='word_1_147' title='bbox 1354 2145 1462 2187; x_wconf 89' lang='lat' dir='ltr'><strong>non</strong></span> <span class='ocrx_word' id='word_1_148' title='bbox 1491 2131 1635 2187; x_wconf 89' lang='lat' dir='ltr'><strong>enim</strong></span> <span class='ocrx_word' id='word_1_149' title='bbox 1666 2129 1805 2186; x_wconf 77' lang='lat' dir='ltr'><strong>frus-</strong></span> 
     </span>
    </p>
   </div>
   <div class='ocr_carea' id='block_1_22' title="bbox 215 2223 1805 2295">
    <p class='ocr_par' dir='ltr' id='par_1_22' title="bbox 215 2223 1805 2295">
     <span class='ocr_line' id='line_1_22' title="bbox 215 2223 1805 2295; baseline 0.001 -17"><span class='ocrx_word' id='word_1_150' title='bbox 215 2232 297 2279; x_wconf 91' lang='lat' dir='ltr'><strong>tra</strong></span> <span class='ocrx_word' id='word_1_151' title='bbox 327 2223 459 2279; x_wconf 82' lang='lat' dir='ltr'><strong>dicit</strong></span> <span class='ocrx_word' id='word_1_152' title='bbox 495 2224 788 2295; x_wconf 85' lang='lat' dir='ltr'><strong>Apostolus</strong></span> <span class='ocrx_word' id='word_1_153' title='bbox 807 2267 822 2293; x_wconf 88' lang='lat'><strong>,</strong></span> <span class='ocrx_word' id='word_1_154' title='bbox 850 2225 1091 2282; x_wconf 80' lang='lat' dir='ltr'><strong>Tradidit</strong></span> <span class='ocrx_word' id='word_1_155' title='bbox 1119 2226 1242 2282; x_wconf 91' lang='lat' dir='ltr'><strong>illos</strong></span> <span class='ocrx_word' id='word_1_156' title='bbox 1274 2226 1416 2282; x_wconf 87' lang='lat' dir='ltr'><strong>Deus</strong></span> <span class='ocrx_word' id='word_1_157' title='bbox 1456 2226 1511 2281; x_wconf 91' lang='lat' dir='ltr'><strong>in</strong></span> <span class='ocrx_word' id='word_1_158' title='bbox 1537 2224 1805 2281; x_wconf 84' lang='lat' dir='ltr'><strong>desideria</strong></span> 
     </span>
    </p>
   </div>
   <div class='ocr_carea' id='block_1_23' title="bbox 209 2314 1804 2387">
    <p class='ocr_par' dir='ltr' id='par_1_23' title="bbox 209 2314 1804 2387">
     <span class='ocr_line' id='line_1_23' title="bbox 209 2314 1804 2387; baseline 0 -17"><span class='ocrx_word' id='word_1_159' title='bbox 209 2314 392 2371; x_wconf 88' lang='lat' dir='ltr'><strong>cordis</strong></span> <span class='ocrx_word' id='word_1_160' title='bbox 444 2316 702 2384; x_wconf 89' lang='lat' dir='ltr'><strong>illorum;</strong></span> <span class='ocrx_word' id='word_1_161' title='bbox 752 2320 1109 2387; x_wconf 83' lang='lat' dir='ltr'><strong>quorumdam</strong></span> <span class='ocrx_word' id='word_1_162' title='bbox 1159 2319 1304 2375; x_wconf 91' lang='lat' dir='ltr'><strong>enim</strong></span> <span class='ocrx_word' id='word_1_163' title='bbox 1359 2326 1576 2387; x_wconf 89' lang='lat' dir='ltr'><strong>peccata</strong></span> <span class='ocrx_word' id='word_1_164' title='bbox 1615 2331 1804 2373; x_wconf 90' lang='lat' dir='ltr'><strong>eorum</strong></span> 
     </span>
    </p>
   </div>
   <div class='ocr_carea' id='block_1_24' title="bbox 210 2410 1807 2482">
    <p class='ocr_par' dir='ltr' id='par_1_24' title="bbox 210 2410 1807 2482">
     <span class='ocr_line' id='line_1_24' title="bbox 210 2410 1807 2482; baseline 0.003 -21"><span class='ocrx_word' id='word_1_165' title='bbox 210 2410 688 2477; x_wconf 87' lang='lat' dir='ltr'><strong>perpetrandorum</strong></span> <span class='ocrx_word' id='word_1_166' title='bbox 719 2410 979 2477; x_wconf 75' lang='lat' dir='ltr'><strong>facilitas,</strong></span> <span class='ocrx_word' id='word_1_167' title='bbox 1012 2426 1167 2482; x_wconf 77' lang='lat' dir='ltr'><strong>ptena</strong></span> <span class='ocrx_word' id='word_1_168' title='bbox 1211 2421 1294 2467; x_wconf 90' lang='lat' dir='ltr'><strong>est</strong></span> <span class='ocrx_word' id='word_1_169' title='bbox 1333 2410 1560 2466; x_wconf 90' lang='lat' dir='ltr'><strong>aliorum</strong></span> <span class='ocrx_word' id='word_1_170' title='bbox 1608 2424 1807 2479; x_wconf 59' lang='lat' dir='ltr'><strong>praece-</strong></span> 
     </span>
    </p>
   </div>
   <div class='ocr_carea' id='block_1_25' title="bbox 209 2498 1809 2573">
    <p class='ocr_par' dir='ltr' id='par_1_25' title="bbox 209 2498 1809 2573">
     <span class='ocr_line' id='line_1_25' title="bbox 209 2498 1809 2573; baseline 0.003 -20"><span class='ocrx_word' id='word_1_171' title='bbox 209 2498 472 2555; x_wconf 88' lang='lat' dir='ltr'><strong>dentium.</strong></span> <span class='ocrx_word' id='word_1_172' title='bbox 503 2501 657 2569; x_wconf 87' lang='lat' dir='ltr'><strong>Quod</strong></span> <span class='ocrx_word' id='word_1_173' title='bbox 684 2512 863 2558; x_wconf 85' lang='lat' dir='ltr'><strong>autem</strong></span> <span class='ocrx_word' id='word_1_174' title='bbox 892 2503 1149 2559; x_wconf 89' lang='lat' dir='ltr'><strong>Dominus</strong></span> <span class='ocrx_word' id='word_1_175' title='bbox 1175 2502 1329 2571; x_wconf 89' lang='lat' dir='ltr'><strong>dicit,</strong></span> <span class='ocrx_word' id='word_1_176' title='bbox 1372 2502 1487 2558; x_wconf 83' lang='lat' dir='ltr'><strong>Non</strong></span> <span class='ocrx_word' id='word_1_177' title='bbox 1518 2510 1692 2573; x_wconf 88' lang='lat' dir='ltr'><strong>potest</strong></span> <span class='ocrx_word' id='word_1_178' title='bbox 1718 2502 1809 2558; x_wconf 86' lang='lat' dir='ltr'><strong>Sa-</strong></span> 
     </span>
    </p>
   </div>
   <div class='ocr_carea' id='block_1_26' title="bbox 208 2596 1807 2670">
    <p class='ocr_par' dir='ltr' id='par_1_26' title="bbox 208 2596 1807 2670">
     <span class='ocr_line' id='line_1_26' title="bbox 208 2596 1807 2670; baseline 0.004 -23"><span class='ocrx_word' id='word_1_179' title='bbox 208 2601 360 2651; x_wconf 87' lang='lat' dir='ltr'><strong>tanas</strong></span> <span class='ocrx_word' id='word_1_180' title='bbox 389 2596 644 2653; x_wconf 87' lang='lat' dir='ltr'><strong>Satanam</strong></span> <span class='ocrx_word' id='word_1_181' title='bbox 674 2599 962 2657; x_wconf 86' lang='lat' dir='ltr'><strong>excludere</strong></span> <span class='ocrx_word' id='word_1_182' title='bbox 984 2640 1000 2668; x_wconf 97' lang='lat'><strong>,</strong></span> <span class='ocrx_word' id='word_1_183' title='bbox 1030 2614 1099 2656; x_wconf 92' lang='lat' dir='ltr'><strong>ne</strong></span> <span class='ocrx_word' id='word_1_184' title='bbox 1140 2598 1279 2656; x_wconf 81' lang='lat' dir='ltr'><strong>forte</strong></span> <span class='ocrx_word' id='word_1_185' title='bbox 1317 2600 1602 2670; x_wconf 86' lang='lat' dir='ltr'><strong>quisquam</strong></span> <span class='ocrx_word' id='word_1_186' title='bbox 1650 2607 1807 2654; x_wconf 89' lang='lat' dir='ltr'><strong>utens</strong></span> 
     </span>
    </p>
   </div>
   <div class='ocr_carea' id='block_1_27' title="bbox 206 2692 1806 2767">
    <p class='ocr_par' dir='ltr' id='par_1_27' title="bbox 206 2692 1806 2767">
     <span class='ocr_line' id='line_1_27' title="bbox 206 2692 1806 2767; baseline 0.006 -24"><span class='ocrx_word' id='word_1_187' title='bbox 206 2692 518 2748; x_wconf 90' lang='lat' dir='ltr'><strong>nominibus</strong></span> <span class='ocrx_word' id='word_1_188' title='bbox 571 2694 871 2765; x_wconf 90' lang='lat' dir='ltr'><strong>aliquarum</strong></span> <span class='ocrx_word' id='word_1_189' title='bbox 920 2695 1226 2753; x_wconf 89' lang='lat' dir='ltr'><strong>inﬁmarum</strong></span> <span class='ocrx_word' id='word_1_190' title='bbox 1272 2704 1635 2767; x_wconf 83' lang='lat' dir='ltr'><strong>potestatum,</strong></span> <span class='ocrx_word' id='word_1_191' title='bbox 1680 2711 1806 2754; x_wconf 91' lang='lat' dir='ltr'><strong>cum</strong></span> 
     </span>
    </p>
   </div>
   <div class='ocr_carea' id='block_1_28' title="bbox 208 2786 1810 2865">
    <p class='ocr_par' dir='ltr' id='par_1_28' title="bbox 208 2786 1810 2865">
     <span class='ocr_line' id='line_1_28' title="bbox 208 2786 1810 2865; baseline 0.004 -23"><span class='ocrx_word' id='word_1_192' title='bbox 208 2786 539 2845; x_wconf 67' lang='lat' dir='ltr'><strong>daemonium</strong></span> <span class='ocrx_word' id='word_1_193' title='bbox 570 2792 892 2859; x_wconf 84' lang='lat' dir='ltr'><strong>excluserit,</strong></span> <span class='ocrx_word' id='word_1_194' title='bbox 925 2793 1117 2850; x_wconf 82' lang='lat' dir='ltr'><strong>falsam</strong></span> <span class='ocrx_word' id='word_1_195' title='bbox 1148 2804 1299 2865; x_wconf 91' lang='lat' dir='ltr'><strong>putet</strong></span> <span class='ocrx_word' id='word_1_196' title='bbox 1325 2809 1449 2851; x_wconf 90' lang='lat' dir='ltr'><strong>esse</strong></span> <span class='ocrx_word' id='word_1_197' title='bbox 1475 2793 1672 2849; x_wconf 90' lang='lat' dir='ltr'><strong>dictam</strong></span> <span class='ocrx_word' id='word_1_198' title='bbox 1705 2794 1810 2849; x_wconf 89' lang='lat' dir='ltr'><strong>Do-</strong></span> 
     </span>
    </p>
   </div>
   <div class='ocr_carea' id='block_1_29' title="bbox 202 2884 1809 2960">
    <p class='ocr_par' dir='ltr' id='par_1_29' title="bbox 202 2884 1809 2960">
     <span class='ocr_line' id='line_1_29' title="bbox 202 2884 1809 2960; baseline 0.004 -23"><span class='ocrx_word' id='word_1_199' title='bbox 202 2884 335 2938; x_wconf 87' lang='lat' dir='ltr'><strong>mini</strong></span> <span class='ocrx_word' id='word_1_200' title='bbox 363 2887 685 2942; x_wconf 88' lang='lat' dir='ltr'><strong>sententiam</strong></span> <span class='ocrx_word' id='word_1_201' title='bbox 705 2931 719 2954; x_wconf 93' lang='lat'><strong>,</strong></span> <span class='ocrx_word' id='word_1_202' title='bbox 749 2887 817 2943; x_wconf 92' lang='lat' dir='ltr'><strong>ad</strong></span> <span class='ocrx_word' id='word_1_203' title='bbox 846 2887 948 2944; x_wconf 85' lang='lat' dir='ltr'><strong>hoc</strong></span> <span class='ocrx_word' id='word_1_204' title='bbox 991 2888 1257 2960; x_wconf 87' lang='lat' dir='ltr'><strong>intelligat</strong></span> <span class='ocrx_word' id='word_1_205' title='bbox 1285 2889 1519 2955; x_wconf 90' lang='lat' dir='ltr'><strong>dictum,</strong></span> <span class='ocrx_word' id='word_1_206' title='bbox 1551 2888 1677 2959; x_wconf 89' lang='lat' dir='ltr'><strong>quia</strong></span> <span class='ocrx_word' id='word_1_207' title='bbox 1705 2886 1809 2944; x_wconf 86' lang='lat' dir='ltr'><strong>hoc</strong></span> 
     </span>
    </p>
   </div>
   <div class='ocr_carea' id='block_1_30' title="bbox 202 2972 1808 3049">
    <p class='ocr_par' dir='ltr' id='par_1_30' title="bbox 202 2972 1808 3049">
     <span class='ocr_line' id='line_1_30' title="bbox 202 2972 1808 3049; baseline 0.003 -21"><span class='ocrx_word' id='word_1_208' title='bbox 202 2972 369 3029; x_wconf 90' lang='lat' dir='ltr'><strong>modo</strong></span> <span class='ocrx_word' id='word_1_209' title='bbox 398 2973 627 3032; x_wconf 88' lang='lat' dir='ltr'><strong>Satanas</strong></span> <span class='ocrx_word' id='word_1_210' title='bbox 659 2979 822 3034; x_wconf 90' lang='lat' dir='ltr'><strong>etiam</strong></span> <span class='ocrx_word' id='word_1_211' title='bbox 854 2979 908 3034; x_wconf 91' lang='lat' dir='ltr'><strong>in</strong></span> <span class='ocrx_word' id='word_1_212' title='bbox 930 2993 1181 3049; x_wconf 90' lang='lat' dir='ltr'><strong>corpore,</strong></span> <span class='ocrx_word' id='word_1_213' title='bbox 1200 2988 1536 3047; x_wconf 89' lang='lat' dir='ltr'><strong>autcorpore</strong></span> <span class='ocrx_word' id='word_1_214' title='bbox 1558 2978 1808 3035; x_wconf 89' lang='lat' dir='ltr'><strong>sensibus</strong></span> 
     </span>
    </p>
   </div>
   <div class='ocr_carea' id='block_1_31' title="bbox 207 3063 1806 3145">
    <p class='ocr_par' dir='ltr' id='par_1_31' title="bbox 207 3063 1806 3145">
     <span class='ocr_line' id='line_1_31' title="bbox 207 3063 1806 3145; baseline 0.003 -24"><span class='ocrx_word' id='word_1_215' title='bbox 207 3063 443 3138; x_wconf 85' lang='lat' dir='ltr'><strong>[etiamsi</strong></span> <span class='ocrx_word' id='word_1_216' title='bbox 462 3068 677 3138; x_wconf 89' lang='lat' dir='ltr'><strong>corpori</strong></span> <span class='ocrx_word' id='word_1_217' title='bbox 698 3071 1041 3141; x_wconf 88' lang='lat' dir='ltr'><strong>autcorporis</strong></span> <span class='ocrx_word' id='word_1_218' title='bbox 1052 3070 1319 3145; x_wconf 85' lang='lat' dir='ltr'><strong>sensibus]</strong></span> <span class='ocrx_word' id='word_1_219' title='bbox 1340 3072 1529 3142; x_wconf 89' lang='lat' dir='ltr'><strong>parcit,</strong></span> <span class='ocrx_word' id='word_1_220' title='bbox 1546 3072 1664 3128; x_wconf 88' lang='lat' dir='ltr'><strong>ideo</strong></span> <span class='ocrx_word' id='word_1_221' title='bbox 1682 3088 1806 3143; x_wconf 89' lang='lat' dir='ltr'><strong>par-</strong></span> 
     </span>
    </p>
   </div>
   <div class='ocr_carea' id='block_1_32' title="bbox 204 3156 1802 3235">
    <p class='ocr_par' dir='ltr' id='par_1_32' title="bbox 204 3156 1802 3235">
     <span class='ocr_line' id='line_1_32' title="bbox 204 3156 1802 3235; baseline 0.005 -23"><span class='ocrx_word' id='word_1_222' title='bbox 204 3156 284 3213; x_wconf 93' lang='lat' dir='ltr'><strong>cit</strong></span> <span class='ocrx_word' id='word_1_223' title='bbox 310 3166 367 3212; x_wconf 93' lang='lat' dir='ltr'><strong>ut</strong></span> <span class='ocrx_word' id='word_1_224' title='bbox 395 3159 565 3227; x_wconf 89' lang='lat' dir='ltr'><strong>ipsius</strong></span> <span class='ocrx_word' id='word_1_225' title='bbox 596 3160 829 3217; x_wconf 90' lang='lat' dir='ltr'><strong>hominis</strong></span> <span class='ocrx_word' id='word_1_226' title='bbox 848 3162 1106 3219; x_wconf 82' lang='lat' dir='ltr'><strong>voluntati</strong></span> <span class='ocrx_word' id='word_1_227' title='bbox 1136 3179 1229 3233; x_wconf 90' lang='lat' dir='ltr'><strong>per</strong></span> <span class='ocrx_word' id='word_1_228' title='bbox 1250 3164 1542 3235; x_wconf 86' lang='lat' dir='ltr'><strong>impietatis</strong></span> <span class='ocrx_word' id='word_1_229' title='bbox 1560 3179 1802 3221; x_wconf 90' lang='lat' dir='ltr'><strong>errorem</strong></span> 
     </span>
    </p>
   </div>
   <div class='ocr_carea' id='block_1_33' title="bbox 205 3252 1799 3326">
    <p class='ocr_par' dir='ltr' id='par_1_33' title="bbox 205 3252 1799 3326">
     <span class='ocr_line' id='line_1_33' title="bbox 205 3252 1799 3326; baseline 0.006 -20"><span class='ocrx_word' id='word_1_230' title='bbox 205 3252 486 3323; x_wconf 89' lang='lat' dir='ltr'><strong>triumpho</strong></span> <span class='ocrx_word' id='word_1_231' title='bbox 517 3255 727 3326; x_wconf 83' lang='lat' dir='ltr'><strong>majore</strong></span> <span class='ocrx_word' id='word_1_232' title='bbox 754 3256 1085 3315; x_wconf 87' lang='lat' dir='ltr'><strong>dominetur.</strong></span> <span class='ocrx_word' id='word_1_233' title='bbox 1132 3259 1248 3316; x_wconf 85' lang='lat' dir='ltr'><strong>Hoc</strong></span> <span class='ocrx_word' id='word_1_234' title='bbox 1276 3272 1456 3317; x_wconf 91' lang='lat' dir='ltr'><strong>autem</strong></span> <span class='ocrx_word' id='word_1_235' title='bbox 1487 3260 1649 3315; x_wconf 93' lang='lat' dir='ltr'><strong>modo</strong></span> <span class='ocrx_word' id='word_1_236' title='bbox 1695 3274 1799 3317; x_wconf 91' lang='lat' dir='ltr'><strong>non</strong></span> 
     </span>
    </p>
   </div>
   <div class='ocr_carea' id='block_1_34' title="bbox 201 3340 1877 3423">
    <p class='ocr_par' dir='ltr' id='par_1_34' title="bbox 201 3340 1877 3423">
     <span class='ocr_line' id='line_1_34' title="bbox 201 3340 1877 3423; baseline 0.003 -23"><span class='ocrx_word' id='word_1_237' title='bbox 201 3343 319 3400; x_wconf 90' lang='lat' dir='ltr'><strong>exit</strong></span> <span class='ocrx_word' id='word_1_238' title='bbox 350 3345 577 3402; x_wconf 87' lang='lat' dir='ltr'><strong>Satanas</strong></span> <span class='ocrx_word' id='word_1_239' title='bbox 597 3387 613 3413; x_wconf 89' lang='lat'><strong>,</strong></span> <span class='ocrx_word' id='word_1_240' title='bbox 646 3348 743 3404; x_wconf 88' lang='lat' dir='ltr'><strong>sed</strong></span> <span class='ocrx_word' id='word_1_241' title='bbox 773 3351 955 3419; x_wconf 90' lang='lat' dir='ltr'><strong>potius</strong></span> <span class='ocrx_word' id='word_1_242' title='bbox 986 3351 1043 3405; x_wconf 89' lang='lat' dir='ltr'><strong>in</strong></span> <span class='ocrx_word' id='word_1_243' title='bbox 1072 3351 1256 3407; x_wconf 83' lang='lat' dir='ltr'><strong>intima</strong></span> <span class='ocrx_word' id='word_1_244' title='bbox 1298 3352 1625 3423; x_wconf 88' lang='lat' dir='ltr'><strong>ingreditur,</strong></span> <span class='ocrx_word' id='word_1_245' title='bbox 1656 3362 1716 3408; x_wconf 92' lang='lat' dir='ltr'><strong>ut</strong></span> <span class='ocrx_word' id='word_1_246' title='bbox 1746 3352 1800 3408; x_wconf 92' lang='lat' dir='ltr'><strong>in</strong></span> <span class='ocrx_word' id='word_1_247' title='bbox 1829 3340 1877 3405; x_wconf 90' lang='lat' dir='ltr'><strong>C</strong></span> 
     </span>
    </p>
   </div>
   <div class='ocr_carea' id='block_1_35' title="bbox 198 3436 1804 3512">
    <p class='ocr_par' dir='ltr' id='par_1_35' title="bbox 198 3436 1804 3512">
     <span class='ocr_line' id='line_1_35' title="bbox 198 3436 1804 3512; baseline 0.006 -23"><span class='ocrx_word' id='word_1_248' title='bbox 198 3449 269 3490; x_wconf 88' lang='lat' dir='ltr'><strong>eo</strong></span> <span class='ocrx_word' id='word_1_249' title='bbox 299 3436 378 3493; x_wconf 91' lang='lat' dir='ltr'><strong>sic</strong></span> <span class='ocrx_word' id='word_1_250' title='bbox 405 3447 682 3508; x_wconf 88' lang='lat' dir='ltr'><strong>operetur,</strong></span> <span class='ocrx_word' id='word_1_251' title='bbox 707 3441 1165 3509; x_wconf 87' lang='lat' dir='ltr'><strong>quemadmodum</strong></span> <span class='ocrx_word' id='word_1_252' title='bbox 1188 3441 1320 3498; x_wconf 90' lang='lat' dir='ltr'><strong>dicit</strong></span> <span class='ocrx_word' id='word_1_253' title='bbox 1339 3443 1630 3512; x_wconf 86' lang='lat' dir='ltr'><strong>Apostolus</strong></span> <span class='ocrx_word' id='word_1_254' title='bbox 1656 3459 1672 3498; x_wconf 89' lang='lat'><strong>:</strong></span> <span class='ocrx_word' id='word_1_255' title='bbox 1705 3441 1804 3499; x_wconf 82' lang='lat' dir='ltr'><strong>Se-</strong></span> 
     </span>
    </p>
   </div>
   <div class='ocr_carea' id='block_1_36' title="bbox 198 3528 1802 3607">
    <p class='ocr_par' dir='ltr' id='par_1_36' title="bbox 198 3528 1802 3607">
     <span class='ocr_line' id='line_1_36' title="bbox 198 3528 1802 3607; baseline 0.007 -25"><span class='ocrx_word' id='word_1_256' title='bbox 198 3528 438 3584; x_wconf 87' lang='lat' dir='ltr'><strong>cundum</strong></span> <span class='ocrx_word' id='word_1_257' title='bbox 470 3531 766 3600; x_wconf 88' lang='lat' dir='ltr'><strong>principem</strong></span> <span class='ocrx_word' id='word_1_258' title='bbox 800 3533 1084 3602; x_wconf 87' lang='lat' dir='ltr'><strong>potestatis</strong></span> <span class='ocrx_word' id='word_1_259' title='bbox 1111 3534 1254 3590; x_wconf 91' lang='lat' dir='ltr'><strong>aeris</strong></span> <span class='ocrx_word' id='word_1_260' title='bbox 1294 3534 1484 3604; x_wconf 90' lang='lat' dir='ltr'><strong>hujus,</strong></span> <span class='ocrx_word' id='word_1_261' title='bbox 1525 3536 1619 3607; x_wconf 90' lang='lat' dir='ltr'><strong>qui</strong></span> <span class='ocrx_word' id='word_1_262' title='bbox 1657 3552 1802 3593; x_wconf 92' lang='lat' dir='ltr'><strong>nunc</strong></span> 
     </span>
    </p>
   </div>
   <div class='ocr_carea' id='block_1_37' title="bbox 197 3622 1804 3691">
    <p class='ocr_par' dir='ltr' id='par_1_37' title="bbox 197 3622 1804 3691">
     <span class='ocr_line' id='line_1_37' title="bbox 197 3622 1804 3691; baseline 0.007 -16"><span class='ocrx_word' id='word_1_263' title='bbox 197 3630 465 3691; x_wconf 86' lang='lat' dir='ltr'><strong>operatur</strong></span> <span class='ocrx_word' id='word_1_264' title='bbox 494 3622 549 3678; x_wconf 91' lang='lat' dir='ltr'><strong>in</strong></span> <span class='ocrx_word' id='word_1_265' title='bbox 581 3622 710 3679; x_wconf 88' lang='lat' dir='ltr'><strong>ﬁliis</strong></span> <span class='ocrx_word' id='word_1_266' title='bbox 739 3624 1078 3683; x_wconf 82' lang='lat' dir='ltr'><strong>difﬁdentiae.</strong></span> <span class='ocrx_word' id='word_1_267' title='bbox 1120 3627 1238 3684; x_wconf 85' lang='lat' dir='ltr'><strong>Non</strong></span> <span class='ocrx_word' id='word_1_268' title='bbox 1265 3631 1412 3685; x_wconf 90' lang='lat' dir='ltr'><strong>enim</strong></span> <span class='ocrx_word' id='word_1_269' title='bbox 1451 3645 1643 3688; x_wconf 86' lang='lat' dir='ltr'><strong>sensus</strong></span> <span class='ocrx_word' id='word_1_270' title='bbox 1682 3646 1804 3688; x_wconf 85' lang='lat' dir='ltr'><strong>cor-</strong></span> 
     </span>
    </p>
   </div>
   <div class='ocr_carea' id='block_1_38' title="bbox 194 3715 1799 3794">
    <p class='ocr_par' dir='ltr' id='par_1_38' title="bbox 194 3715 1799 3794">
     <span class='ocr_line' id='line_1_38' title="bbox 194 3715 1799 3794; baseline 0.008 -25"><span class='ocrx_word' id='word_1_271' title='bbox 194 3715 350 3785; x_wconf 85' lang='lat' dir='ltr'><strong>poris</strong></span> <span class='ocrx_word' id='word_1_272' title='bbox 402 3729 591 3772; x_wconf 89' lang='lat' dir='ltr'><strong>eorum</strong></span> <span class='ocrx_word' id='word_1_273' title='bbox 624 3717 877 3775; x_wconf 87' lang='lat' dir='ltr'><strong>turbabat</strong></span> <span class='ocrx_word' id='word_1_274' title='bbox 912 3729 1075 3791; x_wconf 90' lang='lat' dir='ltr'><strong>atque</strong></span> <span class='ocrx_word' id='word_1_275' title='bbox 1120 3723 1437 3794; x_wconf 87' lang='lat' dir='ltr'><strong>torquebat,</strong></span> <span class='ocrx_word' id='word_1_276' title='bbox 1479 3734 1574 3781; x_wconf 89' lang='lat' dir='ltr'><strong>aut</strong></span> <span class='ocrx_word' id='word_1_277' title='bbox 1610 3740 1799 3782; x_wconf 89' lang='lat' dir='ltr'><strong>eorum</strong></span> 
     </span>
    </p>
   </div>
   <div class='ocr_carea' id='block_1_39' title="bbox 194 3809 1802 3888">
    <p class='ocr_par' dir='ltr' id='par_1_39' title="bbox 194 3809 1802 3888">
     <span class='ocr_line' id='line_1_39' title="bbox 194 3809 1802 3888; baseline 0.009 -28"><span class='ocrx_word' id='word_1_278' title='bbox 194 3821 429 3876; x_wconf 85' lang='lat' dir='ltr'><strong>corpora</strong></span> <span class='ocrx_word' id='word_1_279' title='bbox 472 3809 795 3879; x_wconf 89' lang='lat' dir='ltr'><strong>collidebat;</strong></span> <span class='ocrx_word' id='word_1_280' title='bbox 826 3813 924 3868; x_wconf 89' lang='lat' dir='ltr'><strong>sed</strong></span> <span class='ocrx_word' id='word_1_281' title='bbox 952 3816 1005 3869; x_wconf 87' lang='lat' dir='ltr'><strong>in</strong></span> <span class='ocrx_word' id='word_1_282' title='bbox 1036 3829 1225 3872; x_wconf 90' lang='lat' dir='ltr'><strong>eorum</strong></span> <span class='ocrx_word' id='word_1_283' title='bbox 1254 3816 1561 3884; x_wconf 86' lang='lat' dir='ltr'><strong>voluntate,</strong></span> <span class='ocrx_word' id='word_1_284' title='bbox 1592 3818 1675 3873; x_wconf 89' lang='lat' dir='ltr'><strong>vel</strong></span> <span class='ocrx_word' id='word_1_285' title='bbox 1706 3833 1802 3888; x_wconf 85' lang='lat' dir='ltr'><strong>po-</strong></span> 
     </span>
    </p>
   </div>
   <div class='ocr_carea' id='block_1_40' title="bbox 196 3899 1799 3982">
    <p class='ocr_par' dir='ltr' id='par_1_40' title="bbox 196 3899 1799 3982">
     <span class='ocr_line' id='line_1_40' title="bbox 196 3899 1799 3982; baseline 0.01 -29"><span class='ocrx_word' id='word_1_286' title='bbox 196 3899 312 3955; x_wconf 88' lang='lat' dir='ltr'><strong>tius</strong></span> <span class='ocrx_word' id='word_1_287' title='bbox 347 3901 647 3970; x_wconf 85' lang='lat' dir='ltr'><strong>cupiditate</strong></span> <span class='ocrx_word' id='word_1_288' title='bbox 686 3906 969 3975; x_wconf 88' lang='lat' dir='ltr'><strong>regnabat.</strong></span> <span class='ocrx_word' id='word_1_289' title='bbox 1009 3908 1163 3976; x_wconf 87' lang='lat' dir='ltr'><strong>Quod</strong></span> <span class='ocrx_word' id='word_1_290' title='bbox 1194 3919 1374 3966; x_wconf 88' lang='lat' dir='ltr'><strong>autem</strong></span> <span class='ocrx_word' id='word_1_291' title='bbox 1402 3910 1537 3966; x_wconf 89' lang='lat' dir='ltr'><strong>dicit</strong></span> <span class='ocrx_word' id='word_1_292' title='bbox 1568 3910 1799 3982; x_wconf 88' lang='lat' dir='ltr'><strong>pseudo-</strong></span> 
     </span>
    </p>
   </div>
   <div class='ocr_carea' id='block_1_41' title="bbox 195 3989 1800 4072">
    <p class='ocr_par' dir='ltr' id='par_1_41' title="bbox 195 3989 1800 4072">
     <span class='ocr_line' id='line_1_41' title="bbox 195 3989 1800 4072; baseline 0.01 -30"><span class='ocrx_word' id='word_1_293' title='bbox 195 3989 495 4060; x_wconf 89' lang='lat' dir='ltr'><strong>prophetas</strong></span> <span class='ocrx_word' id='word_1_294' title='bbox 543 3994 709 4050; x_wconf 87' lang='lat' dir='ltr'><strong>multa</strong></span> <span class='ocrx_word' id='word_1_295' title='bbox 754 3997 905 4066; x_wconf 89' lang='lat' dir='ltr'><strong>signa</strong></span> <span class='ocrx_word' id='word_1_296' title='bbox 951 4008 1008 4053; x_wconf 93' lang='lat' dir='ltr'><strong>et</strong></span> <span class='ocrx_word' id='word_1_297' title='bbox 1046 4000 1291 4072; x_wconf 89' lang='lat' dir='ltr'><strong>prodigia</strong></span> <span class='ocrx_word' id='word_1_298' title='bbox 1324 4002 1598 4069; x_wconf 82' lang='lat' dir='ltr'><strong>facturos,</strong></span> <span class='ocrx_word' id='word_1_299' title='bbox 1636 4004 1707 4058; x_wconf 90' lang='lat' dir='ltr'><strong>ita</strong></span> <span class='ocrx_word' id='word_1_300' title='bbox 1739 4012 1800 4059; x_wconf 92' lang='lat' dir='ltr'><strong>ut</strong></span> 
     </span>
    </p>
   </div>
   <div class='ocr_carea' id='block_1_42' title="bbox 195 4080 1801 4165">
    <p class='ocr_par' dir='ltr' id='par_1_42' title="bbox 195 4080 1801 4165">
     <span class='ocr_line' id='line_1_42' title="bbox 195 4080 1801 4165; baseline 0.012 -32"><span class='ocrx_word' id='word_1_301' title='bbox 195 4080 412 4149; x_wconf 80' lang='lat' dir='ltr'><strong>fallant,</strong></span> <span class='ocrx_word' id='word_1_302' title='bbox 441 4085 486 4140; x_wconf 90' lang='lat' dir='ltr'><strong>si</strong></span> <span class='ocrx_word' id='word_1_303' title='bbox 516 4084 631 4141; x_wconf 88' lang='lat' dir='ltr'><strong>ﬁeri</strong></span> <span class='ocrx_word' id='word_1_304' title='bbox 663 4097 863 4157; x_wconf 88' lang='lat' dir='ltr'><strong>potest,</strong></span> <span class='ocrx_word' id='word_1_305' title='bbox 895 4092 1057 4146; x_wconf 90' lang='lat' dir='ltr'><strong>etiam</strong></span> <span class='ocrx_word' id='word_1_306' title='bbox 1088 4092 1312 4162; x_wconf 86' lang='lat' dir='ltr'><strong>electos,</strong></span> <span class='ocrx_word' id='word_1_307' title='bbox 1340 4094 1594 4151; x_wconf 92' lang='lat' dir='ltr'><strong>admonet</strong></span> <span class='ocrx_word' id='word_1_308' title='bbox 1618 4097 1801 4165; x_wconf 88' lang='lat' dir='ltr'><strong>utique</strong></span> 
     </span>
    </p>
   </div>
   <div class='ocr_carea' id='block_1_43' title="bbox 194 4170 1799 4252">
    <p class='ocr_par' dir='ltr' id='par_1_43' title="bbox 194 4170 1799 4252">
     <span class='ocr_line' id='line_1_43' title="bbox 194 4170 1799 4252; baseline 0.01 -25"><span class='ocrx_word' id='word_1_309' title='bbox 194 4170 310 4241; x_wconf 80' lang='lat' dir='ltr'><strong>[ut]</strong></span> <span class='ocrx_word' id='word_1_310' title='bbox 342 4174 709 4248; x_wconf 87' lang='lat' dir='ltr'><strong>intelligamus</strong></span> <span class='ocrx_word' id='word_1_311' title='bbox 738 4181 986 4252; x_wconf 68' lang='lat' dir='ltr'><strong>quaedam</strong></span> <span class='ocrx_word' id='word_1_312' title='bbox 1018 4184 1279 4243; x_wconf 90' lang='lat' dir='ltr'><strong>miracula</strong></span> <span class='ocrx_word' id='word_1_313' title='bbox 1310 4188 1473 4242; x_wconf 89' lang='lat' dir='ltr'><strong>etiam</strong></span> <span class='ocrx_word' id='word_1_314' title='bbox 1502 4189 1799 4245; x_wconf 89' lang='lat' dir='ltr'><strong>sceleratos</strong></span> 
     </span>
    </p>
   </div>
   <div class='ocr_carea' id='block_1_44' title="bbox 198 4261 1795 4352">
    <p class='ocr_par' dir='ltr' id='par_1_44' title="bbox 198 4261 1795 4352">
     <span class='ocr_line' id='line_1_44' title="bbox 198 4261 1795 4352; baseline 0.008 -26"><span class='ocrx_word' id='word_1_315' title='bbox 198 4261 456 4321; x_wconf 73' lang='lat' dir='ltr'><strong>homines</strong></span> <span class='ocrx_word' id='word_1_316' title='bbox 503 4272 721 4334; x_wconf 71' lang='lat' dir='ltr'><strong>lacere.</strong></span> <span class='ocrx_word' id='word_1_317' title='bbox 767 4278 912 4348; x_wconf 89' lang='lat' dir='ltr'><strong>quali</strong></span> <span class='ocrx_word' id='word_1_318' title='bbox 960 4278 1253 4352; x_wconf 87' lang='lat' dir='ltr'><strong>[qualibus]</strong></span> <span class='ocrx_word' id='word_1_319' title='bbox 1304 4282 1642 4338; x_wconf 60' lang='lat' dir='ltr'><strong>sanctiﬁcare</strong></span> <span class='ocrx_word' id='word_1_320' title='bbox 1688 4300 1795 4340; x_wconf 90' lang='lat' dir='ltr'><strong>non</strong></span> 
     </span>
    </p>
   </div>
   <div class='ocr_carea' id='block_1_45' title="bbox 194 4358 1798 4442">
    <p class='ocr_par' dir='ltr' id='par_1_45' title="bbox 194 4358 1798 4442">
     <span class='ocr_line' id='line_1_45' title="bbox 194 4358 1798 4442; baseline 0.015 -33"><span class='ocrx_word' id='word_1_321' title='bbox 194 4366 463 4427; x_wconf 90' lang='lat' dir='ltr'><strong>possunt;</strong></span> <span class='ocrx_word' id='word_1_322' title='bbox 520 4358 746 4427; x_wconf 86' lang='lat' dir='ltr'><strong>Beued.,</strong></span> <span class='ocrx_word' id='word_1_323' title='bbox 778 4362 955 4431; x_wconf 90' lang='lat' dir='ltr'><strong>qualia</strong></span> <span class='ocrx_word' id='word_1_324' title='bbox 1000 4373 1170 4421; x_wconf 86' lang='lat' dir='ltr'><strong>sancti</strong></span> <span class='ocrx_word' id='word_1_325' title='bbox 1200 4372 1381 4426; x_wconf 78' lang='lat' dir='ltr'><strong>facere</strong></span> <span class='ocrx_word' id='word_1_326' title='bbox 1421 4389 1527 4427; x_wconf 91' lang='lat' dir='ltr'><strong>non</strong></span> <span class='ocrx_word' id='word_1_327' title='bbox 1576 4385 1798 4442; x_wconf 88' lang='lat' dir='ltr'><strong>possunt</strong></span> 
     </span>
    </p>
   </div>
   <div class='ocr_carea' id='block_1_46' title="bbox 190 4449 1797 4529">
    <p class='ocr_par' dir='ltr' id='par_1_46' title="bbox 190 4449 1797 4529">
     <span class='ocr_line' id='line_1_46' title="bbox 190 4449 1797 4529; baseline 0.014 -28"><span class='ocrx_word' id='word_1_328' title='bbox 190 4462 301 4502; x_wconf 86' lang='lat' dir='ltr'><strong>nec</strong></span> <span class='ocrx_word' id='word_1_329' title='bbox 360 4458 539 4506; x_wconf 88' lang='lat' dir='ltr'><strong>tamen</strong></span> <span class='ocrx_word' id='word_1_330' title='bbox 612 4449 736 4507; x_wconf 90' lang='lat' dir='ltr'><strong>ideo</strong></span> <span class='ocrx_word' id='word_1_331' title='bbox 802 4454 1027 4524; x_wconf 90' lang='lat' dir='ltr'><strong>potioris</strong></span> <span class='ocrx_word' id='word_1_332' title='bbox 1092 4456 1196 4513; x_wconf 91' lang='lat' dir='ltr'><strong>loci</strong></span> <span class='ocrx_word' id='word_1_333' title='bbox 1252 4460 1392 4529; x_wconf 90' lang='lat' dir='ltr'><strong>apud</strong></span> <span class='ocrx_word' id='word_1_334' title='bbox 1449 4461 1618 4519; x_wconf 88' lang='lat' dir='ltr'><strong>Deum</strong></span> <span class='ocrx_word' id='word_1_335' title='bbox 1674 4479 1797 4523; x_wconf 90' lang='lat' dir='ltr'><strong>esse</strong></span> 
     </span>
    </p>
   </div>
   <div class='ocr_carea' id='block_1_47' title="bbox 188 4537 1795 4621">
    <p class='ocr_par' dir='ltr' id='par_1_47' title="bbox 188 4537 1795 4621">
     <span class='ocr_line' id='line_1_47' title="bbox 188 4537 1795 4621; baseline 0.014 -29"><span class='ocrx_word' id='word_1_336' title='bbox 188 4537 493 4595; x_wconf 87' lang='lat' dir='ltr'><strong>arbitrandi</strong></span> <span class='ocrx_word' id='word_1_337' title='bbox 540 4550 684 4598; x_wconf 89' lang='lat' dir='ltr'><strong>sunt.</strong></span> <span class='ocrx_word' id='word_1_338' title='bbox 736 4542 854 4600; x_wconf 88' lang='lat' dir='ltr'><strong>Non</strong></span> <span class='ocrx_word' id='word_1_339' title='bbox 901 4547 1046 4602; x_wconf 88' lang='lat' dir='ltr'><strong>enim</strong></span> <span class='ocrx_word' id='word_1_340' title='bbox 1096 4552 1427 4621; x_wconf 90' lang='lat' dir='ltr'><strong>acceptiores</strong></span> <span class='ocrx_word' id='word_1_341' title='bbox 1481 4563 1639 4612; x_wconf 86' lang='lat' dir='ltr'><strong>erant</strong></span> <span class='ocrx_word' id='word_1_342' title='bbox 1686 4557 1795 4615; x_wconf 89' lang='lat' dir='ltr'><strong>Deo</strong></span> 
     </span>
    </p>
   </div>
   <div class='ocr_carea' id='block_1_48' title="bbox 190 4636 1791 4721">
    <p class='ocr_par' dir='ltr' id='par_1_48' title="bbox 190 4636 1791 4721">
     <span class='ocr_line' id='line_1_48' title="bbox 190 4636 1791 4721; baseline 0.014 -37"><span class='ocrx_word' id='word_1_343' title='bbox 190 4648 356 4702; x_wconf 85' lang='lat' dir='ltr'><strong>quam</strong></span> <span class='ocrx_word' id='word_1_344' title='bbox 428 4636 656 4705; x_wconf 88' lang='lat' dir='ltr'><strong>populus</strong></span> <span class='ocrx_word' id='word_1_345' title='bbox 724 4636 889 4693; x_wconf 90' lang='lat' dir='ltr'><strong>Israel</strong></span> <span class='ocrx_word' id='word_1_346' title='bbox 953 4642 1098 4712; x_wconf 87' lang='lat' dir='ltr'><strong>magi</strong></span> <span class='ocrx_word' id='word_1_347' title='bbox 1177 4641 1588 4716; x_wconf 68' lang='lat' dir='ltr'><strong>Egyptiorum,</strong></span> <span class='ocrx_word' id='word_1_348' title='bbox 1668 4651 1791 4721; x_wconf 90' lang='lat' dir='ltr'><strong>quia</strong></span> 
     </span>
    </p>
   </div>
   <div class='ocr_carea' id='block_1_49' title="bbox 1909 650 3499 721">
    <p class='ocr_par' dir='ltr' id='par_1_49' title="bbox 1909 650 3499 721">
     <span class='ocr_line' id='line_1_49' title="bbox 1909 650 3499 721; baseline 0 -14"><span class='ocrx_word' id='word_1_349' title='bbox 1909 652 2232 709; x_wconf 90' lang='lat' dir='ltr'><strong>commercia</strong></span> <span class='ocrx_word' id='word_1_350' title='bbox 2269 652 2355 708; x_wconf 88' lang='lat' dir='ltr'><strong>vel</strong></span> <span class='ocrx_word' id='word_1_351' title='bbox 2390 650 2688 719; x_wconf 90' lang='lat' dir='ltr'><strong>beneﬁcia,</strong></span> <span class='ocrx_word' id='word_1_352' title='bbox 2726 650 2803 707; x_wconf 90' lang='lat' dir='ltr'><strong>illi</strong></span> <span class='ocrx_word' id='word_1_353' title='bbox 2842 659 3020 709; x_wconf 90' lang='lat' dir='ltr'><strong>autem</strong></span> <span class='ocrx_word' id='word_1_354' title='bbox 3068 650 3277 721; x_wconf 87' lang='lat' dir='ltr'><strong>publica</strong></span> <span class='ocrx_word' id='word_1_355' title='bbox 3321 652 3499 707; x_wconf 88' lang='lat' dir='ltr'><strong>admi-</strong></span> 
     </span>
    </p>
   </div>
   <div class='ocr_carea' id='block_1_50' title="bbox 1908 745 3499 818">
    <p class='ocr_par' dir='ltr' id='par_1_50' title="bbox 1908 745 3499 818">
     <span class='ocr_line' id='line_1_50' title="bbox 1908 745 3499 818; baseline 0.001 -18"><span class='ocrx_word' id='word_1_356' title='bbox 1908 745 2229 801; x_wconf 88' lang='lat' dir='ltr'><strong>nistratione</strong></span> <span class='ocrx_word' id='word_1_357' title='bbox 2248 785 2265 814; x_wconf 94' lang='lat'><strong>,</strong></span> <span class='ocrx_word' id='word_1_358' title='bbox 2292 745 2451 817; x_wconf 88' lang='lat' dir='ltr'><strong>jussu</strong></span> <span class='ocrx_word' id='word_1_359' title='bbox 2476 746 2595 817; x_wconf 88' lang='lat' dir='ltr'><strong>ejus</strong></span> <span class='ocrx_word' id='word_1_360' title='bbox 2622 746 2709 802; x_wconf 91' lang='lat' dir='ltr'><strong>cui</strong></span> <span class='ocrx_word' id='word_1_361' title='bbox 2746 755 2939 803; x_wconf 89' lang='lat' dir='ltr'><strong>cuncta</strong></span> <span class='ocrx_word' id='word_1_362' title='bbox 2974 754 3221 802; x_wconf 90' lang='lat' dir='ltr'><strong>creatura</strong></span> <span class='ocrx_word' id='word_1_363' title='bbox 3253 745 3499 818; x_wconf 88' lang='lat' dir='ltr'><strong>subjecta</strong></span> 
     </span>
    </p>
   </div>
   <div class='ocr_carea' id='block_1_51' title="bbox 1906 840 3500 913">
    <p class='ocr_par' dir='ltr' id='par_1_51' title="bbox 1906 840 3500 913">
     <span class='ocr_line' id='line_1_51' title="bbox 1906 840 3500 913; baseline -0.001 -16"><span class='ocrx_word' id='word_1_364' title='bbox 1906 848 2011 897; x_wconf 88' lang='lat' dir='ltr'><strong>est.</strong></span> <span class='ocrx_word' id='word_1_365' title='bbox 2043 840 2219 897; x_wconf 87' lang='lat' dir='ltr'><strong>Aliter</strong></span> <span class='ocrx_word' id='word_1_366' title='bbox 2242 840 2386 897; x_wconf 91' lang='lat' dir='ltr'><strong>enim</strong></span> <span class='ocrx_word' id='word_1_367' title='bbox 2413 840 2623 913; x_wconf 88' lang='lat' dir='ltr'><strong>cogitur</strong></span> <span class='ocrx_word' id='word_1_368' title='bbox 2665 855 2948 912; x_wconf 90' lang='lat' dir='ltr'><strong>possessor</strong></span> <span class='ocrx_word' id='word_1_369' title='bbox 2984 856 3182 913; x_wconf 92' lang='lat' dir='ltr'><strong>equum</strong></span> <span class='ocrx_word' id='word_1_370' title='bbox 3221 840 3355 898; x_wconf 91' lang='lat' dir='ltr'><strong>dare</strong></span> <span class='ocrx_word' id='word_1_371' title='bbox 3394 840 3500 896; x_wconf 88' lang='lat' dir='ltr'><strong>mi-</strong></span> 
     </span>
    </p>
   </div>
   <div class='ocr_carea' id='block_1_52' title="bbox 1908 930 3504 1004">
    <p class='ocr_par' dir='ltr' id='par_1_52' title="bbox 1908 930 3504 1004">
     <span class='ocr_line' id='line_1_52' title="bbox 1908 930 3504 1004; baseline -0.001 -17"><span class='ocrx_word' id='word_1_372' title='bbox 1908 930 2011 997; x_wconf 89' lang='lat' dir='ltr'><strong>liti,</strong></span> <span class='ocrx_word' id='word_1_373' title='bbox 2041 930 2199 987; x_wconf 88' lang='lat' dir='ltr'><strong>aliter</strong></span> <span class='ocrx_word' id='word_1_374' title='bbox 2223 946 2347 988; x_wconf 89' lang='lat' dir='ltr'><strong>eum</strong></span> <span class='ocrx_word' id='word_1_375' title='bbox 2374 931 2539 989; x_wconf 89' lang='lat' dir='ltr'><strong>tradit</strong></span> <span class='ocrx_word' id='word_1_376' title='bbox 2561 934 2823 1004; x_wconf 88' lang='lat' dir='ltr'><strong>emptori,</strong></span> <span class='ocrx_word' id='word_1_377' title='bbox 2856 933 2942 989; x_wconf 93' lang='lat' dir='ltr'><strong>vel</strong></span> <span class='ocrx_word' id='word_1_378' title='bbox 2973 932 3193 989; x_wconf 88' lang='lat' dir='ltr'><strong>cuilibet</strong></span> <span class='ocrx_word' id='word_1_379' title='bbox 3218 932 3383 988; x_wconf 90' lang='lat' dir='ltr'><strong>donat</strong></span> <span class='ocrx_word' id='word_1_380' title='bbox 3408 941 3504 986; x_wconf 92' lang='lat' dir='ltr'><strong>aut</strong></span> 
     </span>
    </p>
   </div>
   <div class='ocr_carea' id='block_1_53' title="bbox 1907 1022 3499 1096">
    <p class='ocr_par' dir='ltr' id='par_1_53' title="bbox 1907 1022 3499 1096">
     <span class='ocr_line' id='line_1_53' title="bbox 1907 1022 3499 1096; baseline 0.001 -17"><span class='ocrx_word' id='word_1_381' title='bbox 1907 1022 2238 1080; x_wconf 87' lang='lat' dir='ltr'><strong>commodat.</strong></span> <span class='ocrx_word' id='word_1_382' title='bbox 2266 1024 2336 1080; x_wconf 92' lang='lat' dir='ltr'><strong>Et</strong></span> <span class='ocrx_word' id='word_1_383' title='bbox 2364 1024 2818 1094; x_wconf 88' lang='lat' dir='ltr'><strong>quemadmodum</strong></span> <span class='ocrx_word' id='word_1_384' title='bbox 2847 1026 3091 1096; x_wconf 77' lang='lat' dir='ltr'><strong>plerique</strong></span> <span class='ocrx_word' id='word_1_385' title='bbox 3118 1024 3248 1081; x_wconf 90' lang='lat' dir='ltr'><strong>mali</strong></span> <span class='ocrx_word' id='word_1_386' title='bbox 3274 1024 3499 1088; x_wconf 86' lang='lat' dir='ltr'><strong>milites,</strong></span> 
     </span>
    </p>
   </div>
   <div class='ocr_carea' id='block_1_54' title="bbox 1907 1116 3498 1189">
    <p class='ocr_par' dir='ltr' id='par_1_54' title="bbox 1907 1116 3498 1189">
     <span class='ocr_line' id='line_1_54' title="bbox 1907 1116 3498 1189; baseline 0.001 -19"><span class='ocrx_word' id='word_1_387' title='bbox 1907 1129 2044 1187; x_wconf 90' lang='lat' dir='ltr'><strong>quos</strong></span> <span class='ocrx_word' id='word_1_388' title='bbox 2071 1116 2367 1187; x_wconf 88' lang='lat' dir='ltr'><strong>imperialis</strong></span> <span class='ocrx_word' id='word_1_389' title='bbox 2394 1117 2678 1188; x_wconf 89' lang='lat' dir='ltr'><strong>disciplina</strong></span> <span class='ocrx_word' id='word_1_390' title='bbox 2715 1118 3078 1186; x_wconf 88' lang='lat' dir='ltr'><strong>condemnat,</strong></span> <span class='ocrx_word' id='word_1_391' title='bbox 3115 1116 3288 1189; x_wconf 88' lang='lat' dir='ltr'><strong>signis</strong></span> <span class='ocrx_word' id='word_1_392' title='bbox 3323 1117 3498 1187; x_wconf 87' lang='lat' dir='ltr'><strong>impc-</strong></span> 
     </span>
    </p>
   </div>
   <div class='ocr_carea' id='block_1_55' title="bbox 1907 1209 3501 1283">
    <p class='ocr_par' dir='ltr' id='par_1_55' title="bbox 1907 1209 3501 1283">
     <span class='ocr_line' id='line_1_55' title="bbox 1907 1209 3501 1283; baseline 0 -18"><span class='ocrx_word' id='word_1_393' title='bbox 1907 1209 2104 1266; x_wconf 89' lang='lat' dir='ltr'><strong>ratoris</strong></span> <span class='ocrx_word' id='word_1_394' title='bbox 2133 1210 2220 1267; x_wconf 89' lang='lat' dir='ltr'><strong>sui</strong></span> <span class='ocrx_word' id='word_1_395' title='bbox 2250 1210 2537 1268; x_wconf 89' lang='lat' dir='ltr'><strong>nonnullos</strong></span> <span class='ocrx_word' id='word_1_396' title='bbox 2567 1225 2911 1283; x_wconf 88' lang='lat' dir='ltr'><strong>possessores</strong></span> <span class='ocrx_word' id='word_1_397' title='bbox 2938 1213 3217 1279; x_wconf 87' lang='lat' dir='ltr'><strong>territant,</strong></span> <span class='ocrx_word' id='word_1_398' title='bbox 3246 1218 3301 1267; x_wconf 91' lang='lat' dir='ltr'><strong>et</strong></span> <span class='ocrx_word' id='word_1_399' title='bbox 3327 1210 3397 1266; x_wconf 92' lang='lat' dir='ltr'><strong>ab</strong></span> <span class='ocrx_word' id='word_1_400' title='bbox 3422 1211 3501 1265; x_wconf 89' lang='lat' dir='ltr'><strong>eis</strong></span> 
     </span>
    </p>
   </div>
   <div class='ocr_carea' id='block_1_56' title="bbox 1907 1303 3501 1377">
    <p class='ocr_par' dir='ltr' id='par_1_56' title="bbox 1907 1303 3501 1377">
     <span class='ocr_line' id='line_1_56' title="bbox 1907 1303 3501 1377; baseline -0.003 -16"><span class='ocrx_word' id='word_1_401' title='bbox 1907 1305 2109 1376; x_wconf 90' lang='lat' dir='ltr'><strong>aliquid</strong></span> <span class='ocrx_word' id='word_1_402' title='bbox 2129 1306 2271 1377; x_wconf 90' lang='lat' dir='ltr'><strong>quod</strong></span> <span class='ocrx_word' id='word_1_403' title='bbox 2297 1305 2511 1376; x_wconf 88' lang='lat' dir='ltr'><strong>publice</strong></span> <span class='ocrx_word' id='word_1_404' title='bbox 2536 1322 2641 1362; x_wconf 91' lang='lat' dir='ltr'><strong>non</strong></span> <span class='ocrx_word' id='word_1_405' title='bbox 2661 1306 2877 1377; x_wconf 88' lang='lat' dir='ltr'><strong>jubetur</strong></span> <span class='ocrx_word' id='word_1_406' title='bbox 2897 1313 3251 1377; x_wconf 85' lang='lat' dir='ltr'><strong>extorquent;</strong></span> <span class='ocrx_word' id='word_1_407' title='bbox 3278 1303 3351 1359; x_wconf 87' lang='lat' dir='ltr'><strong>ita</strong></span> <span class='ocrx_word' id='word_1_408' title='bbox 3376 1318 3501 1358; x_wconf 86' lang='lat' dir='ltr'><strong>non-</strong></span> 
     </span>
    </p>
   </div>
   <div class='ocr_carea' id='block_1_57' title="bbox 1907 1395 3503 1468">
    <p class='ocr_par' dir='ltr' id='par_1_57' title="bbox 1907 1395 3503 1468">
     <span class='ocr_line' id='line_1_57' title="bbox 1907 1395 3503 1468; baseline -0.001 -16"><span class='ocrx_word' id='word_1_409' title='bbox 1907 1412 2178 1468; x_wconf 89' lang='lat' dir='ltr'><strong>nunquam</strong></span> <span class='ocrx_word' id='word_1_410' title='bbox 2212 1398 2342 1453; x_wconf 89' lang='lat' dir='ltr'><strong>mali</strong></span> <span class='ocrx_word' id='word_1_411' title='bbox 2374 1398 2690 1465; x_wconf 89' lang='lat' dir='ltr'><strong>Christiani,</strong></span> <span class='ocrx_word' id='word_1_412' title='bbox 2715 1400 2799 1455; x_wconf 89' lang='lat' dir='ltr'><strong>vel</strong></span> <span class='ocrx_word' id='word_1_413' title='bbox 2831 1398 3187 1467; x_wconf 85' lang='lat' dir='ltr'><strong>schismatici,</strong></span> <span class='ocrx_word' id='word_1_414' title='bbox 3215 1396 3302 1453; x_wconf 86' lang='lat' dir='ltr'><strong>vel</strong></span> <span class='ocrx_word' id='word_1_415' title='bbox 3332 1395 3503 1452; x_wconf 65' lang='lat' dir='ltr'><strong>barre-</strong></span> 
     </span>
    </p>
   </div>
   <div class='ocr_carea' id='block_1_58' title="bbox 1908 1490 3501 1562">
    <p class='ocr_par' dir='ltr' id='par_1_58' title="bbox 1908 1490 3501 1562">
     <span class='ocr_line' id='line_1_58' title="bbox 1908 1490 3501 1562; baseline 0 -17"><span class='ocrx_word' id='word_1_416' title='bbox 1908 1490 1996 1546; x_wconf 91' lang='lat' dir='ltr'><strong>tici</strong></span> <span class='ocrx_word' id='word_1_417' title='bbox 2020 1532 2036 1559; x_wconf 94' lang='lat'><strong>,</strong></span> <span class='ocrx_word' id='word_1_418' title='bbox 2067 1506 2163 1561; x_wconf 90' lang='lat' dir='ltr'><strong>per</strong></span> <span class='ocrx_word' id='word_1_419' title='bbox 2190 1507 2386 1549; x_wconf 88' lang='lat' dir='ltr'><strong>nomen</strong></span> <span class='ocrx_word' id='word_1_420' title='bbox 2411 1492 2647 1562; x_wconf 88' lang='lat' dir='ltr'><strong>Christi,</strong></span> <span class='ocrx_word' id='word_1_421' title='bbox 2683 1504 2777 1549; x_wconf 91' lang='lat' dir='ltr'><strong>aut</strong></span> <span class='ocrx_word' id='word_1_422' title='bbox 2803 1493 2971 1551; x_wconf 91' lang='lat' dir='ltr'><strong>verba</strong></span> <span class='ocrx_word' id='word_1_423' title='bbox 2992 1536 3009 1562; x_wconf 95' lang='lat'><strong>,</strong></span> <span class='ocrx_word' id='word_1_424' title='bbox 3040 1505 3132 1550; x_wconf 90' lang='lat' dir='ltr'><strong>aut</strong></span> <span class='ocrx_word' id='word_1_425' title='bbox 3161 1500 3501 1549; x_wconf 82' lang='lat' dir='ltr'><strong>sacramenta</strong></span> 
     </span>
    </p>
   </div>
   <div class='ocr_carea' id='block_1_59' title="bbox 1905 1583 3502 1659">
    <p class='ocr_par' dir='ltr' id='par_1_59' title="bbox 1905 1583 3502 1659">
     <span class='ocr_line' id='line_1_59' title="bbox 1905 1583 3502 1659; baseline -0.001 -17"><span class='ocrx_word' id='word_1_426' title='bbox 1905 1583 2244 1652; x_wconf 88' lang='lat' dir='ltr'><strong>Christiana,</strong></span> <span class='ocrx_word' id='word_1_427' title='bbox 2285 1587 2513 1658; x_wconf 83' lang='lat' dir='ltr'><strong>exigunt</strong></span> <span class='ocrx_word' id='word_1_428' title='bbox 2567 1587 2767 1658; x_wconf 89' lang='lat' dir='ltr'><strong>aliquid</strong></span> <span class='ocrx_word' id='word_1_429' title='bbox 2824 1604 2855 1643; x_wconf 88' lang='lat' dir='ltr'><strong>a</strong></span> <span class='ocrx_word' id='word_1_430' title='bbox 2902 1588 3257 1659; x_wconf 84' lang='lat' dir='ltr'><strong>potestatibus</strong></span> <span class='ocrx_word' id='word_1_431' title='bbox 3305 1585 3502 1658; x_wconf 86' lang='lat' dir='ltr'><strong>quibus</strong></span> 
     </span>
    </p>
   </div>
   <div class='ocr_carea' id='block_1_60' title="bbox 1906 1677 3498 1739">
    <p class='ocr_par' dir='ltr' id='par_1_60' title="bbox 1906 1677 3498 1739">
     <span class='ocr_line' id='line_1_60' title="bbox 1906 1677 3498 1739; baseline 0.001 -5"><span class='ocrx_word' id='word_1_432' title='bbox 1906 1677 2113 1735; x_wconf 89' lang='lat' dir='ltr'><strong>honore</strong></span> <span class='ocrx_word' id='word_1_433' title='bbox 2127 1679 2327 1737; x_wconf 88' lang='lat' dir='ltr'><strong>Christi</strong></span> <span class='ocrx_word' id='word_1_434' title='bbox 2347 1681 2541 1738; x_wconf 89' lang='lat' dir='ltr'><strong>cedere</strong></span> <span class='ocrx_word' id='word_1_435' title='bbox 2558 1680 2820 1738; x_wconf 89' lang='lat' dir='ltr'><strong>indictum</strong></span> <span class='ocrx_word' id='word_1_436' title='bbox 2846 1692 2951 1739; x_wconf 88' lang='lat' dir='ltr'><strong>est.</strong></span> <span class='ocrx_word' id='word_1_437' title='bbox 2968 1682 3105 1739; x_wconf 89' lang='lat' dir='ltr'><strong>Cum</strong></span> <span class='ocrx_word' id='word_1_438' title='bbox 3129 1694 3310 1739; x_wconf 89' lang='lat' dir='ltr'><strong>autem</strong></span> <span class='ocrx_word' id='word_1_439' title='bbox 3339 1678 3498 1737; x_wconf 88' lang='lat' dir='ltr'><strong>malis</strong></span> 
     </span>
    </p>
   </div>
   <div class='ocr_carea' id='block_1_61' title="bbox 1903 1772 3501 1843">
    <p class='ocr_par' dir='ltr' id='par_1_61' title="bbox 1903 1772 3501 1843">
     <span class='ocr_line' id='line_1_61' title="bbox 1903 1772 3501 1843; baseline 0.001 -15"><span class='ocrx_word' id='word_1_440' title='bbox 1903 1772 2219 1843; x_wconf 81' lang='lat' dir='ltr'><strong>iubentibus</strong></span> <span class='ocrx_word' id='word_1_441' title='bbox 2239 1774 2519 1832; x_wconf 91' lang='lat' dir='ltr'><strong>voluntate</strong></span> <span class='ocrx_word' id='word_1_442' title='bbox 2539 1775 2768 1843; x_wconf 90' lang='lat' dir='ltr'><strong>cedunt,</strong></span> <span class='ocrx_word' id='word_1_443' title='bbox 2796 1775 2865 1832; x_wconf 90' lang='lat' dir='ltr'><strong>ad</strong></span> <span class='ocrx_word' id='word_1_444' title='bbox 2890 1776 3228 1833; x_wconf 88' lang='lat' dir='ltr'><strong>seducendos</strong></span> <span class='ocrx_word' id='word_1_445' title='bbox 3251 1775 3501 1832; x_wconf 91' lang='lat' dir='ltr'><strong>homines</strong></span> 
     </span>
    </p>
   </div>
   <div class='ocr_carea' id='block_1_62' title="bbox 1908 1864 3503 1940">
    <p class='ocr_par' dir='ltr' id='par_1_62' title="bbox 1908 1864 3503 1940">
     <span class='ocr_line' id='line_1_62' title="bbox 1908 1864 3503 1940; baseline 0.003 -20"><span class='ocrx_word' id='word_1_446' title='bbox 1908 1864 2136 1933; x_wconf 88' lang='lat' dir='ltr'><strong>cedunt,</strong></span> <span class='ocrx_word' id='word_1_447' title='bbox 2169 1881 2403 1937; x_wconf 91' lang='lat' dir='ltr'><strong>quorum</strong></span> <span class='ocrx_word' id='word_1_448' title='bbox 2435 1882 2624 1925; x_wconf 90' lang='lat' dir='ltr'><strong>errore</strong></span> <span class='ocrx_word' id='word_1_449' title='bbox 2650 1869 2923 1925; x_wconf 68' lang='lat' dir='ltr'><strong>laetantur.</strong></span> <span class='ocrx_word' id='word_1_450' title='bbox 2966 1870 3306 1940; x_wconf 85' lang='lat' dir='ltr'><strong>Quapropter</strong></span> <span class='ocrx_word' id='word_1_451' title='bbox 3343 1869 3503 1924; x_wconf 89' lang='lat' dir='ltr'><strong>aliter</strong></span> 
     </span>
    </p>
   </div>
   <div class='ocr_carea' id='block_1_63' title="bbox 1907 1956 3502 2028">
    <p class='ocr_par' dir='ltr' id='par_1_63' title="bbox 1907 1956 3502 2028">
     <span class='ocr_line' id='line_1_63' title="bbox 1907 1956 3502 2028; baseline 0.002 -17"><span class='ocrx_word' id='word_1_452' title='bbox 1907 1958 2047 2028; x_wconf 86' lang='lat' dir='ltr'><strong>magi</strong></span> <span class='ocrx_word' id='word_1_453' title='bbox 2078 1956 2282 2014; x_wconf 79' lang='lat' dir='ltr'><strong>facium</strong></span> <span class='ocrx_word' id='word_1_454' title='bbox 2316 1959 2604 2027; x_wconf 85' lang='lat' dir='ltr'><strong>miracula,</strong></span> <span class='ocrx_word' id='word_1_455' title='bbox 2638 1960 2797 2016; x_wconf 86' lang='lat' dir='ltr'><strong>aliter</strong></span> <span class='ocrx_word' id='word_1_456' title='bbox 2826 1959 2954 2016; x_wconf 92' lang='lat' dir='ltr'><strong>boni</strong></span> <span class='ocrx_word' id='word_1_457' title='bbox 2982 1959 3311 2027; x_wconf 88' lang='lat' dir='ltr'><strong>Christiani,</strong></span> <span class='ocrx_word' id='word_1_458' title='bbox 3342 1960 3502 2016; x_wconf 89' lang='lat' dir='ltr'><strong>aliter</strong></span> 
     </span>
    </p>
   </div>
   <div class='ocr_carea' id='block_1_64' title="bbox 1907 2042 3571 2123">
    <p class='ocr_par' dir='ltr' id='par_1_64' title="bbox 1907 2042 3571 2123">
     <span class='ocr_line' id='line_1_64' title="bbox 1907 2042 3571 2123; baseline 0.001 -18"><span class='ocrx_word' id='word_1_459' title='bbox 1907 2050 2034 2106; x_wconf 90' lang='lat' dir='ltr'><strong>mali</strong></span> <span class='ocrx_word' id='word_1_460' title='bbox 2061 2050 2353 2107; x_wconf 84' lang='lat' dir='ltr'><strong>Christiani</strong></span> <span class='ocrx_word' id='word_1_461' title='bbox 2382 2068 2398 2108; x_wconf 90' lang='lat'><strong>:</strong></span> <span class='ocrx_word' id='word_1_462' title='bbox 2430 2052 2573 2122; x_wconf 89' lang='lat' dir='ltr'><strong>magi</strong></span> <span class='ocrx_word' id='word_1_463' title='bbox 2600 2066 2695 2123; x_wconf 89' lang='lat' dir='ltr'><strong>per</strong></span> <span class='ocrx_word' id='word_1_464' title='bbox 2729 2053 2969 2123; x_wconf 89' lang='lat' dir='ltr'><strong>privatos</strong></span> <span class='ocrx_word' id='word_1_465' title='bbox 2995 2061 3308 2108; x_wconf 88' lang='lat' dir='ltr'><strong>contractus</strong></span> <span class='ocrx_word' id='word_1_466' title='bbox 3328 2094 3342 2117; x_wconf 89' lang='lat'><strong>,</strong></span> <span class='ocrx_word' id='word_1_467' title='bbox 3372 2049 3502 2106; x_wconf 87' lang='lat' dir='ltr'><strong>boni</strong></span> <span class='ocrx_word' id='word_1_468' title='bbox 3554 2042 3571 2063; x_wconf 84' lang='grc'><strong><em>⁸</em></strong></span> 
     </span>
    </p>
   </div>
   <div class='ocr_carea' id='block_1_65' title="bbox 1906 2142 3504 2216">
    <p class='ocr_par' dir='ltr' id='par_1_65' title="bbox 1906 2142 3504 2216">
     <span class='ocr_line' id='line_1_65' title="bbox 1906 2142 3504 2216; baseline 0.001 -17"><span class='ocrx_word' id='word_1_469' title='bbox 1906 2144 2201 2200; x_wconf 83' lang='lat' dir='ltr'><strong>Christiani</strong></span> <span class='ocrx_word' id='word_1_470' title='bbox 2247 2159 2345 2215; x_wconf 90' lang='lat' dir='ltr'><strong>per</strong></span> <span class='ocrx_word' id='word_1_471' title='bbox 2386 2146 2658 2215; x_wconf 91' lang='lat' dir='ltr'><strong>publicam</strong></span> <span class='ocrx_word' id='word_1_472' title='bbox 2696 2145 2957 2216; x_wconf 90' lang='lat' dir='ltr'><strong>justitiam</strong></span> <span class='ocrx_word' id='word_1_473' title='bbox 2983 2185 3000 2212; x_wconf 97' lang='lat'><strong>,</strong></span> <span class='ocrx_word' id='word_1_474' title='bbox 3044 2144 3171 2200; x_wconf 89' lang='lat' dir='ltr'><strong>mali</strong></span> <span class='ocrx_word' id='word_1_475' title='bbox 3212 2142 3504 2200; x_wconf 86' lang='lat' dir='ltr'><strong>Christiani</strong></span> 
     </span>
    </p>
   </div>
   <div class='ocr_carea' id='block_1_66' title="bbox 1907 2237 3503 2309">
    <p class='ocr_par' dir='ltr' id='par_1_66' title="bbox 1907 2237 3503 2309">
     <span class='ocr_line' id='line_1_66' title="bbox 1907 2237 3503 2309; baseline 0 -16"><span class='ocrx_word' id='word_1_476' title='bbox 1907 2252 2005 2307; x_wconf 90' lang='lat' dir='ltr'><strong>per</strong></span> <span class='ocrx_word' id='word_1_477' title='bbox 2033 2239 2185 2308; x_wconf 88' lang='lat' dir='ltr'><strong>signa</strong></span> <span class='ocrx_word' id='word_1_478' title='bbox 2213 2239 2441 2307; x_wconf 78' lang='lat' dir='ltr'><strong>publica:</strong></span> <span class='ocrx_word' id='word_1_479' title='bbox 2465 2239 2710 2309; x_wconf 78' lang='lat' dir='ltr'><strong>iustitiae.</strong></span> <span class='ocrx_word' id='word_1_480' title='bbox 2742 2238 2852 2294; x_wconf 83' lang='lat' dir='ltr'><strong>Nec</strong></span> <span class='ocrx_word' id='word_1_481' title='bbox 2881 2238 3076 2294; x_wconf 90' lang='lat' dir='ltr'><strong>mirum</strong></span> <span class='ocrx_word' id='word_1_482' title='bbox 3108 2237 3355 2308; x_wconf 86' lang='lat' dir='ltr'><strong>estquod</strong></span> <span class='ocrx_word' id='word_1_483' title='bbox 3386 2237 3503 2293; x_wconf 84' lang='lat' dir='ltr'><strong>haec</strong></span> 
     </span>
    </p>
   </div>
   <div class='ocr_carea' id='block_1_67' title="bbox 1907 2330 3499 2401">
    <p class='ocr_par' dir='ltr' id='par_1_67' title="bbox 1907 2330 3499 2401">
     <span class='ocr_line' id='line_1_67' title="bbox 1907 2330 3499 2401; baseline -0.001 -15"><span class='ocrx_word' id='word_1_484' title='bbox 1907 2332 2061 2399; x_wconf 89' lang='lat' dir='ltr'><strong>signa</strong></span> <span class='ocrx_word' id='word_1_485' title='bbox 2090 2331 2302 2398; x_wconf 90' lang='lat' dir='ltr'><strong>valent,</strong></span> <span class='ocrx_word' id='word_1_486' title='bbox 2333 2347 2457 2387; x_wconf 92' lang='lat' dir='ltr'><strong>cum</strong></span> <span class='ocrx_word' id='word_1_487' title='bbox 2483 2332 2553 2388; x_wconf 93' lang='lat' dir='ltr'><strong>ab</strong></span> <span class='ocrx_word' id='word_1_488' title='bbox 2578 2333 2660 2387; x_wconf 86' lang='lat' dir='ltr'><strong>eis</strong></span> <span class='ocrx_word' id='word_1_489' title='bbox 2691 2331 3037 2398; x_wconf 88' lang='lat' dir='ltr'><strong>adhibentur,</strong></span> <span class='ocrx_word' id='word_1_490' title='bbox 3066 2330 3281 2401; x_wconf 90' lang='lat' dir='ltr'><strong>quando</strong></span> <span class='ocrx_word' id='word_1_491' title='bbox 3311 2332 3499 2397; x_wconf 88' lang='lat' dir='ltr'><strong>etiam,</strong></span> 
     </span>
    </p>
   </div>
   <div class='ocr_carea' id='block_1_68' title="bbox 1908 2423 3503 2496">
    <p class='ocr_par' dir='ltr' id='par_1_68' title="bbox 1908 2423 3503 2496">
     <span class='ocr_line' id='line_1_68' title="bbox 1908 2423 3503 2496; baseline -0.002 -15"><span class='ocrx_word' id='word_1_492' title='bbox 1908 2440 2032 2481; x_wconf 91' lang='lat' dir='ltr'><strong>cum</strong></span> <span class='ocrx_word' id='word_1_493' title='bbox 2061 2435 2390 2496; x_wconf 83' lang='lat' dir='ltr'><strong>usurpautur</strong></span> <span class='ocrx_word' id='word_1_494' title='bbox 2418 2426 2487 2482; x_wconf 93' lang='lat' dir='ltr'><strong>ab</strong></span> <span class='ocrx_word' id='word_1_495' title='bbox 2510 2427 2816 2495; x_wconf 86' lang='lat' dir='ltr'><strong>extraneis,</strong></span> <span class='ocrx_word' id='word_1_496' title='bbox 2846 2424 2939 2496; x_wconf 87' lang='lat' dir='ltr'><strong>qui</strong></span> <span class='ocrx_word' id='word_1_497' title='bbox 2966 2423 3187 2481; x_wconf 91' lang='lat' dir='ltr'><strong>omnino</strong></span> <span class='ocrx_word' id='word_1_498' title='bbox 3216 2440 3371 2481; x_wconf 90' lang='lat' dir='ltr'><strong>suum</strong></span> <span class='ocrx_word' id='word_1_499' title='bbox 3403 2438 3503 2479; x_wconf 84' lang='lat' dir='ltr'><strong>no-</strong></span> 
     </span>
    </p>
   </div>
   <div class='ocr_carea' id='block_1_69' title="bbox 1909 2516 3503 2589">
    <p class='ocr_par' dir='ltr' id='par_1_69' title="bbox 1909 2516 3503 2589">
     <span class='ocr_line' id='line_1_69' title="bbox 1909 2516 3503 2589; baseline 0 -16"><span class='ocrx_word' id='word_1_500' title='bbox 1909 2532 2035 2573; x_wconf 88' lang='lat' dir='ltr'><strong>men</strong></span> <span class='ocrx_word' id='word_1_501' title='bbox 2063 2518 2133 2574; x_wconf 91' lang='lat' dir='ltr'><strong>ad</strong></span> <span class='ocrx_word' id='word_1_502' title='bbox 2159 2518 2317 2574; x_wconf 90' lang='lat' dir='ltr'><strong>istam</strong></span> <span class='ocrx_word' id='word_1_503' title='bbox 2360 2520 2611 2576; x_wconf 90' lang='lat' dir='ltr'><strong>militiam</strong></span> <span class='ocrx_word' id='word_1_504' title='bbox 2652 2535 2760 2575; x_wconf 89' lang='lat' dir='ltr'><strong>non</strong></span> <span class='ocrx_word' id='word_1_505' title='bbox 2804 2519 3103 2586; x_wconf 88' lang='lat' dir='ltr'><strong>dederunt,</strong></span> <span class='ocrx_word' id='word_1_506' title='bbox 3148 2527 3368 2589; x_wconf 88' lang='lat' dir='ltr'><strong>propter</strong></span> <span class='ocrx_word' id='word_1_507' title='bbox 3406 2516 3503 2573; x_wconf 54' lang='lat' dir='ltr'><strong>ho.</strong></span> 
     </span>
    </p>
   </div>
   <div class='ocr_carea' id='block_1_70' title="bbox 1910 2609 3501 2684">
    <p class='ocr_par' dir='ltr' id='par_1_70' title="bbox 1910 2609 3501 2684">
     <span class='ocr_line' id='line_1_70' title="bbox 1910 2609 3501 2684; baseline -0.001 -19"><span class='ocrx_word' id='word_1_508' title='bbox 1910 2626 2098 2668; x_wconf 82' lang='lat' dir='ltr'><strong>norem</strong></span> <span class='ocrx_word' id='word_1_509' title='bbox 2128 2621 2311 2669; x_wconf 88' lang='lat' dir='ltr'><strong>tamen</strong></span> <span class='ocrx_word' id='word_1_510' title='bbox 2340 2612 2782 2670; x_wconf 83' lang='lat' dir='ltr'><strong>excellentissimi</strong></span> <span class='ocrx_word' id='word_1_511' title='bbox 2809 2612 3155 2684; x_wconf 86' lang='lat' dir='ltr'><strong>imperatoris</strong></span> <span class='ocrx_word' id='word_1_512' title='bbox 3184 2611 3385 2667; x_wconf 89' lang='lat' dir='ltr'><strong>valent.</strong></span> <span class='ocrx_word' id='word_1_513' title='bbox 3419 2609 3501 2665; x_wconf 86' lang='lat' dir='ltr'><strong>Ex</strong></span> 
     </span>
    </p>
   </div>
   <div class='ocr_carea' id='block_1_71' title="bbox 1909 2703 3502 2778">
    <p class='ocr_par' dir='ltr' id='par_1_71' title="bbox 1909 2703 3502 2778">
     <span class='ocr_line' id='line_1_71' title="bbox 1909 2703 3502 2778; baseline -0.001 -19"><span class='ocrx_word' id='word_1_514' title='bbox 1909 2703 2108 2776; x_wconf 89' lang='lat' dir='ltr'><strong>quibus</strong></span> <span class='ocrx_word' id='word_1_515' title='bbox 2140 2704 2240 2761; x_wconf 78' lang='lat' dir='ltr'><strong>fuit</strong></span> <span class='ocrx_word' id='word_1_516' title='bbox 2285 2705 2376 2761; x_wconf 89' lang='lat' dir='ltr'><strong>ille</strong></span> <span class='ocrx_word' id='word_1_517' title='bbox 2416 2705 2485 2763; x_wconf 90' lang='lat' dir='ltr'><strong>de</strong></span> <span class='ocrx_word' id='word_1_518' title='bbox 2522 2721 2630 2777; x_wconf 93' lang='lat' dir='ltr'><strong>quo</strong></span> <span class='ocrx_word' id='word_1_519' title='bbox 2669 2706 2918 2778; x_wconf 87' lang='lat' dir='ltr'><strong>discipuli</strong></span> <span class='ocrx_word' id='word_1_520' title='bbox 2948 2705 3177 2761; x_wconf 89' lang='lat' dir='ltr'><strong>Domino</strong></span> <span class='ocrx_word' id='word_1_521' title='bbox 3216 2704 3502 2760; x_wconf 89' lang='lat' dir='ltr'><strong>nuntiave-</strong></span> 
     </span>
    </p>
   </div>
   <div class='ocr_carea' id='block_1_72' title="bbox 1909 2794 3502 2871">
    <p class='ocr_par' dir='ltr' id='par_1_72' title="bbox 1909 2794 3502 2871">
     <span class='ocr_line' id='line_1_72' title="bbox 1909 2794 3502 2871; baseline 0 -18"><span class='ocrx_word' id='word_1_522' title='bbox 1909 2807 2037 2854; x_wconf 88' lang='lat' dir='ltr'><strong>runt</strong></span> <span class='ocrx_word' id='word_1_523' title='bbox 2057 2797 2200 2869; x_wconf 90' lang='lat' dir='ltr'><strong>quod</strong></span> <span class='ocrx_word' id='word_1_524' title='bbox 2226 2797 2282 2855; x_wconf 91' lang='lat' dir='ltr'><strong>in</strong></span> <span class='ocrx_word' id='word_1_525' title='bbox 2309 2798 2531 2855; x_wconf 89' lang='lat' dir='ltr'><strong>nomine</strong></span> <span class='ocrx_word' id='word_1_526' title='bbox 2553 2798 2674 2871; x_wconf 88' lang='lat' dir='ltr'><strong>ejus</strong></span> <span class='ocrx_word' id='word_1_527' title='bbox 2698 2798 2921 2870; x_wconf 89' lang='lat' dir='ltr'><strong>ejiceret</strong></span> <span class='ocrx_word' id='word_1_528' title='bbox 2943 2797 3234 2865; x_wconf 75' lang='lat' dir='ltr'><strong>daemonia,</strong></span> <span class='ocrx_word' id='word_1_529' title='bbox 3255 2794 3502 2867; x_wconf 82' lang='lat' dir='ltr'><strong>quamvis</strong></span> 
     </span>
    </p>
   </div>
   <div class='ocr_carea' id='block_1_73' title="bbox 1910 2891 3502 2965">
    <p class='ocr_par' dir='ltr' id='par_1_73' title="bbox 1910 2891 3502 2965">
     <span class='ocr_line' id='line_1_73' title="bbox 1910 2891 3502 2965; baseline -0.001 -17"><span class='ocrx_word' id='word_1_530' title='bbox 1910 2908 2032 2949; x_wconf 91' lang='lat' dir='ltr'><strong>cum</strong></span> <span class='ocrx_word' id='word_1_531' title='bbox 2046 2893 2125 2949; x_wconf 91' lang='lat' dir='ltr'><strong>eis</strong></span> <span class='ocrx_word' id='word_1_532' title='bbox 2136 2908 2261 2951; x_wconf 90' lang='lat' dir='ltr'><strong>eum</strong></span> <span class='ocrx_word' id='word_1_533' title='bbox 2274 2909 2383 2950; x_wconf 91' lang='lat' dir='ltr'><strong>non</strong></span> <span class='ocrx_word' id='word_1_534' title='bbox 2395 2902 2732 2965; x_wconf 89' lang='lat' dir='ltr'><strong>sequeretur.</strong></span> <span class='ocrx_word' id='word_1_535' title='bbox 2745 2894 2880 2949; x_wconf 92' lang='lat' dir='ltr'><strong>Cum</strong></span> <span class='ocrx_word' id='word_1_536' title='bbox 2892 2902 3070 2949; x_wconf 80' lang='lat' dir='ltr'><strong>autem</strong></span> <span class='ocrx_word' id='word_1_537' title='bbox 3084 2908 3189 2949; x_wconf 90' lang='lat' dir='ltr'><strong>non</strong></span> <span class='ocrx_word' id='word_1_538' title='bbox 3206 2891 3406 2947; x_wconf 89' lang='lat' dir='ltr'><strong>cedunt</strong></span> <span class='ocrx_word' id='word_1_539' title='bbox 3418 2891 3502 2946; x_wconf 85' lang='lat' dir='ltr'><strong>bis</strong></span> 
     </span>
    </p>
   </div>
   <div class='ocr_carea' id='block_1_74' title="bbox 1908 2979 3501 3057">
    <p class='ocr_par' dir='ltr' id='par_1_74' title="bbox 1908 2979 3501 3057">
     <span class='ocr_line' id='line_1_74' title="bbox 1908 2979 3501 3057; baseline -0.004 -15"><span class='ocrx_word' id='word_1_540' title='bbox 1908 2985 2080 3057; x_wconf 86' lang='lat' dir='ltr'><strong>signis</strong></span> <span class='ocrx_word' id='word_1_541' title='bbox 2110 2984 2423 3055; x_wconf 86' lang='lat' dir='ltr'><strong>hujusmodi</strong></span> <span class='ocrx_word' id='word_1_542' title='bbox 2454 2993 2776 3057; x_wconf 86' lang='lat' dir='ltr'><strong>potestates,</strong></span> <span class='ocrx_word' id='word_1_543' title='bbox 2809 2984 2955 3041; x_wconf 89' lang='lat' dir='ltr'><strong>Deus</strong></span> <span class='ocrx_word' id='word_1_544' title='bbox 2981 2985 3098 3054; x_wconf 89' lang='lat' dir='ltr'><strong>ipse</strong></span> <span class='ocrx_word' id='word_1_545' title='bbox 3127 2979 3380 3053; x_wconf 90' lang='lat' dir='ltr'><strong>prohibet</strong></span> <span class='ocrx_word' id='word_1_546' title='bbox 3407 2994 3501 3036; x_wconf 91' lang='lat' dir='ltr'><strong>oc-</strong></span> 
     </span>
    </p>
   </div>
   <div class='ocr_carea' id='block_1_75' title="bbox 1908 3074 3500 3148">
    <p class='ocr_par' dir='ltr' id='par_1_75' title="bbox 1908 3074 3500 3148">
     <span class='ocr_line' id='line_1_75' title="bbox 1908 3074 3500 3148; baseline -0.003 -16"><span class='ocrx_word' id='word_1_547' title='bbox 1908 3078 2069 3134; x_wconf 90' lang='lat' dir='ltr'><strong>cultis</strong></span> <span class='ocrx_word' id='word_1_548' title='bbox 2122 3079 2321 3145; x_wconf 87' lang='lat' dir='ltr'><strong>modis,</strong></span> <span class='ocrx_word' id='word_1_549' title='bbox 2360 3093 2482 3134; x_wconf 90' lang='lat' dir='ltr'><strong>cum</strong></span> <span class='ocrx_word' id='word_1_550' title='bbox 2523 3076 2579 3133; x_wconf 88' lang='lat' dir='ltr'><strong>id</strong></span> <span class='ocrx_word' id='word_1_551' title='bbox 2624 3078 2830 3147; x_wconf 87' lang='lat' dir='ltr'><strong>justum</strong></span> <span class='ocrx_word' id='word_1_552' title='bbox 2886 3085 3051 3148; x_wconf 87' lang='lat' dir='ltr'><strong>atque</strong></span> <span class='ocrx_word' id='word_1_553' title='bbox 3097 3074 3230 3131; x_wconf 91' lang='lat' dir='ltr'><strong>utile</strong></span> <span class='ocrx_word' id='word_1_554' title='bbox 3272 3074 3500 3146; x_wconf 87' lang='lat' dir='ltr'><strong>judicat.</strong></span> 
     </span>
    </p>
   </div>
   <div class='ocr_carea' id='block_1_76' title="bbox 1908 3166 3501 3241">
    <p class='ocr_par' dir='ltr' id='par_1_76' title="bbox 1908 3166 3501 3241">
     <span class='ocr_line' id='line_1_76' title="bbox 1908 3166 3501 3241; baseline -0.002 -17"><span class='ocrx_word' id='word_1_555' title='bbox 1908 3167 2042 3224; x_wconf 82' lang='lat' dir='ltr'><strong>Nam</strong></span> <span class='ocrx_word' id='word_1_556' title='bbox 2091 3169 2241 3225; x_wconf 92' lang='lat' dir='ltr'><strong>nullo</strong></span> <span class='ocrx_word' id='word_1_557' title='bbox 2305 3169 2468 3241; x_wconf 92' lang='lat' dir='ltr'><strong>modo</strong></span> <span class='ocrx_word' id='word_1_558' title='bbox 2518 3168 2612 3224; x_wconf 90' lang='lat' dir='ltr'><strong>ulli</strong></span> <span class='ocrx_word' id='word_1_559' title='bbox 2667 3168 2889 3238; x_wconf 90' lang='lat' dir='ltr'><strong>spiritus</strong></span> <span class='ocrx_word' id='word_1_560' title='bbox 2933 3167 3134 3224; x_wconf 89' lang='lat' dir='ltr'><strong>audent</strong></span> <span class='ocrx_word' id='word_1_561' title='bbox 3183 3167 3299 3222; x_wconf 72' lang='lat' dir='ltr'><strong>hmc</strong></span> <span class='ocrx_word' id='word_1_562' title='bbox 3347 3166 3501 3237; x_wconf 89' lang='lat' dir='ltr'><strong>signa</strong></span> 
     </span>
    </p>
   </div>
   <div class='ocr_carea' id='block_1_77' title="bbox 1909 3257 3498 3319">
    <p class='ocr_par' dir='ltr' id='par_1_77' title="bbox 1909 3257 3498 3319">
     <span class='ocr_line' id='line_1_77' title="bbox 1909 3257 3498 3319; baseline -0.003 -2"><span class='ocrx_word' id='word_1_563' title='bbox 1909 3273 2276 3319; x_wconf 89' lang='lat' dir='ltr'><strong>contemnere.</strong></span> <span class='ocrx_word' id='word_1_564' title='bbox 2346 3261 2785 3318; x_wconf 90' lang='lat' dir='ltr'><strong>Contremiscunt</strong></span> <span class='ocrx_word' id='word_1_565' title='bbox 2866 3261 3009 3316; x_wconf 90' lang='lat' dir='ltr'><strong>enim</strong></span> <span class='ocrx_word' id='word_1_566' title='bbox 3082 3259 3201 3316; x_wconf 65' lang='lat' dir='ltr'><strong>haec</strong></span> <span class='ocrx_word' id='word_1_567' title='bbox 3269 3257 3498 3315; x_wconf 88' lang='lat' dir='ltr'><strong>ubicun-</strong></span> 
     </span>
    </p>
   </div>
   <div class='ocr_carea' id='block_1_78' title="bbox 1908 3352 3501 3426">
    <p class='ocr_par' dir='ltr' id='par_1_78' title="bbox 1908 3352 3501 3426">
     <span class='ocr_line' id='line_1_78' title="bbox 1908 3352 3501 3426; baseline -0.003 -15"><span class='ocrx_word' id='word_1_568' title='bbox 1908 3371 2013 3426; x_wconf 90' lang='lat' dir='ltr'><strong>que</strong></span> <span class='ocrx_word' id='word_1_569' title='bbox 2044 3354 2135 3409; x_wconf 90' lang='lat' dir='ltr'><strong>illa</strong></span> <span class='ocrx_word' id='word_1_570' title='bbox 2165 3354 2583 3426; x_wconf 86' lang='lat' dir='ltr'><strong>conspexerint,</strong></span> <span class='ocrx_word' id='word_1_571' title='bbox 2622 3354 2717 3410; x_wconf 88' lang='lat' dir='ltr'><strong>sed</strong></span> <span class='ocrx_word' id='word_1_572' title='bbox 2756 3353 3120 3410; x_wconf 89' lang='lat' dir='ltr'><strong>nescientibus</strong></span> <span class='ocrx_word' id='word_1_573' title='bbox 3158 3352 3501 3421; x_wconf 89' lang='lat' dir='ltr'><strong>hominibus,</strong></span> 
     </span>
    </p>
   </div>
   <div class='ocr_carea' id='block_1_79' title="bbox 1908 3445 3503 3517">
    <p class='ocr_par' dir='ltr' id='par_1_79' title="bbox 1908 3445 3503 3517">
     <span class='ocr_line' id='line_1_79' title="bbox 1908 3445 3503 3517; baseline 0 -16"><span class='ocrx_word' id='word_1_574' title='bbox 1908 3446 2055 3502; x_wconf 88' lang='lat' dir='ltr'><strong>aliud</strong></span> <span class='ocrx_word' id='word_1_575' title='bbox 2099 3445 2320 3517; x_wconf 89' lang='lat' dir='ltr'><strong>jubetur</strong></span> <span class='ocrx_word' id='word_1_576' title='bbox 2367 3446 2666 3513; x_wconf 89' lang='lat' dir='ltr'><strong>divinitus,</strong></span> <span class='ocrx_word' id='word_1_577' title='bbox 2707 3446 2795 3502; x_wconf 91' lang='lat' dir='ltr'><strong>vel</strong></span> <span class='ocrx_word' id='word_1_578' title='bbox 2834 3446 2901 3501; x_wconf 90' lang='lat' dir='ltr'><strong>ad</strong></span> <span class='ocrx_word' id='word_1_579' title='bbox 2941 3445 3349 3501; x_wconf 80' lang='lat' dir='ltr'><strong>confundendos</strong></span> <span class='ocrx_word' id='word_1_580' title='bbox 3388 3460 3503 3501; x_wconf 87' lang='lat' dir='ltr'><strong>ma-</strong></span> 
     </span>
    </p>
   </div>
   <div class='ocr_carea' id='block_1_80' title="bbox 1908 3538 3500 3611">
    <p class='ocr_par' dir='ltr' id='par_1_80' title="bbox 1908 3538 3500 3611">
     <span class='ocr_line' id='line_1_80' title="bbox 1908 3538 3500 3611; baseline 0.001 -19"><span class='ocrx_word' id='word_1_581' title='bbox 1908 3539 2013 3607; x_wconf 91' lang='lat' dir='ltr'><strong>los,</strong></span> <span class='ocrx_word' id='word_1_582' title='bbox 2047 3554 2169 3594; x_wconf 91' lang='lat' dir='ltr'><strong>cum</strong></span> <span class='ocrx_word' id='word_1_583' title='bbox 2198 3553 2297 3595; x_wconf 89' lang='lat' dir='ltr'><strong>eos</strong></span> <span class='ocrx_word' id='word_1_584' title='bbox 2325 3547 2545 3611; x_wconf 90' lang='lat' dir='ltr'><strong>oportet</strong></span> <span class='ocrx_word' id='word_1_585' title='bbox 2573 3539 2865 3607; x_wconf 81' lang='lat' dir='ltr'><strong>confundi,</strong></span> <span class='ocrx_word' id='word_1_586' title='bbox 2893 3540 3034 3595; x_wconf 90' lang='lat' dir='ltr'><strong>sicut</strong></span> <span class='ocrx_word' id='word_1_587' title='bbox 3062 3539 3130 3595; x_wconf 89' lang='lat' dir='ltr'><strong>de</strong></span> <span class='ocrx_word' id='word_1_588' title='bbox 3159 3538 3350 3596; x_wconf 75' lang='lat' dir='ltr'><strong>Sccva:</strong></span> <span class='ocrx_word' id='word_1_589' title='bbox 3378 3538 3500 3595; x_wconf 88' lang='lat' dir='ltr'><strong>ﬁliis</strong></span> 
     </span>
    </p>
   </div>
   <div class='ocr_carea' id='block_1_81' title="bbox 1906 3630 3501 3702">
    <p class='ocr_par' dir='ltr' id='par_1_81' title="bbox 1906 3630 3501 3702">
     <span class='ocr_line' id='line_1_81' title="bbox 1906 3630 3501 3702; baseline 0.002 -17"><span class='ocrx_word' id='word_1_590' title='bbox 1906 3631 1961 3685; x_wconf 89' lang='lat' dir='ltr'><strong>in</strong></span> <span class='ocrx_word' id='word_1_591' title='bbox 1994 3630 2220 3686; x_wconf 82' lang='lat' dir='ltr'><strong>Actibus</strong></span> <span class='ocrx_word' id='word_1_592' title='bbox 2252 3630 2623 3702; x_wconf 85' lang='lat' dir='ltr'><strong>apostolorum</strong></span> <span class='ocrx_word' id='word_1_593' title='bbox 2659 3631 2909 3702; x_wconf 88' lang='lat' dir='ltr'><strong>legimus,</strong></span> <span class='ocrx_word' id='word_1_594' title='bbox 2939 3631 3135 3702; x_wconf 89' lang='lat' dir='ltr'><strong>quibus</strong></span> <span class='ocrx_word' id='word_1_595' title='bbox 3163 3631 3239 3687; x_wconf 89' lang='lat' dir='ltr'><strong>ait</strong></span> <span class='ocrx_word' id='word_1_596' title='bbox 3266 3631 3501 3688; x_wconf 88' lang='lat' dir='ltr'><strong>immun-</strong></span> 
     </span>
    </p>
   </div>
   <div class='ocr_carea' id='block_1_82' title="bbox 1906 3721 3500 3792">
    <p class='ocr_par' dir='ltr' id='par_1_82' title="bbox 1906 3721 3500 3792">
     <span class='ocr_line' id='line_1_82' title="bbox 1906 3721 3500 3792; baseline 0.003 -17"><span class='ocrx_word' id='word_1_597' title='bbox 1906 3721 2007 3776; x_wconf 92' lang='lat' dir='ltr'><strong>dus</strong></span> <span class='ocrx_word' id='word_1_598' title='bbox 2037 3722 2300 3792; x_wconf 87' lang='lat' dir='ltr'><strong>spiritus:</strong></span> <span class='ocrx_word' id='word_1_599' title='bbox 2331 3722 2517 3779; x_wconf 86' lang='lat' dir='ltr'><strong>Jesum</strong></span> <span class='ocrx_word' id='word_1_600' title='bbox 2557 3722 2672 3778; x_wconf 87' lang='lat' dir='ltr'><strong>scio</strong></span> <span class='ocrx_word' id='word_1_601' title='bbox 2691 3763 2708 3791; x_wconf 93' lang='lat'><strong>,</strong></span> <span class='ocrx_word' id='word_1_602' title='bbox 2740 3729 2796 3778; x_wconf 90' lang='lat' dir='ltr'><strong>et</strong></span> <span class='ocrx_word' id='word_1_603' title='bbox 2826 3722 3049 3778; x_wconf 86' lang='lat' dir='ltr'><strong>Paulum</strong></span> <span class='ocrx_word' id='word_1_604' title='bbox 3081 3722 3248 3789; x_wconf 87' lang='lat' dir='ltr'><strong>novi,</strong></span> <span class='ocrx_word' id='word_1_605' title='bbox 3279 3736 3374 3779; x_wconf 87' lang='lat' dir='ltr'><strong>vos</strong></span> <span class='ocrx_word' id='word_1_606' title='bbox 3400 3738 3500 3779; x_wconf 87' lang='lat' dir='ltr'><strong>au-</strong></span> 
     </span>
    </p>
   </div>
   <div class='ocr_carea' id='block_1_83' title="bbox 1906 3813 3501 3887">
    <p class='ocr_par' dir='ltr' id='par_1_83' title="bbox 1906 3813 3501 3887">
     <span class='ocr_line' id='line_1_83' title="bbox 1906 3813 3501 3887; baseline 0.001 -17"><span class='ocrx_word' id='word_1_607' title='bbox 1906 3822 2013 3870; x_wconf 90' lang='lat' dir='ltr'><strong>tem</strong></span> <span class='ocrx_word' id='word_1_608' title='bbox 2046 3814 2138 3887; x_wconf 91' lang='lat' dir='ltr'><strong>qui</strong></span> <span class='ocrx_word' id='word_1_609' title='bbox 2165 3814 2340 3871; x_wconf 82' lang='lat' dir='ltr'><strong>estis?</strong></span> <span class='ocrx_word' id='word_1_610' title='bbox 2369 3816 2455 3870; x_wconf 88' lang='lat' dir='ltr'><strong>vel</strong></span> <span class='ocrx_word' id='word_1_611' title='bbox 2486 3813 2862 3871; x_wconf 90' lang='lat' dir='ltr'><strong>admonendos</strong></span> <span class='ocrx_word' id='word_1_612' title='bbox 2902 3815 3076 3871; x_wconf 88' lang='lat' dir='ltr'><strong>bonos</strong></span> <span class='ocrx_word' id='word_1_613' title='bbox 3120 3823 3178 3871; x_wconf 91' lang='lat' dir='ltr'><strong>ut</strong></span> <span class='ocrx_word' id='word_1_614' title='bbox 3220 3815 3501 3885; x_wconf 87' lang='lat' dir='ltr'><strong>proﬁciant</strong></span> 
     </span>
    </p>
   </div>
   <div class='ocr_carea' id='block_1_84' title="bbox 1904 3910 3500 3983">
    <p class='ocr_par' dir='ltr' id='par_1_84' title="bbox 1904 3910 3500 3983">
     <span class='ocr_line' id='line_1_84' title="bbox 1904 3910 3500 3983; baseline -0.001 -16"><span class='ocrx_word' id='word_1_615' title='bbox 1904 3913 1958 3968; x_wconf 86' lang='lat' dir='ltr'><strong>in</strong></span> <span class='ocrx_word' id='word_1_616' title='bbox 1989 3913 2123 3979; x_wconf 79' lang='lat' dir='ltr'><strong>(ide,</strong></span> <span class='ocrx_word' id='word_1_617' title='bbox 2148 3920 2310 3983; x_wconf 90' lang='lat' dir='ltr'><strong>atque</strong></span> <span class='ocrx_word' id='word_1_618' title='bbox 2334 3911 2437 3968; x_wconf 91' lang='lat' dir='ltr'><strong>ista</strong></span> <span class='ocrx_word' id='word_1_619' title='bbox 2464 3926 2573 3968; x_wconf 89' lang='lat' dir='ltr'><strong>non</strong></span> <span class='ocrx_word' id='word_1_620' title='bbox 2597 3910 2890 3982; x_wconf 90' lang='lat' dir='ltr'><strong>jactanter,</strong></span> <span class='ocrx_word' id='word_1_621' title='bbox 2915 3910 3013 3968; x_wconf 91' lang='lat' dir='ltr'><strong>sed</strong></span> <span class='ocrx_word' id='word_1_622' title='bbox 3040 3910 3242 3967; x_wconf 89' lang='lat' dir='ltr'><strong>utiliter</strong></span> <span class='ocrx_word' id='word_1_623' title='bbox 3265 3911 3500 3981; x_wconf 89' lang='lat' dir='ltr'><strong>possint,</strong></span> 
     </span>
    </p>
   </div>
   <div class='ocr_carea' id='block_1_85' title="bbox 1903 4003 3500 4068">
    <p class='ocr_par' dir='ltr' id='par_1_85' title="bbox 1903 4003 3500 4068">
     <span class='ocr_line' id='line_1_85' title="bbox 1903 4003 3500 4068; baseline 0 -9"><span class='ocrx_word' id='word_1_624' title='bbox 1903 4006 1987 4060; x_wconf 89' lang='lat' dir='ltr'><strong>vel</strong></span> <span class='ocrx_word' id='word_1_625' title='bbox 2019 4004 2086 4059; x_wconf 88' lang='lat' dir='ltr'><strong>ad</strong></span> <span class='ocrx_word' id='word_1_626' title='bbox 2114 4004 2472 4060; x_wconf 89' lang='lat' dir='ltr'><strong>discernenda</strong></span> <span class='ocrx_word' id='word_1_627' title='bbox 2494 4004 2636 4059; x_wconf 88' lang='lat' dir='ltr'><strong>dona</strong></span> <span class='ocrx_word' id='word_1_628' title='bbox 2662 4004 3029 4060; x_wconf 90' lang='lat' dir='ltr'><strong>membrorum</strong></span> <span class='ocrx_word' id='word_1_629' title='bbox 3056 4003 3334 4068; x_wconf 66' lang='lat' dir='ltr'><strong>Ecclesiae,</strong></span> <span class='ocrx_word' id='word_1_630' title='bbox 3362 4005 3500 4059; x_wconf 89' lang='lat' dir='ltr'><strong>sicut</strong></span> 
     </span>
    </p>
   </div>
   <div class='ocr_carea' id='block_1_86' title="bbox 1900 4095 3500 4167">
    <p class='ocr_par' dir='ltr' id='par_1_86' title="bbox 1900 4095 3500 4167">
     <span class='ocr_line' id='line_1_86' title="bbox 1900 4095 3500 4167; baseline -0.003 -12"><span class='ocrx_word' id='word_1_631' title='bbox 1900 4098 2195 4166; x_wconf 87' lang='lat' dir='ltr'><strong>Apostolus</strong></span> <span class='ocrx_word' id='word_1_632' title='bbox 2233 4096 2404 4153; x_wconf 86' lang='lat' dir='ltr'><strong>dicit:</strong></span> <span class='ocrx_word' id='word_1_633' title='bbox 2445 4095 2699 4167; x_wconf 86' lang='lat' dir='ltr'><strong>Nunquid</strong></span> <span class='ocrx_word' id='word_1_634' title='bbox 2736 4108 2928 4151; x_wconf 90' lang='lat' dir='ltr'><strong>omnes</strong></span> <span class='ocrx_word' id='word_1_635' title='bbox 2957 4096 3226 4150; x_wconf 85' lang='lat' dir='ltr'><strong>virtutes?</strong></span> <span class='ocrx_word' id='word_1_636' title='bbox 3256 4096 3500 4164; x_wconf 89' lang='lat' dir='ltr'><strong>nunquid</strong></span> 
     </span>
    </p>
   </div>
   <div class='ocr_carea' id='block_1_87' title="bbox 1901 4185 3498 4257">
    <p class='ocr_par' dir='ltr' id='par_1_87' title="bbox 1901 4185 3498 4257">
     <span class='ocr_line' id='line_1_87' title="bbox 1901 4185 3498 4257; baseline -0.001 -15"><span class='ocrx_word' id='word_1_637' title='bbox 1901 4202 2091 4242; x_wconf 90' lang='lat' dir='ltr'><strong>omnes</strong></span> <span class='ocrx_word' id='word_1_638' title='bbox 2117 4188 2319 4243; x_wconf 90' lang='lat' dir='ltr'><strong>donum</strong></span> <span class='ocrx_word' id='word_1_639' title='bbox 2350 4186 2554 4243; x_wconf 89' lang='lat' dir='ltr'><strong>habent</strong></span> <span class='ocrx_word' id='word_1_640' title='bbox 2577 4187 2957 4243; x_wconf 84' lang='lat' dir='ltr'><strong>curationum?</strong></span> <span class='ocrx_word' id='word_1_641' title='bbox 2989 4186 3215 4257; x_wconf 86' lang='lat' dir='ltr'><strong>Propter</strong></span> <span class='ocrx_word' id='word_1_642' title='bbox 3241 4185 3341 4241; x_wconf 89' lang='lat' dir='ltr'><strong>has</strong></span> <span class='ocrx_word' id='word_1_643' title='bbox 3368 4201 3498 4257; x_wconf 88' lang='lat' dir='ltr'><strong>ergo</strong></span> 
     </span>
    </p>
   </div>
   <div class='ocr_carea' id='block_1_88' title="bbox 1900 4278 3497 4353">
    <p class='ocr_par' dir='ltr' id='par_1_88' title="bbox 1900 4278 3497 4353">
     <span class='ocr_line' id='line_1_88' title="bbox 1900 4278 3497 4353; baseline -0.001 -16"><span class='ocrx_word' id='word_1_644' title='bbox 1900 4296 2123 4348; x_wconf 85' lang='lat' dir='ltr'><strong>causas,</strong></span> <span class='ocrx_word' id='word_1_645' title='bbox 2152 4282 2471 4353; x_wconf 89' lang='lat' dir='ltr'><strong>plerumque</strong></span> <span class='ocrx_word' id='word_1_646' title='bbox 2490 4320 2507 4348; x_wconf 88' lang='lat'><strong>,</strong></span> <span class='ocrx_word' id='word_1_647' title='bbox 2540 4289 2600 4337; x_wconf 92' lang='lat' dir='ltr'><strong>ut</strong></span> <span class='ocrx_word' id='word_1_648' title='bbox 2623 4280 2828 4337; x_wconf 90' lang='lat' dir='ltr'><strong>dictum</strong></span> <span class='ocrx_word' id='word_1_649' title='bbox 2859 4289 2973 4346; x_wconf 90' lang='lat' dir='ltr'><strong>est,</strong></span> <span class='ocrx_word' id='word_1_650' title='bbox 3003 4279 3367 4336; x_wconf 87' lang='lat' dir='ltr'><strong>nescientibus</strong></span> <span class='ocrx_word' id='word_1_651' title='bbox 3398 4278 3497 4335; x_wconf 87' lang='lat' dir='ltr'><strong>hu-</strong></span> 
     </span>
    </p>
   </div>
   <div class='ocr_carea' id='block_1_89' title="bbox 1901 4370 3497 4443">
    <p class='ocr_par' dir='ltr' id='par_1_89' title="bbox 1901 4370 3497 4443">
     <span class='ocr_line' id='line_1_89' title="bbox 1901 4370 3497 4443; baseline 0 -16"><span class='ocrx_word' id='word_1_652' title='bbox 1901 4372 2178 4442; x_wconf 90' lang='lat' dir='ltr'><strong>minibus,</strong></span> <span class='ocrx_word' id='word_1_653' title='bbox 2215 4372 2437 4443; x_wconf 90' lang='lat' dir='ltr'><strong>jubetur</strong></span> <span class='ocrx_word' id='word_1_654' title='bbox 2485 4372 2774 4441; x_wconf 86' lang='lat' dir='ltr'><strong>divinitus,</strong></span> <span class='ocrx_word' id='word_1_655' title='bbox 2818 4372 2871 4427; x_wconf 92' lang='lat' dir='ltr'><strong>id</strong></span> <span class='ocrx_word' id='word_1_656' title='bbox 2920 4381 3036 4437; x_wconf 89' lang='lat' dir='ltr'><strong>est,</strong></span> <span class='ocrx_word' id='word_1_657' title='bbox 3090 4380 3146 4427; x_wconf 91' lang='lat' dir='ltr'><strong>ut</strong></span> <span class='ocrx_word' id='word_1_658' title='bbox 3192 4370 3280 4427; x_wconf 90' lang='lat' dir='ltr'><strong>his</strong></span> <span class='ocrx_word' id='word_1_659' title='bbox 3327 4372 3497 4442; x_wconf 89' lang='lat' dir='ltr'><strong>signis</strong></span> 
     </span>
    </p>
   </div>
   <div class='ocr_carea' id='block_1_90' title="bbox 1899 4464 3495 4537">
    <p class='ocr_par' dir='ltr' id='par_1_90' title="bbox 1899 4464 3495 4537">
     <span class='ocr_line' id='line_1_90' title="bbox 1899 4464 3495 4537; baseline 0.002 -17"><span class='ocrx_word' id='word_1_660' title='bbox 1899 4465 2197 4535; x_wconf 88' lang='lat' dir='ltr'><strong>adhibitis,</strong></span> <span class='ocrx_word' id='word_1_661' title='bbox 2230 4465 2542 4537; x_wconf 90' lang='lat' dir='ltr'><strong>hujusmodi</strong></span> <span class='ocrx_word' id='word_1_662' title='bbox 2584 4474 2879 4536; x_wconf 90' lang='lat' dir='ltr'><strong>potestates</strong></span> <span class='ocrx_word' id='word_1_663' title='bbox 2910 4464 3173 4521; x_wconf 89' lang='lat' dir='ltr'><strong>voluntati</strong></span> <span class='ocrx_word' id='word_1_664' title='bbox 3217 4465 3495 4523; x_wconf 89' lang='lat' dir='ltr'><strong>hominum</strong></span> 
     </span>
    </p>
   </div>
   <div class='ocr_carea' id='block_1_91' title="bbox 1898 4557 3496 4629">
    <p class='ocr_par' dir='ltr' id='par_1_91' title="bbox 1898 4557 3496 4629">
     <span class='ocr_line' id='line_1_91' title="bbox 1898 4557 3496 4629; baseline 0.001 -17"><span class='ocrx_word' id='word_1_665' title='bbox 1898 4570 2009 4613; x_wconf 91' lang='lat' dir='ltr'><strong>non</strong></span> <span class='ocrx_word' id='word_1_666' title='bbox 2040 4558 2456 4628; x_wconf 87' lang='lat' dir='ltr'><strong>obtemperent;</strong></span> <span class='ocrx_word' id='word_1_667' title='bbox 2491 4568 2549 4613; x_wconf 91' lang='lat' dir='ltr'><strong>ut</strong></span> <span class='ocrx_word' id='word_1_668' title='bbox 2576 4566 2753 4613; x_wconf 91' lang='lat' dir='ltr'><strong>autem</strong></span> <span class='ocrx_word' id='word_1_669' title='bbox 2779 4557 2907 4613; x_wconf 91' lang='lat' dir='ltr'><strong>mali</strong></span> <span class='ocrx_word' id='word_1_670' title='bbox 2934 4557 3089 4614; x_wconf 91' lang='lat' dir='ltr'><strong>bonis</strong></span> <span class='ocrx_word' id='word_1_671' title='bbox 3114 4571 3259 4629; x_wconf 67' lang='lat' dir='ltr'><strong>saepe</strong></span> <span class='ocrx_word' id='word_1_672' title='bbox 3286 4566 3496 4629; x_wconf 76' lang='lat' dir='ltr'><strong>tempo-</strong></span> 
     </span>
    </p>
   </div>
   <div class='ocr_carea' id='block_1_92' title="bbox 1896 4648 3496 4722">
    <p class='ocr_par' dir='ltr' id='par_1_92' title="bbox 1896 4648 3496 4722">
     <span class='ocr_line' id='line_1_92' title="bbox 1896 4648 3496 4722; baseline 0.001 -16"><span class='ocrx_word' id='word_1_673' title='bbox 1896 4650 2085 4706; x_wconf 89' lang='lat' dir='ltr'><strong>raliter</strong></span> <span class='ocrx_word' id='word_1_674' title='bbox 2116 4662 2368 4715; x_wconf 88' lang='lat' dir='ltr'><strong>noceant,</strong></span> <span class='ocrx_word' id='word_1_675' title='bbox 2396 4658 2720 4722; x_wconf 91' lang='lat' dir='ltr'><strong>potestatem</strong></span> <span class='ocrx_word' id='word_1_676' title='bbox 2750 4648 2807 4705; x_wconf 91' lang='lat' dir='ltr'><strong>in</strong></span> <span class='ocrx_word' id='word_1_677' title='bbox 2835 4662 2931 4705; x_wconf 77' lang='lat' dir='ltr'><strong>eos</strong></span> <span class='ocrx_word' id='word_1_678' title='bbox 2958 4648 3251 4720; x_wconf 89' lang='lat' dir='ltr'><strong>accipiunt,</strong></span> <span class='ocrx_word' id='word_1_679' title='bbox 3283 4648 3349 4704; x_wconf 91' lang='lat' dir='ltr'><strong>ad</strong></span> <span class='ocrx_word' id='word_1_680' title='bbox 3378 4665 3496 4707; x_wconf 88' lang='lat' dir='ltr'><strong>ma-</strong></span> 
     </span>
    </p>
   </div>
   <div class='ocr_carea' id='block_1_93' title="bbox 187 4725 3491 4819">
    <p class='ocr_par' dir='ltr' id='par_1_93' title="bbox 187 4725 3491 4819">
     <span class='ocr_line' id='line_1_93' title="bbox 187 4725 3491 4819; baseline 0.007 -40"><span class='ocrx_word' id='word_1_681' title='bbox 187 4741 307 4781; x_wconf 88' lang='lat' dir='ltr'><strong>non</strong></span> <span class='ocrx_word' id='word_1_682' title='bbox 340 4736 551 4796; x_wconf 90' lang='lat' dir='ltr'><strong>poterat</strong></span> <span class='ocrx_word' id='word_1_683' title='bbox 579 4729 671 4785; x_wconf 91' lang='lat' dir='ltr'><strong>ille</strong></span> <span class='ocrx_word' id='word_1_684' title='bbox 699 4731 931 4800; x_wconf 91' lang='lat' dir='ltr'><strong>populus</strong></span> <span class='ocrx_word' id='word_1_685' title='bbox 959 4732 1139 4791; x_wconf 81' lang='lat' dir='ltr'><strong>lacere</strong></span> <span class='ocrx_word' id='word_1_686' title='bbox 1175 4738 1321 4807; x_wconf 92' lang='lat' dir='ltr'><strong>quod</strong></span> <span class='ocrx_word' id='word_1_687' title='bbox 1361 4738 1442 4794; x_wconf 90' lang='lat' dir='ltr'><strong>illi</strong></span> <span class='ocrx_word' id='word_1_688' title='bbox 1481 4740 1785 4811; x_wconf 80' lang='lat' dir='ltr'><strong>faciebant,</strong></span> <span class='ocrx_word' id='word_1_689' title='bbox 1815 4725 1869 4785; x_wconf 74' lang='grc' dir='ltr'><strong><em>υ</em></strong></span> <span class='ocrx_word' id='word_1_690' title='bbox 1892 4746 2072 4815; x_wconf 89' lang='lat' dir='ltr'><strong>jorum</strong></span> <span class='ocrx_word' id='word_1_691' title='bbox 2104 4742 2413 4819; x_wconf 90' lang='lat' dir='ltr'><strong>[majorem]</strong></span> <span class='ocrx_word' id='word_1_692' title='bbox 2440 4745 2708 4802; x_wconf 91' lang='lat' dir='ltr'><strong>bonorum</strong></span> <span class='ocrx_word' id='word_1_693' title='bbox 2736 4744 3057 4809; x_wconf 86' lang='lat' dir='ltr'><strong>utilitatem,</strong></span> <span class='ocrx_word' id='word_1_694' title='bbox 3085 4753 3302 4817; x_wconf 86' lang='lat' dir='ltr'><strong>propter</strong></span> <span class='ocrx_word' id='word_1_695' title='bbox 3334 4762 3491 4802; x_wconf 90' lang='lat' dir='ltr'><strong>exer-</strong></span> 
     </span>
    </p>
   </div>
   <div class='ocr_carea' id='block_1_94' title="bbox 184 4821 1788 4903">
    <p class='ocr_par' dir='ltr' id='par_1_94' title="bbox 184 4821 1788 4903">
     <span class='ocr_line' id='line_1_94' title="bbox 184 4821 1788 4903; baseline 0.012 -28"><span class='ocrx_word' id='word_1_696' title='bbox 184 4821 440 4892; x_wconf 85' lang='lat' dir='ltr'><strong>quamvis</strong></span> <span class='ocrx_word' id='word_1_697' title='bbox 472 4822 683 4894; x_wconf 82' lang='lat' dir='ltr'><strong>Moyses</strong></span> <span class='ocrx_word' id='word_1_698' title='bbox 714 4824 767 4879; x_wconf 91' lang='lat' dir='ltr'><strong>in</strong></span> <span class='ocrx_word' id='word_1_699' title='bbox 798 4826 997 4884; x_wconf 86' lang='lat' dir='ltr'><strong>virtute</strong></span> <span class='ocrx_word' id='word_1_700' title='bbox 1024 4828 1117 4884; x_wconf 88' lang='lat' dir='ltr'><strong>Dei</strong></span> <span class='ocrx_word' id='word_1_701' title='bbox 1148 4830 1353 4900; x_wconf 91' lang='lat' dir='ltr'><strong>majora</strong></span> <span class='ocrx_word' id='word_1_702' title='bbox 1381 4836 1636 4903; x_wconf 89' lang='lat' dir='ltr'><strong>potuerit.</strong></span> <span class='ocrx_word' id='word_1_703' title='bbox 1681 4835 1788 4893; x_wconf 89' lang='lat' dir='ltr'><strong>Sed</strong></span> 
     </span>
    </p>
   </div>
   <div class='ocr_carea' id='block_1_95' title="bbox 182 4915 1788 4996">
    <p class='ocr_par' dir='ltr' id='par_1_95' title="bbox 182 4915 1788 4996">
     <span class='ocr_line' id='line_1_95' title="bbox 182 4915 1788 4996; baseline 0.009 -27"><span class='ocrx_word' id='word_1_704' title='bbox 182 4915 324 4972; x_wconf 89' lang='lat' dir='ltr'><strong>ideo</strong></span> <span class='ocrx_word' id='word_1_705' title='bbox 353 4929 459 4971; x_wconf 87' lang='lat' dir='ltr'><strong>non</strong></span> <span class='ocrx_word' id='word_1_706' title='bbox 488 4915 739 4970; x_wconf 85' lang='lat' dir='ltr'><strong>omnibus</strong></span> <span class='ocrx_word' id='word_1_707' title='bbox 769 4920 972 4972; x_wconf 90' lang='lat' dir='ltr'><strong>sanctis</strong></span> <span class='ocrx_word' id='word_1_708' title='bbox 1010 4919 1113 4975; x_wconf 90' lang='lat' dir='ltr'><strong>ista</strong></span> <span class='ocrx_word' id='word_1_709' title='bbox 1145 4921 1472 4989; x_wconf 92' lang='lat' dir='ltr'><strong>tribuuntur,</strong></span> <span class='ocrx_word' id='word_1_710' title='bbox 1503 4941 1572 4982; x_wconf 89' lang='lat' dir='ltr'><strong>ne</strong></span> <span class='ocrx_word' id='word_1_711' title='bbox 1602 4928 1788 4996; x_wconf 87' lang='lat' dir='ltr'><strong>perni-</strong></span> 
     </span>
    </p>
   </div>
   <div class='ocr_carea' id='block_1_96' title="bbox 179 5006 1787 5082">
    <p class='ocr_par' dir='ltr' id='par_1_96' title="bbox 179 5006 1787 5082">
     <span class='ocr_line' id='line_1_96' title="bbox 179 5006 1787 5082; baseline 0.007 -18"><span class='ocrx_word' id='word_1_712' title='bbox 179 5006 498 5064; x_wconf 88' lang='lat' dir='ltr'><strong>ciosissimo</strong></span> <span class='ocrx_word' id='word_1_713' title='bbox 540 5021 730 5064; x_wconf 89' lang='lat' dir='ltr'><strong>errore</strong></span> <span class='ocrx_word' id='word_1_714' title='bbox 768 5008 1107 5079; x_wconf 87' lang='lat' dir='ltr'><strong>decipiantur</strong></span> <span class='ocrx_word' id='word_1_715' title='bbox 1145 5013 1378 5082; x_wconf 88' lang='lat' dir='ltr'><strong>inﬁrmi,</strong></span> <span class='ocrx_word' id='word_1_716' title='bbox 1416 5018 1787 5077; x_wconf 86' lang='lat' dir='ltr'><strong>existimantes</strong></span> 
     </span>
    </p>
   </div>
   <div class='ocr_carea' id='block_1_97' title="bbox 178 5099 1787 5180">
    <p class='ocr_par' dir='ltr' id='par_1_97' title="bbox 178 5099 1787 5180">
     <span class='ocr_line' id='line_1_97' title="bbox 178 5099 1787 5180; baseline 0.009 -26"><span class='ocrx_word' id='word_1_717' title='bbox 178 5099 242 5155; x_wconf 86' lang='lat' dir='ltr'><strong>in</strong></span> <span class='ocrx_word' id='word_1_718' title='bbox 280 5100 472 5155; x_wconf 89' lang='lat' dir='ltr'><strong>talibus</strong></span> <span class='ocrx_word' id='word_1_719' title='bbox 500 5099 655 5156; x_wconf 76' lang='lat' dir='ltr'><strong>factis</strong></span> <span class='ocrx_word' id='word_1_720' title='bbox 682 5115 802 5157; x_wconf 90' lang='lat' dir='ltr'><strong>esse</strong></span> <span class='ocrx_word' id='word_1_721' title='bbox 830 5102 1036 5174; x_wconf 89' lang='lat' dir='ltr'><strong>majora</strong></span> <span class='ocrx_word' id='word_1_722' title='bbox 1068 5105 1205 5161; x_wconf 88' lang='lat' dir='ltr'><strong>dona</strong></span> <span class='ocrx_word' id='word_1_723' title='bbox 1244 5122 1404 5178; x_wconf 88' lang='lat' dir='ltr'><strong>quam</strong></span> <span class='ocrx_word' id='word_1_724' title='bbox 1446 5110 1498 5165; x_wconf 91' lang='lat' dir='ltr'><strong>in</strong></span> <span class='ocrx_word' id='word_1_725' title='bbox 1535 5111 1787 5180; x_wconf 90' lang='lat' dir='ltr'><strong>operibus</strong></span> 
     </span>
    </p>
   </div>
   <div class='ocr_carea' id='block_1_98' title="bbox 174 5192 1786 5276">
    <p class='ocr_par' dir='ltr' id='par_1_98' title="bbox 174 5192 1786 5276">
     <span class='ocr_line' id='line_1_98' title="bbox 174 5192 1786 5276; baseline 0.009 -29"><span class='ocrx_word' id='word_1_726' title='bbox 174 5192 415 5265; x_wconf 76' lang='lat' dir='ltr'><strong>iustitiae</strong></span> <span class='ocrx_word' id='word_1_727' title='bbox 434 5232 451 5259; x_wconf 92' lang='lat'><strong>,</strong></span> <span class='ocrx_word' id='word_1_728' title='bbox 485 5192 679 5263; x_wconf 90' lang='lat' dir='ltr'><strong>quibus</strong></span> <span class='ocrx_word' id='word_1_729' title='bbox 704 5194 817 5250; x_wconf 87' lang='lat' dir='ltr'><strong>vita</strong></span> <span class='ocrx_word' id='word_1_730' title='bbox 842 5206 1047 5253; x_wconf 66' lang='lat' dir='ltr'><strong>aeterna</strong></span> <span class='ocrx_word' id='word_1_731' title='bbox 1078 5209 1448 5271; x_wconf 89' lang='lat' dir='ltr'><strong>comparatur.</strong></span> <span class='ocrx_word' id='word_1_732' title='bbox 1489 5203 1786 5276; x_wconf 89' lang='lat' dir='ltr'><strong>Propterea</strong></span> 
     </span>
    </p>
   </div>
   <div class='ocr_carea' id='block_1_99' title="bbox 176 5285 1783 5365">
    <p class='ocr_par' dir='ltr' id='par_1_99' title="bbox 176 5285 1783 5365">
     <span class='ocr_line' id='line_1_99' title="bbox 176 5285 1783 5365; baseline 0.007 -25"><span class='ocrx_word' id='word_1_733' title='bbox 176 5285 455 5341; x_wconf 89' lang='lat' dir='ltr'><strong>Dominus</strong></span> <span class='ocrx_word' id='word_1_734' title='bbox 493 5286 742 5354; x_wconf 89' lang='lat' dir='ltr'><strong>prohibet</strong></span> <span class='ocrx_word' id='word_1_735' title='bbox 768 5287 898 5345; x_wconf 90' lang='lat' dir='ltr'><strong>hinc</strong></span> <span class='ocrx_word' id='word_1_736' title='bbox 926 5290 1162 5360; x_wconf 87' lang='lat' dir='ltr'><strong>gaudere</strong></span> <span class='ocrx_word' id='word_1_737' title='bbox 1190 5292 1485 5365; x_wconf 90' lang='lat' dir='ltr'><strong>discipulos</strong></span> <span class='ocrx_word' id='word_1_738' title='bbox 1514 5311 1636 5352; x_wconf 92' lang='lat' dir='ltr'><strong>cum</strong></span> <span class='ocrx_word' id='word_1_739' title='bbox 1664 5299 1740 5354; x_wconf 91' lang='lat' dir='ltr'><strong>ait</strong></span> <span class='ocrx_word' id='word_1_740' title='bbox 1767 5314 1783 5352; x_wconf 88' lang='lat'><strong>:</strong></span> 
     </span>
    </p>
   </div>
   <div class='ocr_carea' id='block_1_100' title="bbox 170 5376 1785 5459">
    <p class='ocr_par' dir='ltr' id='par_1_100' title="bbox 170 5376 1785 5459">
     <span class='ocr_line' id='line_1_100' title="bbox 170 5376 1785 5459; baseline 0.007 -25"><span class='ocrx_word' id='word_1_741' title='bbox 170 5376 370 5434; x_wconf 71' lang='lat' dir='ltr'><strong>Nolite</strong></span> <span class='ocrx_word' id='word_1_742' title='bbox 400 5377 457 5433; x_wconf 85' lang='lat' dir='ltr'><strong>in</strong></span> <span class='ocrx_word' id='word_1_743' title='bbox 502 5377 606 5435; x_wconf 88' lang='lat' dir='ltr'><strong>hoc</strong></span> <span class='ocrx_word' id='word_1_744' title='bbox 647 5379 882 5449; x_wconf 89' lang='lat' dir='ltr'><strong>gaudere</strong></span> <span class='ocrx_word' id='word_1_745' title='bbox 922 5385 1050 5454; x_wconf 89' lang='lat' dir='ltr'><strong>quia</strong></span> <span class='ocrx_word' id='word_1_746' title='bbox 1095 5386 1318 5456; x_wconf 89' lang='lat' dir='ltr'><strong>spiritus</strong></span> <span class='ocrx_word' id='word_1_747' title='bbox 1363 5388 1517 5445; x_wconf 90' lang='lat' dir='ltr'><strong>vobis</strong></span> <span class='ocrx_word' id='word_1_748' title='bbox 1555 5389 1785 5459; x_wconf 89' lang='lat' dir='ltr'><strong>subjecti</strong></span> 
     </span>
    </p>
   </div>
   <div class='ocr_carea' id='block_1_101' title="bbox 169 5471 1784 5554">
    <p class='ocr_par' dir='ltr' id='par_1_101' title="bbox 169 5471 1784 5554">
     <span class='ocr_line' id='line_1_101' title="bbox 169 5471 1784 5554; baseline 0.007 -26"><span class='ocrx_word' id='word_1_749' title='bbox 169 5481 350 5535; x_wconf 79' lang='lat' dir='ltr'><strong>sunt,</strong></span> <span class='ocrx_word' id='word_1_750' title='bbox 394 5471 488 5527; x_wconf 89' lang='lat' dir='ltr'><strong>sed</strong></span> <span class='ocrx_word' id='word_1_751' title='bbox 531 5473 764 5544; x_wconf 87' lang='lat' dir='ltr'><strong>gaudete</strong></span> <span class='ocrx_word' id='word_1_752' title='bbox 804 5477 1057 5545; x_wconf 89' lang='lat' dir='ltr'><strong>quoniam</strong></span> <span class='ocrx_word' id='word_1_753' title='bbox 1102 5481 1321 5537; x_wconf 92' lang='lat' dir='ltr'><strong>nomina</strong></span> <span class='ocrx_word' id='word_1_754' title='bbox 1361 5491 1543 5539; x_wconf 90' lang='lat' dir='ltr'><strong>vestra</strong></span> <span class='ocrx_word' id='word_1_755' title='bbox 1583 5484 1784 5554; x_wconf 91' lang='lat' dir='ltr'><strong>scripta</strong></span> 
     </span>
    </p>
   </div>
   <div class='ocr_carea' id='block_1_102' title="bbox 168 5565 1777 5650">
    <p class='ocr_par' dir='ltr' id='par_1_102' title="bbox 168 5565 1777 5650">
     <span class='ocr_line' id='line_1_102' title="bbox 168 5565 1777 5650; baseline 0.007 -27"><span class='ocrx_word' id='word_1_756' title='bbox 168 5573 317 5623; x_wconf 75' lang='lat' dir='ltr'><strong>sunt</strong></span> <span class='ocrx_word' id='word_1_757' title='bbox 352 5566 408 5620; x_wconf 92' lang='lat' dir='ltr'><strong>in</strong></span> <span class='ocrx_word' id='word_1_758' title='bbox 450 5568 616 5623; x_wconf 62' lang='lat' dir='ltr'><strong>caelo.</strong></span> <span class='ocrx_word' id='word_1_759' title='bbox 659 5565 794 5624; x_wconf 90' lang='lat' dir='ltr'><strong>Cum</strong></span> <span class='ocrx_word' id='word_1_760' title='bbox 834 5585 963 5642; x_wconf 90' lang='lat' dir='ltr'><strong>ergo</strong></span> <span class='ocrx_word' id='word_1_761' title='bbox 1005 5573 1128 5631; x_wconf 86' lang='lat' dir='ltr'><strong>talia</strong></span> <span class='ocrx_word' id='word_1_762' title='bbox 1148 5574 1353 5633; x_wconf 78' lang='lat' dir='ltr'><strong>faciunt</strong></span> <span class='ocrx_word' id='word_1_763' title='bbox 1388 5579 1567 5650; x_wconf 85' lang='lat' dir='ltr'><strong>magi,</strong></span> <span class='ocrx_word' id='word_1_764' title='bbox 1598 5579 1777 5649; x_wconf 87' lang='lat' dir='ltr'><strong>qualia</strong></span> 
     </span>
    </p>
   </div>
   <div class='ocr_carea' id='block_1_103' title="bbox 173 5658 1775 5740">
    <p class='ocr_par' dir='ltr' id='par_1_103' title="bbox 173 5658 1775 5740">
     <span class='ocr_line' id='line_1_103' title="bbox 173 5658 1775 5740; baseline 0.01 -26"><span class='ocrx_word' id='word_1_765' title='bbox 173 5673 577 5728; x_wconf 81' lang='lat' dir='ltr'><strong>nonnunquam</strong></span> <span class='ocrx_word' id='word_1_766' title='bbox 610 5658 815 5717; x_wconf 82' lang='lat' dir='ltr'><strong>faciunt</strong></span> <span class='ocrx_word' id='word_1_767' title='bbox 844 5666 1055 5733; x_wconf 90' lang='lat' dir='ltr'><strong>sancti,</strong></span> <span class='ocrx_word' id='word_1_768' title='bbox 1085 5668 1210 5724; x_wconf 92' lang='lat' dir='ltr'><strong>talia</strong></span> <span class='ocrx_word' id='word_1_769' title='bbox 1230 5670 1445 5740; x_wconf 91' lang='lat' dir='ltr'><strong>quidem</strong></span> <span class='ocrx_word' id='word_1_770' title='bbox 1486 5672 1775 5730; x_wconf 87' lang='lat' dir='ltr'><strong>visibiliter</strong></span> 
     </span>
    </p>
   </div>
   <div class='ocr_carea' id='block_1_104' title="bbox 165 5753 1777 5835">
    <p class='ocr_par' dir='ltr' id='par_1_104' title="bbox 165 5753 1777 5835">
     <span class='ocr_line' id='line_1_104' title="bbox 165 5753 1777 5835; baseline 0.011 -30"><span class='ocrx_word' id='word_1_771' title='bbox 165 5764 311 5805; x_wconf 83' lang='lat' dir='ltr'><strong>esse</strong></span> <span class='ocrx_word' id='word_1_772' title='bbox 340 5761 633 5820; x_wconf 87' lang='lat' dir='ltr'><strong>apparent,</strong></span> <span class='ocrx_word' id='word_1_773' title='bbox 665 5753 761 5809; x_wconf 91' lang='lat' dir='ltr'><strong>sed</strong></span> <span class='ocrx_word' id='word_1_774' title='bbox 803 5765 859 5811; x_wconf 88' lang='lat' dir='ltr'><strong>et</strong></span> <span class='ocrx_word' id='word_1_775' title='bbox 898 5756 1116 5815; x_wconf 91' lang='lat' dir='ltr'><strong>diverso</strong></span> <span class='ocrx_word' id='word_1_776' title='bbox 1158 5760 1263 5816; x_wconf 87' lang='lat' dir='ltr'><strong>ﬁne</strong></span> <span class='ocrx_word' id='word_1_777' title='bbox 1307 5762 1361 5819; x_wconf 85' lang='lat' dir='ltr'><strong>et</strong></span> <span class='ocrx_word' id='word_1_778' title='bbox 1400 5763 1618 5820; x_wconf 87' lang='lat' dir='ltr'><strong>diverso</strong></span> <span class='ocrx_word' id='word_1_779' title='bbox 1654 5765 1777 5835; x_wconf 87' lang='lat' dir='ltr'><strong>jure</strong></span> 
     </span>
    </p>
   </div>
   <div class='ocr_carea' id='block_1_105' title="bbox 171 5839 1776 5925">
    <p class='ocr_par' dir='ltr' id='par_1_105' title="bbox 171 5839 1776 5925">
     <span class='ocr_line' id='line_1_105' title="bbox 171 5839 1776 5925; baseline 0.013 -31"><span class='ocrx_word' id='word_1_780' title='bbox 171 5839 364 5894; x_wconf 80' lang='lat' dir='ltr'><strong>ﬁunt:</strong></span> <span class='ocrx_word' id='word_1_781' title='bbox 398 5843 478 5899; x_wconf 90' lang='lat' dir='ltr'><strong>illi</strong></span> <span class='ocrx_word' id='word_1_782' title='bbox 506 5847 649 5901; x_wconf 88' lang='lat' dir='ltr'><strong>enim</strong></span> <span class='ocrx_word' id='word_1_783' title='bbox 682 5846 884 5904; x_wconf 80' lang='lat' dir='ltr'><strong>faciunt</strong></span> <span class='ocrx_word' id='word_1_784' title='bbox 912 5861 1218 5921; x_wconf 77' lang='lat' dir='ltr'><strong>quaerentes</strong></span> <span class='ocrx_word' id='word_1_785' title='bbox 1246 5854 1469 5925; x_wconf 89' lang='lat' dir='ltr'><strong>gloriam</strong></span> <span class='ocrx_word' id='word_1_786' title='bbox 1498 5872 1670 5924; x_wconf 91' lang='lat' dir='ltr'><strong>suam,</strong></span> <span class='ocrx_word' id='word_1_787' title='bbox 1701 5858 1776 5916; x_wconf 90' lang='lat' dir='ltr'><strong>illi</strong></span> 
     </span>
    </p>
   </div>
   <div class='ocr_carea' id='block_1_106' title="bbox 165 5939 1771 6022">
    <p class='ocr_par' dir='ltr' id='par_1_106' title="bbox 165 5939 1771 6022">
     <span class='ocr_line' id='line_1_106' title="bbox 165 5939 1771 6022; baseline 0.016 -36"><span class='ocrx_word' id='word_1_788' title='bbox 165 5943 493 6003; x_wconf 79' lang='lat' dir='ltr'><strong>quaerentes</strong></span> <span class='ocrx_word' id='word_1_789' title='bbox 521 5939 743 6007; x_wconf 85' lang='lat' dir='ltr'><strong>gloriam</strong></span> <span class='ocrx_word' id='word_1_790' title='bbox 772 5942 906 6009; x_wconf 86' lang='lat' dir='ltr'><strong>Dei;</strong></span> <span class='ocrx_word' id='word_1_791' title='bbox 939 5954 996 6002; x_wconf 92' lang='lat' dir='ltr'><strong>et</strong></span> <span class='ocrx_word' id='word_1_792' title='bbox 1033 5944 1111 6004; x_wconf 89' lang='lat' dir='ltr'><strong>illi</strong></span> <span class='ocrx_word' id='word_1_793' title='bbox 1151 5945 1353 6006; x_wconf 81' lang='lat' dir='ltr'><strong>faciunt</strong></span> <span class='ocrx_word' id='word_1_794' title='bbox 1394 5964 1488 6019; x_wconf 83' lang='lat' dir='ltr'><strong>per</strong></span> <span class='ocrx_word' id='word_1_795' title='bbox 1527 5952 1771 6022; x_wconf 83' lang='lat' dir='ltr'><strong>quaedam</strong></span> 
     </span>
    </p>
   </div>
   <div class='ocr_carea' id='block_1_107' title="bbox 474 6052 969 6120">
    <p class='ocr_par' dir='ltr' id='par_1_107' title="bbox 474 6052 969 6120">
     <span class='ocr_line' id='line_1_107' title="bbox 474 6052 969 6120; baseline 0.012 -8"><span class='ocrx_word' id='word_1_796' title='bbox 474 6052 742 6117; x_wconf 71' lang='grc' dir='ltr'><strong>ΡΑτιιοι..</strong></span> <span class='ocrx_word' id='word_1_797' title='bbox 776 6054 969 6120; x_wconf 81' lang='lat' dir='ltr'><strong>LXll.</strong></span> 
     </span>
    </p>
   </div>
   <div class='ocr_carea' id='block_1_108' title="bbox 1895 4838 3494 4912">
    <p class='ocr_par' dir='ltr' id='par_1_108' title="bbox 1895 4838 3494 4912">
     <span class='ocr_line' id='line_1_108' title="bbox 1895 4838 3494 4912; baseline 0.001 -17"><span class='ocrx_word' id='word_1_798' title='bbox 1895 4840 2204 4895; x_wconf 89' lang='lat' dir='ltr'><strong>citationem</strong></span> <span class='ocrx_word' id='word_1_799' title='bbox 2230 4838 2525 4910; x_wconf 67' lang='lat' dir='ltr'><strong>patientiae.</strong></span> <span class='ocrx_word' id='word_1_800' title='bbox 2556 4839 2741 4909; x_wconf 89' lang='lat' dir='ltr'><strong>Itaque</strong></span> <span class='ocrx_word' id='word_1_801' title='bbox 2760 4839 2942 4895; x_wconf 89' lang='lat' dir='ltr'><strong>anima</strong></span> <span class='ocrx_word' id='word_1_802' title='bbox 2974 4838 3327 4912; x_wconf 87' lang='lat' dir='ltr'><strong>[Christiana]</strong></span> <span class='ocrx_word' id='word_1_803' title='bbox 3355 4842 3494 4897; x_wconf 91' lang='lat' dir='ltr'><strong>semi</strong></span> 
     </span>
    </p>
   </div>
   <div class='ocr_carea' id='block_1_109' title="bbox 1893 4930 3491 5001">
    <p class='ocr_par' dir='ltr' id='par_1_109' title="bbox 1893 4930 3491 5001">
     <span class='ocr_line' id='line_1_109' title="bbox 1893 4930 3491 5001; baseline 0.001 -16"><span class='ocrx_word' id='word_1_804' title='bbox 1893 4943 1989 5000; x_wconf 88' lang='lat' dir='ltr'><strong>per</strong></span> <span class='ocrx_word' id='word_1_805' title='bbox 2018 4931 2256 5001; x_wconf 89' lang='lat' dir='ltr'><strong>invigilet</strong></span> <span class='ocrx_word' id='word_1_806' title='bbox 2282 4931 2339 4986; x_wconf 92' lang='lat' dir='ltr'><strong>in</strong></span> <span class='ocrx_word' id='word_1_807' title='bbox 2366 4930 2801 4986; x_wconf 90' lang='lat' dir='ltr'><strong>tribulationibus</strong></span> <span class='ocrx_word' id='word_1_808' title='bbox 2821 4932 2958 4998; x_wconf 90' lang='lat' dir='ltr'><strong>suis,</strong></span> <span class='ocrx_word' id='word_1_809' title='bbox 2974 4932 3128 5000; x_wconf 90' lang='lat' dir='ltr'><strong>sequi</strong></span> <span class='ocrx_word' id='word_1_810' title='bbox 3154 4930 3491 4987; x_wconf 86' lang='lat' dir='ltr'><strong>voluntatem</strong></span> 
     </span>
    </p>
   </div>
   <div class='ocr_carea' id='block_1_110' title="bbox 1894 5020 3493 5095">
    <p class='ocr_par' dir='ltr' id='par_1_110' title="bbox 1894 5020 3493 5095">
     <span class='ocr_line' id='line_1_110' title="bbox 1894 5020 3493 5095; baseline 0 -19"><span class='ocrx_word' id='word_1_811' title='bbox 1894 5022 2108 5078; x_wconf 88' lang='lat' dir='ltr'><strong>Domini</strong></span> <span class='ocrx_word' id='word_1_812' title='bbox 2140 5024 2261 5091; x_wconf 90' lang='lat' dir='ltr'><strong>sui,</strong></span> <span class='ocrx_word' id='word_1_813' title='bbox 2292 5020 2404 5095; x_wconf 90' lang='lat' dir='ltr'><strong>[ne]</strong></span> <span class='ocrx_word' id='word_1_814' title='bbox 2435 5021 2762 5079; x_wconf 88' lang='lat' dir='ltr'><strong>ordinationi</strong></span> <span class='ocrx_word' id='word_1_815' title='bbox 2787 5021 2885 5079; x_wconf 89' lang='lat' dir='ltr'><strong>Dei</strong></span> <span class='ocrx_word' id='word_1_816' title='bbox 2912 5020 3219 5077; x_wconf 89' lang='lat' dir='ltr'><strong>resistendo</strong></span> <span class='ocrx_word' id='word_1_817' title='bbox 3245 5022 3493 5090; x_wconf 86' lang='lat' dir='ltr'><strong>acquirat</strong></span> 
     </span>
    </p>
   </div>
   <div class='ocr_carea' id='block_1_111' title="bbox 1891 5109 3490 5185">
    <p class='ocr_par' dir='ltr' id='par_1_111' title="bbox 1891 5109 3490 5185">
     <span class='ocr_line' id='line_1_111' title="bbox 1891 5109 3490 5185; baseline -0.001 -17"><span class='ocrx_word' id='word_1_818' title='bbox 1891 5114 1995 5170; x_wconf 89' lang='lat' dir='ltr'><strong>sibi</strong></span> <span class='ocrx_word' id='word_1_819' title='bbox 2013 5114 2229 5185; x_wconf 89' lang='lat' dir='ltr'><strong>gravius</strong></span> <span class='ocrx_word' id='word_1_820' title='bbox 2249 5111 2538 5183; x_wconf 90' lang='lat' dir='ltr'><strong>judicium.</strong></span> <span class='ocrx_word' id='word_1_821' title='bbox 2561 5112 2715 5181; x_wconf 87' lang='lat' dir='ltr'><strong>Quod</strong></span> <span class='ocrx_word' id='word_1_822' title='bbox 2735 5112 2878 5170; x_wconf 90' lang='lat' dir='ltr'><strong>enim</strong></span> <span class='ocrx_word' id='word_1_823' title='bbox 2900 5112 3018 5183; x_wconf 89' lang='lat' dir='ltr'><strong>ipse</strong></span> <span class='ocrx_word' id='word_1_824' title='bbox 3039 5109 3303 5167; x_wconf 88' lang='lat' dir='ltr'><strong>Dominus</strong></span> <span class='ocrx_word' id='word_1_825' title='bbox 3324 5126 3490 5182; x_wconf 88' lang='lat' dir='ltr'><strong>agens</strong></span> 
     </span>
    </p>
   </div>
   <div class='ocr_carea' id='block_1_112' title="bbox 1891 5203 3485 5276">
    <p class='ocr_par' dir='ltr' id='par_1_112' title="bbox 1891 5203 3485 5276">
     <span class='ocr_line' id='line_1_112' title="bbox 1891 5203 3485 5276; baseline 0.001 -15"><span class='ocrx_word' id='word_1_826' title='bbox 1891 5207 2189 5272; x_wconf 86' lang='lat' dir='ltr'><strong>hominem,</strong></span> <span class='ocrx_word' id='word_1_827' title='bbox 2217 5204 2409 5262; x_wconf 87' lang='lat' dir='ltr'><strong>Pontio</strong></span> <span class='ocrx_word' id='word_1_828' title='bbox 2431 5206 2602 5262; x_wconf 85' lang='lat' dir='ltr'><strong>Pilato</strong></span> <span class='ocrx_word' id='word_1_829' title='bbox 2627 5206 2782 5273; x_wconf 81' lang='lat' dir='ltr'><strong>dixit,</strong></span> <span class='ocrx_word' id='word_1_830' title='bbox 2802 5205 2906 5262; x_wconf 93' lang='lat' dir='ltr'><strong>hoc</strong></span> <span class='ocrx_word' id='word_1_831' title='bbox 2925 5214 2982 5262; x_wconf 87' lang='lat' dir='ltr'><strong>et</strong></span> <span class='ocrx_word' id='word_1_832' title='bbox 2996 5204 3098 5261; x_wconf 88' lang='lat' dir='ltr'><strong>.lob</strong></span> <span class='ocrx_word' id='word_1_833' title='bbox 3112 5203 3332 5262; x_wconf 86' lang='lat' dir='ltr'><strong>diabolo</strong></span> <span class='ocrx_word' id='word_1_834' title='bbox 3354 5220 3485 5276; x_wconf 89' lang='lat' dir='ltr'><strong>pos-</strong></span> 
     </span>
    </p>
   </div>
   <div class='ocr_carea' id='block_1_113' title="bbox 1889 5297 3482 5368">
    <p class='ocr_par' dir='ltr' id='par_1_113' title="bbox 1889 5297 3482 5368">
     <span class='ocr_line' id='line_1_113' title="bbox 1889 5297 3482 5368; baseline 0.001 -13"><span class='ocrx_word' id='word_1_835' title='bbox 1889 5309 1973 5356; x_wconf 89' lang='lat' dir='ltr'><strong>set</strong></span> <span class='ocrx_word' id='word_1_836' title='bbox 2002 5299 2187 5356; x_wconf 90' lang='lat' dir='ltr'><strong>dicere</strong></span> <span class='ocrx_word' id='word_1_837' title='bbox 2214 5315 2228 5353; x_wconf 91' lang='lat'><strong>:</strong></span> <span class='ocrx_word' id='word_1_838' title='bbox 2258 5298 2377 5355; x_wconf 79' lang='lat' dir='ltr'><strong>Non</strong></span> <span class='ocrx_word' id='word_1_839' title='bbox 2405 5299 2636 5356; x_wconf 86' lang='lat' dir='ltr'><strong>haberes</strong></span> <span class='ocrx_word' id='word_1_840' title='bbox 2663 5299 2718 5355; x_wconf 91' lang='lat' dir='ltr'><strong>in</strong></span> <span class='ocrx_word' id='word_1_841' title='bbox 2746 5313 2833 5354; x_wconf 88' lang='lat' dir='ltr'><strong>me</strong></span> <span class='ocrx_word' id='word_1_842' title='bbox 2858 5305 3203 5368; x_wconf 89' lang='lat' dir='ltr'><strong>potestatem,</strong></span> <span class='ocrx_word' id='word_1_843' title='bbox 3227 5297 3332 5356; x_wconf 88' lang='lat' dir='ltr'><strong>nisi</strong></span> <span class='ocrx_word' id='word_1_844' title='bbox 3357 5298 3482 5356; x_wconf 91' lang='lat' dir='ltr'><strong>data</strong></span> 
     </span>
    </p>
   </div>
   <div class='ocr_carea' id='block_1_114' title="bbox 1892 5392 3481 5465">
    <p class='ocr_par' dir='ltr' id='par_1_114' title="bbox 1892 5392 3481 5465">
     <span class='ocr_line' id='line_1_114' title="bbox 1892 5392 3481 5465; baseline 0.002 -18"><span class='ocrx_word' id='word_1_845' title='bbox 1892 5393 1986 5449; x_wconf 89' lang='lat' dir='ltr'><strong>tibi</strong></span> <span class='ocrx_word' id='word_1_846' title='bbox 2005 5403 2153 5449; x_wconf 88' lang='lat' dir='ltr'><strong>esset</strong></span> <span class='ocrx_word' id='word_1_847' title='bbox 2170 5392 2422 5463; x_wconf 88' lang='lat' dir='ltr'><strong>desuper.</strong></span> <span class='ocrx_word' id='word_1_848' title='bbox 2446 5392 2564 5449; x_wconf 85' lang='lat' dir='ltr'><strong>Non</strong></span> <span class='ocrx_word' id='word_1_849' title='bbox 2585 5408 2715 5464; x_wconf 89' lang='lat' dir='ltr'><strong>ergo</strong></span> <span class='ocrx_word' id='word_1_850' title='bbox 2736 5392 2854 5463; x_wconf 89' lang='lat' dir='ltr'><strong>ejus</strong></span> <span class='ocrx_word' id='word_1_851' title='bbox 2874 5392 3127 5449; x_wconf 84' lang='lat' dir='ltr'><strong>voluntas</strong></span> <span class='ocrx_word' id='word_1_852' title='bbox 3146 5392 3302 5465; x_wconf 90' lang='lat' dir='ltr'><strong>cujus</strong></span> <span class='ocrx_word' id='word_1_853' title='bbox 3322 5394 3481 5450; x_wconf 89' lang='lat' dir='ltr'><strong>mali-</strong></span> 
     </span>
    </p>
   </div>
   <div class='ocr_carea' id='block_1_115' title="bbox 1892 5483 3483 5556">
    <p class='ocr_par' dir='ltr' id='par_1_115' title="bbox 1892 5483 3483 5556">
     <span class='ocr_line' id='line_1_115' title="bbox 1892 5483 3483 5556; baseline 0.001 -16"><span class='ocrx_word' id='word_1_854' title='bbox 1892 5486 1978 5541; x_wconf 73' lang='lat' dir='ltr'><strong>tia:</strong></span> <span class='ocrx_word' id='word_1_855' title='bbox 2007 5492 2250 5556; x_wconf 89' lang='lat' dir='ltr'><strong>potestas</strong></span> <span class='ocrx_word' id='word_1_856' title='bbox 2280 5486 2335 5540; x_wconf 90' lang='lat' dir='ltr'><strong>iu</strong></span> <span class='ocrx_word' id='word_1_857' title='bbox 2362 5485 2538 5543; x_wconf 91' lang='lat' dir='ltr'><strong>bonos</strong></span> <span class='ocrx_word' id='word_1_858' title='bbox 2566 5485 2748 5551; x_wconf 88' lang='lat' dir='ltr'><strong>datur,</strong></span> <span class='ocrx_word' id='word_1_859' title='bbox 2773 5483 2872 5540; x_wconf 92' lang='lat' dir='ltr'><strong>sed</strong></span> <span class='ocrx_word' id='word_1_860' title='bbox 2900 5483 3019 5554; x_wconf 90' lang='lat' dir='ltr'><strong>ejus</strong></span> <span class='ocrx_word' id='word_1_861' title='bbox 3044 5484 3295 5541; x_wconf 89' lang='lat' dir='ltr'><strong>voluntas</strong></span> <span class='ocrx_word' id='word_1_862' title='bbox 3321 5500 3354 5541; x_wconf 88' lang='lat' dir='ltr'><strong>a</strong></span> <span class='ocrx_word' id='word_1_863' title='bbox 3374 5501 3483 5556; x_wconf 90' lang='lat' dir='ltr'><strong>quo</strong></span> 
     </span>
    </p>
   </div>
   <div class='ocr_carea' id='block_1_116' title="bbox 1890 5578 3485 5651">
    <p class='ocr_par' dir='ltr' id='par_1_116' title="bbox 1890 5578 3485 5651">
     <span class='ocr_line' id='line_1_116' title="bbox 1890 5578 3485 5651; baseline 0.001 -17"><span class='ocrx_word' id='word_1_864' title='bbox 1890 5578 2008 5635; x_wconf 74' lang='lat' dir='ltr'><strong>haec</strong></span> <span class='ocrx_word' id='word_1_865' title='bbox 2025 5588 2264 5650; x_wconf 89' lang='lat' dir='ltr'><strong>potestas</strong></span> <span class='ocrx_word' id='word_1_866' title='bbox 2277 5578 2457 5645; x_wconf 89' lang='lat' dir='ltr'><strong>datur,</strong></span> <span class='ocrx_word' id='word_1_867' title='bbox 2477 5578 2641 5634; x_wconf 89' lang='lat' dir='ltr'><strong>debet</strong></span> <span class='ocrx_word' id='word_1_868' title='bbox 2662 5578 2821 5633; x_wconf 83' lang='lat' dir='ltr'><strong>nobis</strong></span> <span class='ocrx_word' id='word_1_869' title='bbox 2840 5592 2965 5635; x_wconf 90' lang='lat' dir='ltr'><strong>esse</strong></span> <span class='ocrx_word' id='word_1_870' title='bbox 2980 5578 3330 5637; x_wconf 89' lang='lat' dir='ltr'><strong>charissima:</strong></span> <span class='ocrx_word' id='word_1_871' title='bbox 3349 5595 3485 5651; x_wconf 84' lang='lat' dir='ltr'><strong>quo-</strong></span> 
     </span>
    </p>
   </div>
   <div class='ocr_carea' id='block_1_117' title="bbox 1888 5672 3484 5745">
    <p class='ocr_par' dir='ltr' id='par_1_117' title="bbox 1888 5672 3484 5745">
     <span class='ocr_line' id='line_1_117' title="bbox 1888 5672 3484 5745; baseline -0.001 -15"><span class='ocrx_word' id='word_1_872' title='bbox 1888 5674 2034 5731; x_wconf 86' lang='lat' dir='ltr'><strong>niam</strong></span> <span class='ocrx_word' id='word_1_873' title='bbox 2074 5674 2352 5731; x_wconf 91' lang='lat' dir='ltr'><strong>tribulatio</strong></span> <span class='ocrx_word' id='word_1_874' title='bbox 2389 5672 2701 5745; x_wconf 90' lang='lat' dir='ltr'><strong>patientiam</strong></span> <span class='ocrx_word' id='word_1_875' title='bbox 2736 5683 3015 5745; x_wconf 86' lang='lat' dir='ltr'><strong>operatur,</strong></span> <span class='ocrx_word' id='word_1_876' title='bbox 3055 5674 3311 5745; x_wconf 86' lang='lat' dir='ltr'><strong>patientia</strong></span> <span class='ocrx_word' id='word_1_877' title='bbox 3349 5691 3484 5731; x_wconf 78' lang='lat' dir='ltr'><strong>vero</strong></span> 
     </span>
    </p>
   </div>
   <div class='ocr_carea' id='block_1_118' title="bbox 1817 5766 3478 5846">
    <p class='ocr_par' dir='ltr' id='par_1_118' title="bbox 1817 5766 3478 5846">
     <span class='ocr_line' id='line_1_118' title="bbox 1817 5766 3478 5846; baseline 0.001 -23"><span class='ocrx_word' id='word_1_878' title='bbox 1817 5836 1827 5846; x_wconf 39' lang='lat'>.</span> <span class='ocrx_word' id='word_1_879' title='bbox 1887 5767 2292 5837; x_wconf 88' lang='lat' dir='ltr'><strong>probationem,</strong></span> <span class='ocrx_word' id='word_1_880' title='bbox 2322 5766 2568 5838; x_wconf 92' lang='lat' dir='ltr'><strong>probatio</strong></span> <span class='ocrx_word' id='word_1_881' title='bbox 2597 5780 2727 5823; x_wconf 91' lang='lat' dir='ltr'><strong>vero</strong></span> <span class='ocrx_word' id='word_1_882' title='bbox 2757 5780 2949 5837; x_wconf 89' lang='lat' dir='ltr'><strong>spem;</strong></span> <span class='ocrx_word' id='word_1_883' title='bbox 2992 5781 3119 5838; x_wconf 89' lang='lat' dir='ltr'><strong>spes</strong></span> <span class='ocrx_word' id='word_1_884' title='bbox 3156 5778 3336 5826; x_wconf 88' lang='lat' dir='ltr'><strong>autem</strong></span> <span class='ocrx_word' id='word_1_885' title='bbox 3366 5785 3478 5825; x_wconf 87' lang='lat' dir='ltr'><strong>non</strong></span> 
     </span>
    </p>
   </div>
   <div class='ocr_carea' id='block_1_119' title="bbox 1887 5857 3472 5931">
    <p class='ocr_par' dir='ltr' id='par_1_119' title="bbox 1887 5857 3472 5931">
     <span class='ocr_line' id='line_1_119' title="bbox 1887 5857 3472 5931; baseline -0.001 -15"><span class='ocrx_word' id='word_1_886' title='bbox 1887 5860 2185 5927; x_wconf 86' lang='lat' dir='ltr'><strong>confundit,</strong></span> <span class='ocrx_word' id='word_1_887' title='bbox 2214 5860 2469 5931; x_wconf 88' lang='lat' dir='ltr'><strong>quoniam</strong></span> <span class='ocrx_word' id='word_1_888' title='bbox 2494 5857 2733 5915; x_wconf 84' lang='lat' dir='ltr'><strong>charitas</strong></span> <span class='ocrx_word' id='word_1_889' title='bbox 2755 5858 2851 5916; x_wconf 89' lang='lat' dir='ltr'><strong>Dei</strong></span> <span class='ocrx_word' id='word_1_890' title='bbox 2874 5859 3065 5915; x_wconf 74' lang='lat' dir='ltr'><strong>diil‘usa</strong></span> <span class='ocrx_word' id='word_1_891' title='bbox 3090 5869 3175 5917; x_wconf 89' lang='lat' dir='ltr'><strong>est</strong></span> <span class='ocrx_word' id='word_1_892' title='bbox 3209 5861 3266 5916; x_wconf 91' lang='lat' dir='ltr'><strong>in</strong></span> <span class='ocrx_word' id='word_1_893' title='bbox 3291 5861 3472 5916; x_wconf 86' lang='lat' dir='ltr'><strong>cordi-</strong></span> 
     </span>
    </p>
   </div>
   <div class='ocr_carea' id='block_1_120' title="bbox 1896 5951 3475 6025">
    <p class='ocr_par' dir='ltr' id='par_1_120' title="bbox 1896 5951 3475 6025">
     <span class='ocr_line' id='line_1_120' title="bbox 1896 5951 3475 6025; baseline -0.003 -14"><span class='ocrx_word' id='word_1_894' title='bbox 1896 5954 1998 6011; x_wconf 90' lang='lat' dir='ltr'><strong>bus</strong></span> <span class='ocrx_word' id='word_1_895' title='bbox 2018 5954 2240 6023; x_wconf 91' lang='lat' dir='ltr'><strong>uostris,</strong></span> <span class='ocrx_word' id='word_1_896' title='bbox 2254 5967 2351 6025; x_wconf 88' lang='lat' dir='ltr'><strong>per</strong></span> <span class='ocrx_word' id='word_1_897' title='bbox 2369 5951 2627 6024; x_wconf 89' lang='lat' dir='ltr'><strong>Spiritum</strong></span> <span class='ocrx_word' id='word_1_898' title='bbox 2650 5962 2892 6011; x_wconf 86' lang='lat' dir='ltr'><strong>sanctum</strong></span> <span class='ocrx_word' id='word_1_899' title='bbox 2916 5952 3182 6023; x_wconf 82' lang='lat' dir='ltr'><strong>quidatus</strong></span> <span class='ocrx_word' id='word_1_900' title='bbox 3196 5961 3279 6009; x_wconf 86' lang='lat' dir='ltr'><strong>est</strong></span> <span class='ocrx_word' id='word_1_901' title='bbox 3299 5951 3475 6007; x_wconf 85' lang='lat' dir='ltr'><strong>nobis.</strong></span> 
     </span>
    </p>
   </div>
   <div class='ocr_carea' id='block_1_121' title="bbox 2959 6068 3033 6161">
    <p class='ocr_par' dir='ltr' id='par_1_121' title="bbox 2959 6068 3033 6161">
     <span class='ocr_line' id='line_1_121' title="bbox 2959 6068 3033 6161; baseline 0 0"><span class='ocrx_word' id='word_1_902' title='bbox 2959 6068 3033 6161; x_wconf 58' lang='grc' dir='ltr'><strong>διε</strong></span> 
     </span>
    </p>
   </div>
  </div>
