4010 6382
515 483 655 545 tos-1

1049 582 1272 647 CAPUT
1309 573 1577 639 CCCXLi.

716 734 969 790 Munus
997 723 1422 787 mathematicos;
1450 731 1516 776 ea
1541 714 1721 773 eodem
1747 712 1899 768 libro.

587 873 707 930 Non
750 881 845 926 eos
884 861 1218 937 appellarunt
1262 851 1671 913 mathematicos
1713 858 1962 915 veteres,
2010 845 2103 916 qui

1601 466 1662 522 D.
1705 457 2029 521 EUGYI’PII
2067 449 2356 514 ABBATIS
2396 443 2719 506 AFRICANI

2125 565 2177 631 Α
2202 572 2322 622 tuas
2352 562 2692 620 membranas
2736 555 2960 624 scriptas
3004 547 3302 621 quaslibet,
3334 543 3405 603 de
3436 521 3796 615 quibus'ple‘

2205 671 2429 727 rumque
2459 667 2554 725 pro
2577 652 2850 708 voluntate
2875 657 2997 701 sors
3015 641 3156 709 exit;
3182 638 3324 712 quod
3352 635 3539 693 sinon
3569 645 3692 692 arte
3734 635 3798 692 de

2204 726 2489 806 codicibus
2514 742 2625 802 exit
2652 755 2793 812 saepe
2837 749 3024 793 versus
3050 732 3226 790 futura
3254 727 3660 803 prannntians,
3684 726 3798 796 quid

3666 423 3798 484 1068

2208 842 2403 897 mirum
2436 839 2480 894 si
2511 835 2672 893 etiam
2705 848 2774 889 ex
2809 830 2988 886 animo
3017 823 3287 898 loquentis
3310 864 3326 890 ,
3361 835 3474 878 non
3511 827 3637 875 arte
3666 818 3794 891 [sed]

519 909 1805 1034 nuzelap‘p‘ellabttitrrsedvillosqui—temporum
1845 909 2103 998 numeros
2208 939 2354 990 sorte
2381 931 2491 988 exit
2519 927 2693 998 aliqua
2725 920 3000 995 praedlctio
3027 919 3263 976 futurum
3292 909 3718 989 [naturarum]?

518 1065 665 1113 motu
706 1033 833 1111 cali
875 1065 939 1106 ac
983 1047 1221 1104 siderum
1268 1041 1744 1115 pervestigarunt;
1797 1033 1865 1092 de
1910 1033 2106 1105 quibus

518 1147 818 1208 rectissime
857 1136 1054 1200 dicitur
1091 1139 1147 1197 in
1179 1137 1471 1208 Scripturis
1499 1128 1700 1191 sanctis
1732 1151 1746 1187 ε
1779 1132 1973 1188 lterum
2003 1135 2106 1185 nec

519 1241 602 1300 his
631 1239 793 1298 debet
823 1233 1062 1309 ignosci,
1096 1234 1142 1290 si
1169 1231 1309 1288 enim
1336 1235 1544 1286 tantum
1584 1227 1723 1283 scire
1762 1219 2102 1298 [poterunt],

521 1344 583 1391 ut
609 1332 819 1406 possint
848 1329 1117 1386 aestimare
1142 1324 1424 1388 saeculum,
1453 1319 1723 1393 quomodo
1745 1315 1900 1387 hujus
1927 1312 2110 1370 Domi-

521 1440 648 1483 num
697 1438 808 1481 non
848 1419 1057 1478 facilius
1096 1414 1455 1475 invenerunt?
1495 1411 1647 1470 Mens
1686 1409 1828 1466 enim
1873 1409 2108 1464 humana

522 1515 590 1574 de
620 1509 918 1573 visibilibus
944 1511 1191 1584 judicans
1222 1515 1396 1579 potest
1424 1516 1720 1577 agnoscere
1749 1502 2000 1559 omnibus
2030 1499 2113 1555 vi-

523 1607 768 1668 sibilibus
809 1605 1042 1678 seipsa'm
1079 1618 1202 1664 esse
1236 1601 1541 1658 meliorem.
1594 1592 1726 1666 Quae
1767 1605 1948 1652 tamen
1987 1603 2112 1650 cum

522 1699 686 1761 etiam
711 1709 769 1758 ‘se
791 1706 1014 1773 prOpter
1038 1695 1349 1754 defunctum
1373 1689 1686 1769 [defectum]
1709 1687 2115 1761 profectumque

525 1791 583 1852 in
602 1791 864 1866 sapientia
884 1789 1084 1848 fatetur
1109 1801 1231 1846 esse
1254 1783 1563 1843 mutabilem
1579 1827 1593 1852 ,
1623 1783 1833 1839 invenis
1863 1775 2115 1854 [invenit]

524 1894 688 1959 supra
721 1899 781 1943 se
808 1892 929 1943 essle
957 1879 1446 1941 incommutabilem
1475 1878 1753 1935 veritatem
1789 1891 1806 1943 ;
1845 1883 2006 1946 atque
2046 1873 2116 1928 ita

2721 1055 2944 1116 CAPUT
2979 1051 3272 1112 CCCXL“.

2851 1173 2932 1229 De
2965 1170 3151 1228 Verbo.

2283 1297 2340 1354 in
2370 1292 2632 1367 principio
2657 1299 2774 1348 erat
2802 1288 3062 1353 Verbum,
3088 1279 3228 1354 quod
3256 1277 3450 1337 Graece
3481 1277 3655 1352 am
3680 1275 3796 1367 diei,

2214 1396 2320 1455 tur,
2368 1366 2555 1444 Latine
2580 1390 2637 1439 et
2684 1381 2996 1446 Rationem,
3023 1383 3080 1433 et
3104 1371 3337 1432 Verbum
3368 1369 3689 1442 signiticet:
3717 1366 3798 1424 sed

2216 1479 2320 1539 hoc
2348 1482 2467 1538 loco
2497 1479 2689 1536 melius
2721 1475 2954 1532 Verbum
2979 1471 3418 1542 interpretamur,
3450 1473 3525 1521 ut
3551 1461 3796 1535 signiﬁce-

2216 1584 2304 1631 tur
2341 1587 2447 1629 non
2493 1571 2668 1628 solum
2710 1569 2781 1626 ad
2823 1567 3037 1624 Patrem
3089 1567 3396 1634 respectus,
3445 1557 3557 1616 eod
3605 1557 3671 1612 ad
3721 1555 3799 1611 illa

2217 1666 2381 1724 etiam
2411 1675 2532 1738 qute
2579 1673 2675 1735 per
2704 1661 2939 1719 Verbum
2965 1659 3104 1716 facta
3129 1663 3278 1724 sunt,
3302 1650 3596 1725 operativa
3625 1656 3796 1721 puten-

2220 1761 2312 1815 tia.
2340 1759 2496 1816 Ratio
2520 1763 2721 1822 antem,
2769 1753 2871 1814 etsi
2899 1751 3034 1810 nihil
3062 1759 3160 1823 per
3180 1749 3331 1806 Iliam
3358 1747 3481 1815 nat,
3515 1751 3664 1802 recte
3681 1739 3798 1798 lilio

2221 1849 2436 1909 dicitur.

447 2025 468 2048 .
525 1981 809 2040 adhaerens
852 1989 973 2053 post
1014 1980 1216 2051 ipsam,
1266 1978 1399 2034 sicut
1441 1977 1640 2032 dictum
1685 1979 1811 2029 est:
1858 1967 1969 2042 98
2015 1967 2123 2024 Ad-

2235 1987 2304 2043 De
2329 2003 2388 2042 eo
2410 1987 2544 2058 quod
2578 1987 2827 2056 scriptum
2855 1991 2970 2058 est:
3006 1980 3130 2058 Sine
3155 1979 3270 2058 ipso
3301 1969 3795 2058 [αειιιπιώεδεξ

527 2069 686 2128 haesit
710 2072 886 2127 anima
918 2085 1037 2126 mea
1066 2079 1187 2140 post
1208 2076 1294 2137 te;
1322 2068 1477 2125 beata
1503 2066 1755 2132 efﬁcitur,
1786 2061 2112 2118 intrinsecus

528 2163 810 2221 inveniens
839 2163 999 2220 etiam
1028 2163 1269 2218 omnium
1299 2159 1592 2215 visibilium
1623 2166 1924 2213 creatorem
1955 2161 2115 2223 atque

528 2251 818 2315 Dominum
838 2298 852 2321 ,
881 2270 987 2312 non
1014 2261 1264 2326 quaerens
1292 2253 1629 2309 extrinsecus
1655 2246 1907 2313 visibilia,
1931 2260 2115 2316 quam-

531 2351 614 2408 vis
640 2350 908 2419 cmicstia,
933 2361 1054 2420 qua
1082 2357 1177 2404 aut
1204 2363 1308 2402 non
1339 2345 1702 2411 inveniuntur,
1733 2351 1824 2397 aut
1846 2355 1966 2396 cum
1999 2352 2116 2394 ma-

531 2452 640 2517 gno
667 2443 853 2501 labore
880 2443 1077 2500 frustra
1107 2439 1475 2506 inveniuntur,
1517 2439 1615 2493 nisi
1659 2452 1722 2492 ex
1771 2447 1955 2491 eorum
2000 2445 2118 2502 qua:

532 2531 666 2592 foris
704 2543 828 2592 Sunt
874 2532 1272 2606 pulchritudine
1301 2531 1606 2587 inveniatur
1632 2526 1826 2584 artifex
1856 2524 1947 2596 qui
1979 2526 2121 2580 intus

531 2638 650 2696 est,
681 2637 734 2684 et
765 2625 916 2699 prius
941 2629 996 2682 in
1025 2627 1200 2681 anima
1229 2624 1554 2695 superiores,
1588 2621 1784 2678 deinde
1812 2619 1864 2675 in
1894 2629 2122 2688 corpore

532 2719 821 2777 inferiores
851 2717 1276 2791 pulchritudines
1301 2723 1573 2786 operatur.
1606 2713 1880 2770 Adversus
1909 2723 2002 2766 eos
2028 2723 2122 2763 aus

534 2823 643 2872 tem
697 2817 789 2886 qui
836 2827 981 2871 nunc
1029 2813 1365 2886 appellantur
1415 2807 1833 2874 mathematici,
1875 2805 2123 2862 volentes

536 2919 689 2966 actus
721 2919 938 2966 nostros
966 2908 1285 2980 corporibus
1314 2906 1624 2963 cmlestibus
1655 2902 1910 2970 subdere,
1943 2909 1997 2958 et
2027 2913 2124 2956 nos

539 3000 774 3059 vendere
804 3003 1011 3073 stellis,
1039 3003 1322 3072 ipsumque
1358 3002 1587 3071 pretium
1632 3013 1738 3070 quo
1776 2995 2059 3053 vendimur
2094 3005 2125 3050 a

542 3093 698 3150 nobis
727 3093 1011 3163 accipere,
1049 3092 1184 3148 nihil
1231 3093 1448 3148 brevius
1486 3102 1539 3147 et
1568 3091 1745 3145 verius
1775 3089 1876 3145 dici
1909 3093 2124 3156 potest,

545 3197 706 3254 quam
736 3198 829 3240 eos
856 3199 966 3239 non
995 3183 1362 3254 respondere,
1414 3181 1516 3237 nisi
1561 3183 1795 3249 acceptis
1840 3177 2128 3235 constella-

538 3273 816 3344 tionibus;
845 3275 901 3332 in
941 3273 1438 3333 constellationibus
1476 3281 1655 3329 autem
1699 3273 1870 3328 notari
1913 3280 2124 3341 partes,

2288 2069 2337 2115 et
2367 2043 2434 2113 de'
2454 2058 2648 2112 duabus
2683 2043 3156 2129 'prteposilionibus,
3177 2043 3256 2107 'de
3282 2043 3330 2106 ἐι
3359 2063 3446 2105 ex.
3480 2043 3568 2102 Ex
3595 2043 3718 2101 ιωη
3742 2043 3796 2097 ds

2293 2130 2500 2185 Natura
2527 2130 2668 2184 boni.

2295 2269 2351 2323 In
2392 2264 2654 2338 principio
2684 2269 2801 2318 erat
2831 2259 3102 2328 Verbum,
3139 2267 3194 2315 et
3217 2255 3444 2313 Verbum
3484 2263 3601 2311 erat
3650 2249 3790 2321 apud

2223 2363 2415 2426 Deum,
2442 2368 2497 2415 et
2523 2359 2665 2414 Deus
2707 2365 2827 2413 erat
2858 2353 3122 2410 Verbum:
3177 2349 3284 2407 hoc
3315 2357 3423 2405 erat
3449 2345 3503 2402 in
3533 2343 3786 2416 principio

2223 2455 2364 2528 apud
2391 2453 2593 2520 Deum;
2641 2451 2825 2506 omnia
2871 2462 2969 2518 per
3000 2445 3176 2519 ipsum
3229 2445 3368 2499 facta
3410 2451 3558 2506 sunt,
3605 2449 3661 2495 et
3685 2439 3798 2495 sine

2226 2549 2342 2618 ipso
2366 2547 2564 2600 factum
2589 2552 2671 2599 est
2699 2541 2869 2610 nihil;
2897 2539 2952 2596 id
2974 2546 3078 2608 est,
3103 2554 3210 2594 non
3233 2535 3533 2593 estfactum
3562 2533 3675 2588 sine
3695 2532 3799 2601 ipso

2224 2638 2444 2710 aliquid.
2483 2637 2665 2706 Neque
2694 2636 2837 2691 enim
2868 2631 3139 2689 audienda
3166 2641 3295 2687 sunt
3323 2628 3681 2684 deliramenta
3721 2625 3796 2678 bo-

2225 2731 2429 2787 minum
2457 2729 2547 2799 qui
2592 2726 2722 2782 nihil
2752 2727 2857 2782 hoc
2890 2724 3011 2781 loco
3039 2718 3238 2794 aliquid
3287 2719 3692 2790 intelligendum
3721 2735 3795 2787 pu~

2226 2834 2360 2891 tant,
2391 2833 2447 2878 et
2488 2819 2556 2877 ad
2589 2815 2898 2890 huiusmodi
2954 2817 3245 2871 vanitatem
3296 2819 3594 2884 prOpterea
3643 2813 3790 2876 putant

2225 2916 2344 2988 cogi
2375 2929 2534 2988 posse
2556 2903 2949 2984 aliquem,quia
2976 2910 3149 2980 ipsum
3169 2906 3301 2962 nihil
3322 2905 3382 2961 in
3411 2905 3526 2960 line
3554 2901 3786 2959 sententia:

2229 3010 2460 3081 positum
2484 3017 2588 3063 est.
2619 3003 2782 3076 Ergo,
2811 3001 3081 3073 inquiunt,
3105 2998 3304 3055 factum
3334 3005 3448 3064 est,
3475 3007 3533 3051 et
3564 2993 3669 3050 ideo
3689 2991 3783 3061 quia

2226 3101 2429 3158 factum
2452 3097 2747 3170 est,ipsum
2770 3087 2902 3151 nihil
2925 3086 3123 3164 aliquid
3144 3099 3226 3149 est
3248 3108 3261 3157 ;
3289 3105 3526 3147 sensum
3550 3089 3676 3146 enini
3696 3097 3780 3154 pe:-

2229 3193 2480 3250 diderunt
2509 3192 2687 3248 studio
2716 3185 3160 3253 contradicendi,
3218 3200 3318 3242 nec
3349 3183 3652 3256 intelligunt
3670 3175 3766 3234 nihil

2231 3285 2491 3341 interesse
2514 3294 2690 3339 utrum
2718 3283 2947 3347 dicatur,
2967 3279 3082 3335 sine
3102 3279 3194 3334 illo
3220 3275 3428 3334 factum
3455 3288 3548 3333 est
3565 3273 3672 3337 nihil,
3689 3285 3754 3334 an,

539 3365 728 3440 ίιυειεε
755 3374 1027 3425 trecentas
1058 3365 1336 3439 εθιεῧῖηίδ
1366 3366 1555 3422 dicunt
1585 3364 1783 3420 habere
1810 3361 2124 3433 Signiferum
2152 3357 2201 3430 Ο
2231 3379 2348 3435 sine
2388 3378 2480 3434 illo
2522 3376 2658 3433 nihil
2693 3375 2891 3432 factum
2933 3381 3016 3429 est
3045 3389 3060 3428 :
3094 3373 3214 3442 quia
3245 3377 3303 3426 et
3335 3371 3384 3427 si
3416 3369 3517 3426 illo
3547 3366 3697 3426 ordine
3713 3359 3768 3417 tli-

539 3459 802 3518 circulum
828 3475 842 3527 ;
876 3469 1081 3516 m0tum
1112 3468 1289 3514 autem
1321 3453 1445 3514 εαξη
1476 3471 1570 3528 per
1601 3469 1760 3511 unam
1793 3455 1980 3510 horam
2010 3453 2128 3509 fieri

541 3555 594 3612 in
644 3553 953 3626 quindecim
1000 3553 1278 3625 partibus,
1325 3561 1381 3608 ut
1432 3558 1577 3607 tanta
1626 3565 1775 3606 mora
1821 3546 2128 3621 quindecim

543 3649 725 3718 partes
755 3644 1022 3715 oriantur,
1049 3654 1311 3716 quantum
1342 3651 1488 3698 tenet
1515 3657 1618 3697 una
1649 3642 1781 3697 hora
1814 3655 1828 3693 :
1859 3653 1978 3710 quae
2007 3653 2131 3710 par-

545 3749 628 3796 tes
653 3735 879 3811 singulai
904 3739 1185 3808 Sexaginta
1216 3738 1453 3794 minutas
1482 3736 1680 3793 habere
1709 3737 1961 3792 dicuntur
1986 3752 1999 3801 ;
2033 3735 2130 3790 mi-

544 3837 702 3887 nutas
731 3840 912 3886 autem
943 3825 1268 3886 minutarum
1290 3828 1401 3899 jam
1425 3829 1476 3884 in
1503 3825 2036 3894 constellationibus,
2063 3825 2131 3882 de

544 3921 738 3992 quibus
769 3920 946 3978 futura
988 3920 1284 3993 praedicere
1322 3935 1381 3977 se
1419 3918 1640 3989 dicunt,
1682 3935 1790 3977 non
1832 3920 2129 3976 inveniunt.

544 4010 849 4086 Conceptus
876 4023 1055 4071 autem
1088 4013 1457 4087 geminorum,
1491 4014 1744 4085 quoniam
1789 4027 1895 4069 uno
1933 4026 2132 4069 concu-
2196 4011 2202 4016 ’

544 4106 659 4164 bitu
696 4107 958 4176 efﬁcitur,
1009 4108 1328 4165 testantibus
1376 4107 1638 4175 medicis,
1692 4123 1916 4177 quorum
1971 4105 2135 4163 disci-

544 4203 691 4278 plina
719 4207 891 4263 multo
920 4215 1002 4263 est
1031 4205 1231 4262 certior
1259 4215 1418 4276 atque
1450 4205 1802 4273 manifestior,
1831 4213 1938 4259 tam
1969 4216 2136 4273 parvo

547 4307 744 4370 puncto
765 4298 1029 4369 temporis
1054 4299 1340 4367 contingit,
1367 4308 1425 4354 ut
1449 4297 1502 4354 in
1529 4299 1665 4355 duas
1691 4299 1925 4354 minutas
1952 4294 2132 4353 minu-

547 4396 725 4445 tarum
756 4401 864 4446 non
895 4390 1165 4446 tendatur.
1192 4387 1345 4447 Unde
1376 4403 1504 4460 ergo
1533 4389 1586 4444 in
1615 4389 1842 4460 geminis
1874 4398 2017 4445 tanta
2050 4391 2132 4446 di-

552 4479 780 4537 versitas
804 4480 1074 4536 actionum
1095 4521 1111 4547 .
1131 4480 1187 4537 et
1206 4488 1513 4547 eventuum,
1534 4489 1588 4536 et
1609 4478 1940 4536 voluntatum
1961 4521 1974 4546 ,
2001 4493 2136 4551 quos

553 4581 777 4629 necesse
797 4581 882 4630 est
905 4573 1150 4629 eamdem
1181 4573 1645 4630 canstellationem
1676 4573 2135 4643 conceptionalem

553 4663 776 4733 habere,
800 4673 856 4721 et
879 4661 1157 4721 amborum
1190 4681 1352 4722 unam
1382 4665 1847 4723 constellationem
1876 4663 1990 4721 dari
2022 4681 2136 4723 ma-

2230 3473 2478 3535 ccretur,
2528 3467 2645 3523 sine
2694 3465 2785 3521 illo
2828 3464 2961 3519 nihil
3013 3462 3211 3519 factum
3262 3470 3393 3527 est;
3464 3463 3678 3531 possent
3724 3454 3782 3507 ui-

2234 3561 2527 3617 liilominus
2556 3558 2736 3614 dicere
2790 3559 2965 3626 ipsum
2995 3548 3129 3611 nihil
3164 3551 3369 3624 aliquid
3399 3567 3548 3619 esse,
3598 3550 3708 3621 quia
3742 3545 3795 3600 la-

2233 3664 2376 3711 ctum
2407 3663 2508 3709 est.
2543 3649 2696 3720 Quod
2728 3651 2870 3706 enim
2899 3661 3087 3705 revera
3106 3652 3191 3704 est
3212 3643 3436 3716 aliquid,
3455 3643 3585 3713 quid
3606 3641 3804 3696 interest

2233 3755 2410 3802 utrum
2445 3746 2517 3799 ita
2546 3743 2778 3809 dicatur,
2812 3739 2930 3797 sine
2955 3737 3048 3795 illo
3069 3737 3210 3793 facta
3243 3744 3328 3793 est
3353 3737 3560 3799 domus,
3586 3745 3679 3797 an,
3708 3729 3812 3785 sine

2234 3837 2327 3893 illo
2347 3835 2538 3892 domus
2560 3841 2645 3890 est
2675 3833 2832 3900 facta,
2865 3831 2992 3888 dum
3024 3829 3345 3899 intelligatur
3363 3824 3560 3894 aliquid
3578 3824 3701 3877 sine
3720 3821 3816 3876 illo

2236 3927 2451 3994 factum,
2482 3923 2625 3995 quod
2651 3922 2850 3995 aliquid
2879 3922 3072 3978 domus
3100 3921 3218 3977 est?
3243 3921 3316 3976 ita
3339 3917 3449 3988 quia
3472 3915 3682 3970 dictum
3707 3923 3817 3981 est,

2235 4023 2356 4079 sine
2381 4023 2501 4092 ipso
2532 4019 2733 4076 factum
2774 4025 2857 4075 est
2885 4015 3042 4086 nihil,
3071 4018 3325 4087 quoniam
3356 4011 3481 4068 nihil
3507 4010 3698 4082 utique
3720 4023 3818 4064 non

2235 4125 2317 4169 est
2341 4111 2564 4184 aliquid,
2589 4110 2804 4183 quando
2831 4125 2958 4166 vere
2988 4117 3042 4166 et
3065 4109 3283 4180 proprie
3304 4105 3520 4172 dicitur,
3541 4104 3659 4161 sive
3684 4103 3819 4158 dica-

2237 4216 2344 4276 tur,
2379 4207 2495 4262 sine
2527 4205 2618 4261 illo
2667 4205 2865 4261 factum
2914 4211 2997 4259 est
3040 4201 3197 4270 nihil,
3243 4201 3382 4266 sive,
3417 4198 3534 4255 sine
3565 4198 3661 4253 illo
3698 4191 3815 4247 nihil

2237 4294 2436 4352 factum
2466 4303 2572 4362 est,
2601 4295 2706 4360 vel,
2730 4292 2866 4349 nihil
2889 4301 2972 4349 est
3003 4291 3223 4353 factum,
3255 4290 3388 4340 nihil
3424 4289 3674 4339 interest.
3703 4282 3816 4349 Quis

2239 4397 2417 4443 autem
2441 4387 2570 4441 velit
2594 4383 2742 4453 loqui
2763 4395 2886 4437 cum
2915 4376 3223 4436 hominibus
3243 4377 3331 4448 qni
3358 4377 3462 4433 hoc
3491 4376 3670 4447 ipsum
3693 4374 3815 4446 quod

2240 4479 2377 4548 dixi,
2408 4479 2539 4535 nihil
2590 4479 2838 4544 interest,
2883 4482 3109 4545 possunt
3139 4472 3321 4528 dicere
3362 4489 3375 4525 :
3413 4472 3562 4542 Ergo
3612 4474 3814 4528 interest

2241 4573 2463 4645 aliquid,
2493 4571 2620 4641 quia
2658 4571 2832 4639 ipsum
2869 4566 3003 4622 nihil
3043 4563 3244 4634 aliquid
3286 4563 3517 4621 estYHi
3545 4575 3711 4620 autem
3734 4559 3809 4631 qui

2242 4679 2434 4722 sanum
2480 4663 2684 4720 habent
2711 4660 3018 4726 cerebrum,
3070 4673 3187 4714 rem
3227 4653 3729 4712 manifestissimam
3756 4654 3821 4707 vi-

552 4757 844 4815 thematico
868 4799 883 4826 ,
910 4765 1164 4830 tanquam
1214 4759 1373 4815 unius
1423 4752 1695 4814 hominis?
1735 4756 1792 4815 Si
1838 4767 2020 4814 autem
2067 4761 2134 4816 ad
2165 4749 2221 4818 D
2243 4759 2392 4827 dent,
2417 4756 2520 4812 hoc
2541 4749 2681 4812 idem
2700 4753 2950 4824 intelligi,
2969 4761 3088 4809 cum
3110 4750 3243 4817 dixi,
3266 4749 3400 4806 nihil
3423 4751 3680 4818 intereSt,
3700 4747 3824 4820 quod

553 4847 813 4920 genitales
831 4843 1274 4905 constellationes
1286 4863 1344 4904 se
1357 4857 1540 4905 tenere
1559 4847 1850 4917 voluerint,
1865 4847 1978 4922 [ab]
2003 4844 2137 4920 ipsis

552 4937 782 5012 geminis
806 4939 1186 5006 excluduntur,
1209 4941 1300 5010 Qui
1323 4941 1636 5012 plerumque
1662 4942 1734 4995 ita
1764 4947 1883 5012 post
1909 4942 2137 4996 invicem

554 5031 850 5089 funduntur
867 5043 933 5089 ex
963 5039 1138 5097 utero,
1164 5039 1222 5087 ut
1243 5032 1347 5090 hoc
1374 5033 1630 5103 temporis
1650 5029 1990 5089 intervallum
2018 5043 2140 5090 rur-

554 5135 648 5178 sus
677 5122 743 5178 ad
773 5121 1009 5180 minutas
1035 5121 1359 5180 minutarum
1389 5129 1711 5194 revertatur,
1742 5138 1875 5194 quas
1906 5132 2140 5180 tractan-

395 5253 397 5255 ι
475 5281 480 5296 ξ
555 5214 655 5272 das
707 5213 758 5271 in
809 5210 1308 5273 constellationlbus
1356 5227 1629 5287 nunquam
1680 5217 1989 5287 accipiunt,
2040 5229 2141 5274 nec

555 5311 780 5379 possunt
808 5316 1058 5366 tractare.
1087 5307 1222 5366 Cum
1253 5315 1434 5366 autem
1464 5309 1631 5365 multa
1660 5321 1785 5365 vera
1816 5319 1909 5365 eos
1937 5310 2142 5366 dixisse

467 5411 473 5470 ζ
557 5399 907 5470 medicatur,
934 5399 1060 5458 ideo
1089 5398 1181 5470 iit,
1210 5401 1334 5472 quia
1365 5409 1470 5457 nan
1511 5407 1697 5458 tenent
1737 5401 1984 5458 homines
2025 5416 2140 5456 me-

559 5492 729 5548 moria
761 5491 1024 5550 falsitates
1052 5505 1374 5565 erroresque
1409 5503 1629 5559 eorum,
1669 5495 1764 5550 sed
1809 5511 1915 5550 non
1957 5497 2144 5550 intenti

466 5615 478 5666 ς
557 5583 664 5642 nisi
697 5585 751 5640 in
777 5591 838 5642 ea
862 5597 982 5657 quae
1001 5586 1216 5643 illorum
1243 5587 1522 5659 responsis
1543 5590 1915 5659 provenerint,
1943 5597 2002 5645 ea
2027 5601 2148 5659 qua:

563 5689 670 5734 non
701 5680 1050 5748 provenerint
1075 5679 1508 5748 obliviscuntur;
1540 5689 1595 5738 et
1621 5693 1684 5737 ea
1715 5687 2148 5738 commemorant

565 5782 684 5842 quae
705 5783 814 5828 non
837 5779 954 5831 arte
974 5773 1087 5840 illa,
1109 5785 1232 5846 quin
1251 5773 1396 5830 nulla
1413 5783 1519 5840 est,
1542 5773 1638 5830 sed
1664 5773 1892 5842 quadam
1919 5772 2147 5828 obscura

566 5874 748 5919 rerum
775 5873 926 5923 sorte
951 5867 1290 5936 contingunt.
1321 5865 1480 5934 Quod
1504 5866 1552 5921 si
1581 5865 1788 5935 peritia;
1812 5864 2026 5918 illorum
2057 5877 2151 5919 vo-

571 5952 687 6008 lunt
715 5953 968 6022 tribuere,
1001 5957 1117 6013 diea
1131 5965 1183 6012 nt
1212 5958 1498 6013 artiﬁciose
1525 5957 1769 6012 divinare
1794 5959 1955 6013 etiam
1987 5971 2134 6013 mor-

2246 4850 2637 4921 intelligeretur
2665 4847 2710 4901 si
2752 4845 3010 4912 dicerem,
3056 4844 3281 4898 interest
3312 4840 3467 4896 nihil.
3531 4841 3601 4898 At
3636 4843 3751 4906 isti,
3795 4839 3830 4895 si

2247 4941 2405 4998 alicui
2428 4939 2628 5008 dicant,
2661 4937 2785 5010 quid
2820 4937 3032 4993 fecisti?
3063 4946 3114 4992 et
3153 4934 3241 4992 ille
3262 4932 3595 5006 respondeat
3624 4933 3762 4990 nihil
3784 4943 3832 4990 se

2252 5033 2463 5101 fecisse,
2493 5044 2831 5102 consequens
2858 5039 2940 5086 est
2966 5037 3022 5086 ut
3042 5029 3089 5086 ei
3112 5027 3537 5096 calumnientur,
3564 5028 3834 5086 dicentes:

2250 5126 2447 5183 Fecisti
2475 5139 2603 5196 ergo
2633 5123 2855 5195 aliquid,
2905 5123 3031 5193 quia
3077 5121 3210 5178 nihil
3240 5117 3452 5189 fecisti;
3487 5121 3679 5193 ipsum
3705 5125 3836 5178 enim

2251 5217 2382 5274 nihil
2410 5216 2610 5288 aliquid
2640 5227 2741 5273 εει.
2785 5213 2995 5272 Habent
3023 5221 3200 5271 autem
3240 5221 3294 5270 et
3337 5214 3518 5285 ipsum
3552 5213 3842 5271 [luminum

2253 5315 2306 5370 in
2338 5313 2445 5371 line
2471 5313 2750 5370 sententia:
2781 5315 3064 5384 ponentem
3091 5309 3196 5366 hoc
3233 5307 3481 5375 verbum,
3513 5309 3607 5364 ubi
3639 5311 3758 5366 ait:
3787 5303 3844 5363 Et

2253 5409 2309 5466 in
2334 5409 2542 5466 occulto
2568 5407 2776 5464 locutus
2801 5419 2920 5461 sum
2950 5399 3104 5460 nihil.
3136 5397 3276 5475 Ergo
3312 5401 3490 5474 legant
3522 5411 3581 5458 et
3609 5409 3846 5460 taceant.

2255 5499 2391 5568 Quia
2411 5513 2539 5570 ergo
2559 5499 2702 5554 Deus
2725 5499 2904 5552 omnia
2927 5504 3046 5568 quae
3073 5507 3179 5551 non
3202 5495 3272 5551 de
3301 5502 3358 5551 se
3384 5493 3599 5564 genuit,
3627 5498 3734 5554 sed
3763 5511 3850 5567 per

2255 5591 2490 5652 Verbum
2509 5609 2663 5650 suum
2695 5592 2845 5664 fecit,
2872 5605 2978 5648 non
2995 5591 3064 5648 de
3083 5589 3168 5647 his
3197 5589 3357 5647 rebus
3384 5600 3505 5662 qua:
3531 5589 3652 5661 jam
3675 5601 3856 5651 erant.

2255 5687 2350 5745 sed
2377 5685 2442 5744 de
2466 5688 2548 5743 his
2569 5700 2688 5759 qua:
2721 5685 2938 5743 omnino
2971 5699 3074 5742 non
3102 5691 3280 5750 erant,
3312 5679 3416 5738 hoc
3435 5690 3523 5738 est
3554 5681 3626 5739 de
3659 5679 3855 5740 nihilo.

2205 5850 2217 5856 _
2255 5779 2399 5845 fecit,
2429 5779 2504 5834 ita
2524 5779 2654 5835 dicit
2683 5779 3002 5849 Apostolus:
3024 5775 3125 5844 Qui
3150 5781 3307 5831 vocat
3330 5787 3393 5830 ea
3415 5789 3538 5845 quas
3567 5789 3683 5830 non
3708 5783 3855 5832 sunt.

2257 5879 2508 5939 tanquam
2541 5869 2623 5941 [ea
2652 5869 2794 5941 quae]
2826 5870 2952 5925 sint.
2985 5868 3241 5939 Apertius
3267 5875 3444 5924 autem
3477 5866 3536 5921 in
3568 5865 3716 5922 libro
3750 5861 3854 5918 lla-

2256 5961 2598 6018 chabarorum
2648 5961 2900 6032 scriptum
2949 5968 3066 6015 est:
3107 5957 3215 6015 Oro
3263 5968 3336 6022 te,
3389 5955 3487 6022 ﬂii,
3523 5953 3750 6025 respice
3797 5952 3858 6006 ad
