4010 6382
236 431 258 489 l
268 431 367 490 069

1297 424 1731 484 THESAURUS.
1775 422 1928 481 CAP.
1970 425 2285 485 CCCXLIIL

3368 429 3508 490 1070

236 547 423 603 calum
443 551 502 603 et
525 553 748 612 “mm,
778 551 832 601 et
862 544 1039 600 omnia
1067 553 1185 614 quae
1215 544 1267 598 in
1292 543 1372 600 eis
1401 551 1558 608 sunt;
1584 538 1725 606 vide,
1763 545 1818 597 et
1842 537 1899 600 Α
1922 537 2054 596 bant
2082 556 2191 597 non
2220 555 2438 612 corpus,
2467 541 2563 600 sed
2592 542 2838 613 spiritum
2866 557 2987 600 esse
3017 542 3335 614 putantibus
3367 561 3381 598 :
3416 545 3508 602 Vi-

235 640 363 697 scito
389 641 514 711 quia
562 655 672 697 non
717 649 874 697 erant
915 655 984 696 ee
1030 637 1225 710 quibus
1254 637 1381 693 fecit
1425 651 1524 692 nos
1555 635 1814 691 Dominus

239 732 408 803 Deus;
458 743 514 793 et
554 735 687 792 illud
716 735 861 808 quod
889 733 945 791 in
997 735 1205 804 psalmo
1249 733 1510 804 scriptum
1542 739 1662 788 est:
1694 729 1815 800 ipse

234 827 384 894 dixit,
414 835 469 885 et
489 828 630 885 facta
661 837 804 885 sunt.
837 828 1177 885 Manifestum
1205 827 1348 898 quod
1389 841 1497 882 non
1537 826 1606 883 de
1627 839 1687 882 se
1713 822 1818 880 ista

231 919 498 998 genuerit,
530 921 627 979 sed
657 920 715 978 in
745 920 922 979 Verbo
950 930 1113 992 atque
1148 920 1376 992 imperio
1421 914 1632 977 fecerit.
1660 916 1816 986 Quod

233 1022 404 1070 autem
439 1027 547 1070 non
575 1014 647 1070 de
687 1027 773 1083 se,
806 1013 994 1084 utique
1021 1013 1091 1069 de
1120 1013 1328 1080 nihilo;
1375 1027 1481 1069 non
1507 1012 1655 1068 enim
1699 1020 1820 1067 erat

233 1106 374 1162 aliud
405 1106 550 1164 unde
578 1107 803 1177 faceret,
828 1107 896 1164 de
919 1119 1026 1178 quo
1053 1107 1392 1178 apertissime
1420 1106 1712 1176 Apostolus
1735 1103 1819 1160 di-

244 1199 312 1254 cit
338 1215 351 1252 :
377 1198 642 1268 Quoniam
671 1215 739 1257 ει
763 1201 903 1272 ipso,
929 1209 984 1257 et
1012 1215 1108 1270 per
1146 1200 1344 1269 ipsum,
1374 1209 1429 1255 et
1457 1199 1510 1254 in
1543 1199 1662 1269 ipso
1687 1205 1816 1255 sunt

237 1291 434 1348 omnia.
461 1291 671 1364 Enipeo
683 1303 858 1350 autem
878 1309 984 1350 non
1005 1293 1108 1349 hoc
1134 1293 1397 1364 signiﬁcat
1417 1294 1557 1364 quod
1578 1292 1642 1347 de
1666 1292 1812 1362 ipso;

231 1388 370 1457 quod
385 1386 577 1460 [enim]
590 1388 660 1444 de
686 1388 804 1459 ipso
827 1399 930 1455 eet,
947 1398 1123 1458 potest
1141 1387 1246 1443 dici
1266 1402 1330 1443 es
1352 1386 1470 1457 ipso
1485 1404 1498 1438 :
1516 1400 1625 1441 non
1637 1395 1815 1441 autem

230 1491 387 1534 omne
411 1481 555 1550 quod
583 1497 650 1536 ex
681 1481 798 1553 ipso
817 1491 920 1548 est,
950 1491 1098 1538 recte
1116 1481 1311 1538 dicitur
1336 1480 1406 1538 de
1430 1481 1568 1550 ipso.
1597 1479 1677 1535 Ex
1698 1479 1817 1548 ipso

230 1569 369 1626 enim
400 1572 599 1629 cmlum
626 1581 684 1630 et
712 1583 875 1642 terra,
907 1574 1032 1646 quia
1061 1575 1179 1646 ipse
1220 1575 1348 1632 fecit
1371 1590 1469 1640 ea;
1503 1589 1609 1630 non
1635 1583 1815 1629 autem

230 1660 299 1718 de
325 1665 461 1733 ipso,
485 1667 610 1736 quia
642 1679 750 1722 non
771 1666 840 1723 de
860 1668 1159 1723 substantia
1185 1681 1303 1723 sua.
1331 1669 1479 1723 Sicut
1500 1665 1591 1740 [si]
1621 1666 1816 1738 aliquis

230 1754 390 1812 homo
415 1756 598 1829 gignat
642 1758 831 1827 illium,
873 1769 930 1817 et
957 1759 1118 1817 faciat
1145 1761 1390 1827 domu,
1415 1775 1481 1815 ει
1505 1761 1622 1832 ipso
1649 1759 1812 1828 ﬁlius,

227 1863 295 1905 ex
318 1847 436 1920 ipso
453 1849 689 1920 domus;
724 1852 819 1908 sed
848 1853 992 1910 ﬁlius
1021 1854 1088 1910 de
1110 1853 1250 1924 ipso,
1281 1852 1475 1910 domes
1499 1851 1568 1908 de
1594 1862 1738 1908 terra
1761 1859 1816 1908 et

1920 633 2043 690 dete
2071 651 2260 694 manus
2289 651 2438 696 meas
2479 646 2535 696 et
2564 639 2765 710 pedes;
2797 638 3033 711 palpate,
3082 649 3135 696 et
3172 641 3353 697 videte
3380 643 3506 711 quia

1918 727 2138 798 spiritus
2169 745 2292 788 ossa
2333 741 2389 788 et
2413 746 2631 788 carnem
2665 747 2772 787 non
2800 731 2984 799 habet,
3015 732 3154 790 sicut
3194 748 3281 789 me
3313 733 3506 793 videtis

1919 817 2157 890 habere;
2188 824 2330 881 sicut
2355 840 2541 883 eorum
2566 840 2692 884 cum
2719 836 2867 884 esset
2887 827 2942 883 in
2968 836 3114 886 terra
3140 837 3508 890 contrectatus

1918 922 1996 970 est
2015 915 2278 984 manibus.
2292 917 2373 975 sic
2388 933 2577 976 eorum
2591 930 2674 976 est
2685 933 2809 976 eum
2832 919 2936 975 iret
2955 921 3010 976 in
3030 922 3225 978 omium
3244 921 3508 978 deductus

1917 1008 2219 1076 aspectibus
2241 1027 2256 1078 ;
2281 1011 2356 1066 ibi
2378 1027 2483 1067 vox
2512 1011 2751 1086 angelica
2773 1014 2983 1068 sonuit:
3005 1012 3094 1069 Sic
3113 1013 3294 1068 veniet
3319 1027 3508 1083 quem-

1917 1101 2205 1160 admodum
2245 1105 2436 1162 videtis
2465 1104 2681 1163 euntem
2711 1107 2767 1163 in
2816 1105 3034 1166 cmium.
3071 1107 3231 1164 Fides
3258 1107 3419 1182 adsit,
3448 1120 3504 1165 es

1918 1193 2065 1253 nulla
2092 1195 2319 1267 quaestio
2349 1199 2668 1268 remanebit,
2701 1197 2803 1256 nisi
2840 1195 2982 1258 forte
3021 1187 3090 1257 de
3117 1193 3377 1274 Sanguine
3407 1207 3500 1255 ree

1917 1289 2240 1356 quirendum
2272 1301 2376 1362 est,
2407 1293 2529 1363 quia
2553 1308 2674 1349 cum
2698 1294 2942 1362 dixisset,
2975 1295 3213 1366 Palpate,
3246 1304 3302 1352 et
3329 1297 3509 1353 videte

1917 1379 2039 1449 quia
2069 1381 2292 1452 spiritus
2320 1397 2442 1439 ossa
2473 1391 2528 1439 et
2553 1397 2771 1440 carnem
2801 1400 2907 1441 non
2933 1385 3114 1454 habet,
3140 1389 3244 1442 non
3275 1385 3508 1458 addidit,

1918 1473 2273 1544 sanguinem;
2333 1492 2439 1531 non
2484 1491 2612 1550 ergo
2664 1487 2718 1534 et
2770 1495 2869 1536 nos
2917 1480 3179 1537 addamus
3233 1477 3510 1552 inquirere

1919 1565 2062 1635 quod
2092 1565 2183 1623 ille
2221 1584 2326 1625 non
2373 1558 2580 1627 addidit
2630 1569 2842 1639 dicere,
2883 1573 2940 1629 et
2974 1572 3042 1631 de
3079 1573 3422 1646 compendio,
3461 1569 3513 1634 si

1918 1659 2111 1730 placet,
2167 1659 2317 1717 finita
2363 1663 2435 1718 sit
2463 1662 2709 1733 quaestio.
2769 1649 3036 1723 Fortassis
3066 1667 3234 1739 enim,
3288 1675 3512 1738 accepta

1919 1755 2207 1810 occasione
2238 1755 2532 1828 sanguinis,
2567 1755 2777 1827 urgebit
2806 1771 2906 1814 nos
2936 1758 3218 1816 molestior
3262 1773 3513 1831 perscru-

1923 1855 2086 1916 tator,
2134 1859 2190 1906 et
2231 1851 2405 1907 dicet:
2443 1850 2499 1908 Si
2540 1851 2782 1922 sanguis,
2826 1866 2924 1908 cur
2952 1867 3060 1909 non
3090 1864 3145 1910 et
3171 1853 3382 1924 pituita,
3411 1863 3513 1912 cur

231 1942 377 2015 ligno
401 1959 416 2012 ;
441 1944 539 2002 sed
567 1945 669 2002 hoc
693 1947 816 2018 quia
844 1945 1005 2004 homo
1033 1955 1140 2014 est,
1173 1947 1265 2017 qui
1290 1963 1397 2002 non
1420 1949 1597 2017 potest
1615 1945 1814 2016 aliquid
1843 1935 1892 1998 Ι
1919 1957 2024 1996 non
2053 1947 2109 1997 et
2135 1935 2205 1998 fel
2234 1941 2449 2011 flavum,
2477 1950 2533 1999 et
2556 1931 2630 2000 l’el
2671 1943 2905 2015 nigrum,
2931 1943 3130 2016 quibus
3151 1953 3381 2017 quatuOr
3405 1943 3508 2003 liu-
3569 2005 3572 2008 ,

226 2036 390 2092 etiam
415 2037 486 2092 de
518 2035 690 2094 nihilo
730 2039 926 2094 facere.
963 2039 1107 2096 Deus
1134 2051 1334 2105 autem,
1363 2053 1430 2095 ex
1476 2054 1582 2109 quo
1610 2038 1812 2110 omnia,

227 2145 323 2201 per
351 2141 511 2201 quem
558 2135 762 2205 omnia,
795 2133 848 2189 in
879 2147 988 2204 quo
1027 2134 1232 2201 omnia,
1265 2149 1370 2188 non
1417 2149 1552 2201 opus
1582 2133 1816 2192 habebat

226 2223 403 2295 aliqua
433 2227 679 2296 materia,
709 2240 870 2297 quam
897 2228 1010 2298 ipse
1039 2243 1144 2283 non
1178 2226 1398 2294 fecerat,
1430 2227 1674 2298 adiuvari
1699 2241 1815 2283 om-

226 2315 575 2385 nipotentia
613 2333 788 2381 suam.
829 2320 966 2375 Cum
1010 2327 1194 2376 autem
1239 2319 1490 2375 audimus
1535 2319 1715 2375 omnia
1743 2334 1812 2374 es

229 2401 369 2477 ipso,
399 2419 452 2463 et
485 2423 579 2480 per
605 2411 806 2481 ipsum,
831 2421 885 2468 et
908 2413 960 2466 in
989 2413 1125 2482 ipso,
1161 2425 1350 2467 omnes
1381 2411 1561 2483 utique
1592 2418 1815 2466 naturas

228 2497 527 2571 intelligere
571 2502 848 2571 delremus,
889 2520 1010 2575 qua:
1062 2504 1380 2562 naturaliter
1430 2515 1585 2571 sunt;
1641 2510 1817 2575 neque

224 2592 370 2645 enim
416 2607 488 2648 ex
519 2593 640 2664 ipso
677 2603 804 2649 sunt
845 2605 1084 2664 peccata,
1118 2611 1238 2667 qua
1285 2605 1530 2652 naturam
1561 2611 1667 2652 non
1702 2611 1818 2653 ser-

225 2691 372 2751 vant,
400 2684 497 2740 sed
524 2685 746 2741 vitiant:
773 2701 895 2757 quat
925 2696 1142 2757 peccata
1163 2702 1229 2744 ex
1252 2687 1529 2745 voluntate
1548 2701 1670 2744 esse
1692 2701 1818 2758 pec-

223 2774 469 2830 cautium
499 2778 683 2832 multis
699 2777 873 2834 modis
899 2787 1084 2834 sancta
1101 2778 1376 2849 Scriptura
1407 2787 1652 2850 testatur,
1687 2794 1817 2850 prai-

221 2864 380 2936 eipue
391 2866 480 2922 illo
490 2866 610 2924 loco
623 2879 730 2940 quo
740 2869 1481 2942 dieitApostoluszlixistimas
1495 2882 1674 2930 autem
1687 2873 1813 2943 hoc,

223 2973 258 3013 ο
290 2959 474 3029 homo,
509 2963 598 3034 qui
621 2963 833 3034 judicas
859 2979 954 3021 eos
982 2968 1070 3037 qui
1118 2965 1243 3022 talia
1272 2975 1454 3037 agunt,
1484 2976 1537 3024 et
1566 2966 1700 3028 facis
1725 2981 1813 3035 ea,

220 3055 480 3125 quoniam
512 3065 568 3112 tu
599 3057 819 3128 eﬁugies
857 3057 1119 3131 judicium
1151 3060 1282 3116 Dei?
1309 3075 1375 3114 an
1405 3060 1621 3116 divitias
1665 3061 1816 3116 beni-

222 3145 468 3216 gnitatis,
491 3155 546 3203 et
576 3150 846 3220 patientiae
875 3151 1016 3222 ejus,
1038 3159 1094 3207 et
1125 3152 1546 3224 longanimitatis
1567 3162 1812 3210 contem-

218 3241 340 3307 ‘nis,
366 3238 622 3310 ignorans
651 3244 904 3311 quoniam
938 3243 1194 3314 patientia
1218 3242 1314 3299 Dei
1341 3243 1409 3298 ad
1441 3245 1812 3315 pmnitentiam

1917 2032 2159 2090 moribus
2190 2046 2441 2091 naturam
2491 2033 2672 2093 carnis
2718 2037 3004 2108 temperari
3034 2037 3197 2094 etiam
3227 2035 3512 2098 medicina

1915 2126 2204 2197 disciplina
2263 2127 2524 2185 testatur?
2571 2126 2678 2186 Sed
2729 2128 3009 2200 quodlibet
3057 2130 3283 2201 quisque
3322 2127 3512 2202 addat,

1918 2221 2319 2291 corruptionem
2354 2219 2553 2277 addere
2585 2228 2800 2286 caveat,
2830 2235 2899 2276 ne
2929 2237 3040 2277 sua!
3084 2221 3188 2277 ﬁde
3217 2221 3388 2296 [ﬁdei]
3424 2237 3513 2280 sa-

1919 2311 2144 2368 nitatem
2171 2311 2585 2382 castitatemque
2625 2321 2955 2382 corrumpat.
3007 2311 3083 2367 Ex
3124 2314 3513 2373 consuetudine

1920 2418 2103 2458 rerum
2127 2414 2496 2474 expertarum,
2522 2405 2797 2475 inexperta
2825 2413 2989 2474 opera
3012 2402 3196 2460 divina
3228 2401 3512 2462 infirmitas

1919 2494 2139 2551 metitur
2175 2493 2440 2564 humana,
2485 2504 2539 2552 et
2587 2495 2800 2552 acutule
2838 2509 2897 2551 se
2938 2496 3140 2567 garrire
3191 2496 3509 2568 arbitratur,

1919 2601 2041 2642 cum
2072 2585 2234 2642 dicit:
2271 2587 2323 2643 Si
2357 2603 2483 2643 caro
2512 2597 2616 2658 est,
2641 2589 2695 2645 et
2726 2587 2945 2660 sanguis
2977 2597 3089 2656 est;
3113 2587 3158 2645 si
3185 2591 3428 2661 sanguis,
3455 2599 3512 2647 et

1918 2678 2100 2740 caeteri
2133 2677 2420 2748 humores;
2444 2696 2571 2752 ergo
2593 2688 2647 2737 et
2669 2679 2961 2750 corruptio.
2986 2679 3060 2735 Ε)
3088 2679 3247 2736 modo
3276 2681 3506 2739 diceret:

1919 2763 1975 2827 Si
2004 2769 2220 2828 flamma
2264 2781 2367 2840 est,
2396 2781 2449 2827 et
2493 2771 2678 2840 ardet;
2733 2771 2777 2827 si
2808 2773 2980 2841 ardet,
3026 2779 3081 2828 et
3119 2775 3252 2841 urit;
3302 2774 3345 2830 si
3380 2775 3508 2846 urit,

1919 2877 2051 2935 ergo
2096 2875 2151 2919 ct
2199 2865 2437 2921 virorum
2488 2864 2647 2920 trium
2701 2864 2753 2919 in
2786 2863 3059 2920 fornacem
3089 2864 3228 2936 ignis
3252 2863 3320 2920 ab
3349 2865 3514 2936 impio

1919 2970 2046 3027 rege
2080 2956 2370 3013 missorum
2420 2971 2648 3027 corpora
2680 2952 2937 3013 incendit.
2990 2947 3101 3013 iloc
3155 2957 3201 3012 si
3232 2966 3411 3016 autem
3458 2957 3513 3016 in

1921 3048 2089 3106 tribus
2111 3047 2239 3107 viris
2268 3047 2582 3108 miraculum
2614 3052 2810 3108 factum
2843 3067 2962 3108 esse
2993 3067 3098 3107 non
3130 3051 3338 3110 dubitat
3363 3056 3508 3127 quis-

1917 3145 2038 3215 quis
2050 3143 2114 3200 de
2127 3145 2357 3202 diviniso
2371 3148 2586 3218 peribus
2600 3154 2744 3204 recte
2757 3147 2914 3219 sapit,
2927 3162 3022 3203 cur
3037 3165 3142 3204 non
3163 3150 3411 3208 credatur
3422 3149 3512 3224 qui

1917 3225 2046 3292 fecit
2065 3235 2152 3294 illa
2169 3253 2415 3310 corpora,
2434 3255 2541 3296 non
2560 3256 2718 3311 posse
2732 3241 2853 3312 igne
2866 3242 3137 3314 corrumpi
3160 3244 3352 3301 fecisse
3381 3244 3515 3303 illud

218 3332 276 3388 te
303 3332 561 3388 adducit?
588 3334 894 3391 Secundum
936 3336 1188 3391 duritiam
1218 3345 1397 3392 autem
1430 3336 1609 3392 cordis
1657 3337 1732 3391 tui
1760 3343 1818 3393 et
1845 3333 1892 3400 0
1922 3345 2117 3401 corpus
2136 3349 2235 3389 nec
2252 3348 2412 3404 posse
2433 3333 2706 3404 corrumpi
2732 3335 2874 3405 igne,
2892 3350 2990 3391 nec
3006 3334 3284 3405 fame,nec
3302 3339 3514 3408 morbo,

217 3437 316 3479 cor
337 3425 681 3496 impmniteos
705 3428 1035 3484 tltesaurizas
1058 3429 1154 3484 tibi
1177 3429 1314 3484 iram
1343 3429 1396 3483 in
1421 3429 1507 3484 die
1527 3430 1626 3486 iraa
1647 3439 1701 3486 et
1726 3445 1816 3487 re-

219 3515 510 3574 velationls
534 3519 662 3590 justi
698 3519 886 3591 judicii
922 3520 1040 3588 Dei,
1069 3523 1159 3592 qui
1195 3521 1384 3577 reddet
1413 3523 1703 3591 unicuique
1730 3537 1819 3578 se-

215 3613 458 3669 cundum
487 3629 651 3687 opera
676 3631 794 3671 sua.
827 3616 936 3673 Nec
964 3625 1145 3673 tamen
1187 3629 1309 3671 cum
1339 3616 1393 3672 in
1426 3617 1537 3673 Deo
1566 3618 1672 3673 sint
1701 3618 1823 3672 uni-

221 3724 389 3767 versa
419 3725 539 3782 quae
567 3711 807 3768 condidit
853 3713 1133 3784 inquinant
1159 3725 1282 3769 eum
1325 3712 1417 3783 qui
1459 3717 1702 3784 peccant,
1750 3711 1820 3767 de

221 3802 384 3874 cujus
403 3806 666 3875 sapientia
687 3805 886 3862 dicitur
905 3823 918 3860 :
943 3806 1169 3878 Attlngit
1199 3815 1376 3860 autem
1397 3805 1580 3862 oninia
1603 3813 1820 3875 propter

218 3909 379 3952 suam
425 3897 745 3952 munditiam
771 3900 905 3969 99,
935 3909 990 3955 et
1037 3900 1169 3954 nihil
1222 3899 1556 3968 inquinatum
1594 3898 1650 3952 in
1697 3911 1820 3953 eam

219 3987 471 4044 incurrit.
515 3989 740 4060 Oportet
789 3992 934 4047 enim
974 3999 1033 4047 ut
1060 3991 1198 4047 sicut
1231 3992 1395 4047 Deum
1446 3990 1822 4061 incorruptibi-

219 4077 335 4135 lem
365 4090 421 4136 et
448 4080 966 4151 incommutabilem,
1008 4086 1082 4140 ita
1109 4092 1504 4155 consequenter
1542 4084 1705 4140 etiam
1735 4084 1818 4140 in-

219 4172 683 4241 ceinquinabiiem
709 4175 1013 4232 credamus.

735 4285 963 4344 CAPUT
1002 4285 1319 4344 CCCXLili.

220 4369 314 4431 De
336 4385 550 4450 corpore
579 4371 790 4450 Domini
811 4385 922 4446 post
949 4380 1392 4444 resurrectionem,
1417 4393 1481 4434 ea:
1509 4377 1725 4450 epistola
1751 4379 1822 4435 ad

473 4448 822 4518 timentium,
855 4450 920 4504 de
947 4450 1124 4504 eadem
1153 4466 1209 4504 re
1229 4448 1600 4506 consulentem.

299 4539 514 4610 Quaeris
544 4550 726 4597 evrum
758 4554 902 4597 nunc
931 4555 1128 4611 corpus
1158 4543 1376 4599 Domini
1424 4559 1544 4601 assa
1595 4552 1650 4602 et
1691 4559 1822 4601 san-

221 4633 446 4705 guinem
477 4633 692 4702 habeat,
721 4641 814 4691 eut
843 4635 1054 4707 reliqua
1078 4636 1258 4692 carnis
1289 4636 1638 4694 lineamenta.
1679 4637 1822 4708 Quid

1925 3439 2026 3478 nec
2047 3425 2222 3489 senio,
2249 3440 2347 3481 nec
2374 3425 2480 3481 ulla
2509 3425 2559 3481 vi
2587 3425 2689 3481 alia
2731 3441 2836 3496 qua
2865 3426 3006 3482 solet
3034 3426 3263 3484 humana
3286 3446 3517 3500 corpora

1924 3509 2251 3571 labefactare
2279 3517 2601 3587 corruptio?
2631 3517 2786 3586 Quod
2816 3517 2859 3573 si
2912 3517 3191 3589 quisquam
3222 3513 3372 3589 dicit,
3406 3538 3516 3580 non

1925 3603 2076 3661 carni
2118 3608 2279 3662 trium
2337 3606 2574 3664 virorum
2607 3607 2821 3664 illorum
2854 3596 3090 3665 additam
3121 3621 3304 3668 contra
3337 3614 3515 3686 ignem

1923 3698 2409 3772 incorruptionem,
2427 3705 2519 3758 sed
2551 3704 2651 3775 ipsi
2677 3703 2782 3777 igni
2813 3704 3109 3762 detractam
3134 3709 3518 3782 corrumpendi

1924 3795 2265 3864 facultatem;
2297 3795 2427 3866 quid
2466 3811 2716 3854 veremur
2753 3815 2819 3856 ne
2847 3815 3065 3858 carnem
3109 3803 3288 3862 facere
3329 3805 3519 3879 nequi-

1924 3889 2062 3944 verit
2085 3904 2191 3946 non
2220 3904 2381 3961 posse
2412 3891 2704 3962 corrumpi,
2735 3891 2825 3963 qui
2858 3893 2983 3950 fecit
3014 3895 3190 3966 ignem
3220 3913 3326 3954 non
3353 3914 3518 3970 posse

1925 3984 2314 4053 corrumpere?
2362 3982 2492 4037 Nam
2544 3983 2588 4038 si
2639 3981 2769 4038 illud
2815 3999 2920 4039 non
2969 3985 3037 4041 de
3074 3987 3270 4053 carnis,
3319 3977 3411 4045 sed
3450 3977 3520 4048 de

1923 4076 2061 4147 ignis
2109 4077 2412 4133 mutatione
2454 4075 2796 4148 intelligitur,
2849 4077 3018 4133 multo
3055 4087 3138 4134 est
3176 4079 3516 4138 mirabilius:

1923 4168 2086 4225 simul
2105 4169 2248 4224 enim
2277 4180 2330 4224 et
2355 4169 2633 4225 hominum
2657 4183 2882 4240 corpora
2908 4186 3014 4226 non
3041 4173 3244 4239 urebat,
3267 4189 3372 4230 non
3406 4175 3519 4248 [ne]

1926 4273 2109 4331 posset
2134 4277 2367 4330 nocere;
2392 4271 2448 4319 et
2477 4263 2616 4334 ligna
2645 4263 2878 4320 fornacis
2903 4265 3114 4331 urebat,
3143 4275 3204 4321 ut
3226 4277 3405 4336 posset
3435 4284 3518 4324 ar-

1923 4355 2075 4413 dere.
2101 4356 2207 4413 Sed
2241 4357 2328 4428 qui
2357 4359 2521 4413 etiam
2549 4357 2649 4412 ista
2694 4372 2803 4413 non
2831 4357 3054 4413 credunt
3091 4359 3312 4415 nimium
3338 4359 3407 4417 de
3438 4361 3520 4418 di-

1924 4450 2048 4505 vina
2073 4459 2340 4522 potestate
2368 4449 2643 4517 difﬁdunt,
2667 4465 2768 4508 nec
2796 4465 2917 4507 cum
2943 4452 3022 4506 cis
3047 4453 3132 4508 vel
3163 4453 3229 4508 ad
3261 4467 3354 4510 eos
3375 4467 3520 4511 nunc

1925 4556 2106 4598 sermo
2127 4541 2279 4598 nobis
2303 4551 2406 4599 est.
2430 4541 2530 4608 Qui
2553 4550 2729 4598 autem
2763 4542 2862 4599 ista
2884 4542 3132 4612 credunt,
3156 4559 3224 4600 ex
3253 4546 3331 4601 eis
3355 4546 3519 4603 etiam

1928 4634 2041 4703 illa,
2077 4644 2362 4708 utrumque
2412 4633 2731 4709 [utcunque]
2777 4636 3099 4708 conjiciant,
3140 4653 3261 4709 qua:
3293 4639 3520 4698 ﬁdeliter

221 4729 274 4784 si
318 4726 568 4797 adderes,
594 4736 777 4785 utrum
795 4729 959 4786 etiam
987 4728 1360 4786 vestimenta?
1388 4746 1566 4787 nonne
1590 4745 1818 4805 augere-
1847 4717 1902 4786 Π
1927 4740 2196 4802 quaerunt.
2217 4731 2374 4787 Valet
2398 4729 2558 4802 igitur
2580 4727 2758 4786 divina
2785 4731 3046 4803 potentia,
3075 4733 3167 4803 qui
3191 4731 3320 4790 fecit
3340 4734 3522 4806 ignem

223 4830 319 4876 tur
344 4820 743 4892 quaestioiQea
783 4834 968 4891 causa,
1023 4822 1127 4877 nisi
1170 4823 1262 4893 qui
1301 4821 1471 4896 [quia]
1499 4840 1562 4879 ea
1598 4839 1718 4894 quae
1764 4826 1818 4880 in

223 4931 334 4973 usu
381 4915 506 4972 vitm
550 4914 708 4987 hujus
750 4925 947 4971 nostrae
982 4916 1350 4987 corruptibilia
1397 4918 1667 4986 novimus,
1700 4919 1820 4975 sine

216 5008 579 5078 corruptione
624 5008 862 5080 cogitare
904 5007 992 5065 vix
1023 5023 1332 5079 possumus,
1365 5024 1486 5066 cum
1515 5011 1818 5069 divinorum

217 5102 891 5174 miraculorum,qua3dam
904 5102 1224 5160 documenta
1236 5104 1346 5174 jam
1358 5105 1478 5160 data
1493 5106 1687 5175 sint,ex
1701 5107 1820 5178 qui-

217 5192 334 5250 bus
364 5193 521 5250 liceat
551 5193 860 5266 conjectare
888 5194 1127 5265 majora?
1157 5194 1288 5251 Nam
1325 5195 1372 5251 si
1402 5196 1570 5252 vestis
1607 5197 1817 5254 israeli-

220 5291 410 5340 tarum
441 5299 538 5354 per
558 5291 821 5339 totannos
848 5285 900 5340 in
924 5299 1108 5342 eremo
1126 5285 1245 5342 sine
1267 5285 1456 5342 tritura
1473 5299 1596 5344 esse
1621 5288 1813 5358 potuit,

117 5391 154 5444 δ
223 5377 277 5431 si
315 5376 596 5432 morticina
629 5375 783 5446 pellis
819 5376 1307 5435 calceamentorum
1337 5378 1526 5435 tandiu
1556 5380 1671 5435 sine
1699 5379 1820 5436 labe

96 5458 116 5521 ἕ
218 5467 468 5535 duravit,
505 5477 682 5539 potest
711 5468 910 5539 ubique
939 5471 1078 5529 Deus
1101 5473 1468 5543 quorumlibet
1503 5486 1818 5544 corporum,

215 5574 328 5631 per
355 5569 616 5631 quantum
647 5560 877 5618 voluerit
912 5570 1143 5634 tempus,
1191 5566 1558 5636 incorruptam
1597 5576 1819 5636 proten-

208 5649 569 5724 derejquaiita
577 5660 704 5710 tem.
722 5653 832 5725 Ego
845 5653 1068 5724 proinde
1081 5655 1292 5714 Domini
1307 5674 1499 5730 corpus
1520 5661 1588 5714 ita
1607 5658 1658 5714 in
1681 5659 1822 5716 coelo

209 5757 351 5798 esse
371 5745 557 5812 credo,
576 5755 634 5800 ut
653 5753 768 5801 erat
788 5747 840 5802 in
864 5755 1005 5804 terra
1020 5751 1234 5819 quando
1251 5753 1491 5808 ascendit
1520 5753 1574 5809 in
1599 5753 1818 5810 cmlum.

216 5831 445 5892 Dixerat
473 5845 652 5894 autem
678 5840 978 5913 discipulis,
1000 5850 1060 5899 ut
1087 5845 1142 5901 in
1170 5845 1455 5915 Evangelio
1487 5847 1820 5917 iegimus,de

214 5938 329 5984 sua
357 5933 756 5988 resurrectione
792 5931 1186 6006 dubitantibus,
1236 5944 1290 5994 et
1334 5935 1464 5994 illud
1493 5940 1633 6010 quod
1668 5941 1818 5998 vide-

1927 4837 2035 4879 non
2087 4838 2249 4893 posse
2287 4836 2661 4893 corrumpere,
2717 4822 2784 4877 de
2834 4825 2934 4878 ista
2966 4823 3162 4879 visibili
3191 4834 3353 4895 atque
3405 4835 3518 4881 tra-

1925 4916 2109 4972 ctabili
2134 4924 2320 4971 natura
2347 4929 2660 4986 corporum,
2688 4913 3007 4985 quibusdam
3038 4916 3396 4987 manentibus,
3421 4933 3517 4975 au-

1926 5009 2070 5067 ferre
2099 5024 2232 5082 quas
2263 5009 2492 5067 voluerit
2512 5011 2820 5081 qualitates,
2848 5025 2912 5067 ac
2942 5025 3038 5082 per
3059 5011 3161 5066 hoc
3191 5011 3334 5068 valet
3355 5012 3516 5068 etiam

1927 5103 2163 5160 membra
2217 5102 2494 5170 mortalia,
2529 5101 2718 5159 formai
2746 5102 3091 5160 lineamentis
3140 5087 3514 5177 manentibus,

1922 5196 2274 5265 corruptione
2298 5208 2428 5250 vero
2449 5193 2790 5250 mortalitatis
2817 5203 3088 5261 emortua,
3122 5194 3300 5250 stabili
3330 5196 3516 5270 vigore

1922 5291 2160 5358 ﬁrmare,
2192 5297 2251 5343 ut
2279 5287 2419 5343 absit
2459 5286 2630 5354 labes,
2675 5287 2816 5342 adsit
2862 5285 3100 5358 effigies,
3154 5287 3294 5344 adsit
3323 5293 3511 5360 motio,

1922 5383 2062 5438 absit
2101 5381 2376 5452 fatigatio;
2431 5379 2573 5436 adsit
2622 5377 2874 5436 vescendi
2918 5385 3178 5447 potestas,
3219 5379 3358 5436 absit
3385 5397 3515 5439 esu-

1924 5475 2094 5534 riendi
2105 5475 2421 5533 necessitas.
2444 5471 2670 5529 Constat
2685 5473 2886 5542 itaque,
2901 5485 3076 5541 neque
3099 5471 3214 5528 ullo
3233 5474 3396 5530 modo
3417 5474 3516 5532 du-

1924 5570 2202 5628 bitandum
2224 5575 2328 5636 est,
2343 5580 2540 5637 corpus
2559 5563 2782 5631 Christi,
2801 5564 2942 5635 quod
2973 5564 3100 5621 licet
3116 5566 3514 5637 corruptionem

1928 5663 2222 5736 putredinis
2275 5663 2330 5718 in
2369 5659 2618 5730 sepulcro
2664 5672 2769 5713 non
2814 5657 3009 5714 viderit
3053 5659 3218 5729 (unde
3247 5659 3513 5731 scriptum

1922 5768 2034 5815 est:
2067 5757 2176 5815 Nec
2203 5755 2358 5813 dabis
2382 5761 2626 5809 sanctum
2677 5762 2824 5807 tuum
2853 5751 3038 5807 videre
3063 5752 3514 5826 corruptionem),

1925 5860 2102 5907 tamen
2125 5851 2308 5906 lancea
2330 5844 2602 5918 perrumpi
2626 5844 2818 5914 potuit,
2852 5858 2994 5899 nunc
3019 5845 3240 5903 omnino
3263 5845 3315 5899 in
3341 5844 3493 5900 ineor

1925 5943 2173 6012 ruptione
2197 5937 2522 6001 consistere,
2547 5943 2600 5990 et
2628 5933 2768 6003 quod
2797 5935 2848 5994 iu
2878 5934 3206 5992 contumelia
3238 5935 3510 6007 passionis
