4010 6382
530 478 665 571 {OH

463 625 470 633 -
528 565 827 661 mortisque
863 583 1180 643 seminatum
1207 584 1310 643 est,
1363 586 1503 628 nunc
1540 584 1661 626 esse
1690 568 1951 638 injgloria
1982 565 2109 619 vitae
2139 565 2190 625 Α

531 698 780 752 aeternas;
812 691 866 740 et
891 677 1029 752 quod
1058 690 1126 732 ex
1145 669 1452 728 inﬁrmitate
1479 666 1649 738 potuit
1678 661 1940 731 cruciﬁgi,
1973 671 2114 713 nunc

532 782 590 838 in
622 782 816 836 virtute
853 749 1119 843 regnare;
1177 773 1233 821 et
1271 761 1414 834 quod
1458 768 1574 816 erat
1623 769 1819 826 corpus
1858 749 2114 819 animale,

533 874 790 948 quoniam
816 883 880 923 ex
913 863 1084 919 Adam
1115 866 1385 928 sumptum
1416 861 1519 919 est,
1552 866 1657 907 non
1689 863 1808 904 esse
1848 844 2113 916 spiritale,

531 940 784 1040 quoniam
829 955 1042 1030 spiritui
1066 954 1178 1025 jam
1211 947 1643 1019 inseparabiliter
1673 940 1980 1012 copulatum
2011 944 2114 992 est.

1029 1087 1256 1146 CAPUT
1296 1079 1617 1142 CCCXLIV.

533 1199 612 1255 De
640 1208 852 1265 corpore
891 1186 1106 1246 animali
1148 1193 1196 1265 et
1242 1195 1456 1261 corpore
1495 1172 1737 1245 spiritali,
1779 1170 1846 1225 ad
1890 1165 2120 1224 eumdem

1156 1252 1500 1309 Consentium.

604 1380 752 1436 Dixit
772 1372 1063 1447 Apostolus
1087 1386 1103 1424 :
1127 1369 1439 1424 Seminatur
1457 1375 1652 1430 corpus
1674 1356 1925 1421 animale,
1944 1357 2127 1422 surget

535 1487 730 1544 corpus
771 1465 1030 1539 spiritale.
1079 1458 1310 1518 Proinde
1343 1457 1479 1510 sicut
1510 1452 1742 1507 animale
1793 1460 1989 1516 corpus
2021 1458 2125 1498 non

537 1578 619 1626 est
657 1566 860 1628 anima,
891 1559 986 1616 sed
1017 1568 1236 1626 corpus,
1276 1552 1346 1606 ita
1393 1559 1448 1603 et
1485 1544 1727 1617 spiritale
1776 1555 1972 1611 corpus
2023 1552 2128 1591 non

543 1662 790 1734 spiritum
842 1656 1102 1712 debemus
1151 1658 1360 1719 putare,
1392 1643 1487 1702 sed
1530 1655 1744 1709 corpus.
1795 1636 1922 1704 Quis
1969 1646 2130 1703 porro

539 1726 734 1826 audeat
761 1747 992 1819 opinari,
1024 1743 1110 1800 vel
1135 1739 1333 1797 Christi
1363 1748 1557 1805 corpus
1613 1747 1718 1787 non
1773 1726 2014 1799 spiritale
2043 1739 2130 1778 re-

542 1818 865 1907 surrexisse,
888 1837 974 1893 vel
997 1836 1041 1889 si
1069 1830 1307 1902 spiritale
1331 1824 1645 1890 resurrexit,
1673 1835 1777 1875 non
1803 1818 1912 1888 jam
1937 1828 2134 1882 corpus

541 1937 728 2002 luisse,
772 1931 867 1988 sed
912 1930 1157 1998 spiritum
1186 1938 1341 1977 :cum
1373 1922 1510 1974 hanc
1550 1915 1858 1986 opinionem
1903 1910 2134 1978 discipu-

539 2035 716 2090 lorum
741 2026 970 2089 refellat,
993 2022 1084 2077 ubi
1106 2034 1227 2073 cum
1255 2031 1377 2072 eum
1406 2012 1650 2067 videntes
1679 2008 2053 2063 existimarent
2076 2015 2134 2055 se

540 2125 790 2196 spiritum
816 2119 1025 2180 videre,
1058 2114 1169 2168 ait:
1195 2109 1436 2178 Palpate,
1476 2113 1530 2160 et
1553 2102 1731 2158 videte
1764 2099 1886 2169 quia
1914 2095 2134 2166 spiritus

543 2233 666 2276 ossa
697 2226 752 2272 et
781 2225 998 2268 carnem
1030 2222 1134 2260 non
1169 2204 1350 2267 habet,
1380 2200 1519 2254 sicut
1556 2211 1644 2251 me
1675 2192 1864 2249 videtis
1899 2185 2136 2243 habere?

542 2311 662 2367 Jam
695 2306 854 2376 igitur
884 2302 972 2357 illa
999 2311 1125 2354 caro
1154 2293 1397 2365 spiritale
1424 2299 1539 2345 erat
1569 2301 1784 2356 corpus,
1816 2298 1915 2338 nec
1958 2289 2137 2334 tamen

543 2368 779 2470 Spiritus
817 2401 954 2455 erat,
991 2388 1086 2443 sed
1116 2398 1334 2454 corpus,
1378 2381 1524 2435 nulla
1578 2376 1805 2432 ulterius
1853 2382 2026 2426 morte
2071 2368 2138 2423 ab

544 2490 720 2544 anima
753 2479 1134 2540 resolvendum
1164 2485 1321 2542 atque
1351 2467 1710 2540 separandum
1743 2482 1755 2518 :
1783 2464 1922 2519 sicut
1944 2473 2138 2528 corpus

546 2578 802 2644 animale,
845 2574 1004 2644 quale
1033 2568 1327 2625 animatum
1358 2573 1442 2620 est
1472 2562 1566 2618 Dei
1612 2560 1763 2625 ﬂatu,
1810 2571 1931 2612 cum
1967 2554 2140 2608 factus

547 2687 630 2732 est
659 2674 820 2727 homo
855 2669 906 2723 in
936 2665 1169 2721 animam
1191 2661 1390 2725 vivam,
1424 2653 1588 2710 etiam
1615 2653 1787 2723 ipsum
1820 2662 1887 2702 ex
1921 2642 2140 2701 animali

550 2764 811 2838 spiritale,
844 2761 961 2816 sine
991 2755 1180 2813 mortis
1202 2754 1509 2808 interveniu
1541 2747 1714 2800 fuerat
1748 2743 2003 2803 luturum,
2037 2733 2140 2790 nisi

551 2857 906 2929 transgressio
917 2849 1166 2925 praecepti
1183 2841 1625 2918 priuscommisso
1638 2843 1860 2909 peccato
1876 2833 2145 2901 inlligeret

553 2968 788 3026 poenam,
820 2962 977 3018 quam
1006 2945 1151 2999 Deus
1179 2946 1404 2996 servata:
1430 2933 1650 3005 iustitia:
1679 2932 1832 2985 daret
1859 2938 2139 2981 coronam.

553 3022 708 3104 Unde
751 3040 1008 3097 Dominus
1034 3035 1279 3090 Christus
1323 3044 1417 3099 per
1450 3040 1548 3081 nos
1577 3023 1642 3078 ad
1684 3037 1781 3078 nos
1818 3022 1984 3082 venit,
2021 3029 2142 3071 cum

554 3148 869 3210 peccatores
891 3131 1069 3201 justus
1100 3124 1324 3187 invenit,
1359 3135 1455 3190 per
1490 3128 1712 3173 stratum
1747 3110 2144 3183 quodammodo

557 3226 874 3288 humilitatis
918 3231 1138 3285 nostra),
1170 3215 1263 3271 sed
1297 3229 1402 3268 non
1449 3227 1568 3266 cum
1621 3207 1810 3262 morbo
1853 3203 2146 3274 iniquitatis

557 3333 777 3379 nostrae.
807 3316 940 3372 Nam
971 3327 1068 3384 per
1097 3308 1329 3365 animale
1359 3304 1538 3370 nobis,
1585 3303 1688 3356 hoc
1716 3309 1818 3366 est,
1865 3312 1957 3366 per
2001 3310 2144 3349 rnor-

557 3416 662 3471 tale
691 3425 885 3480 corpus
934 3403 1206 3475 apparuit,
1254 3399 1345 3470 qui
1392 3398 1597 3465 utique,
1629 3393 1672 3448 si
1716 3389 1997 3454 voluisset,
2026 3401 2149 3442 cum

557 3519 783 3578 corpore
810 3496 1100 3557 immortali
1131 3493 1377 3564 primitus
1403 3487 1734 3543 advenisset.
1766 3484 1872 3539 Sed
1900 3481 2021 3552 quia
2051 3493 2149 3534 nos

559 3567 863 3655 humilitate
937 3589 1056 3646 Filii
1110 3584 1206 3641 Dei
1259 3580 1437 3637 sanari
1493 3574 1817 3648 oportebat,
1865 3585 2034 3639 usque
2082 3567 2148 3624 ad

559 3703 798 3751 nostram
844 3684 1211 3743 inﬁrmitatem
1244 3673 1545 3734 descendit.
1573 3682 1626 3726 et
1656 3669 1780 3724 ﬁdei
1811 3675 2009 3722 nostrae
2038 3678 2149 3718 rne-

560 3787 724 3840 ritum
773 3795 836 3834 ae
865 3775 1143 3847 praemium
1184 3770 1383 3824 virtute
1435 3779 1549 3820 suae
1596 3757 2010 3817 resurrectionis
2061 3769 2150 3810 os-

565 3875 767 3937 tendit;
797 3871 918 3925 ideo
949 3865 1194 3935 sequitur
1224 3857 1518 3929 Apostolus
1542 3864 1596 3910 et
1620 3853 1748 3908 dicit
1774 3868 1787 3905 :
1817 3849 2150 3905 Novissimus

563 3969 734 4025 Adam
767 3965 819 4018 in
844 3959 1087 4033 spiritum
1115 3952 1467 4010 viviﬁcantem
1493 3965 1504 4000 :
1535 3947 1648 4002 sive
1679 3942 2004 4011 intelligatur
2045 3939 2152 4008 pri-

563 4075 683 4117 mus
710 4031 890 4113 Adam
909 4052 1000 4122 qui
1031 4052 1096 4104 de
1138 4046 1361 4117 pulvere
1388 4051 1514 4097 ante
1545 4040 1804 4093 formatus
1835 4043 1935 4101 est,
1971 4031 2150 4086 novis-

513 4226 516 4230 η
564 4155 732 4208 simus
777 4158 955 4204 autem
988 4142 1157 4198 Adam
1200 4139 1290 4209 qui
1333 4138 1400 4192 de
1431 4132 1652 4203 Virgine
1695 4137 2006 4200 procreatus
2034 4135 2146 4191 est;

563 4247 680 4301 sive
707 4244 760 4298 in
789 4249 1114 4309 unoquoque
1145 4231 1362 4287 homine
1394 4237 1682 4294 utrumque
1711 4222 2062 4290 compleatur,
2094 4226 2151 4271 ut

565 4340 769 4409 primus
800 4333 970 4387 Adam
1003 4331 1071 4384 sit
1117 4327 1276 4381 homo
1323 4321 1377 4376 in
1431 4331 1660 4386 corpore
1705 4313 1940 4376 mortali,
1973 4311 2149 4365 novis-

565 4405 735 4485 simus
758 4425 925 4480 Adam
964 4421 1103 4476 idem
1132 4419 1244 4486 ipse
1273 4417 1324 4470 in
1357 4424 1586 4481 corpore
1615 4405 1902 4463 immortali
1932 4422 1944 4458 :
1973 4413 2152 4458 tamen

567 4522 706 4574 inter
731 4517 962 4572 animam
993 4515 1258 4568 viventem
1291 4515 1346 4563 et
1386 4504 1631 4575 spiritum
1659 4499 2018 4556 viviﬁcantem
2050 4497 2151 4552 hoc

566 4609 835 4665 interesse
866 4605 1057 4671 voluit,
1091 4611 1148 4656 ut
1176 4599 1283 4654 illic
1319 4597 1390 4653 sit
1415 4608 1612 4663 corpus
1639 4591 1891 4657 animale,
1924 4589 2010 4643 hic
2043 4589 2151 4658 spi-

571 4701 724 4757 ritale
767 4717 780 4752 :
812 4698 988 4752 anima
1033 4693 1232 4765 quippe
1273 4691 1330 4744 in
1365 4701 1593 4756 corpore
1632 4682 1848 4739 animali
1881 4681 2008 4735 vivit
2034 4681 2152 4750 qui-

566 4792 715 4858 dem,
744 4788 838 4844 sed
869 4799 975 4840 non
1018 4782 1250 4838 viviﬁcat
1276 4792 1449 4848 usque
1477 4776 1545 4831 ad
1591 4772 1935 4829 auferendum
1964 4785 2150 4825 corru-

565 4882 825 4954 ptionem.
869 4878 927 4932 In
950 4887 1171 4944 corpore
1195 4885 1324 4926 vero
1354 4867 1598 4938 spiritali,
1631 4864 1882 4936 quoniam
1912 4861 2149 4932 perfecte

565 4953 849 5032 adhaerens
891 4965 1115 5023 Domino
1146 4978 1285 5019 unus
1312 4961 1529 5030 spiritus
1559 4965 1664 5024 est,
1698 4955 1774 5011 sic
1808 4953 2058 5019 viviﬁcat,
2091 4961 2150 5008 ut

565 5066 811 5139 spiritale
836 5073 1030 5131 corpus
1054 5055 1269 5121 efﬁciat,
1299 5054 1587 5107 absumens
1611 5063 1824 5105 omnem
1849 5046 2149 5115 corruptio-

567 5175 715 5225 nem,
745 5156 944 5213 nullam
970 5157 1218 5206 metuens
1235 5143 1629 5214 separationem
1659 5159 1671 5194 :
1703 5141 1772 5195 Et
1803 5155 1924 5206 nos,
1953 5139 2145 5209 inquit,

569 5255 982 5310 commutamur.
1032 5241 1174 5311 Ergo
1213 5239 1371 5295 istam
1421 5235 1890 5290 commutationem
1934 5235 1984 5288 in
2031 5247 2143 5286 me—

567 5348 675 5403 lius
722 5333 876 5416 ιοσ
925 5340 1040 5395 sine
1084 5332 1420 5392 dubitatione
1461 5337 1673 5400 Oportet
1719 5327 1967 5398 intelligi,
2018 5327 2141 5397 quia

567 5449 757 5495 omnes
802 5441 858 5489 et
896 5431 1023 5501 justi
1073 5440 1126 5483 et
1178 5427 1360 5497 injusti
1405 5422 1756 5479 resurrecturi
1809 5431 1932 5475 sunt
1981 5437 1994 5473 :
2048 5420 2144 5475 sed

567 5530 706 5588 sicut
734 5524 990 5582 Dominus
1021 5523 1071 5576 in
1107 5519 1396 5588 Evangelio
1427 5517 1687 5586 loquitur,
1717 5515 1815 5582 Qui
1864 5514 2145 5570 benefece-

569 5633 716 5689 runt,
745 5621 796 5677 in
839 5614 1286 5674 resurrectionem
1316 5614 1462 5678 νὶιω,
1496 5610 1587 5680 qui
1632 5608 1770 5664 male
1814 5617 2056 5677 egerunt,
2091 5608 2143 5662 in

569 5714 1014 5772 resurrectionem
1044 5709 1227 5780 judirii
1268 5724 1283 5762 :
1323 5706 1582 5776 judicium
1614 5703 1889 5774 appellans
1933 5717 2146 5772 prunam

573 5807 982 5874 sempiternam;
1013 5804 1152 5856 sicut
1199 5801 1302 5855 alio
1347 5801 1461 5854 loco
1495 5817 1507 5851 :
1541 5798 1640 5865 Qui
1674 5811 1778 5851 non
1826 5795 2016 5862 credit,
2066 5798 2139 5848 in-

576 5895 709 5964 quit,
737 5895 842 5960 jam
872 5894 1137 5960 judicatus
1173 5901 1275 5945 est.
1316 5891 1547 5944 Proinde
1577 5889 1651 5943 illi
1681 5890 1767 5958 qui
1803 5887 1863 5939 ad
1891 5887 2149 5954 judicium

578 5982 924 6044 resurrecturi
949 5990 1090 6046 sunt,
1117 5995 1219 6035 non
1246 5979 1710 6034 commutabuntur
1734 5979 1783 6033 in
1809 5976 1951 6031 illam
1979 5976 2152 6031 incir-

1603 455 1668 509 D.
1711 447 2034 509 EUGYPPII
2074 445 2361 503 ABBATIS
2396 438 2724 500 AFRICANI

3668 423 3784 479 i072

2219 561 2485 631 ruptelam
2515 571 2633 628 quae
2665 569 2767 610 nec
2793 548 2997 607 doloris
3017 543 3417 616 corruptionem
3447 538 3560 609 pati
3591 546 3782 603 potest:

2216 629 2305 710 illa
2336 665 2567 721 namque
2595 645 2827 702 ﬁdelium
2861 651 2946 698 est
2985 648 3143 709 atque
3173 643 3520 695 sanctorum;
3552 629 3639 684 isti
3674 646 3783 684 vero

2219 754 2471 816 perpetua
2500 739 2858 809 corruptione
2883 732 3286 793 cruciabuntur,
3309 725 3430 796 quia
3459 721 3603 793 ignis
3628 736 3784 777 eorum

2220 855 2324 894 non
2356 838 2754 904 exstinguetur,
2797 838 2853 885 et
2894 825 3095 883 vermis
3135 835 3321 878 eorum
3365 831 3476 873 non
3536 824 3780 869 morietur.

2219 930 2357 996 Quid
2388 927 2492 982 sibi
2518 939 2645 994 ergo
2673 922 2792 978 vult
2819 921 2918 976 ista
2949 915 3230 974 distinctio
3261 930 3275 969 :
3309 913 3380 967 Et
3409 910 3612 966 mortui
3641 923 3785 962 resur-

2222 1034 2347 1098 gent
2391 1018 2711 1088 incorrupti,
2761 1025 2816 1072 et
2863 1029 2960 1070 nos
2997 1008 3486 1072 commutabimur,
3545 1002 3644 1057 nisi
3689 1000 3784 1071 quia

2222 1131 2410 1172 omnes
2442 1112 2738 1181 incorrupti
2786 1115 3088 1176 resurgent,
3121 1104 3215 1159 sed
3269 1117 3332 1155 ex
3365 1100 3453 1154 his
3499 1097 3628 1167 justi
3655 1097 3782 1149 etiam

2222 1197 2664 1270 immutabuntur,
2699 1205 2753 1260 in
2800 1204 2946 1259 illam
2988 1197 3408 1266 incorruptelam
3461 1192 3553 1248 cui
3603 1192 3786 1244 omnino

2226 1306 2373 1362 nulla
2426 1311 2612 1374 posset
2652 1314 2849 1356 nocere
2896 1293 3202 1365 corruptio?
3231 1306 3294 1347 ac
3335 1305 3433 1360 per
3487 1287 3590 1342 hoc
3633 1285 3707 1355 qui
3748 1285 3785 1337 iu

2228 1414 2344 1454 eam
2395 1412 2498 1452 non
2552 1392 3067 1453 commutabuntur,
3117 1382 3414 1452 incorrupti
3476 1380 3682 1451 quidem
3728 1391 3788 1430 re-

2229 1500 2449 1562 surgent
2509 1488 2813 1558 integritate
2857 1482 3260 1542 membrorum,
3310 1475 3403 1531 sed
3469 1480 3643 1526 tamen
3694 1484 3786 1522 cor-

2231 1585 2514 1657 rumpendi
2557 1583 2743 1638 dolore
2788 1589 3090 1648 poenarum,
3121 1587 3244 1626 cum
3286 1567 3568 1624 audierint
3599 1580 3613 1618 :
3645 1563 3707 1616 Ite
3749 1560 3787 1613 in

2232 1655 2408 1749 ignem
2443 1686 2700 1730 aeternum
2742 1671 2834 1742 qui
2886 1676 3101 1739 paratus
3151 1673 3232 1719 est
3277 1660 3501 1716 diabolo
3531 1668 3583 1712 et
3622 1655 3787 1723 angelis

2234 1746 2351 1840 ejus
2379 1788 2391 1835 ;
2429 1785 2460 1823 a
2490 1781 2596 1838 quo
2622 1764 2804 1820 auditu
2845 1762 2988 1817 malo
3015 1758 3191 1830 justus
3220 1768 3328 1809 non
3371 1750 3602 1806 timebit.
3635 1748 3699 1803 De
3721 1746 3786 1799 illa

2237 1877 2365 1917 vero
2412 1837 2833 1915 commutatione
2869 1854 3170 1922 justorum,
3223 1861 3345 1900 cum
3387 1843 3610 1898 dixisset
3647 1859 3660 1893 :
3704 1837 3787 1892 Nos

2163 1953 2727 2016 Bcommutabimur,
2800 1959 3050 2016 tanquam
3128 1952 3493 2011 qumreremus
3561 1930 3788 2006 quomodo

2238 2049 2378 2106 istud
2412 2048 2524 2115 ﬁat,
2561 2043 2646 2100 vel
2677 2041 2848 2112 qualis
2887 2040 2978 2094 illa
3011 2033 3363 2093 commutatio
3391 2031 3564 2084 futura
3595 2029 3675 2086 sit,
3710 2026 3786 2075 ad-

2235 2141 2410 2213 jungit
2439 2150 2491 2194 et
2523 2137 2654 2194 dicit
2700 2152 2714 2190 :
2754 2133 2982 2202 Oportet
3023 2131 3166 2184 enim
3213 2123 3554 2193 corruptibile
3597 2120 3687 2174 hoc
3724 2119 3789 2172 in-

2239 2235 2406 2289 duere
2460 2228 2902 2299 incorruptelam,
2954 2233 3008 2278 et
3044 2222 3275 2278 mortale
3321 2219 3415 2271 hoc
3453 2214 3663 2269 induere
3697 2211 3787 2264 im—

2240 2327 2645 2382 mortalitatem.
2694 2321 2833 2386 Non,
2863 2326 2922 2373 ut
2967 2316 3181 2385 opinor,
3226 2307 3550 2368 dubitandum
3585 2313 3657 2359 est
3705 2316 3778 2355 se-

2241 2419 2472 2473 cundum
2530 2416 2629 2468 hoc
2658 2415 2856 2467 dictum
2891 2451 2908 2479 ,
2959 2405 3097 2463 Caro
3125 2415 3180 2460 et
3229 2403 3434 2474 sanguis
3457 2411 3665 2470 regnum
3697 2392 3786 2448 Dei

2243 2533 2350 2570 non
2382 2514 2756 2584 possidebunt,
2783 2510 2906 2580 quia
2942 2523 3048 2561 non
3070 2506 3143 2560 ibi
3175 2506 3278 2560 erit
3305 2501 3573 2569 corruptio
3597 2506 3648 2553 et
3671 2508 3790 2551 mor-

2244 2609 2423 2662 talitas
2448 2604 2626 2660 carnis
2648 2611 2703 2658 et
2731 2599 3010 2670 sanguinis
3043 2615 3056 2651 :
3090 2595 3383 2652 secundum
3413 2593 3511 2646 has
3536 2587 3665 2644 enim
3687 2599 3788 2655 qua-

2245 2701 2421 2754 litates
2453 2698 2554 2752 hoc
2586 2698 2706 2750 loco
2754 2707 2973 2748 carnem
3027 2699 3082 2745 et
3113 2689 3430 2759 sanguinem
3469 2679 3784 2749 nuncupavit:

2244 2793 2518 2864 quocirca,
2553 2799 2611 2844 ut
2648 2786 2852 2858 aliquid
2880 2783 3116 2854 exempli
3151 2781 3321 2853 gratia
3354 2793 3575 2850 ponam,
3596 2774 3708 2845 quod
3727 2773 3784 2825 in-

2247 2886 2407 2942 terim
2437 2881 2690 2946 occurrit,
2732 2880 2873 2933 sicut
2901 2876 3159 2945 scriptum
3201 2882 3324 2939 est,
3379 2869 3460 2924 Ne
3505 2867 3632 2922 forte
3659 2869 3778 2919 tenta-

2246 2977 2386 3033 verit
2409 2989 2504 3030 vos
2532 2972 2622 3042 qui
2648 2980 2840 3036 tentat,
2873 2979 2928 3024 et
2958 2967 3132 3022 inanis
3157 2965 3232 3020 sit
3263 2962 3419 3017 labor
3443 2968 3646 3022 noster;
3669 2964 3780 3022 atque

2247 3072 2338 3127 hic
2369 3068 2684 3138 intelligitur
2721 3063 2967 3120 diabolus
2997 3072 3253 3130 tanquam
3296 3057 3444 3112 Deus
3496 3054 3683 3110 omnino
3703 3063 3771 3101 non

2251 3168 2441 3216 tentet.
2467 3160 2542 3213 De
2570 3171 2675 3227 quo
2705 3155 2812 3211 alio
2841 3155 2961 3210 loco
2998 3152 3278 3221 Scriptura
3307 3148 3450 3204 dicit
3487 3167 3501 3200 :
3529 3148 3631 3217 Ipse
3652 3151 3761 3195 autem

2252 3255 2524 3311 neminem
2558 3262 2751 3309 tentat.
2783 3251 2893 3306 Nec
2940 3245 3210 3305 contraria
3246 3254 3331 3300 est
3377 3243 3489 3299 ista
3523 3231 3749 3298 sentcntiae!"

2176 3343 2225 3409 C
2256 3364 2359 3419 qua
2387 3348 2586 3402 dicitur
2618 3363 2634 3400 :
2669 3346 2863 3400 Tentat
2894 3357 2992 3397 vos
3038 3339 3300 3396 Dominus
3327 3337 3480 3391 Deus
3517 3346 3659 3390 vester.
3684 3321 3754 3380 Μ

2255 3440 2481 3496 solvitur
2508 3436 2756 3510 quaestio,
2779 3451 2899 3492 cum
2929 3433 3248 3489 vocabulum
3276 3427 3595 3486 tentationis
3610 3425 3767 3478 diversa

2253 3533 2632 3604 intelligentias
2672 3529 2892 3597 habeat,
2923 3542 2988 3584 eo
3016 3527 3158 3599 quod
3189 3525 3296 3581 alia
3324 3523 3399 3579 sit
3431 3520 3643 3579 tentatio
3665 3515 3776 3569 dece-

2255 3627 2476 3696 ptionis,
2497 3627 2601 3680 alia
2624 3625 2847 3680 tentatio
2869 3619 3200 3694 probationis
3223 3636 3235 3671 :
3258 3617 3554 3673 secundum
3571 3613 3694 3669 illam
3712 3619 3786 3661 non

2253 3720 2570 3791 intelligitur
2600 3717 2688 3790 qui
2737 3726 2905 3773 tentat
2935 3714 3035 3771 nisi
3073 3714 3354 3777 diabolus;
3386 3708 3661 3765 secundum
3700 3715 3796 3754 vero

2253 3813 2391 3868 hanc
2422 3820 2592 3868 tentat
2634 3810 2797 3865 Deus.
2837 3807 2912 3864 lta
2943 3821 3063 3862 cum
3093 3804 3296 3860 dicitur
3319 3847 3332 3871 ,
3389 3804 3514 3856 Caro
3538 3791 3802 3867 possidebit

2252 3921 2472 3976 regnum
2507 3904 2623 3969 Dei,
2657 3911 2731 3969 et,
2779 3903 2918 3958 Caro
2963 3915 3070 3955 non
3117 3896 3409 3968 possidebit
3453 3903 3661 3960 regnum
3696 3882 3804 3947 Dei,

2252 3999 2414 4055 etiam
2459 3997 2620 4066 hujus
2675 3994 2908 4050 nominis
2953 3989 3313 4061 intelligentia
3373 3988 3723 4042 discernatur,
3766 3982 3804 4028 et

2252 4094 2397 4149 nulla
2427 4091 2532 4148 erit
2579 4090 2830 4160 quaestio,
2881 4067 3135 4157 quoniam
3179 4098 3326 4150 caro,
3375 4077 3661 4137 secundum
3701 4068 3805 4127 sub-

2251 4188 2526 4254 stantiam,
2557 4185 2853 4240 sccundum
2886 4196 3046 4251 quam
3076 4179 3278 4234 dictum
3311 4186 3418 4240 εει,
3466 4168 3687 4241 Spiritus
3711 4176 3803 4215 car-

2253 4298 2376 4336 nem
2417 4291 2472 4335 et
2516 4294 2640 4334 ossa
2686 4291 2792 4331 non
2842 4273 3027 4339 habet,
3076 4269 3220 4326 sicut
3266 4284 3352 4322 me
3383 4261 3580 4318 videtis
3626 4254 3802 4315 habere,

2252 4370 2547 4444 possidebit
2573 4383 2827 4440 regnum;
2860 4379 2986 4420 caro
3019 4370 3196 4416 autem
3235 4372 3358 4414 cum
3391 4352 3679 4412 secundum
3715 4359 3803 4402 oor-

2252 4469 2557 4539 ruptionem
2590 4463 2929 4531 intelligitur,
2958 4470 3063 4512 non
3096 4450 3423 4525 possidebit;
3460 4449 3568 4503 hoc
3593 4445 3715 4502 enim
3735 4453 3804 4493 ex-

2253 4563 2485 4633 positum
2512 4567 2614 4626 est,
2645 4570 2768 4612 cum
2797 4553 3089 4615 diceretur,
3129 4545 3271 4600 Caro
3298 4554 3354 4600 et
3375 4541 3605 4614 sanguis
3629 4542 3797 4605 regnum

2254 4625 2348 4711 Dei
2378 4669 2485 4710 non
2531 4649 2911 4722 possidebunt,
2956 4643 3009 4698 in
3041 4655 3107 4696 eo
3137 4635 3280 4710 quod
3317 4635 3592 4691 continuo
3618 4625 3806 4685 additust

2174 4729 2228 4792 Ῑ)
2254 4759 2338 4805 εει
2389 4765 2401 4801 :
2448 4717 2630 4815 Neque
2686 4739 2959 4809 corruptio
3009 4731 3474 4802 incorruptionem
3534 4717 3808 4797 possidetis

2253 4841 2387 4898 sicut
2413 4839 2565 4906 satis,
2599 4845 2858 4908 quantum
2898 4829 3154 4892 arbitror,
3184 4823 3572 4880 disseruimus.

2776 4965 3000 5023 CAPUT
3030 4959 3320 5019 CCCXLV.

2255 5065 2437 5121 Utrum
2463 5061 2764 5134 singillatim
2783 5076 2812 5112 a
2842 5058 2950 5134 Deo
2975 5065 3198 5134 creatore
3225 5066 3514 5134 corporum_
3543 5051 3817 5134 (incantata:

2325 5116 2697 5207 formentirr,et
2711 5135 2774 5187 de
2803 5131 2987 5207 (minus:
3005 5129 3280 5207 quwstione
3293 5116 3390 5190 {ex
3409 5122 3600 5178 eadem
3615 5116 3816 5190 epistola,

2324 5199 2399 5262 uel
2423 5223 2486 5262 ea:
2515 5206 2716 5259 duabus
2749 5203 2976 5273 epistolis
3004 5201 3070 5252 ad
3106 5199 3369 5268 Optatum.

2321 5323 2474 5392 Quod
2501 5329 2677 5375 autem
2716 5317 2913 5387 qureris
2950 5323 3129 5370 utrum
3175 5310 3494 5381 singillatim
3543 5323 3580 5362 a
3611 5311 3820 5362 creatore

2254 5419 2363 5474 Deo
2389 5428 2670 5485 corporum
2710 5411 3034 5466 lineamenta
3062 5403 3384 5468 formentur,
3434 5416 3550 5456 non
3593 5410 3650 5455 te
3674 5407 3826 5451 more-

2253 5513 2351 5580 bit,
2381 5512 2448 5572 si,
2482 5515 2737 5578 quantum
2770 5511 2947 5574 potest
2971 5503 3198 5558 humana
3227 5512 3405 5563 mens,
3436 5495 3740 5565 potentiam
3759 5487 3823 5540 di-

2254 5608 2392 5661 vinae
2441 5598 2764 5672 Operationis
2816 5597 3100 5667 intelligas.
3135 5592 3420 5661 Quomodo
3467 5591 3626 5646 enim
3659 5595 3830 5655 negatr-

2253 5699 2549 5772 poterimus
2600 5697 2765 5750 Deum
2810 5693 2971 5749 etiam
3018 5705 3159 5745 nunc
3207 5687 3421 5758 operari
3469 5696 3678 5742 cuncta
3731 5692 3826 5748 qua?

2253 5803 2526 5853 creantur,
2542 5804 2662 5843 cum
2688 5784 2941 5842 Dominus
2963 5784 3106 5839 dicat
3124 5801 3135 5834 ε
3152 5781 3309 5836 Pater
3331 5795 3489 5835 meus
3515 5793 3696 5848 usque
3719 5783 3834 5829 nunc

2255 5884 2549 5955 Operatur?
2581 5879 2732 5936 Unde
2761 5879 2846 5934 illa
2874 5877 3106 5933 cessatio
3131 5874 3347 5944 septimi
3370 5872 3479 5929 diei
3503 5875 3576 5929 ab
3613 5874 3740 5938 ipsis
3757 5878 3832 5916 na-

2255 5980 2386 6036 turis
2411 5975 2686 6034 contendis
2707 5969 3042 6047 [condendis]
3068 5967 3410 6039 intelligenda
3437 5974 3520 6023 est
3540 5961 3715 6032 facta,
3747 5972 3836 6015 non
