  <div class='ocr_page' id='page_1' title='image "/cluster/home/n/w/nwhite01/storage/ocr_20150623/62/hvd.32044015706393/542.png"; bbox 0 0 4010 6382; ppageno 0'>
   <div class='ocr_carea' id='block_1_1' title="bbox 257 424 398 486">
    <p class='ocr_par' dir='ltr' id='par_1_1' title="bbox 257 424 398 486">
     <span class='ocr_line' id='line_1_1' title="bbox 257 424 398 486; baseline 0.014 -6"><span class='ocrx_word' id='word_1_1' title='bbox 257 424 398 486; x_wconf 70' lang='grc'><strong>1073</strong></span> 
     </span>
    </p>
   </div>
   <div class='ocr_carea' id='block_1_2' title="bbox 1413 429 2379 495">
    <p class='ocr_par' dir='ltr' id='par_1_2' title="bbox 1413 429 2379 495">
     <span class='ocr_line' id='line_1_2' title="bbox 1413 429 2379 495; baseline 0.008 -8"><span class='ocrx_word' id='word_1_2' title='bbox 1413 429 1850 490; x_wconf 79' lang='lat' dir='ltr'><strong>THESAUBUS.</strong></span> <span class='ocrx_word' id='word_1_3' title='bbox 1889 431 2041 490; x_wconf 83' lang='lat' dir='ltr'><strong>CAP.</strong></span> <span class='ocrx_word' id='word_1_4' title='bbox 2084 434 2257 493; x_wconf 80' lang='lat' dir='ltr'><strong>CCCX</strong></span> <span class='ocrx_word' id='word_1_5' title='bbox 2268 436 2379 495; x_wconf 83' lang='lat' dir='ltr'><strong>LV.</strong></span> 
     </span>
    </p>
   </div>
   <div class='ocr_carea' id='block_1_3' title="bbox 3398 449 3537 507">
    <p class='ocr_par' dir='ltr' id='par_1_3' title="bbox 3398 449 3537 507">
     <span class='ocr_line' id='line_1_3' title="bbox 3398 449 3537 507; baseline 0.014 -2"><span class='ocrx_word' id='word_1_6' title='bbox 3398 449 3537 507; x_wconf 67' lang='lat'><strong>£076</strong></span> 
     </span>
    </p>
   </div>
   <div class='ocr_carea' id='block_1_4' title="bbox 251 545 3537 629">
    <p class='ocr_par' dir='ltr' id='par_1_4' title="bbox 251 545 3537 629">
     <span class='ocr_line' id='line_1_4' title="bbox 251 545 3537 629; baseline 0.005 -26"><span class='ocrx_word' id='word_1_7' title='bbox 251 547 320 603; x_wconf 90' lang='lat' dir='ltr'><strong>ab</strong></span> <span class='ocrx_word' id='word_1_8' title='bbox 360 560 547 603; x_wconf 89' lang='lat' dir='ltr'><strong>earum</strong></span> <span class='ocrx_word' id='word_1_9' title='bbox 577 545 1041 629; x_wconf 80' lang='lat' dir='ltr'><strong>administratione</strong></span> <span class='ocrx_word' id='word_1_10' title='bbox 1070 562 1189 618; x_wconf 69' lang='lat' dir='ltr'><strong>qua:</strong></span> <span class='ocrx_word' id='word_1_11' title='bbox 1220 547 1453 603; x_wconf 70' lang='lat' dir='ltr'><strong>conditae</strong></span> <span class='ocrx_word' id='word_1_12' title='bbox 1508 548 1836 605; x_wconf 89' lang='lat' dir='ltr'><strong>referuntur.</strong></span> <span class='ocrx_word' id='word_1_13' title='bbox 1866 550 1914 611; x_wconf 82' lang='lat' dir='ltr'><strong>A</strong></span> <span class='ocrx_word' id='word_1_14' title='bbox 1943 554 2032 622; x_wconf 87' lang='lat' dir='ltr'><strong>qui</strong></span> <span class='ocrx_word' id='word_1_15' title='bbox 2058 553 2170 622; x_wconf 86' lang='lat' dir='ltr'><strong>ipsa</strong></span> <span class='ocrx_word' id='word_1_16' title='bbox 2204 556 2415 610; x_wconf 83' lang='lat' dir='ltr'><strong>semina</strong></span> <span class='ocrx_word' id='word_1_17' title='bbox 2438 554 2553 610; x_wconf 86' lang='lat' dir='ltr'><strong>sine</strong></span> <span class='ocrx_word' id='word_1_18' title='bbox 2580 556 2876 613; x_wconf 84' lang='lat' dir='ltr'><strong>seminibus</strong></span> <span class='ocrx_word' id='word_1_19' title='bbox 2904 556 3061 614; x_wconf 74' lang='lat' dir='ltr'><strong>fecit?</strong></span> <span class='ocrx_word' id='word_1_20' title='bbox 3086 558 3191 617; x_wconf 85' lang='lat' dir='ltr'><strong>Sed</strong></span> <span class='ocrx_word' id='word_1_21' title='bbox 3216 559 3301 615; x_wconf 89' lang='lat' dir='ltr'><strong>ubi</strong></span> <span class='ocrx_word' id='word_1_22' title='bbox 3330 577 3418 618; x_wconf 87' lang='lat' dir='ltr'><strong>res</strong></span> <span class='ocrx_word' id='word_1_23' title='bbox 3441 576 3537 618; x_wconf 84' lang='lat' dir='ltr'><strong>na‘</strong></span> 
     </span>
    </p>
   </div>
   <div class='ocr_carea' id='block_1_5' title="bbox 249 640 1846 713">
    <p class='ocr_par' dir='ltr' id='par_1_5' title="bbox 249 640 1846 713">
     <span class='ocr_line' id='line_1_5' title="bbox 249 640 1846 713; baseline -0.001 -15"><span class='ocrx_word' id='word_1_24' title='bbox 249 640 382 698; x_wconf 90' lang='lat' dir='ltr'><strong>Cum</strong></span> <span class='ocrx_word' id='word_1_25' title='bbox 436 655 562 713; x_wconf 89' lang='lat' dir='ltr'><strong>ergo</strong></span> <span class='ocrx_word' id='word_1_26' title='bbox 611 650 799 696; x_wconf 86' lang='lat' dir='ltr'><strong>natura</strong></span> <span class='ocrx_word' id='word_1_27' title='bbox 845 658 1025 697; x_wconf 90' lang='lat' dir='ltr'><strong>rerum</strong></span> <span class='ocrx_word' id='word_1_28' title='bbox 1058 657 1086 697; x_wconf 88' lang='lat' dir='ltr'><strong>a</strong></span> <span class='ocrx_word' id='word_1_29' title='bbox 1130 650 1375 698; x_wconf 80' lang='lat' dir='ltr'><strong>creatore</strong></span> <span class='ocrx_word' id='word_1_30' title='bbox 1421 642 1846 712; x_wconf 75' lang='lat' dir='ltr'><strong>administratur,</strong></span> 
     </span>
    </p>
   </div>
   <div class='ocr_carea' id='block_1_6' title="bbox 250 734 1847 806">
    <p class='ocr_par' dir='ltr' id='par_1_6' title="bbox 250 734 1847 806">
     <span class='ocr_line' id='line_1_6' title="bbox 250 734 1847 806; baseline -0.001 -15"><span class='ocrx_word' id='word_1_31' title='bbox 250 745 303 792; x_wconf 91' lang='lat' dir='ltr'><strong>et</strong></span> <span class='ocrx_word' id='word_1_32' title='bbox 328 750 423 806; x_wconf 89' lang='lat' dir='ltr'><strong>per</strong></span> <span class='ocrx_word' id='word_1_33' title='bbox 450 734 666 791; x_wconf 85' lang='lat' dir='ltr'><strong>ordines</strong></span> <span class='ocrx_word' id='word_1_34' title='bbox 689 736 964 805; x_wconf 69' lang='lat' dir='ltr'><strong>prmﬁuitis</strong></span> <span class='ocrx_word' id='word_1_35' title='bbox 986 735 1118 790; x_wconf 89' lang='lat' dir='ltr'><strong>locis</strong></span> <span class='ocrx_word' id='word_1_36' title='bbox 1139 744 1194 791; x_wconf 89' lang='lat' dir='ltr'><strong>et</strong></span> <span class='ocrx_word' id='word_1_37' title='bbox 1217 735 1550 803; x_wconf 85' lang='lat' dir='ltr'><strong>temporibus</strong></span> <span class='ocrx_word' id='word_1_38' title='bbox 1577 736 1689 791; x_wconf 86' lang='lat' dir='ltr'><strong>suis</strong></span> <span class='ocrx_word' id='word_1_39' title='bbox 1714 749 1847 791; x_wconf 88' lang='lat' dir='ltr'><strong>cun-</strong></span> 
     </span>
    </p>
   </div>
   <div class='ocr_carea' id='block_1_7' title="bbox 249 827 1846 898">
    <p class='ocr_par' dir='ltr' id='par_1_7' title="bbox 249 827 1846 898">
     <span class='ocr_line' id='line_1_7' title="bbox 249 827 1846 898; baseline -0.002 -14"><span class='ocrx_word' id='word_1_40' title='bbox 249 836 334 884; x_wconf 87' lang='lat' dir='ltr'><strong>cta</strong></span> <span class='ocrx_word' id='word_1_41' title='bbox 350 837 662 895; x_wconf 90' lang='lat' dir='ltr'><strong>nascuntur,</strong></span> <span class='ocrx_word' id='word_1_42' title='bbox 676 827 821 883; x_wconf 85' lang='lat' dir='ltr'><strong>Deus</strong></span> <span class='ocrx_word' id='word_1_43' title='bbox 838 842 1004 898; x_wconf 88' lang='lat' dir='ltr'><strong>usque</strong></span> <span class='ocrx_word' id='word_1_44' title='bbox 1029 842 1169 881; x_wconf 88' lang='lat' dir='ltr'><strong>nunc</strong></span> <span class='ocrx_word' id='word_1_45' title='bbox 1185 835 1459 897; x_wconf 85' lang='lat' dir='ltr'><strong>operatur.</strong></span> <span class='ocrx_word' id='word_1_46' title='bbox 1502 827 1628 882; x_wconf 86' lang='lat' dir='ltr'><strong>Nam</strong></span> <span class='ocrx_word' id='word_1_47' title='bbox 1645 829 1689 881; x_wconf 90' lang='lat' dir='ltr'><strong>si</strong></span> <span class='ocrx_word' id='word_1_48' title='bbox 1706 827 1846 882; x_wconf 88' lang='lat' dir='ltr'><strong>Deus</strong></span> 
     </span>
    </p>
   </div>
   <div class='ocr_carea' id='block_1_8' title="bbox 252 920 1843 992">
    <p class='ocr_par' dir='ltr' id='par_1_8' title="bbox 252 920 1843 992">
     <span class='ocr_line' id='line_1_8' title="bbox 252 920 1843 992; baseline -0.003 -13"><span class='ocrx_word' id='word_1_49' title='bbox 252 938 393 979; x_wconf 90' lang='lat' dir='ltr'><strong>nunc</strong></span> <span class='ocrx_word' id='word_1_50' title='bbox 424 922 525 979; x_wconf 90' lang='lat' dir='ltr'><strong>ista</strong></span> <span class='ocrx_word' id='word_1_51' title='bbox 553 937 657 978; x_wconf 92' lang='lat' dir='ltr'><strong>non</strong></span> <span class='ocrx_word' id='word_1_52' title='bbox 688 922 904 991; x_wconf 80' lang='lat' dir='ltr'><strong>format,</strong></span> <span class='ocrx_word' id='word_1_53' title='bbox 952 922 1225 992; x_wconf 91' lang='lat' dir='ltr'><strong>quomodo</strong></span> <span class='ocrx_word' id='word_1_54' title='bbox 1256 920 1450 992; x_wconf 81' lang='lat' dir='ltr'><strong>legitur</strong></span> <span class='ocrx_word' id='word_1_55' title='bbox 1477 940 1490 975; x_wconf 89' lang='lat'><strong>:</strong></span> <span class='ocrx_word' id='word_1_56' title='bbox 1527 921 1843 990; x_wconf 84' lang='lat' dir='ltr'><strong>Priusquam</strong></span> 
     </span>
    </p>
   </div>
   <div class='ocr_carea' id='block_1_9' title="bbox 251 1010 1842 1081">
    <p class='ocr_par' dir='ltr' id='par_1_9' title="bbox 251 1010 1842 1081">
     <span class='ocr_line' id='line_1_9' title="bbox 251 1010 1842 1081; baseline -0.004 -10"><span class='ocrx_word' id='word_1_57' title='bbox 251 1026 303 1071; x_wconf 93' lang='lat' dir='ltr'><strong>te</strong></span> <span class='ocrx_word' id='word_1_58' title='bbox 328 1016 615 1071; x_wconf 75' lang='lat' dir='ltr'><strong>formarem</strong></span> <span class='ocrx_word' id='word_1_59' title='bbox 634 1016 685 1071; x_wconf 92' lang='lat' dir='ltr'><strong>in</strong></span> <span class='ocrx_word' id='word_1_60' title='bbox 718 1024 870 1071; x_wconf 84' lang='lat' dir='ltr'><strong>utero</strong></span> <span class='ocrx_word' id='word_1_61' title='bbox 899 1014 1023 1069; x_wconf 91' lang='lat' dir='ltr'><strong>novi</strong></span> <span class='ocrx_word' id='word_1_62' title='bbox 1056 1014 1146 1069; x_wconf 83' lang='lat' dir='ltr'><strong>te?</strong></span> <span class='ocrx_word' id='word_1_63' title='bbox 1172 1013 1454 1081; x_wconf 84' lang='lat' dir='ltr'><strong>Quomodo</strong></span> <span class='ocrx_word' id='word_1_64' title='bbox 1482 1014 1641 1068; x_wconf 91' lang='lat' dir='ltr'><strong>etiam</strong></span> <span class='ocrx_word' id='word_1_65' title='bbox 1668 1010 1842 1081; x_wconf 88' lang='lat' dir='ltr'><strong>accipi</strong></span> 
     </span>
    </p>
   </div>
   <div class='ocr_carea' id='block_1_10' title="bbox 247 1108 1844 1182">
    <p class='ocr_par' dir='ltr' id='par_1_10' title="bbox 247 1108 1844 1182">
     <span class='ocr_line' id='line_1_10' title="bbox 247 1108 1844 1182; baseline -0.002 -20"><span class='ocrx_word' id='word_1_66' title='bbox 247 1120 423 1182; x_wconf 81' lang='lat' dir='ltr'><strong>potest</strong></span> <span class='ocrx_word' id='word_1_67' title='bbox 453 1127 466 1165; x_wconf 90' lang='lat'><strong>:</strong></span> <span class='ocrx_word' id='word_1_68' title='bbox 514 1110 667 1178; x_wconf 85' lang='lat' dir='ltr'><strong>Quod</strong></span> <span class='ocrx_word' id='word_1_69' title='bbox 699 1111 743 1165; x_wconf 89' lang='lat' dir='ltr'><strong>si</strong></span> <span class='ocrx_word' id='word_1_70' title='bbox 784 1110 961 1164; x_wconf 86' lang='lat' dir='ltr'><strong>fenum</strong></span> <span class='ocrx_word' id='word_1_71' title='bbox 996 1108 1107 1179; x_wconf 89' lang='lat' dir='ltr'><strong>agri</strong></span> <span class='ocrx_word' id='word_1_72' title='bbox 1136 1108 1278 1179; x_wconf 89' lang='lat' dir='ltr'><strong>quod</strong></span> <span class='ocrx_word' id='word_1_73' title='bbox 1311 1108 1472 1163; x_wconf 89' lang='lat' dir='ltr'><strong>hodie</strong></span> <span class='ocrx_word' id='word_1_74' title='bbox 1502 1116 1603 1173; x_wconf 92' lang='lat' dir='ltr'><strong>est,</strong></span> <span class='ocrx_word' id='word_1_75' title='bbox 1638 1114 1691 1160; x_wconf 92' lang='lat' dir='ltr'><strong>et</strong></span> <span class='ocrx_word' id='word_1_76' title='bbox 1723 1117 1844 1160; x_wconf 86' lang='lat' dir='ltr'><strong>cras</strong></span> 
     </span>
    </p>
   </div>
   <div class='ocr_carea' id='block_1_11' title="bbox 246 1197 1844 1267">
    <p class='ocr_par' dir='ltr' id='par_1_11' title="bbox 246 1197 1844 1267">
     <span class='ocr_line' id='line_1_11' title="bbox 246 1197 1844 1267; baseline -0.003 -12"><span class='ocrx_word' id='word_1_77' title='bbox 246 1205 299 1256; x_wconf 91' lang='lat' dir='ltr'><strong>in</strong></span> <span class='ocrx_word' id='word_1_78' title='bbox 330 1203 597 1257; x_wconf 91' lang='lat' dir='ltr'><strong>clibanum</strong></span> <span class='ocrx_word' id='word_1_79' title='bbox 629 1202 879 1267; x_wconf 85' lang='lat' dir='ltr'><strong>mittitur,</strong></span> <span class='ocrx_word' id='word_1_80' title='bbox 912 1202 1057 1257; x_wconf 88' lang='lat' dir='ltr'><strong>Deus</strong></span> <span class='ocrx_word' id='word_1_81' title='bbox 1083 1202 1160 1256; x_wconf 90' lang='lat' dir='ltr'><strong>sic</strong></span> <span class='ocrx_word' id='word_1_82' title='bbox 1189 1200 1392 1255; x_wconf 79' lang='lat' dir='ltr'><strong>vestit?</strong></span> <span class='ocrx_word' id='word_1_83' title='bbox 1424 1199 1523 1254; x_wconf 92' lang='lat' dir='ltr'><strong>nisi</strong></span> <span class='ocrx_word' id='word_1_84' title='bbox 1559 1197 1696 1253; x_wconf 82' lang='lat' dir='ltr'><strong>forte</strong></span> <span class='ocrx_word' id='word_1_85' title='bbox 1723 1211 1844 1251; x_wconf 86' lang='lat' dir='ltr'><strong>cre-</strong></span> 
     </span>
    </p>
   </div>
   <div class='ocr_carea' id='block_1_12' title="bbox 244 1295 1836 1365">
    <p class='ocr_par' dir='ltr' id='par_1_12' title="bbox 244 1295 1836 1365">
     <span class='ocr_line' id='line_1_12' title="bbox 244 1295 1836 1365; baseline -0.003 -14"><span class='ocrx_word' id='word_1_86' title='bbox 244 1299 478 1352; x_wconf 84' lang='lat' dir='ltr'><strong>dendum</strong></span> <span class='ocrx_word' id='word_1_87' title='bbox 511 1307 594 1355; x_wconf 89' lang='lat' dir='ltr'><strong>est</strong></span> <span class='ocrx_word' id='word_1_88' title='bbox 630 1298 809 1354; x_wconf 84' lang='lat' dir='ltr'><strong>fenum</strong></span> <span class='ocrx_word' id='word_1_89' title='bbox 842 1313 869 1351; x_wconf 92' lang='lat' dir='ltr'><strong>a</strong></span> <span class='ocrx_word' id='word_1_90' title='bbox 917 1298 1028 1354; x_wconf 87' lang='lat' dir='ltr'><strong>Deo</strong></span> <span class='ocrx_word' id='word_1_91' title='bbox 1056 1296 1277 1365; x_wconf 85' lang='lat' dir='ltr'><strong>vestiri,</strong></span> <span class='ocrx_word' id='word_1_92' title='bbox 1311 1306 1366 1352; x_wconf 90' lang='lat' dir='ltr'><strong>et</strong></span> <span class='ocrx_word' id='word_1_93' title='bbox 1412 1311 1439 1349; x_wconf 88' lang='lat' dir='ltr'><strong>a</strong></span> <span class='ocrx_word' id='word_1_94' title='bbox 1475 1295 1583 1350; x_wconf 90' lang='lat' dir='ltr'><strong>Deo</strong></span> <span class='ocrx_word' id='word_1_95' title='bbox 1608 1305 1836 1364; x_wconf 87' lang='lat' dir='ltr'><strong>corpora</strong></span> 
     </span>
    </p>
   </div>
   <div class='ocr_carea' id='block_1_13' title="bbox 242 1385 1841 1456">
    <p class='ocr_par' dir='ltr' id='par_1_13' title="bbox 242 1385 1841 1456">
     <span class='ocr_line' id='line_1_13' title="bbox 242 1385 1841 1456; baseline -0.003 -11"><span class='ocrx_word' id='word_1_96' title='bbox 242 1406 349 1445; x_wconf 92' lang='lat' dir='ltr'><strong>non</strong></span> <span class='ocrx_word' id='word_1_97' title='bbox 400 1392 649 1447; x_wconf 80' lang='lat' dir='ltr'><strong>formari?</strong></span> <span class='ocrx_word' id='word_1_98' title='bbox 716 1392 846 1445; x_wconf 85' lang='lat' dir='ltr'><strong>Cum</strong></span> <span class='ocrx_word' id='word_1_99' title='bbox 906 1394 1046 1446; x_wconf 88' lang='lat' dir='ltr'><strong>enim</strong></span> <span class='ocrx_word' id='word_1_100' title='bbox 1108 1390 1272 1456; x_wconf 85' lang='lat' dir='ltr'><strong>dixit,</strong></span> <span class='ocrx_word' id='word_1_101' title='bbox 1342 1388 1550 1455; x_wconf 79' lang='lat' dir='ltr'><strong>Vestit,</strong></span> <span class='ocrx_word' id='word_1_102' title='bbox 1618 1401 1724 1442; x_wconf 92' lang='lat' dir='ltr'><strong>non</strong></span> <span class='ocrx_word' id='word_1_103' title='bbox 1774 1385 1841 1442; x_wconf 89' lang='lat' dir='ltr'><strong>de</strong></span> 
     </span>
    </p>
   </div>
   <div class='ocr_carea' id='block_1_14' title="bbox 242 1482 1840 1556">
    <p class='ocr_par' dir='ltr' id='par_1_14' title="bbox 242 1482 1840 1556">
     <span class='ocr_line' id='line_1_14' title="bbox 242 1482 1840 1556; baseline 0.003 -17"><span class='ocrx_word' id='word_1_104' title='bbox 242 1486 514 1555; x_wconf 73' lang='lat' dir='ltr'><strong>praeterita</strong></span> <span class='ocrx_word' id='word_1_105' title='bbox 562 1484 932 1550; x_wconf 85' lang='lat' dir='ltr'><strong>ordinatione,</strong></span> <span class='ocrx_word' id='word_1_106' title='bbox 988 1483 1082 1539; x_wconf 90' lang='lat' dir='ltr'><strong>sed</strong></span> <span class='ocrx_word' id='word_1_107' title='bbox 1137 1482 1205 1539; x_wconf 92' lang='lat' dir='ltr'><strong>de</strong></span> <span class='ocrx_word' id='word_1_108' title='bbox 1266 1482 1519 1554; x_wconf 72' lang='lat' dir='ltr'><strong>praesenti</strong></span> <span class='ocrx_word' id='word_1_109' title='bbox 1570 1488 1840 1556; x_wconf 86' lang='lat' dir='ltr'><strong>operatio-</strong></span> 
     </span>
    </p>
   </div>
   <div class='ocr_carea' id='block_1_15' title="bbox 242 1576 1840 1649">
    <p class='ocr_par' dir='ltr' id='par_1_15' title="bbox 242 1576 1840 1649">
     <span class='ocr_line' id='line_1_15' title="bbox 242 1576 1840 1649; baseline 0.003 -17"><span class='ocrx_word' id='word_1_110' title='bbox 242 1592 311 1633; x_wconf 88' lang='lat' dir='ltr'><strong>ne</strong></span> <span class='ocrx_word' id='word_1_111' title='bbox 368 1579 501 1633; x_wconf 79' lang='lat' dir='ltr'><strong>satis</strong></span> <span class='ocrx_word' id='word_1_112' title='bbox 554 1577 773 1632; x_wconf 89' lang='lat' dir='ltr'><strong>indicat.</strong></span> <span class='ocrx_word' id='word_1_113' title='bbox 834 1576 986 1632; x_wconf 68' lang='lat' dir='ltr'><strong>[inde</strong></span> <span class='ocrx_word' id='word_1_114' title='bbox 1040 1586 1123 1632; x_wconf 92' lang='lat' dir='ltr'><strong>est</strong></span> <span class='ocrx_word' id='word_1_115' title='bbox 1171 1578 1332 1631; x_wconf 90' lang='lat' dir='ltr'><strong>etiam</strong></span> <span class='ocrx_word' id='word_1_116' title='bbox 1405 1576 1535 1633; x_wconf 85' lang='lat' dir='ltr'><strong>illud</strong></span> <span class='ocrx_word' id='word_1_117' title='bbox 1593 1581 1840 1649; x_wconf 84' lang='lat' dir='ltr'><strong>Apostoli</strong></span> 
     </span>
    </p>
   </div>
   <div class='ocr_carea' id='block_1_16' title="bbox 240 1669 1838 1740">
    <p class='ocr_par' dir='ltr' id='par_1_16' title="bbox 240 1669 1838 1740">
     <span class='ocr_line' id='line_1_16' title="bbox 240 1669 1838 1740; baseline 0.003 -15"><span class='ocrx_word' id='word_1_118' title='bbox 240 1671 310 1725; x_wconf 90' lang='lat' dir='ltr'><strong>de</strong></span> <span class='ocrx_word' id='word_1_119' title='bbox 340 1669 657 1733; x_wconf 72' lang='lat' dir='ltr'><strong>seminibus,</strong></span> <span class='ocrx_word' id='word_1_120' title='bbox 690 1670 832 1740; x_wconf 90' lang='lat' dir='ltr'><strong>quod</strong></span> <span class='ocrx_word' id='word_1_121' title='bbox 863 1684 1023 1736; x_wconf 90' lang='lat' dir='ltr'><strong>supra</strong></span> <span class='ocrx_word' id='word_1_122' title='bbox 1082 1670 1498 1727; x_wconf 80' lang='lat' dir='ltr'><strong>commemoravi</strong></span> <span class='ocrx_word' id='word_1_123' title='bbox 1529 1689 1542 1725; x_wconf 93' lang='lat'><strong>:</strong></span> <span class='ocrx_word' id='word_1_124' title='bbox 1584 1672 1720 1739; x_wconf 81' lang='lat' dir='ltr'><strong>Non,</strong></span> <span class='ocrx_word' id='word_1_125' title='bbox 1756 1674 1838 1729; x_wconf 90' lang='lat' dir='ltr'><strong>iu-</strong></span> 
     </span>
    </p>
   </div>
   <div class='ocr_carea' id='block_1_17' title="bbox 239 1762 1837 1832">
    <p class='ocr_par' dir='ltr' id='par_1_17' title="bbox 239 1762 1837 1832">
     <span class='ocr_line' id='line_1_17' title="bbox 239 1762 1837 1832; baseline 0.004 -16"><span class='ocrx_word' id='word_1_126' title='bbox 239 1763 377 1832; x_wconf 83' lang='lat' dir='ltr'><strong>quit,</strong></span> <span class='ocrx_word' id='word_1_127' title='bbox 410 1778 606 1831; x_wconf 82' lang='lat' dir='ltr'><strong>corpus</strong></span> <span class='ocrx_word' id='word_1_128' title='bbox 636 1762 777 1832; x_wconf 89' lang='lat' dir='ltr'><strong>quod</strong></span> <span class='ocrx_word' id='word_1_129' title='bbox 819 1762 1054 1817; x_wconf 85' lang='lat' dir='ltr'><strong>futurum</strong></span> <span class='ocrx_word' id='word_1_130' title='bbox 1086 1771 1189 1829; x_wconf 89' lang='lat' dir='ltr'><strong>est,</strong></span> <span class='ocrx_word' id='word_1_131' title='bbox 1222 1764 1485 1831; x_wconf 85' lang='lat' dir='ltr'><strong>seminas;</strong></span> <span class='ocrx_word' id='word_1_132' title='bbox 1511 1767 1605 1822; x_wconf 85' lang='lat' dir='ltr'><strong>sed</strong></span> <span class='ocrx_word' id='word_1_133' title='bbox 1636 1768 1837 1823; x_wconf 90' lang='lat' dir='ltr'><strong>nudum</strong></span> 
     </span>
    </p>
   </div>
   <div class='ocr_carea' id='block_1_18' title="bbox 238 1855 1835 1927">
    <p class='ocr_par' dir='ltr' id='par_1_18' title="bbox 238 1855 1835 1927">
     <span class='ocr_line' id='line_1_18' title="bbox 238 1855 1835 1927; baseline 0.004 -17"><span class='ocrx_word' id='word_1_134' title='bbox 238 1871 486 1927; x_wconf 86' lang='lat' dir='ltr'><strong>granum,</strong></span> <span class='ocrx_word' id='word_1_135' title='bbox 521 1864 578 1911; x_wconf 92' lang='lat' dir='ltr'><strong>ut</strong></span> <span class='ocrx_word' id='word_1_136' title='bbox 600 1864 725 1926; x_wconf 88' lang='lat' dir='ltr'><strong>puta</strong></span> <span class='ocrx_word' id='word_1_137' title='bbox 749 1855 932 1923; x_wconf 84' lang='lat' dir='ltr'><strong>tritici,</strong></span> <span class='ocrx_word' id='word_1_138' title='bbox 964 1855 1298 1927; x_wconf 87' lang='lat' dir='ltr'><strong>antalicujus</strong></span> <span class='ocrx_word' id='word_1_139' title='bbox 1318 1866 1635 1914; x_wconf 84' lang='lat' dir='ltr'><strong>caeterorum</strong></span> <span class='ocrx_word' id='word_1_140' title='bbox 1658 1877 1669 1913; x_wconf 88' lang='lat'><strong>:</strong></span> <span class='ocrx_word' id='word_1_141' title='bbox 1694 1859 1835 1916; x_wconf 89' lang='lat' dir='ltr'><strong>Deus</strong></span> 
     </span>
    </p>
   </div>
   <div class='ocr_carea' id='block_1_19' title="bbox 1950 646 3536 723">
    <p class='ocr_par' dir='ltr' id='par_1_19' title="bbox 1950 646 3536 723">
     <span class='ocr_line' id='line_1_19' title="bbox 1950 646 3536 723; baseline 0.008 -25"><span class='ocrx_word' id='word_1_142' title='bbox 1950 646 2188 700; x_wconf 86' lang='lat' dir='ltr'><strong>turaliter</strong></span> <span class='ocrx_word' id='word_1_143' title='bbox 2216 647 2446 704; x_wconf 90' lang='lat' dir='ltr'><strong>obscura</strong></span> <span class='ocrx_word' id='word_1_144' title='bbox 2482 656 2727 703; x_wconf 89' lang='lat' dir='ltr'><strong>nostrum</strong></span> <span class='ocrx_word' id='word_1_145' title='bbox 2748 648 3026 704; x_wconf 87' lang='lat' dir='ltr'><strong>modulum</strong></span> <span class='ocrx_word' id='word_1_146' title='bbox 3058 652 3245 720; x_wconf 89' lang='lat' dir='ltr'><strong>vincit,</strong></span> <span class='ocrx_word' id='word_1_147' title='bbox 3271 663 3321 707; x_wconf 91' lang='lat' dir='ltr'><strong>et</strong></span> <span class='ocrx_word' id='word_1_148' title='bbox 3350 666 3536 723; x_wconf 84' lang='lat' dir='ltr'><strong>aperta</strong></span> 
     </span>
    </p>
   </div>
   <div class='ocr_carea' id='block_1_20' title="bbox 1948 735 3535 816">
    <p class='ocr_par' dir='ltr' id='par_1_20' title="bbox 1948 735 3535 816">
     <span class='ocr_line' id='line_1_20' title="bbox 1948 735 3535 816; baseline 0.008 -25"><span class='ocrx_word' id='word_1_149' title='bbox 1948 735 2127 792; x_wconf 87' lang='lat' dir='ltr'><strong>divina</strong></span> <span class='ocrx_word' id='word_1_150' title='bbox 2157 738 2432 808; x_wconf 86' lang='lat' dir='ltr'><strong>Scriptura</strong></span> <span class='ocrx_word' id='word_1_151' title='bbox 2482 756 2590 795; x_wconf 93' lang='lat' dir='ltr'><strong>non</strong></span> <span class='ocrx_word' id='word_1_152' title='bbox 2636 741 2908 808; x_wconf 83' lang='lat' dir='ltr'><strong>subvenit,</strong></span> <span class='ocrx_word' id='word_1_153' title='bbox 2942 750 3144 799; x_wconf 88' lang='lat' dir='ltr'><strong>temere</strong></span> <span class='ocrx_word' id='word_1_154' title='bbox 3175 744 3302 801; x_wconf 89' lang='lat' dir='ltr'><strong>hinc</strong></span> <span class='ocrx_word' id='word_1_155' title='bbox 3336 747 3535 816; x_wconf 89' lang='lat' dir='ltr'><strong>aliquid</strong></span> 
     </span>
    </p>
   </div>
   <div class='ocr_carea' id='block_1_21' title="bbox 1947 828 3537 905">
    <p class='ocr_par' dir='ltr' id='par_1_21' title="bbox 1947 828 3537 905">
     <span class='ocr_line' id='line_1_21' title="bbox 1947 828 3537 905; baseline 0.008 -23"><span class='ocrx_word' id='word_1_156' title='bbox 1947 828 2171 886; x_wconf 87' lang='lat' dir='ltr'><strong>deﬁnire</strong></span> <span class='ocrx_word' id='word_1_157' title='bbox 2201 831 2429 888; x_wconf 85' lang='lat' dir='ltr'><strong>humana</strong></span> <span class='ocrx_word' id='word_1_158' title='bbox 2456 833 2765 902; x_wconf 78' lang='lat' dir='ltr'><strong>conjectura</strong></span> <span class='ocrx_word' id='word_1_159' title='bbox 2797 836 3107 905; x_wconf 65' lang='lat' dir='ltr'><strong>praesumit;</strong></span> <span class='ocrx_word' id='word_1_160' title='bbox 3137 839 3432 894; x_wconf 88' lang='lat' dir='ltr'><strong>secundum</strong></span> <span class='ocrx_word' id='word_1_161' title='bbox 3456 841 3537 896; x_wconf 83' lang='lat' dir='ltr'><strong>vi-</strong></span> 
     </span>
    </p>
   </div>
   <div class='ocr_carea' id='block_1_22' title="bbox 1947 927 3601 1002">
    <p class='ocr_par' dir='ltr' id='par_1_22' title="bbox 1947 927 3601 1002">
     <span class='ocr_line' id='line_1_22' title="bbox 1947 927 3601 1002; baseline 0.009 -26"><span class='ocrx_word' id='word_1_162' title='bbox 1947 930 2030 976; x_wconf 88' lang='lat' dir='ltr'><strong>tas</strong></span> <span class='ocrx_word' id='word_1_163' title='bbox 2058 932 2239 979; x_wconf 89' lang='lat' dir='ltr'><strong>autem</strong></span> <span class='ocrx_word' id='word_1_164' title='bbox 2269 941 2402 996; x_wconf 84' lang='lat' dir='ltr'><strong>quas</strong></span> <span class='ocrx_word' id='word_1_165' title='bbox 2430 928 2673 997; x_wconf 84' lang='lat' dir='ltr'><strong>proprias</strong></span> <span class='ocrx_word' id='word_1_166' title='bbox 2696 927 2896 985; x_wconf 88' lang='lat' dir='ltr'><strong>habere</strong></span> <span class='ocrx_word' id='word_1_167' title='bbox 2915 929 3202 1002; x_wconf 91' lang='lat' dir='ltr'><strong>incipiunt,</strong></span> <span class='ocrx_word' id='word_1_168' title='bbox 3236 947 3405 989; x_wconf 87' lang='lat' dir='ltr'><strong>novos</strong></span> <span class='ocrx_word' id='word_1_169' title='bbox 3433 935 3537 990; x_wconf 82' lang='lat' dir='ltr'><strong>ho-</strong></span> <span class='ocrx_word' id='word_1_170' title='bbox 3594 952 3601 966; x_wconf 69' lang='grc' dir='ltr'>ι</span> 
     </span>
    </p>
   </div>
   <div class='ocr_carea' id='block_1_23' title="bbox 1948 1015 3540 1095">
    <p class='ocr_par' dir='ltr' id='par_1_23' title="bbox 1948 1015 3540 1095">
     <span class='ocr_line' id='line_1_23' title="bbox 1948 1015 3540 1095; baseline 0.009 -26"><span class='ocrx_word' id='word_1_171' title='bbox 1948 1015 2117 1071; x_wconf 90' lang='lat' dir='ltr'><strong>mines</strong></span> <span class='ocrx_word' id='word_1_172' title='bbox 2146 1015 2372 1075; x_wconf 90' lang='lat' dir='ltr'><strong>dicimus</strong></span> <span class='ocrx_word' id='word_1_173' title='bbox 2417 1021 2589 1091; x_wconf 89' lang='lat' dir='ltr'><strong>nasci,</strong></span> <span class='ocrx_word' id='word_1_174' title='bbox 2614 1020 2725 1077; x_wconf 91' lang='lat' dir='ltr'><strong>sive</strong></span> <span class='ocrx_word' id='word_1_175' title='bbox 2776 1022 2977 1091; x_wconf 89' lang='lat' dir='ltr'><strong>anima,</strong></span> <span class='ocrx_word' id='word_1_176' title='bbox 3025 1023 3137 1079; x_wconf 84' lang='lat' dir='ltr'><strong>sive</strong></span> <span class='ocrx_word' id='word_1_177' title='bbox 3177 1039 3433 1095; x_wconf 91' lang='lat' dir='ltr'><strong>corpore;</strong></span> <span class='ocrx_word' id='word_1_178' title='bbox 3482 1035 3540 1084; x_wconf 86' lang='lat' dir='ltr'><strong>at</strong></span> 
     </span>
    </p>
   </div>
   <div class='ocr_carea' id='block_1_24' title="bbox 1946 1112 3533 1186">
    <p class='ocr_par' dir='ltr' id='par_1_24' title="bbox 1946 1112 3533 1186">
     <span class='ocr_line' id='line_1_24' title="bbox 1946 1112 3533 1186; baseline 0.006 -22"><span class='ocrx_word' id='word_1_179' title='bbox 1946 1124 2074 1165; x_wconf 91' lang='lat' dir='ltr'><strong>vero</strong></span> <span class='ocrx_word' id='word_1_180' title='bbox 2086 1112 2380 1166; x_wconf 88' lang='lat' dir='ltr'><strong>secundum</strong></span> <span class='ocrx_word' id='word_1_181' title='bbox 2397 1113 2659 1182; x_wconf 75' lang='lat' dir='ltr'><strong>originale</strong></span> <span class='ocrx_word' id='word_1_182' title='bbox 2682 1123 2955 1182; x_wconf 89' lang='lat' dir='ltr'><strong>peccatum</strong></span> <span class='ocrx_word' id='word_1_183' title='bbox 2978 1125 3190 1173; x_wconf 81' lang='lat' dir='ltr'><strong>veteres</strong></span> <span class='ocrx_word' id='word_1_184' title='bbox 3210 1126 3533 1186; x_wconf 89' lang='lat' dir='ltr'><strong>nascuntur;</strong></span> 
     </span>
    </p>
   </div>
   <div class='ocr_carea' id='block_1_25' title="bbox 1946 1200 3538 1280">
    <p class='ocr_par' dir='ltr' id='par_1_25' title="bbox 1946 1200 3538 1280">
     <span class='ocr_line' id='line_1_25' title="bbox 1946 1200 3538 1280; baseline 0.009 -25"><span class='ocrx_word' id='word_1_185' title='bbox 1946 1200 2068 1257; x_wconf 90' lang='lat' dir='ltr'><strong>ideo</strong></span> <span class='ocrx_word' id='word_1_186' title='bbox 2096 1203 2417 1272; x_wconf 86' lang='lat' dir='ltr'><strong>baptismate</strong></span> <span class='ocrx_word' id='word_1_187' title='bbox 2443 1214 2789 1263; x_wconf 87' lang='lat' dir='ltr'><strong>renovantur.</strong></span> <span class='ocrx_word' id='word_1_188' title='bbox 2824 1207 3042 1278; x_wconf 85' lang='lat' dir='ltr'><strong>Aliquid</strong></span> <span class='ocrx_word' id='word_1_189' title='bbox 3069 1224 3201 1280; x_wconf 87' lang='lat' dir='ltr'><strong>ergo</strong></span> <span class='ocrx_word' id='word_1_190' title='bbox 3230 1220 3435 1267; x_wconf 90' lang='lat' dir='ltr'><strong>certum</strong></span> <span class='ocrx_word' id='word_1_191' title='bbox 3466 1211 3538 1269; x_wconf 79' lang='lat' dir='ltr'><strong>do</strong></span> 
     </span>
    </p>
   </div>
   <div class='ocr_carea' id='block_1_26' title="bbox 1945 1295 3537 1371">
    <p class='ocr_par' dir='ltr' id='par_1_26' title="bbox 1945 1295 3537 1371">
     <span class='ocr_line' id='line_1_26' title="bbox 1945 1295 3537 1371; baseline 0.007 -21"><span class='ocrx_word' id='word_1_192' title='bbox 1945 1295 2139 1351; x_wconf 70' lang='lat' dir='ltr'><strong>animae</strong></span> <span class='ocrx_word' id='word_1_193' title='bbox 2164 1296 2370 1367; x_wconf 84' lang='lat' dir='ltr'><strong>origine</strong></span> <span class='ocrx_word' id='word_1_194' title='bbox 2397 1298 2633 1353; x_wconf 92' lang='lat' dir='ltr'><strong>nondum</strong></span> <span class='ocrx_word' id='word_1_195' title='bbox 2676 1301 2731 1355; x_wconf 93' lang='lat' dir='ltr'><strong>in</strong></span> <span class='ocrx_word' id='word_1_196' title='bbox 2756 1299 3048 1371; x_wconf 90' lang='lat' dir='ltr'><strong>Scripturis</strong></span> <span class='ocrx_word' id='word_1_197' title='bbox 3075 1303 3351 1359; x_wconf 89' lang='lat' dir='ltr'><strong>canonicis</strong></span> <span class='ocrx_word' id='word_1_198' title='bbox 3380 1317 3537 1361; x_wconf 85' lang='lat' dir='ltr'><strong>com-</strong></span> 
     </span>
    </p>
   </div>
   <div class='ocr_carea' id='block_1_27' title="bbox 1945 1388 3538 1465">
    <p class='ocr_par' dir='ltr' id='par_1_27' title="bbox 1945 1388 3538 1465">
     <span class='ocr_line' id='line_1_27' title="bbox 1945 1388 3538 1465; baseline 0.005 -22"><span class='ocrx_word' id='word_1_199' title='bbox 1945 1389 2080 1458; x_wconf 92' lang='lat' dir='ltr'><strong>peri.</strong></span> <span class='ocrx_word' id='word_1_200' title='bbox 2111 1388 2241 1444; x_wconf 80' lang='lat' dir='ltr'><strong>Nam</strong></span> <span class='ocrx_word' id='word_1_201' title='bbox 2269 1390 2323 1444; x_wconf 86' lang='lat' dir='ltr'><strong>hi</strong></span> <span class='ocrx_word' id='word_1_202' title='bbox 2349 1392 2441 1460; x_wconf 88' lang='lat' dir='ltr'><strong>qui</strong></span> <span class='ocrx_word' id='word_1_203' title='bbox 2471 1405 2639 1447; x_wconf 89' lang='lat' dir='ltr'><strong>novas</strong></span> <span class='ocrx_word' id='word_1_204' title='bbox 2668 1392 2786 1448; x_wconf 85' lang='lat' dir='ltr'><strong>sine</strong></span> <span class='ocrx_word' id='word_1_205' title='bbox 2815 1393 2921 1448; x_wconf 90' lang='lat' dir='ltr'><strong>ulla</strong></span> <span class='ocrx_word' id='word_1_206' title='bbox 2948 1395 3239 1465; x_wconf 85' lang='lat' dir='ltr'><strong>propagine</strong></span> <span class='ocrx_word' id='word_1_207' title='bbox 3289 1403 3538 1451; x_wconf 78' lang='lat' dir='ltr'><strong>asserunt</strong></span> 
     </span>
    </p>
   </div>
   <div class='ocr_carea' id='block_1_28' title="bbox 1944 1485 3534 1560">
    <p class='ocr_par' dir='ltr' id='par_1_28' title="bbox 1944 1485 3534 1560">
     <span class='ocr_line' id='line_1_28' title="bbox 1944 1485 3534 1560; baseline 0.004 -20"><span class='ocrx_word' id='word_1_208' title='bbox 1944 1486 2149 1540; x_wconf 87' lang='lat' dir='ltr'><strong>animas</strong></span> <span class='ocrx_word' id='word_1_209' title='bbox 2178 1485 2315 1552; x_wconf 92' lang='lat' dir='ltr'><strong>ﬁeri,</strong></span> <span class='ocrx_word' id='word_1_210' title='bbox 2369 1486 2511 1541; x_wconf 90' lang='lat' dir='ltr'><strong>inter</strong></span> <span class='ocrx_word' id='word_1_211' title='bbox 2534 1487 2841 1543; x_wconf 88' lang='lat' dir='ltr'><strong>testimonia</strong></span> <span class='ocrx_word' id='word_1_212' title='bbox 2867 1488 3060 1560; x_wconf 88' lang='lat' dir='ltr'><strong>quibus</strong></span> <span class='ocrx_word' id='word_1_213' title='bbox 3099 1489 3153 1544; x_wconf 92' lang='lat' dir='ltr'><strong>id</strong></span> <span class='ocrx_word' id='word_1_214' title='bbox 3176 1490 3418 1546; x_wconf 91' lang='lat' dir='ltr'><strong>nituntur</strong></span> <span class='ocrx_word' id='word_1_215' title='bbox 3438 1505 3534 1547; x_wconf 87' lang='lat' dir='ltr'><strong>os-</strong></span> 
     </span>
    </p>
   </div>
   <div class='ocr_carea' id='block_1_29' title="bbox 1944 1576 3534 1650">
    <p class='ocr_par' dir='ltr' id='par_1_29' title="bbox 1944 1576 3534 1650">
     <span class='ocr_line' id='line_1_29' title="bbox 1944 1576 3534 1650; baseline 0.004 -20"><span class='ocrx_word' id='word_1_216' title='bbox 1944 1576 2187 1643; x_wconf 87' lang='lat' dir='ltr'><strong>tendere,</strong></span> <span class='ocrx_word' id='word_1_217' title='bbox 2216 1586 2421 1648; x_wconf 91' lang='lat' dir='ltr'><strong>ponunt</strong></span> <span class='ocrx_word' id='word_1_218' title='bbox 2442 1577 2604 1632; x_wconf 87' lang='lat' dir='ltr'><strong>etiam</strong></span> <span class='ocrx_word' id='word_1_219' title='bbox 2636 1578 2726 1633; x_wconf 89' lang='lat' dir='ltr'><strong>illa</strong></span> <span class='ocrx_word' id='word_1_220' title='bbox 2749 1579 2875 1643; x_wconf 88' lang='lat' dir='ltr'><strong>duo,</strong></span> <span class='ocrx_word' id='word_1_221' title='bbox 2908 1594 3027 1650; x_wconf 69' lang='lat' dir='ltr'><strong>qua:</strong></span> <span class='ocrx_word' id='word_1_222' title='bbox 3049 1580 3208 1649; x_wconf 89' lang='lat' dir='ltr'><strong>paulo</strong></span> <span class='ocrx_word' id='word_1_223' title='bbox 3231 1589 3357 1637; x_wconf 88' lang='lat' dir='ltr'><strong>ante</strong></span> <span class='ocrx_word' id='word_1_224' title='bbox 3384 1596 3534 1637; x_wconf 78' lang='lat' dir='ltr'><strong>com-</strong></span> 
     </span>
    </p>
   </div>
   <div class='ocr_carea' id='block_1_30' title="bbox 1944 1672 3533 1746">
    <p class='ocr_par' dir='ltr' id='par_1_30' title="bbox 1944 1672 3533 1746">
     <span class='ocr_line' id='line_1_30' title="bbox 1944 1672 3533 1746; baseline 0.003 -21"><span class='ocrx_word' id='word_1_225' title='bbox 1944 1672 2395 1739; x_wconf 87' lang='lat' dir='ltr'><strong>memoravi:Qui</strong></span> <span class='ocrx_word' id='word_1_226' title='bbox 2423 1672 2572 1741; x_wconf 82' lang='lat' dir='ltr'><strong>tingit</strong></span> <span class='ocrx_word' id='word_1_227' title='bbox 2601 1673 2847 1742; x_wconf 85' lang='lat' dir='ltr'><strong>spiritum</strong></span> <span class='ocrx_word' id='word_1_228' title='bbox 2883 1674 3117 1730; x_wconf 87' lang='lat' dir='ltr'><strong>hominis</strong></span> <span class='ocrx_word' id='word_1_229' title='bbox 3164 1676 3216 1730; x_wconf 92' lang='lat' dir='ltr'><strong>in</strong></span> <span class='ocrx_word' id='word_1_230' title='bbox 3248 1676 3393 1746; x_wconf 86' lang='lat' dir='ltr'><strong>ipso;</strong></span> <span class='ocrx_word' id='word_1_231' title='bbox 3445 1680 3533 1731; x_wconf 91' lang='lat' dir='ltr'><strong>et:</strong></span> 
     </span>
    </p>
   </div>
   <div class='ocr_carea' id='block_1_31' title="bbox 1942 1763 3533 1836">
    <p class='ocr_par' dir='ltr' id='par_1_31' title="bbox 1942 1763 3533 1836">
     <span class='ocr_line' id='line_1_31' title="bbox 1942 1763 3533 1836; baseline 0 -17"><span class='ocrx_word' id='word_1_232' title='bbox 1942 1763 2039 1833; x_wconf 88' lang='lat' dir='ltr'><strong>Qui</strong></span> <span class='ocrx_word' id='word_1_233' title='bbox 2070 1764 2223 1819; x_wconf 89' lang='lat' dir='ltr'><strong>ﬁnxit</strong></span> <span class='ocrx_word' id='word_1_234' title='bbox 2248 1763 2562 1834; x_wconf 83' lang='lat' dir='ltr'><strong>singillatim</strong></span> <span class='ocrx_word' id='word_1_235' title='bbox 2594 1763 2758 1820; x_wconf 86' lang='lat' dir='ltr'><strong>corda</strong></span> <span class='ocrx_word' id='word_1_236' title='bbox 2789 1763 3102 1832; x_wconf 89' lang='lat' dir='ltr'><strong>hominum;</strong></span> <span class='ocrx_word' id='word_1_237' title='bbox 3133 1766 3200 1821; x_wconf 91' lang='lat' dir='ltr'><strong>de</strong></span> <span class='ocrx_word' id='word_1_238' title='bbox 3237 1765 3430 1836; x_wconf 80' lang='lat' dir='ltr'><strong>quibus</strong></span> <span class='ocrx_word' id='word_1_239' title='bbox 3445 1764 3533 1819; x_wconf 80' lang='lat' dir='ltr'><strong>vi-</strong></span> 
     </span>
    </p>
   </div>
   <div class='ocr_carea' id='block_1_32' title="bbox 1942 1856 3533 1927">
    <p class='ocr_par' dir='ltr' id='par_1_32' title="bbox 1942 1856 3533 1927">
     <span class='ocr_line' id='line_1_32' title="bbox 1942 1856 3533 1927; baseline 0 -15"><span class='ocrx_word' id='word_1_240' title='bbox 1942 1856 2037 1912; x_wconf 89' lang='lat' dir='ltr'><strong>des</strong></span> <span class='ocrx_word' id='word_1_241' title='bbox 2060 1856 2511 1927; x_wconf 84' lang='lat' dir='ltr'><strong>quemadmodum</strong></span> <span class='ocrx_word' id='word_1_242' title='bbox 2541 1858 2709 1926; x_wconf 89' lang='lat' dir='ltr'><strong>possit</strong></span> <span class='ocrx_word' id='word_1_243' title='bbox 2734 1870 2764 1910; x_wconf 88' lang='lat' dir='ltr'><strong>a</strong></span> <span class='ocrx_word' id='word_1_244' title='bbox 2786 1857 3160 1912; x_wconf 89' lang='lat' dir='ltr'><strong>resistentibus</strong></span> <span class='ocrx_word' id='word_1_245' title='bbox 3183 1856 3533 1926; x_wconf 89' lang='lat' dir='ltr'><strong>responderi:</strong></span> 
     </span>
    </p>
   </div>
   <div class='ocr_carea' id='block_1_33' title="bbox 238 1949 3532 2023">
    <p class='ocr_par' dir='ltr' id='par_1_33' title="bbox 238 1949 3532 2023">
     <span class='ocr_line' id='line_1_33' title="bbox 238 1949 3532 2023; baseline -0 -19"><span class='ocrx_word' id='word_1_246' title='bbox 238 1960 418 2005; x_wconf 84' lang='lat' dir='ltr'><strong>autem</strong></span> <span class='ocrx_word' id='word_1_247' title='bbox 449 1950 542 2004; x_wconf 91' lang='lat' dir='ltr'><strong>dat</strong></span> <span class='ocrx_word' id='word_1_248' title='bbox 574 1949 647 2004; x_wconf 91' lang='lat' dir='ltr'><strong>illi</strong></span> <span class='ocrx_word' id='word_1_249' title='bbox 679 1964 879 2020; x_wconf 90' lang='lat' dir='ltr'><strong>corpus</strong></span> <span class='ocrx_word' id='word_1_250' title='bbox 924 1950 1194 2020; x_wconf 81' lang='lat' dir='ltr'><strong>quomodo</strong></span> <span class='ocrx_word' id='word_1_251' title='bbox 1241 1951 1490 2007; x_wconf 88' lang='lat' dir='ltr'><strong>voluerit.</strong></span> <span class='ocrx_word' id='word_1_252' title='bbox 1525 1952 1641 2007; x_wconf 82' lang='lat' dir='ltr'><strong>Non</strong></span> <span class='ocrx_word' id='word_1_253' title='bbox 1676 1954 1829 2023; x_wconf 82' lang='lat' dir='ltr'><strong>dixit,</strong></span> <span class='ocrx_word' id='word_1_254' title='bbox 1866 1957 1916 2019; x_wconf 79' lang='grc' dir='ltr'><strong>Β</strong></span> <span class='ocrx_word' id='word_1_255' title='bbox 1943 1959 2122 2008; x_wconf 90' lang='lat' dir='ltr'><strong>utrum</strong></span> <span class='ocrx_word' id='word_1_256' title='bbox 2152 1950 2293 2007; x_wconf 89' lang='lat' dir='ltr'><strong>enim</strong></span> <span class='ocrx_word' id='word_1_257' title='bbox 2322 1965 2442 2005; x_wconf 92' lang='lat' dir='ltr'><strong>cum</strong></span> <span class='ocrx_word' id='word_1_258' title='bbox 2472 1950 2641 2020; x_wconf 84' lang='lat' dir='ltr'><strong>ﬁngit,</strong></span> <span class='ocrx_word' id='word_1_259' title='bbox 2668 1965 2731 2004; x_wconf 84' lang='lat' dir='ltr'><strong>ex</strong></span> <span class='ocrx_word' id='word_1_260' title='bbox 2762 1949 2868 2005; x_wconf 88' lang='lat' dir='ltr'><strong>alio</strong></span> <span class='ocrx_word' id='word_1_261' title='bbox 2898 1949 3083 2021; x_wconf 88' lang='lat' dir='ltr'><strong>ﬁngat,</strong></span> <span class='ocrx_word' id='word_1_262' title='bbox 3129 1965 3197 2004; x_wconf 91' lang='lat' dir='ltr'><strong>an</strong></span> <span class='ocrx_word' id='word_1_263' title='bbox 3221 1965 3288 2005; x_wconf 87' lang='lat' dir='ltr'><strong>ex</strong></span> <span class='ocrx_word' id='word_1_264' title='bbox 3335 1949 3532 2015; x_wconf 87' lang='lat' dir='ltr'><strong>nihilo,</strong></span> 
     </span>
    </p>
   </div>
   <div class='ocr_carea' id='block_1_34' title="bbox 239 2042 1832 2116">
    <p class='ocr_par' dir='ltr' id='par_1_34' title="bbox 239 2042 1832 2116">
     <span class='ocr_line' id='line_1_34' title="bbox 239 2042 1832 2116; baseline 0.003 -19"><span class='ocrx_word' id='word_1_265' title='bbox 239 2042 371 2108; x_wconf 87' lang='lat' dir='ltr'><strong>edit,</strong></span> <span class='ocrx_word' id='word_1_266' title='bbox 400 2051 510 2109; x_wconf 90' lang='lat' dir='ltr'><strong>aut,</strong></span> <span class='ocrx_word' id='word_1_267' title='bbox 551 2042 839 2113; x_wconf 88' lang='lat' dir='ltr'><strong>disposuit,</strong></span> <span class='ocrx_word' id='word_1_268' title='bbox 872 2042 991 2110; x_wconf 89' lang='lat' dir='ltr'><strong>sed,</strong></span> <span class='ocrx_word' id='word_1_269' title='bbox 1016 2043 1127 2107; x_wconf 91' lang='lat' dir='ltr'><strong>dat,</strong></span> <span class='ocrx_word' id='word_1_270' title='bbox 1158 2051 1218 2097; x_wconf 94' lang='lat' dir='ltr'><strong>ut</strong></span> <span class='ocrx_word' id='word_1_271' title='bbox 1246 2052 1542 2099; x_wconf 84' lang='lat' dir='ltr'><strong>creatorem</strong></span> <span class='ocrx_word' id='word_1_272' title='bbox 1570 2045 1832 2116; x_wconf 81' lang='lat' dir='ltr'><strong>intelligas</strong></span> 
     </span>
    </p>
   </div>
   <div class='ocr_carea' id='block_1_35' title="bbox 239 2135 1834 2206">
    <p class='ocr_par' dir='ltr' id='par_1_35' title="bbox 239 2135 1834 2206">
     <span class='ocr_line' id='line_1_35' title="bbox 239 2135 1834 2206; baseline 0.002 -16"><span class='ocrx_word' id='word_1_273' title='bbox 239 2135 534 2191; x_wconf 89' lang='lat' dir='ltr'><strong>efﬁcaciam</strong></span> <span class='ocrx_word' id='word_1_274' title='bbox 565 2136 845 2205; x_wconf 57' lang='lat' dir='ltr'><strong>sapientia</strong></span> <span class='ocrx_word' id='word_1_275' title='bbox 874 2150 986 2192; x_wconf 65' lang='lat' dir='ltr'><strong>suae</strong></span> <span class='ocrx_word' id='word_1_276' title='bbox 1037 2136 1220 2199; x_wconf 83' lang='lat' dir='ltr'><strong>rebus,</strong></span> <span class='ocrx_word' id='word_1_277' title='bbox 1264 2150 1382 2206; x_wconf 62' lang='lat' dir='ltr'><strong>quae</strong></span> <span class='ocrx_word' id='word_1_278' title='bbox 1429 2135 1668 2206; x_wconf 88' lang='lat' dir='ltr'><strong>quotidie</strong></span> <span class='ocrx_word' id='word_1_279' title='bbox 1717 2139 1834 2193; x_wconf 87' lang='lat' dir='ltr'><strong>suis</strong></span> 
     </span>
    </p>
   </div>
   <div class='ocr_carea' id='block_1_36' title="bbox 241 2227 1832 2298">
    <p class='ocr_par' dir='ltr' id='par_1_36' title="bbox 241 2227 1832 2298">
     <span class='ocr_line' id='line_1_36' title="bbox 241 2227 1832 2298; baseline 0.001 -17"><span class='ocrx_word' id='word_1_280' title='bbox 241 2228 576 2296; x_wconf 87' lang='lat' dir='ltr'><strong>temporibus</strong></span> <span class='ocrx_word' id='word_1_281' title='bbox 620 2229 890 2297; x_wconf 90' lang='lat' dir='ltr'><strong>oriuntur,</strong></span> <span class='ocrx_word' id='word_1_282' title='bbox 937 2227 1239 2283; x_wconf 89' lang='lat' dir='ltr'><strong>condendis</strong></span> <span class='ocrx_word' id='word_1_283' title='bbox 1287 2227 1582 2293; x_wconf 90' lang='lat' dir='ltr'><strong>adhibere;</strong></span> <span class='ocrx_word' id='word_1_284' title='bbox 1617 2228 1683 2284; x_wconf 91' lang='lat' dir='ltr'><strong>de</strong></span> <span class='ocrx_word' id='word_1_285' title='bbox 1728 2244 1832 2298; x_wconf 90' lang='lat' dir='ltr'><strong>qua</strong></span> 
     </span>
    </p>
   </div>
   <div class='ocr_carea' id='block_1_37' title="bbox 239 2319 1832 2389">
    <p class='ocr_par' dir='ltr' id='par_1_37' title="bbox 239 2319 1832 2389">
     <span class='ocr_line' id='line_1_37' title="bbox 239 2319 1832 2389; baseline 0.001 -15"><span class='ocrx_word' id='word_1_286' title='bbox 239 2319 497 2388; x_wconf 83' lang='lat' dir='ltr'><strong>sapientia</strong></span> <span class='ocrx_word' id='word_1_287' title='bbox 525 2319 725 2374; x_wconf 86' lang='lat' dir='ltr'><strong>dictum</strong></span> <span class='ocrx_word' id='word_1_288' title='bbox 760 2328 841 2375; x_wconf 88' lang='lat' dir='ltr'><strong>est</strong></span> <span class='ocrx_word' id='word_1_289' title='bbox 861 2336 873 2373; x_wconf 91' lang='lat'><strong>:</strong></span> <span class='ocrx_word' id='word_1_290' title='bbox 892 2319 1163 2375; x_wconf 91' lang='lat' dir='ltr'><strong>Pertendit</strong></span> <span class='ocrx_word' id='word_1_291' title='bbox 1194 2335 1222 2373; x_wconf 91' lang='lat' dir='ltr'><strong>a</strong></span> <span class='ocrx_word' id='word_1_292' title='bbox 1254 2319 1359 2374; x_wconf 88' lang='lat' dir='ltr'><strong>ﬁne</strong></span> <span class='ocrx_word' id='word_1_293' title='bbox 1382 2334 1551 2389; x_wconf 88' lang='lat' dir='ltr'><strong>usque</strong></span> <span class='ocrx_word' id='word_1_294' title='bbox 1580 2320 1645 2374; x_wconf 90' lang='lat' dir='ltr'><strong>ad</strong></span> <span class='ocrx_word' id='word_1_295' title='bbox 1672 2321 1832 2375; x_wconf 87' lang='lat' dir='ltr'><strong>tinem</strong></span> 
     </span>
    </p>
   </div>
   <div class='ocr_carea' id='block_1_38' title="bbox 241 2409 1833 2483">
    <p class='ocr_par' dir='ltr' id='par_1_38' title="bbox 241 2409 1833 2483">
     <span class='ocr_line' id='line_1_38' title="bbox 241 2409 1833 2483; baseline 0.004 -21"><span class='ocrx_word' id='word_1_296' title='bbox 241 2409 480 2477; x_wconf 86' lang='lat' dir='ltr'><strong>fortiter;</strong></span> <span class='ocrx_word' id='word_1_297' title='bbox 514 2422 566 2467; x_wconf 82' lang='lat' dir='ltr'><strong>et</strong></span> <span class='ocrx_word' id='word_1_298' title='bbox 589 2428 695 2467; x_wconf 89' lang='lat' dir='ltr'><strong>non</strong></span> <span class='ocrx_word' id='word_1_299' title='bbox 727 2414 881 2478; x_wconf 79' lang='lat' dir='ltr'><strong>dixit,</strong></span> <span class='ocrx_word' id='word_1_300' title='bbox 910 2413 1201 2483; x_wconf 82' lang='lat' dir='ltr'><strong>disposuit,</strong></span> <span class='ocrx_word' id='word_1_301' title='bbox 1244 2413 1363 2477; x_wconf 87' lang='lat' dir='ltr'><strong>sed,</strong></span> <span class='ocrx_word' id='word_1_302' title='bbox 1388 2413 1625 2482; x_wconf 85' lang='lat' dir='ltr'><strong>disponit</strong></span> <span class='ocrx_word' id='word_1_303' title='bbox 1651 2416 1833 2469; x_wconf 83' lang='lat' dir='ltr'><strong>omnia</strong></span> 
     </span>
    </p>
   </div>
   <div class='ocr_carea' id='block_1_39' title="bbox 242 2503 1835 2576">
    <p class='ocr_par' dir='ltr' id='par_1_39' title="bbox 242 2503 1835 2576">
     <span class='ocr_line' id='line_1_39' title="bbox 242 2503 1835 2576; baseline 0.003 -19"><span class='ocrx_word' id='word_1_304' title='bbox 242 2503 499 2558; x_wconf 83' lang='lat' dir='ltr'><strong>suaviter.</strong></span> <span class='ocrx_word' id='word_1_305' title='bbox 534 2505 757 2559; x_wconf 83' lang='lat' dir='ltr'><strong>Multum</strong></span> <span class='ocrx_word' id='word_1_306' title='bbox 789 2505 1039 2561; x_wconf 75' lang='lat' dir='ltr'><strong>estenim</strong></span> <span class='ocrx_word' id='word_1_307' title='bbox 1063 2504 1149 2559; x_wconf 87' lang='lat' dir='ltr'><strong>vel</strong></span> <span class='ocrx_word' id='word_1_308' title='bbox 1181 2505 1416 2559; x_wconf 88' lang='lat' dir='ltr'><strong>tenuiter</strong></span> <span class='ocrx_word' id='word_1_309' title='bbox 1442 2519 1654 2573; x_wconf 85' lang='lat' dir='ltr'><strong>sapere,</strong></span> <span class='ocrx_word' id='word_1_310' title='bbox 1702 2520 1835 2576; x_wconf 87' lang='lat' dir='ltr'><strong>quo-</strong></span> 
     </span>
    </p>
   </div>
   <div class='ocr_carea' id='block_1_40' title="bbox 241 2596 1835 2667">
    <p class='ocr_par' dir='ltr' id='par_1_40' title="bbox 241 2596 1835 2667">
     <span class='ocr_line' id='line_1_40' title="bbox 241 2596 1835 2667; baseline 0.001 -17"><span class='ocrx_word' id='word_1_311' title='bbox 241 2596 401 2651; x_wconf 90' lang='lat' dir='ltr'><strong>modo</strong></span> <span class='ocrx_word' id='word_1_312' title='bbox 431 2597 830 2651; x_wconf 88' lang='lat' dir='ltr'><strong>commutabilia</strong></span> <span class='ocrx_word' id='word_1_313' title='bbox 864 2606 917 2652; x_wconf 94' lang='lat' dir='ltr'><strong>et</strong></span> <span class='ocrx_word' id='word_1_314' title='bbox 947 2596 1261 2667; x_wconf 87' lang='lat' dir='ltr'><strong>temporalia</strong></span> <span class='ocrx_word' id='word_1_315' title='bbox 1306 2612 1409 2652; x_wconf 92' lang='lat' dir='ltr'><strong>non</strong></span> <span class='ocrx_word' id='word_1_316' title='bbox 1440 2597 1835 2653; x_wconf 91' lang='lat' dir='ltr'><strong>commutabili-</strong></span> 
     </span>
    </p>
   </div>
   <div class='ocr_carea' id='block_1_41' title="bbox 241 2688 1832 2758">
    <p class='ocr_par' dir='ltr' id='par_1_41' title="bbox 241 2688 1832 2758">
     <span class='ocr_line' id='line_1_41' title="bbox 241 2688 1832 2758; baseline 0.004 -19"><span class='ocrx_word' id='word_1_317' title='bbox 241 2688 339 2741; x_wconf 89' lang='lat' dir='ltr'><strong>bns</strong></span> <span class='ocrx_word' id='word_1_318' title='bbox 379 2698 432 2743; x_wconf 92' lang='lat' dir='ltr'><strong>et</strong></span> <span class='ocrx_word' id='word_1_319' title='bbox 474 2688 859 2758; x_wconf 90' lang='lat' dir='ltr'><strong>temporalibus</strong></span> <span class='ocrx_word' id='word_1_320' title='bbox 888 2690 1148 2744; x_wconf 88' lang='lat' dir='ltr'><strong>creatoris</strong></span> <span class='ocrx_word' id='word_1_321' title='bbox 1189 2689 1446 2757; x_wconf 85' lang='lat' dir='ltr'><strong>motibus,</strong></span> <span class='ocrx_word' id='word_1_322' title='bbox 1494 2691 1587 2745; x_wconf 89' lang='lat' dir='ltr'><strong>sed</strong></span> <span class='ocrx_word' id='word_1_323' title='bbox 1630 2698 1832 2746; x_wconf 87' lang='lat' dir='ltr'><strong>aeterna</strong></span> 
     </span>
    </p>
   </div>
   <div class='ocr_carea' id='block_1_42' title="bbox 240 2780 1834 2853">
    <p class='ocr_par' dir='ltr' id='par_1_42' title="bbox 240 2780 1834 2853">
     <span class='ocr_line' id='line_1_42' title="bbox 240 2780 1834 2853; baseline 0.004 -20"><span class='ocrx_word' id='word_1_324' title='bbox 240 2788 295 2833; x_wconf 91' lang='lat' dir='ltr'><strong>et</strong></span> <span class='ocrx_word' id='word_1_325' title='bbox 316 2780 494 2835; x_wconf 90' lang='lat' dir='ltr'><strong>stabili</strong></span> <span class='ocrx_word' id='word_1_326' title='bbox 513 2781 709 2835; x_wconf 87' lang='lat' dir='ltr'><strong>virtute</strong></span> <span class='ocrx_word' id='word_1_327' title='bbox 732 2781 1051 2836; x_wconf 89' lang='lat' dir='ltr'><strong>condantur.</strong></span> <span class='ocrx_word' id='word_1_328' title='bbox 1071 2781 1278 2849; x_wconf 65' lang='lat' dir='ltr'><strong>Quaeris</strong></span> <span class='ocrx_word' id='word_1_329' title='bbox 1294 2782 1456 2837; x_wconf 87' lang='lat' dir='ltr'><strong>etiam</strong></span> <span class='ocrx_word' id='word_1_330' title='bbox 1478 2798 1574 2853; x_wconf 89' lang='lat' dir='ltr'><strong>per</strong></span> <span class='ocrx_word' id='word_1_331' title='bbox 1594 2798 1678 2838; x_wconf 92' lang='lat' dir='ltr'><strong>me</strong></span> <span class='ocrx_word' id='word_1_332' title='bbox 1696 2784 1834 2840; x_wconf 88' lang='lat' dir='ltr'><strong>scire</strong></span> 
     </span>
    </p>
   </div>
   <div class='ocr_carea' id='block_1_43' title="bbox 239 2870 1831 2944">
    <p class='ocr_par' dir='ltr' id='par_1_43' title="bbox 239 2870 1831 2944">
     <span class='ocr_line' id='line_1_43' title="bbox 239 2870 1831 2944; baseline 0.003 -20"><span class='ocrx_word' id='word_1_333' title='bbox 239 2880 417 2926; x_wconf 88' lang='lat' dir='ltr'><strong>utrum</strong></span> <span class='ocrx_word' id='word_1_334' title='bbox 447 2870 542 2927; x_wconf 89' lang='lat' dir='ltr'><strong>Dei</strong></span> <span class='ocrx_word' id='word_1_335' title='bbox 574 2872 732 2928; x_wconf 89' lang='lat' dir='ltr'><strong>flatus</strong></span> <span class='ocrx_word' id='word_1_336' title='bbox 763 2873 854 2929; x_wconf 92' lang='lat' dir='ltr'><strong>ille</strong></span> <span class='ocrx_word' id='word_1_337' title='bbox 881 2874 934 2927; x_wconf 92' lang='lat' dir='ltr'><strong>in</strong></span> <span class='ocrx_word' id='word_1_338' title='bbox 980 2874 1173 2939; x_wconf 87' lang='lat' dir='ltr'><strong>Adam,</strong></span> <span class='ocrx_word' id='word_1_339' title='bbox 1207 2874 1347 2930; x_wconf 90' lang='lat' dir='ltr'><strong>idem</strong></span> <span class='ocrx_word' id='word_1_340' title='bbox 1390 2876 1506 2944; x_wconf 90' lang='lat' dir='ltr'><strong>ipse</strong></span> <span class='ocrx_word' id='word_1_341' title='bbox 1535 2875 1603 2931; x_wconf 87' lang='lat' dir='ltr'><strong>sit</strong></span> <span class='ocrx_word' id='word_1_342' title='bbox 1630 2875 1831 2929; x_wconf 92' lang='lat' dir='ltr'><strong>anima.</strong></span> 
     </span>
    </p>
   </div>
   <div class='ocr_carea' id='block_1_44' title="bbox 240 2964 1836 3037">
    <p class='ocr_par' dir='ltr' id='par_1_44' title="bbox 240 2964 1836 3037">
     <span class='ocr_line' id='line_1_44' title="bbox 240 2964 1836 3037; baseline 0.003 -19"><span class='ocrx_word' id='word_1_343' title='bbox 240 2964 483 3020; x_wconf 87' lang='lat' dir='ltr'><strong>Breviter</strong></span> <span class='ocrx_word' id='word_1_344' title='bbox 512 2967 812 3035; x_wconf 91' lang='lat' dir='ltr'><strong>respondeo</strong></span> <span class='ocrx_word' id='word_1_345' title='bbox 838 2985 849 3020; x_wconf 90' lang='lat'>:</span> <span class='ocrx_word' id='word_1_346' title='bbox 876 2966 982 3021; x_wconf 88' lang='lat' dir='ltr'><strong>Ant</strong></span> <span class='ocrx_word' id='word_1_347' title='bbox 1009 2968 1125 3037; x_wconf 90' lang='lat' dir='ltr'><strong>ipso</strong></span> <span class='ocrx_word' id='word_1_348' title='bbox 1149 2966 1325 3022; x_wconf 88' lang='lat' dir='ltr'><strong>anima</strong></span> <span class='ocrx_word' id='word_1_349' title='bbox 1356 2967 1491 3022; x_wconf 90' lang='lat' dir='ltr'><strong>facta</strong></span> <span class='ocrx_word' id='word_1_350' title='bbox 1524 2978 1627 3032; x_wconf 89' lang='lat' dir='ltr'><strong>est,</strong></span> <span class='ocrx_word' id='word_1_351' title='bbox 1661 2967 1757 3023; x_wconf 90' lang='lat' dir='ltr'><strong>sed</strong></span> <span class='ocrx_word' id='word_1_352' title='bbox 1780 2974 1836 3022; x_wconf 90' lang='lat' dir='ltr'><strong>et</strong></span> 
     </span>
    </p>
   </div>
   <div class='ocr_carea' id='block_1_45' title="bbox 238 3057 1836 3134">
    <p class='ocr_par' dir='ltr' id='par_1_45' title="bbox 238 3057 1836 3134">
     <span class='ocr_line' id='line_1_45' title="bbox 238 3057 1836 3134; baseline 0.004 -22"><span class='ocrx_word' id='word_1_353' title='bbox 238 3058 281 3112; x_wconf 88' lang='lat' dir='ltr'><strong>si</strong></span> <span class='ocrx_word' id='word_1_354' title='bbox 309 3057 425 3126; x_wconf 91' lang='lat' dir='ltr'><strong>ipse</strong></span> <span class='ocrx_word' id='word_1_355' title='bbox 448 3070 551 3123; x_wconf 89' lang='lat' dir='ltr'><strong>est,</strong></span> <span class='ocrx_word' id='word_1_356' title='bbox 588 3060 756 3115; x_wconf 83' lang='lat' dir='ltr'><strong>factus</strong></span> <span class='ocrx_word' id='word_1_357' title='bbox 786 3070 890 3116; x_wconf 89' lang='lat' dir='ltr'><strong>est.</strong></span> <span class='ocrx_word' id='word_1_358' title='bbox 917 3061 992 3117; x_wconf 91' lang='lat' dir='ltr'><strong>De</strong></span> <span class='ocrx_word' id='word_1_359' title='bbox 1021 3063 1195 3117; x_wconf 92' lang='lat' dir='ltr'><strong>anima</strong></span> <span class='ocrx_word' id='word_1_360' title='bbox 1228 3064 1428 3134; x_wconf 84' lang='lat' dir='ltr'><strong>quippe</strong></span> <span class='ocrx_word' id='word_1_361' title='bbox 1460 3063 1697 3131; x_wconf 89' lang='lat' dir='ltr'><strong>loquitur</strong></span> <span class='ocrx_word' id='word_1_362' title='bbox 1740 3077 1836 3131; x_wconf 88' lang='lat' dir='ltr'><strong>per</strong></span> 
     </span>
    </p>
   </div>
   <div class='ocr_carea' id='block_1_46' title="bbox 238 3148 1834 3221">
    <p class='ocr_par' dir='ltr' id='par_1_46' title="bbox 238 3148 1834 3221">
     <span class='ocr_line' id='line_1_46' title="bbox 238 3148 1834 3221; baseline 0.004 -19"><span class='ocrx_word' id='word_1_363' title='bbox 238 3148 427 3204; x_wconf 87' lang='lat' dir='ltr'><strong>Isaiam</strong></span> <span class='ocrx_word' id='word_1_364' title='bbox 479 3153 793 3220; x_wconf 87' lang='lat' dir='ltr'><strong>prophetam</strong></span> <span class='ocrx_word' id='word_1_365' title='bbox 844 3154 1010 3221; x_wconf 91' lang='lat' dir='ltr'><strong>Deus,</strong></span> <span class='ocrx_word' id='word_1_366' title='bbox 1058 3154 1151 3208; x_wconf 89' lang='lat' dir='ltr'><strong>ubi</strong></span> <span class='ocrx_word' id='word_1_367' title='bbox 1190 3154 1357 3208; x_wconf 90' lang='lat' dir='ltr'><strong>dicit:</strong></span> <span class='ocrx_word' id='word_1_368' title='bbox 1388 3153 1612 3209; x_wconf 91' lang='lat' dir='ltr'><strong>Omnem</strong></span> <span class='ocrx_word' id='word_1_369' title='bbox 1653 3154 1834 3209; x_wconf 84' lang='lat' dir='ltr'><strong>natum</strong></span> 
     </span>
    </p>
   </div>
   <div class='ocr_carea' id='block_1_47' title="bbox 238 3241 1828 3314">
    <p class='ocr_par' dir='ltr' id='par_1_47' title="bbox 238 3241 1828 3314">
     <span class='ocr_line' id='line_1_47' title="bbox 238 3241 1828 3314; baseline 0.004 -21"><span class='ocrx_word' id='word_1_370' title='bbox 238 3254 336 3309; x_wconf 88' lang='lat' dir='ltr'><strong>ego</strong></span> <span class='ocrx_word' id='word_1_371' title='bbox 350 3241 448 3296; x_wconf 84' lang='lat' dir='ltr'><strong>feci</strong></span> <span class='ocrx_word' id='word_1_372' title='bbox 468 3243 637 3311; x_wconf 89' lang='lat' dir='ltr'><strong>;quod</strong></span> <span class='ocrx_word' id='word_1_373' title='bbox 660 3245 937 3313; x_wconf 88' lang='lat' dir='ltr'><strong>sequentia</strong></span> <span class='ocrx_word' id='word_1_374' title='bbox 955 3246 1084 3300; x_wconf 88' lang='lat' dir='ltr'><strong>satis</strong></span> <span class='ocrx_word' id='word_1_375' title='bbox 1107 3244 1367 3311; x_wconf 89' lang='lat' dir='ltr'><strong>indicant,</strong></span> <span class='ocrx_word' id='word_1_376' title='bbox 1389 3247 1630 3314; x_wconf 87' lang='lat' dir='ltr'><strong>sequitur</strong></span> <span class='ocrx_word' id='word_1_377' title='bbox 1650 3246 1792 3300; x_wconf 90' lang='lat' dir='ltr'><strong>enim</strong></span> <span class='ocrx_word' id='word_1_378' title='bbox 1814 3261 1828 3299; x_wconf 90' lang='lat'><strong>:</strong></span> 
     </span>
    </p>
   </div>
   <div class='ocr_carea' id='block_1_48' title="bbox 1938 2041 3529 2102">
    <p class='ocr_par' dir='ltr' id='par_1_48' title="bbox 1938 2041 3529 2102">
     <span class='ocr_line' id='line_1_48' title="bbox 1938 2041 3529 2102; baseline -0.004 0"><span class='ocrx_word' id='word_1_379' title='bbox 1938 2046 2207 2102; x_wconf 91' lang='lat' dir='ltr'><strong>incertum</strong></span> <span class='ocrx_word' id='word_1_380' title='bbox 2234 2053 2339 2100; x_wconf 89' lang='lat' dir='ltr'><strong>est.</strong></span> <span class='ocrx_word' id='word_1_381' title='bbox 2367 2042 2501 2099; x_wconf 87' lang='lat' dir='ltr'><strong>Illud</strong></span> <span class='ocrx_word' id='word_1_382' title='bbox 2530 2053 2708 2099; x_wconf 91' lang='lat' dir='ltr'><strong>tamen</strong></span> <span class='ocrx_word' id='word_1_383' title='bbox 2753 2044 2897 2098; x_wconf 90' lang='lat' dir='ltr'><strong>inter</strong></span> <span class='ocrx_word' id='word_1_384' title='bbox 2937 2050 3132 2098; x_wconf 71' lang='lat' dir='ltr'><strong>caetera</strong></span> <span class='ocrx_word' id='word_1_385' title='bbox 3164 2041 3529 2097; x_wconf 87' lang='lat' dir='ltr'><strong>testimonium</strong></span> 
     </span>
    </p>
   </div>
   <div class='ocr_carea' id='block_1_49' title="bbox 1936 2131 3533 2208">
    <p class='ocr_par' dir='ltr' id='par_1_49' title="bbox 1936 2131 3533 2208">
     <span class='ocr_line' id='line_1_49' title="bbox 1936 2131 3533 2208; baseline -0.004 -14"><span class='ocrx_word' id='word_1_386' title='bbox 1936 2140 2153 2197; x_wconf 88' lang='lat' dir='ltr'><strong>videtur</strong></span> <span class='ocrx_word' id='word_1_387' title='bbox 2184 2153 2305 2195; x_wconf 90' lang='lat' dir='ltr'><strong>esse</strong></span> <span class='ocrx_word' id='word_1_388' title='bbox 2356 2139 2712 2208; x_wconf 69' lang='lat' dir='ltr'><strong>praecipuum,</strong></span> <span class='ocrx_word' id='word_1_389' title='bbox 2747 2136 2891 2206; x_wconf 87' lang='lat' dir='ltr'><strong>quod</strong></span> <span class='ocrx_word' id='word_1_390' title='bbox 2942 2138 2995 2189; x_wconf 89' lang='lat' dir='ltr'><strong>in</strong></span> <span class='ocrx_word' id='word_1_391' title='bbox 3044 2135 3181 2190; x_wconf 90' lang='lat' dir='ltr'><strong>libro</strong></span> <span class='ocrx_word' id='word_1_392' title='bbox 3227 2131 3533 2191; x_wconf 77' lang='lat' dir='ltr'><strong>Salomonis</strong></span> 
     </span>
    </p>
   </div>
   <div class='ocr_carea' id='block_1_50' title="bbox 1938 2222 3530 2301">
    <p class='ocr_par' dir='ltr' id='par_1_50' title="bbox 1938 2222 3530 2301">
     <span class='ocr_line' id='line_1_50' title="bbox 1938 2222 3530 2301; baseline -0.006 -14"><span class='ocrx_word' id='word_1_393' title='bbox 1938 2232 2271 2287; x_wconf 80' lang='lat' dir='ltr'><strong>Ecclesiaste</strong></span> <span class='ocrx_word' id='word_1_394' title='bbox 2304 2231 2531 2301; x_wconf 85' lang='lat' dir='ltr'><strong>legitur:</strong></span> <span class='ocrx_word' id='word_1_395' title='bbox 2586 2229 2652 2282; x_wconf 84' lang='lat' dir='ltr'><strong>Et</strong></span> <span class='ocrx_word' id='word_1_396' title='bbox 2682 2234 2985 2283; x_wconf 91' lang='lat' dir='ltr'><strong>revertetur</strong></span> <span class='ocrx_word' id='word_1_397' title='bbox 3023 2224 3196 2293; x_wconf 88' lang='lat' dir='ltr'><strong>pulvis</strong></span> <span class='ocrx_word' id='word_1_398' title='bbox 3225 2222 3278 2279; x_wconf 91' lang='lat' dir='ltr'><strong>in</strong></span> <span class='ocrx_word' id='word_1_399' title='bbox 3328 2230 3530 2279; x_wconf 84' lang='lat' dir='ltr'><strong>terram</strong></span> 
     </span>
    </p>
   </div>
   <div class='ocr_carea' id='block_1_51' title="bbox 1937 2314 3534 2392">
    <p class='ocr_par' dir='ltr' id='par_1_51' title="bbox 1937 2314 3534 2392">
     <span class='ocr_line' id='line_1_51' title="bbox 1937 2314 3534 2392; baseline -0.006 -12"><span class='ocrx_word' id='word_1_400' title='bbox 1937 2325 2077 2380; x_wconf 82' lang='lat' dir='ltr'><strong>sicut</strong></span> <span class='ocrx_word' id='word_1_401' title='bbox 2109 2330 2245 2389; x_wconf 90' lang='lat' dir='ltr'><strong>erat,</strong></span> <span class='ocrx_word' id='word_1_402' title='bbox 2286 2331 2341 2377; x_wconf 93' lang='lat' dir='ltr'><strong>et</strong></span> <span class='ocrx_word' id='word_1_403' title='bbox 2366 2320 2589 2392; x_wconf 89' lang='lat' dir='ltr'><strong>spiritus</strong></span> <span class='ocrx_word' id='word_1_404' title='bbox 2628 2328 2928 2375; x_wconf 89' lang='lat' dir='ltr'><strong>revertetur</strong></span> <span class='ocrx_word' id='word_1_405' title='bbox 2952 2317 3020 2372; x_wconf 89' lang='lat' dir='ltr'><strong>ad</strong></span> <span class='ocrx_word' id='word_1_406' title='bbox 3045 2317 3236 2381; x_wconf 89' lang='lat' dir='ltr'><strong>Deum,</strong></span> <span class='ocrx_word' id='word_1_407' title='bbox 3267 2316 3353 2386; x_wconf 88' lang='lat' dir='ltr'><strong>qui</strong></span> <span class='ocrx_word' id='word_1_408' title='bbox 3382 2314 3534 2371; x_wconf 84' lang='lat' dir='ltr'><strong>dedit</strong></span> 
     </span>
    </p>
   </div>
   <div class='ocr_carea' id='block_1_52' title="bbox 1936 2407 3531 2483">
    <p class='ocr_par' dir='ltr' id='par_1_52' title="bbox 1936 2407 3531 2483">
     <span class='ocr_line' id='line_1_52' title="bbox 1936 2407 3531 2483; baseline -0.008 -11"><span class='ocrx_word' id='word_1_409' title='bbox 1936 2431 2083 2472; x_wconf 91' lang='lat' dir='ltr'><strong>eum.</strong></span> <span class='ocrx_word' id='word_1_410' title='bbox 2108 2415 2212 2471; x_wconf 86' lang='lat' dir='ltr'><strong>Sed</strong></span> <span class='ocrx_word' id='word_1_411' title='bbox 2238 2414 2487 2470; x_wconf 86' lang='lat' dir='ltr'><strong>facillime</strong></span> <span class='ocrx_word' id='word_1_412' title='bbox 2532 2412 2923 2483; x_wconf 88' lang='lat' dir='ltr'><strong>respondetur:</strong></span> <span class='ocrx_word' id='word_1_413' title='bbox 2969 2409 3178 2479; x_wconf 87' lang='lat' dir='ltr'><strong>Corpus</strong></span> <span class='ocrx_word' id='word_1_414' title='bbox 3204 2407 3260 2463; x_wconf 90' lang='lat' dir='ltr'><strong>in</strong></span> <span class='ocrx_word' id='word_1_415' title='bbox 3306 2415 3531 2474; x_wconf 88' lang='lat' dir='ltr'><strong>terram,</strong></span> 
     </span>
    </p>
   </div>
   <div class='ocr_carea' id='block_1_53' title="bbox 1937 2500 3535 2581">
    <p class='ocr_par' dir='ltr' id='par_1_53' title="bbox 1937 2500 3535 2581">
     <span class='ocr_line' id='line_1_53' title="bbox 1937 2500 3535 2581; baseline -0.007 -15"><span class='ocrx_word' id='word_1_416' title='bbox 1937 2510 2005 2566; x_wconf 93' lang='lat' dir='ltr'><strong>de</strong></span> <span class='ocrx_word' id='word_1_417' title='bbox 2033 2524 2137 2581; x_wconf 87' lang='lat' dir='ltr'><strong>qua</strong></span> <span class='ocrx_word' id='word_1_418' title='bbox 2170 2509 2366 2565; x_wconf 92' lang='lat' dir='ltr'><strong>factum</strong></span> <span class='ocrx_word' id='word_1_419' title='bbox 2406 2517 2489 2564; x_wconf 90' lang='lat' dir='ltr'><strong>est</strong></span> <span class='ocrx_word' id='word_1_420' title='bbox 2520 2507 2751 2577; x_wconf 89' lang='lat' dir='ltr'><strong>primum</strong></span> <span class='ocrx_word' id='word_1_421' title='bbox 2783 2503 3017 2575; x_wconf 87' lang='lat' dir='ltr'><strong>hominis</strong></span> <span class='ocrx_word' id='word_1_422' title='bbox 3044 2517 3261 2574; x_wconf 89' lang='lat' dir='ltr'><strong>corpus,</strong></span> <span class='ocrx_word' id='word_1_423' title='bbox 3291 2509 3347 2558; x_wconf 88' lang='lat' dir='ltr'><strong>et</strong></span> <span class='ocrx_word' id='word_1_424' title='bbox 3372 2500 3535 2571; x_wconf 81' lang='lat' dir='ltr'><strong>spiri-</strong></span> 
     </span>
    </p>
   </div>
   <div class='ocr_carea' id='block_1_54' title="bbox 1938 2592 3534 2671">
    <p class='ocr_par' dir='ltr' id='par_1_54' title="bbox 1938 2592 3534 2671">
     <span class='ocr_line' id='line_1_54' title="bbox 1938 2592 3534 2671; baseline -0.003 -17"><span class='ocrx_word' id='word_1_425' title='bbox 1938 2610 2023 2657; x_wconf 89' lang='lat' dir='ltr'><strong>tus</strong></span> <span class='ocrx_word' id='word_1_426' title='bbox 2053 2600 2117 2656; x_wconf 88' lang='lat' dir='ltr'><strong>ad</strong></span> <span class='ocrx_word' id='word_1_427' title='bbox 2149 2602 2339 2668; x_wconf 92' lang='lat' dir='ltr'><strong>Deum,</strong></span> <span class='ocrx_word' id='word_1_428' title='bbox 2373 2616 2402 2655; x_wconf 91' lang='lat' dir='ltr'><strong>a</strong></span> <span class='ocrx_word' id='word_1_429' title='bbox 2431 2615 2539 2671; x_wconf 90' lang='lat' dir='ltr'><strong>quo</strong></span> <span class='ocrx_word' id='word_1_430' title='bbox 2569 2599 2703 2655; x_wconf 90' lang='lat' dir='ltr'><strong>facta</strong></span> <span class='ocrx_word' id='word_1_431' title='bbox 2734 2597 2905 2669; x_wconf 89' lang='lat' dir='ltr'><strong>prima</strong></span> <span class='ocrx_word' id='word_1_432' title='bbox 2930 2596 3162 2652; x_wconf 87' lang='lat' dir='ltr'><strong>hominis</strong></span> <span class='ocrx_word' id='word_1_433' title='bbox 3189 2595 3388 2650; x_wconf 87' lang='lat' dir='ltr'><strong>anima.</strong></span> <span class='ocrx_word' id='word_1_434' title='bbox 3417 2592 3534 2649; x_wconf 84' lang='lat' dir='ltr'><strong>Sic-</strong></span> 
     </span>
    </p>
   </div>
   <div class='ocr_carea' id='block_1_55' title="bbox 1937 2685 3535 2762">
    <p class='ocr_par' dir='ltr' id='par_1_55' title="bbox 1937 2685 3535 2762">
     <span class='ocr_line' id='line_1_55' title="bbox 1937 2685 3535 2762; baseline -0.004 -14"><span class='ocrx_word' id='word_1_435' title='bbox 1937 2701 1997 2748; x_wconf 89' lang='lat' dir='ltr'><strong>ut</strong></span> <span class='ocrx_word' id='word_1_436' title='bbox 2017 2693 2159 2748; x_wconf 92' lang='lat' dir='ltr'><strong>enim</strong></span> <span class='ocrx_word' id='word_1_437' title='bbox 2203 2700 2440 2748; x_wconf 84' lang='lat' dir='ltr'><strong>nostrum</strong></span> <span class='ocrx_word' id='word_1_438' title='bbox 2465 2706 2682 2762; x_wconf 89' lang='lat' dir='ltr'><strong>corpus,</strong></span> <span class='ocrx_word' id='word_1_439' title='bbox 2719 2690 2984 2761; x_wconf 90' lang='lat' dir='ltr'><strong>inquiunt,</strong></span> <span class='ocrx_word' id='word_1_440' title='bbox 3007 2688 3253 2760; x_wconf 85' lang='lat' dir='ltr'><strong>quamvis</strong></span> <span class='ocrx_word' id='word_1_441' title='bbox 3272 2701 3337 2743; x_wconf 87' lang='lat' dir='ltr'><strong>ex</strong></span> <span class='ocrx_word' id='word_1_442' title='bbox 3357 2685 3535 2757; x_wconf 87' lang='lat' dir='ltr'><strong>primo</strong></span> 
     </span>
    </p>
   </div>
   <div class='ocr_carea' id='block_1_56' title="bbox 1938 2776 3536 2856">
    <p class='ocr_par' dir='ltr' id='par_1_56' title="bbox 1938 2776 3536 2856">
     <span class='ocr_line' id='line_1_56' title="bbox 1938 2776 3536 2856; baseline -0.008 -14"><span class='ocrx_word' id='word_1_443' title='bbox 1938 2786 2034 2842; x_wconf 88' lang='lat' dir='ltr'><strong>illo</strong></span> <span class='ocrx_word' id='word_1_444' title='bbox 2061 2799 2290 2856; x_wconf 91' lang='lat' dir='ltr'><strong>corpore</strong></span> <span class='ocrx_word' id='word_1_445' title='bbox 2314 2793 2665 2855; x_wconf 88' lang='lat' dir='ltr'><strong>pr0pagatum</strong></span> <span class='ocrx_word' id='word_1_446' title='bbox 2695 2784 2786 2851; x_wconf 87' lang='lat' dir='ltr'><strong>sit,</strong></span> <span class='ocrx_word' id='word_1_447' title='bbox 2807 2796 2875 2839; x_wconf 93' lang='lat' dir='ltr'><strong>eo</strong></span> <span class='ocrx_word' id='word_1_448' title='bbox 2901 2789 3078 2837; x_wconf 88' lang='lat' dir='ltr'><strong>tamen</strong></span> <span class='ocrx_word' id='word_1_449' title='bbox 3107 2778 3250 2835; x_wconf 83' lang='lat' dir='ltr'><strong>redit</strong></span> <span class='ocrx_word' id='word_1_450' title='bbox 3275 2776 3421 2833; x_wconf 90' lang='lat' dir='ltr'><strong>unde</strong></span> <span class='ocrx_word' id='word_1_451' title='bbox 3448 2776 3536 2845; x_wconf 84' lang='lat' dir='ltr'><strong>ip-</strong></span> 
     </span>
    </p>
   </div>
   <div class='ocr_carea' id='block_1_57' title="bbox 1936 2873 3532 2949">
    <p class='ocr_par' dir='ltr' id='par_1_57' title="bbox 1936 2873 3532 2949">
     <span class='ocr_line' id='line_1_57' title="bbox 1936 2873 3532 2949; baseline -0.007 -15"><span class='ocrx_word' id='word_1_452' title='bbox 1936 2894 2053 2934; x_wconf 83' lang='lat' dir='ltr'><strong>sum</strong></span> <span class='ocrx_word' id='word_1_453' title='bbox 2078 2880 2308 2949; x_wconf 87' lang='lat' dir='ltr'><strong>primum</strong></span> <span class='ocrx_word' id='word_1_454' title='bbox 2332 2892 2527 2949; x_wconf 91' lang='lat' dir='ltr'><strong>corpus</strong></span> <span class='ocrx_word' id='word_1_455' title='bbox 2559 2876 2807 2933; x_wconf 69' lang='lat' dir='ltr'><strong>effectum</strong></span> <span class='ocrx_word' id='word_1_456' title='bbox 2838 2883 2943 2941; x_wconf 89' lang='lat' dir='ltr'><strong>est,</strong></span> <span class='ocrx_word' id='word_1_457' title='bbox 2985 2875 3065 2930; x_wconf 91' lang='lat' dir='ltr'><strong>sic</strong></span> <span class='ocrx_word' id='word_1_458' title='bbox 3103 2873 3280 2928; x_wconf 88' lang='lat' dir='ltr'><strong>anima</strong></span> <span class='ocrx_word' id='word_1_459' title='bbox 3316 2879 3532 2935; x_wconf 89' lang='lat' dir='ltr'><strong>nostra,</strong></span> 
     </span>
    </p>
   </div>
   <div class='ocr_carea' id='block_1_58' title="bbox 1936 2960 3537 3041">
    <p class='ocr_par' dir='ltr' id='par_1_58' title="bbox 1936 2960 3537 3041">
     <span class='ocr_line' id='line_1_58' title="bbox 1936 2960 3537 3041; baseline -0.006 -17"><span class='ocrx_word' id='word_1_460' title='bbox 1936 2970 2187 3041; x_wconf 88' lang='lat' dir='ltr'><strong>quamvis</strong></span> <span class='ocrx_word' id='word_1_461' title='bbox 2218 2985 2285 3024; x_wconf 85' lang='lat' dir='ltr'><strong>ex</strong></span> <span class='ocrx_word' id='word_1_462' title='bbox 2333 2969 2422 3023; x_wconf 91' lang='lat' dir='ltr'><strong>illa</strong></span> <span class='ocrx_word' id='word_1_463' title='bbox 2457 2968 2637 3023; x_wconf 85' lang='lat' dir='ltr'><strong>anima</strong></span> <span class='ocrx_word' id='word_1_464' title='bbox 2666 2974 2980 3037; x_wconf 89' lang='lat' dir='ltr'><strong>propagata,</strong></span> <span class='ocrx_word' id='word_1_465' title='bbox 3013 2979 3119 3019; x_wconf 92' lang='lat' dir='ltr'><strong>non</strong></span> <span class='ocrx_word' id='word_1_466' title='bbox 3174 2962 3240 3018; x_wconf 88' lang='lat' dir='ltr'><strong>ad</strong></span> <span class='ocrx_word' id='word_1_467' title='bbox 3283 2960 3537 3026; x_wconf 71' lang='lat' dir='ltr'><strong>nihilum,</strong></span> 
     </span>
    </p>
   </div>
   <div class='ocr_carea' id='block_1_59' title="bbox 1938 3053 3538 3135">
    <p class='ocr_par' dir='ltr' id='par_1_59' title="bbox 1938 3053 3538 3135">
     <span class='ocr_line' id='line_1_59' title="bbox 1938 3053 3538 3135; baseline -0.006 -20"><span class='ocrx_word' id='word_1_468' title='bbox 1938 3065 2062 3135; x_wconf 88' lang='lat' dir='ltr'><strong>quia</strong></span> <span class='ocrx_word' id='word_1_469' title='bbox 2095 3063 2419 3118; x_wconf 91' lang='lat' dir='ltr'><strong>immortalis</strong></span> <span class='ocrx_word' id='word_1_470' title='bbox 2446 3071 2552 3128; x_wconf 91' lang='lat' dir='ltr'><strong>est,</strong></span> <span class='ocrx_word' id='word_1_471' title='bbox 2596 3060 2691 3117; x_wconf 91' lang='lat' dir='ltr'><strong>sed</strong></span> <span class='ocrx_word' id='word_1_472' title='bbox 2738 3060 2803 3115; x_wconf 91' lang='lat' dir='ltr'><strong>ad</strong></span> <span class='ocrx_word' id='word_1_473' title='bbox 2828 3058 2981 3114; x_wconf 92' lang='lat' dir='ltr'><strong>illum</strong></span> <span class='ocrx_word' id='word_1_474' title='bbox 3031 3056 3227 3113; x_wconf 89' lang='lat' dir='ltr'><strong>redita</strong></span> <span class='ocrx_word' id='word_1_475' title='bbox 3269 3067 3377 3124; x_wconf 91' lang='lat' dir='ltr'><strong>quo</strong></span> <span class='ocrx_word' id='word_1_476' title='bbox 3421 3053 3538 3121; x_wconf 80' lang='lat' dir='ltr'><strong>ipsa</strong></span> 
     </span>
    </p>
   </div>
   <div class='ocr_carea' id='block_1_60' title="bbox 1939 3145 3540 3229">
    <p class='ocr_par' dir='ltr' id='par_1_60' title="bbox 1939 3145 3540 3229">
     <span class='ocr_line' id='line_1_60' title="bbox 1939 3145 3540 3229; baseline -0.009 -16"><span class='ocrx_word' id='word_1_477' title='bbox 1939 3159 2115 3229; x_wconf 90' lang='lat' dir='ltr'><strong>prima</strong></span> <span class='ocrx_word' id='word_1_478' title='bbox 2141 3159 2318 3212; x_wconf 90' lang='lat' dir='ltr'><strong>anima</strong></span> <span class='ocrx_word' id='word_1_479' title='bbox 2353 3156 2491 3212; x_wconf 85' lang='lat' dir='ltr'><strong>facta</strong></span> <span class='ocrx_word' id='word_1_480' title='bbox 2514 3164 2629 3221; x_wconf 91' lang='lat' dir='ltr'><strong>est;</strong></span> <span class='ocrx_word' id='word_1_481' title='bbox 2671 3168 2735 3209; x_wconf 90' lang='lat' dir='ltr'><strong>ac</strong></span> <span class='ocrx_word' id='word_1_482' title='bbox 2775 3168 2872 3223; x_wconf 89' lang='lat' dir='ltr'><strong>per</strong></span> <span class='ocrx_word' id='word_1_483' title='bbox 2914 3154 3016 3208; x_wconf 85' lang='lat' dir='ltr'><strong>hoc</strong></span> <span class='ocrx_word' id='word_1_484' title='bbox 3067 3150 3195 3205; x_wconf 90' lang='lat' dir='ltr'><strong>illud</strong></span> <span class='ocrx_word' id='word_1_485' title='bbox 3239 3145 3382 3218; x_wconf 89' lang='lat' dir='ltr'><strong>quod</strong></span> <span class='ocrx_word' id='word_1_486' title='bbox 3404 3146 3540 3201; x_wconf 89' lang='lat' dir='ltr'><strong>scri-</strong></span> 
     </span>
    </p>
   </div>
   <div class='ocr_carea' id='block_1_61' title="bbox 1939 3234 3539 3320">
    <p class='ocr_par' dir='ltr' id='par_1_61' title="bbox 1939 3234 3539 3320">
     <span class='ocr_line' id='line_1_61' title="bbox 1939 3234 3539 3320; baseline -0.01 -14"><span class='ocrx_word' id='word_1_487' title='bbox 1939 3258 2092 3320; x_wconf 87' lang='lat' dir='ltr'><strong>ptum</strong></span> <span class='ocrx_word' id='word_1_488' title='bbox 2121 3258 2206 3305; x_wconf 91' lang='lat' dir='ltr'><strong>est</strong></span> <span class='ocrx_word' id='word_1_489' title='bbox 2233 3250 2302 3306; x_wconf 90' lang='lat' dir='ltr'><strong>de</strong></span> <span class='ocrx_word' id='word_1_490' title='bbox 2330 3248 2525 3319; x_wconf 89' lang='lat' dir='ltr'><strong>spiritu</strong></span> <span class='ocrx_word' id='word_1_491' title='bbox 2550 3246 2811 3316; x_wconf 84' lang='lat' dir='ltr'><strong>cujusque</strong></span> <span class='ocrx_word' id='word_1_492' title='bbox 2836 3243 3072 3299; x_wconf 88' lang='lat' dir='ltr'><strong>hominis</strong></span> <span class='ocrx_word' id='word_1_493' title='bbox 3099 3241 3241 3312; x_wconf 90' lang='lat' dir='ltr'><strong>quod</strong></span> <span class='ocrx_word' id='word_1_494' title='bbox 3264 3238 3449 3294; x_wconf 89' lang='lat' dir='ltr'><strong>redeat</strong></span> <span class='ocrx_word' id='word_1_495' title='bbox 3469 3234 3539 3291; x_wconf 90' lang='lat' dir='ltr'><strong>ad</strong></span> 
     </span>
    </p>
   </div>
   <div class='ocr_carea' id='block_1_62' title="bbox 238 3322 3538 3413">
    <p class='ocr_par' dir='ltr' id='par_1_62' title="bbox 238 3322 3538 3413">
     <span class='ocr_line' id='line_1_62' title="bbox 238 3322 3538 3413; baseline -0.002 -26"><span class='ocrx_word' id='word_1_496' title='bbox 238 3322 463 3403; x_wconf 73' lang='lat' dir='ltr'><strong>Propter</strong></span> <span class='ocrx_word' id='word_1_497' title='bbox 490 3347 771 3405; x_wconf 88' lang='lat' dir='ltr'><strong>peccatum</strong></span> <span class='ocrx_word' id='word_1_498' title='bbox 822 3338 1091 3393; x_wconf 91' lang='lat' dir='ltr'><strong>modicum</strong></span> <span class='ocrx_word' id='word_1_499' title='bbox 1124 3339 1249 3409; x_wconf 83' lang='lat' dir='ltr'><strong>quid</strong></span> <span class='ocrx_word' id='word_1_500' title='bbox 1282 3339 1599 3394; x_wconf 90' lang='lat' dir='ltr'><strong>contristavi</strong></span> <span class='ocrx_word' id='word_1_501' title='bbox 1630 3340 1830 3395; x_wconf 82' lang='lat' dir='ltr'><strong>illum?</strong></span> <span class='ocrx_word' id='word_1_502' title='bbox 1860 3346 1907 3411; x_wconf 71' lang='grc' dir='ltr'>ο</span> <span class='ocrx_word' id='word_1_503' title='bbox 1938 3343 2107 3399; x_wconf 86' lang='lat' dir='ltr'><strong>Deum</strong></span> <span class='ocrx_word' id='word_1_504' title='bbox 2137 3344 2223 3413; x_wconf 89' lang='lat' dir='ltr'><strong>qui</strong></span> <span class='ocrx_word' id='word_1_505' title='bbox 2252 3342 2397 3398; x_wconf 90' lang='lat' dir='ltr'><strong>dedit</strong></span> <span class='ocrx_word' id='word_1_506' title='bbox 2424 3356 2569 3409; x_wconf 85' lang='lat' dir='ltr'><strong>cum,</strong></span> <span class='ocrx_word' id='word_1_507' title='bbox 2592 3353 2699 3393; x_wconf 92' lang='lat' dir='ltr'><strong>non</strong></span> <span class='ocrx_word' id='word_1_508' title='bbox 2723 3338 2882 3393; x_wconf 87' lang='lat' dir='ltr'><strong>solvit</strong></span> <span class='ocrx_word' id='word_1_509' title='bbox 2909 3333 3064 3392; x_wconf 87' lang='lat' dir='ltr'><strong>istam</strong></span> <span class='ocrx_word' id='word_1_510' title='bbox 3095 3329 3538 3388; x_wconf 86' lang='lat' dir='ltr'><strong>obscurissimam</strong></span> 
     </span>
    </p>
   </div>
   <div class='ocr_carea' id='block_1_63' title="bbox 238 3426 1837 3502">
    <p class='ocr_par' dir='ltr' id='par_1_63' title="bbox 238 3426 1837 3502">
     <span class='ocr_line' id='line_1_63' title="bbox 238 3426 1837 3502; baseline 0.005 -23"><span class='ocrx_word' id='word_1_511' title='bbox 238 3426 292 3480; x_wconf 89' lang='lat' dir='ltr'><strong>id</strong></span> <span class='ocrx_word' id='word_1_512' title='bbox 321 3435 423 3492; x_wconf 89' lang='lat' dir='ltr'><strong>est,</strong></span> <span class='ocrx_word' id='word_1_513' title='bbox 453 3429 627 3497; x_wconf 90' lang='lat' dir='ltr'><strong>ipsum</strong></span> <span class='ocrx_word' id='word_1_514' title='bbox 662 3430 871 3495; x_wconf 86' lang='lat' dir='ltr'><strong>flatum,</strong></span> <span class='ocrx_word' id='word_1_515' title='bbox 903 3439 958 3484; x_wconf 95' lang='lat' dir='ltr'><strong>et</strong></span> <span class='ocrx_word' id='word_1_516' title='bbox 998 3440 1217 3497; x_wconf 64' lang='lat' dir='ltr'><strong>cratera,</strong></span> <span class='ocrx_word' id='word_1_517' title='bbox 1250 3447 1369 3502; x_wconf 63' lang='lat' dir='ltr'><strong>qum</strong></span> <span class='ocrx_word' id='word_1_518' title='bbox 1411 3431 1515 3487; x_wconf 91' lang='lat' dir='ltr'><strong>nisi</strong></span> <span class='ocrx_word' id='word_1_519' title='bbox 1543 3432 1610 3487; x_wconf 89' lang='lat' dir='ltr'><strong>de</strong></span> <span class='ocrx_word' id='word_1_520' title='bbox 1655 3433 1837 3488; x_wconf 88' lang='lat' dir='ltr'><strong>anima</strong></span> 
     </span>
    </p>
   </div>
   <div class='ocr_carea' id='block_1_64' title="bbox 239 3518 1838 3592">
    <p class='ocr_par' dir='ltr' id='par_1_64' title="bbox 239 3518 1838 3592">
     <span class='ocr_line' id='line_1_64' title="bbox 239 3518 1838 3592; baseline 0.006 -21"><span class='ocrx_word' id='word_1_521' title='bbox 239 3518 477 3572; x_wconf 85' lang='lat' dir='ltr'><strong>humana</strong></span> <span class='ocrx_word' id='word_1_522' title='bbox 501 3519 727 3592; x_wconf 89' lang='lat' dir='ltr'><strong>intelligi</strong></span> <span class='ocrx_word' id='word_1_523' title='bbox 767 3530 1062 3591; x_wconf 90' lang='lat' dir='ltr'><strong>nequeunt.</strong></span> <span class='ocrx_word' id='word_1_524' title='bbox 1108 3522 1165 3576; x_wconf 87' lang='lat' dir='ltr'><strong>In</strong></span> <span class='ocrx_word' id='word_1_525' title='bbox 1199 3524 1297 3577; x_wconf 88' lang='lat' dir='ltr'><strong>hac</strong></span> <span class='ocrx_word' id='word_1_526' title='bbox 1342 3522 1486 3577; x_wconf 91' lang='lat' dir='ltr'><strong>enim</strong></span> <span class='ocrx_word' id='word_1_527' title='bbox 1536 3523 1838 3592; x_wconf 68' lang='lat' dir='ltr'><strong>quaestione</strong></span> 
     </span>
    </p>
   </div>
   <div class='ocr_carea' id='block_1_65' title="bbox 238 3615 1840 3672">
    <p class='ocr_par' dir='ltr' id='par_1_65' title="bbox 238 3615 1840 3672">
     <span class='ocr_line' id='line_1_65' title="bbox 238 3615 1840 3672; baseline 0.003 -5"><span class='ocrx_word' id='word_1_528' title='bbox 238 3615 475 3671; x_wconf 82' lang='lat' dir='ltr'><strong>maxime</strong></span> <span class='ocrx_word' id='word_1_529' title='bbox 499 3615 802 3671; x_wconf 87' lang='lat' dir='ltr'><strong>cavendum</strong></span> <span class='ocrx_word' id='word_1_530' title='bbox 833 3625 917 3671; x_wconf 91' lang='lat' dir='ltr'><strong>est</strong></span> <span class='ocrx_word' id='word_1_531' title='bbox 944 3631 1012 3671; x_wconf 91' lang='lat' dir='ltr'><strong>ne</strong></span> <span class='ocrx_word' id='word_1_532' title='bbox 1034 3617 1228 3671; x_wconf 74' lang='lat' dir='ltr'><strong>anima:</strong></span> <span class='ocrx_word' id='word_1_533' title='bbox 1256 3631 1361 3671; x_wconf 92' lang='lat' dir='ltr'><strong>non</strong></span> <span class='ocrx_word' id='word_1_534' title='bbox 1389 3631 1418 3669; x_wconf 91' lang='lat' dir='ltr'><strong>a</strong></span> <span class='ocrx_word' id='word_1_535' title='bbox 1445 3616 1556 3671; x_wconf 91' lang='lat' dir='ltr'><strong>Deo</strong></span> <span class='ocrx_word' id='word_1_536' title='bbox 1581 3617 1717 3672; x_wconf 86' lang='lat' dir='ltr'><strong>facta</strong></span> <span class='ocrx_word' id='word_1_537' title='bbox 1746 3633 1840 3672; x_wconf 84' lang='lat' dir='ltr'><strong>na-</strong></span> 
     </span>
    </p>
   </div>
   <div class='ocr_carea' id='block_1_66' title="bbox 238 3706 1840 3779">
    <p class='ocr_par' dir='ltr' id='par_1_66' title="bbox 238 3706 1840 3779">
     <span class='ocr_line' id='line_1_66' title="bbox 238 3706 1840 3779; baseline 0.003 -19"><span class='ocrx_word' id='word_1_538' title='bbox 238 3717 385 3771; x_wconf 87' lang='lat' dir='ltr'><strong>tura,</strong></span> <span class='ocrx_word' id='word_1_539' title='bbox 420 3706 513 3763; x_wconf 88' lang='lat' dir='ltr'><strong>sed</strong></span> <span class='ocrx_word' id='word_1_540' title='bbox 542 3708 709 3778; x_wconf 87' lang='lat' dir='ltr'><strong>ipsius</strong></span> <span class='ocrx_word' id='word_1_541' title='bbox 742 3708 835 3764; x_wconf 92' lang='lat' dir='ltr'><strong>Dei</strong></span> <span class='ocrx_word' id='word_1_542' title='bbox 879 3709 1200 3773; x_wconf 86' lang='lat' dir='ltr'><strong>substantia,</strong></span> <span class='ocrx_word' id='word_1_543' title='bbox 1229 3718 1483 3779; x_wconf 88' lang='lat' dir='ltr'><strong>tanquam</strong></span> <span class='ocrx_word' id='word_1_544' title='bbox 1535 3710 1840 3779; x_wconf 87' lang='lat' dir='ltr'><strong>unigenitus</strong></span> 
     </span>
    </p>
   </div>
   <div class='ocr_carea' id='block_1_67' title="bbox 240 3798 1838 3871">
    <p class='ocr_par' dir='ltr' id='par_1_67' title="bbox 240 3798 1838 3871">
     <span class='ocr_line' id='line_1_67' title="bbox 240 3798 1838 3871; baseline 0.001 -16"><span class='ocrx_word' id='word_1_545' title='bbox 240 3798 434 3871; x_wconf 87' lang='lat' dir='ltr'><strong>Filius,</strong></span> <span class='ocrx_word' id='word_1_546' title='bbox 452 3801 594 3871; x_wconf 92' lang='lat' dir='ltr'><strong>quod</strong></span> <span class='ocrx_word' id='word_1_547' title='bbox 613 3810 699 3857; x_wconf 90' lang='lat' dir='ltr'><strong>est</strong></span> <span class='ocrx_word' id='word_1_548' title='bbox 721 3800 953 3857; x_wconf 80' lang='lat' dir='ltr'><strong>Verbum</strong></span> <span class='ocrx_word' id='word_1_549' title='bbox 968 3800 1109 3871; x_wconf 86' lang='lat' dir='ltr'><strong>ejus,</strong></span> <span class='ocrx_word' id='word_1_550' title='bbox 1129 3809 1220 3855; x_wconf 91' lang='lat' dir='ltr'><strong>aut</strong></span> <span class='ocrx_word' id='word_1_551' title='bbox 1241 3801 1417 3871; x_wconf 90' lang='lat' dir='ltr'><strong>aliqua</strong></span> <span class='ocrx_word' id='word_1_552' title='bbox 1440 3800 1557 3871; x_wconf 85' lang='lat' dir='ltr'><strong>ejus</strong></span> <span class='ocrx_word' id='word_1_553' title='bbox 1580 3801 1838 3871; x_wconf 88' lang='lat' dir='ltr'><strong>particula</strong></span> 
     </span>
    </p>
   </div>
   <div class='ocr_carea' id='block_1_68' title="bbox 240 3896 1836 3969">
    <p class='ocr_par' dir='ltr' id='par_1_68' title="bbox 240 3896 1836 3969">
     <span class='ocr_line' id='line_1_68' title="bbox 240 3896 1836 3969; baseline -0.001 -18"><span class='ocrx_word' id='word_1_554' title='bbox 240 3911 363 3952; x_wconf 90' lang='lat' dir='ltr'><strong>esse</strong></span> <span class='ocrx_word' id='word_1_555' title='bbox 384 3897 664 3959; x_wconf 87' lang='lat' dir='ltr'><strong>credatur;</strong></span> <span class='ocrx_word' id='word_1_556' title='bbox 700 3906 948 3969; x_wconf 90' lang='lat' dir='ltr'><strong>tanquam</strong></span> <span class='ocrx_word' id='word_1_557' title='bbox 980 3897 1069 3952; x_wconf 92' lang='lat' dir='ltr'><strong>illa</strong></span> <span class='ocrx_word' id='word_1_558' title='bbox 1111 3906 1303 3952; x_wconf 88' lang='lat' dir='ltr'><strong>natura</strong></span> <span class='ocrx_word' id='word_1_559' title='bbox 1324 3904 1482 3968; x_wconf 90' lang='lat' dir='ltr'><strong>atque</strong></span> <span class='ocrx_word' id='word_1_560' title='bbox 1514 3896 1836 3961; x_wconf 90' lang='lat' dir='ltr'><strong>substantia,</strong></span> 
     </span>
    </p>
   </div>
   <div class='ocr_carea' id='block_1_69' title="bbox 242 3988 1841 4057">
    <p class='ocr_par' dir='ltr' id='par_1_69' title="bbox 242 3988 1841 4057">
     <span class='ocr_line' id='line_1_69' title="bbox 242 3988 1841 4057; baseline -0.001 -14"><span class='ocrx_word' id='word_1_561' title='bbox 242 4002 347 4057; x_wconf 89' lang='lat' dir='ltr'><strong>qua</strong></span> <span class='ocrx_word' id='word_1_562' title='bbox 378 3988 521 4044; x_wconf 90' lang='lat' dir='ltr'><strong>Deus</strong></span> <span class='ocrx_word' id='word_1_563' title='bbox 550 3998 652 4055; x_wconf 88' lang='lat' dir='ltr'><strong>est,</strong></span> <span class='ocrx_word' id='word_1_564' title='bbox 702 3989 1098 4043; x_wconf 88' lang='lat' dir='ltr'><strong>commutabilis</strong></span> <span class='ocrx_word' id='word_1_565' title='bbox 1140 4004 1261 4044; x_wconf 88' lang='lat' dir='ltr'><strong>esse</strong></span> <span class='ocrx_word' id='word_1_566' title='bbox 1306 3989 1497 4057; x_wconf 85' lang='lat' dir='ltr'><strong>possit,</strong></span> <span class='ocrx_word' id='word_1_567' title='bbox 1530 3988 1669 4057; x_wconf 88' lang='lat' dir='ltr'><strong>quod</strong></span> <span class='ocrx_word' id='word_1_568' title='bbox 1716 4002 1841 4043; x_wconf 87' lang='lat' dir='ltr'><strong>esse</strong></span> 
     </span>
    </p>
   </div>
   <div class='ocr_carea' id='block_1_70' title="bbox 244 4079 1840 4149">
    <p class='ocr_par' dir='ltr' id='par_1_70' title="bbox 244 4079 1840 4149">
     <span class='ocr_line' id='line_1_70' title="bbox 244 4079 1840 4149; baseline 0.001 -17"><span class='ocrx_word' id='word_1_569' title='bbox 244 4079 481 4133; x_wconf 80' lang='lat' dir='ltr'><strong>animam</strong></span> <span class='ocrx_word' id='word_1_570' title='bbox 503 4093 662 4135; x_wconf 90' lang='lat' dir='ltr'><strong>nemo</strong></span> <span class='ocrx_word' id='word_1_571' title='bbox 686 4096 791 4133; x_wconf 92' lang='lat' dir='ltr'><strong>non</strong></span> <span class='ocrx_word' id='word_1_572' title='bbox 820 4080 1004 4146; x_wconf 86' lang='lat' dir='ltr'><strong>sentit,</strong></span> <span class='ocrx_word' id='word_1_573' title='bbox 1029 4080 1119 4149; x_wconf 89' lang='lat' dir='ltr'><strong>qui</strong></span> <span class='ocrx_word' id='word_1_574' title='bbox 1148 4094 1209 4135; x_wconf 88' lang='lat' dir='ltr'><strong>se</strong></span> <span class='ocrx_word' id='word_1_575' title='bbox 1234 4080 1435 4134; x_wconf 88' lang='lat' dir='ltr'><strong>habere</strong></span> <span class='ocrx_word' id='word_1_576' title='bbox 1456 4080 1689 4133; x_wconf 88' lang='lat' dir='ltr'><strong>animam</strong></span> <span class='ocrx_word' id='word_1_577' title='bbox 1714 4094 1840 4133; x_wconf 89' lang='lat' dir='ltr'><strong>sen-</strong></span> 
     </span>
    </p>
   </div>
   <div class='ocr_carea' id='block_1_71' title="bbox 242 4169 1842 4240">
    <p class='ocr_par' dir='ltr' id='par_1_71' title="bbox 242 4169 1842 4240">
     <span class='ocr_line' id='line_1_71' title="bbox 242 4169 1842 4240; baseline -0.001 -15"><span class='ocrx_word' id='word_1_578' title='bbox 242 4172 330 4225; x_wconf 92' lang='lat' dir='ltr'><strong>tit.</strong></span> <span class='ocrx_word' id='word_1_579' title='bbox 366 4169 496 4224; x_wconf 85' lang='lat' dir='ltr'><strong>Nam</strong></span> <span class='ocrx_word' id='word_1_580' title='bbox 528 4171 669 4240; x_wconf 90' lang='lat' dir='ltr'><strong>quod</strong></span> <span class='ocrx_word' id='word_1_581' title='bbox 697 4172 891 4226; x_wconf 86' lang='lat' dir='ltr'><strong>attinet</strong></span> <span class='ocrx_word' id='word_1_582' title='bbox 920 4172 986 4226; x_wconf 89' lang='lat' dir='ltr'><strong>ad</strong></span> <span class='ocrx_word' id='word_1_583' title='bbox 1009 4171 1127 4239; x_wconf 86' lang='lat' dir='ltr'><strong>ejus</strong></span> <span class='ocrx_word' id='word_1_584' title='bbox 1151 4170 1438 4240; x_wconf 89' lang='lat' dir='ltr'><strong>originem,</strong></span> <span class='ocrx_word' id='word_1_585' title='bbox 1468 4184 1570 4239; x_wconf 88' lang='lat' dir='ltr'><strong>qua</strong></span> <span class='ocrx_word' id='word_1_586' title='bbox 1603 4170 1660 4224; x_wconf 88' lang='lat' dir='ltr'><strong>fit</strong></span> <span class='ocrx_word' id='word_1_587' title='bbox 1691 4178 1747 4223; x_wconf 92' lang='lat' dir='ltr'><strong>ut</strong></span> <span class='ocrx_word' id='word_1_588' title='bbox 1769 4170 1842 4224; x_wconf 91' lang='lat' dir='ltr'><strong>sit</strong></span> 
     </span>
    </p>
   </div>
   <div class='ocr_carea' id='block_1_72' title="bbox 244 4262 1841 4332">
    <p class='ocr_par' dir='ltr' id='par_1_72' title="bbox 244 4262 1841 4332">
     <span class='ocr_line' id='line_1_72' title="bbox 244 4262 1841 4332; baseline 0.001 -15"><span class='ocrx_word' id='word_1_589' title='bbox 244 4264 299 4317; x_wconf 92' lang='lat' dir='ltr'><strong>in</strong></span> <span class='ocrx_word' id='word_1_590' title='bbox 326 4275 577 4332; x_wconf 88' lang='lat' dir='ltr'><strong>corpore,</strong></span> <span class='ocrx_word' id='word_1_591' title='bbox 612 4271 789 4318; x_wconf 85' lang='lat' dir='ltr'><strong>utrum</strong></span> <span class='ocrx_word' id='word_1_592' title='bbox 819 4263 887 4317; x_wconf 92' lang='lat' dir='ltr'><strong>de</strong></span> <span class='ocrx_word' id='word_1_593' title='bbox 914 4264 1005 4317; x_wconf 94' lang='lat' dir='ltr'><strong>illo</strong></span> <span class='ocrx_word' id='word_1_594' title='bbox 1032 4278 1140 4317; x_wconf 93' lang='lat' dir='ltr'><strong>uno</strong></span> <span class='ocrx_word' id='word_1_595' title='bbox 1170 4264 1237 4317; x_wconf 93' lang='lat' dir='ltr'><strong>sit</strong></span> <span class='ocrx_word' id='word_1_596' title='bbox 1262 4262 1351 4332; x_wconf 86' lang='lat' dir='ltr'><strong>qui</strong></span> <span class='ocrx_word' id='word_1_597' title='bbox 1375 4264 1603 4331; x_wconf 91' lang='lat' dir='ltr'><strong>primum</strong></span> <span class='ocrx_word' id='word_1_598' title='bbox 1625 4269 1841 4318; x_wconf 89' lang='lat' dir='ltr'><strong>creatus</strong></span> 
     </span>
    </p>
   </div>
   <div class='ocr_carea' id='block_1_73' title="bbox 243 4357 1841 4427">
    <p class='ocr_par' dir='ltr' id='par_1_73' title="bbox 243 4357 1841 4427">
     <span class='ocr_line' id='line_1_73' title="bbox 243 4357 1841 4427; baseline 0 -15"><span class='ocrx_word' id='word_1_599' title='bbox 243 4367 352 4423; x_wconf 90' lang='lat' dir='ltr'><strong>est,</strong></span> <span class='ocrx_word' id='word_1_600' title='bbox 382 4358 597 4427; x_wconf 86' lang='lat' dir='ltr'><strong>quando</strong></span> <span class='ocrx_word' id='word_1_601' title='bbox 629 4357 801 4413; x_wconf 88' lang='lat' dir='ltr'><strong>factus</strong></span> <span class='ocrx_word' id='word_1_602' title='bbox 830 4366 915 4412; x_wconf 90' lang='lat' dir='ltr'><strong>est</strong></span> <span class='ocrx_word' id='word_1_603' title='bbox 953 4357 1116 4413; x_wconf 90' lang='lat' dir='ltr'><strong>homo</strong></span> <span class='ocrx_word' id='word_1_604' title='bbox 1154 4357 1207 4412; x_wconf 92' lang='lat' dir='ltr'><strong>in</strong></span> <span class='ocrx_word' id='word_1_605' title='bbox 1248 4358 1481 4411; x_wconf 85' lang='lat' dir='ltr'><strong>animam</strong></span> <span class='ocrx_word' id='word_1_606' title='bbox 1525 4358 1724 4423; x_wconf 89' lang='lat' dir='ltr'><strong>vivam,</strong></span> <span class='ocrx_word' id='word_1_607' title='bbox 1773 4371 1841 4413; x_wconf 90' lang='lat' dir='ltr'><strong>an</strong></span> 
     </span>
    </p>
   </div>
   <div class='ocr_carea' id='block_1_74' title="bbox 242 4450 1813 4522">
    <p class='ocr_par' dir='ltr' id='par_1_74' title="bbox 242 4450 1813 4522">
     <span class='ocr_line' id='line_1_74' title="bbox 242 4450 1813 4522; baseline 0 -17"><span class='ocrx_word' id='word_1_608' title='bbox 242 4450 497 4506; x_wconf 87' lang='lat' dir='ltr'><strong>similiter</strong></span> <span class='ocrx_word' id='word_1_609' title='bbox 526 4451 657 4506; x_wconf 88' lang='lat' dir='ltr'><strong>ﬁant</strong></span> <span class='ocrx_word' id='word_1_610' title='bbox 676 4450 901 4520; x_wconf 88' lang='lat' dir='ltr'><strong>singulis</strong></span> <span class='ocrx_word' id='word_1_611' title='bbox 926 4451 1175 4522; x_wconf 66' lang='lat' dir='ltr'><strong>singulae,</strong></span> <span class='ocrx_word' id='word_1_612' title='bbox 1230 4465 1332 4506; x_wconf 92' lang='lat' dir='ltr'><strong>nec</strong></span> <span class='ocrx_word' id='word_1_613' title='bbox 1380 4460 1508 4506; x_wconf 92' lang='lat' dir='ltr'><strong>tunc</strong></span> <span class='ocrx_word' id='word_1_614' title='bbox 1556 4450 1813 4516; x_wconf 90' lang='lat' dir='ltr'><strong>sciebam,</strong></span> 
     </span>
    </p>
   </div>
   <div class='ocr_carea' id='block_1_75' title="bbox 242 4543 712 4600">
    <p class='ocr_par' dir='ltr' id='par_1_75' title="bbox 242 4543 712 4600">
     <span class='ocr_line' id='line_1_75' title="bbox 242 4543 712 4600; baseline 0.006 -3"><span class='ocrx_word' id='word_1_615' title='bbox 242 4556 347 4598; x_wconf 88' lang='lat' dir='ltr'><strong>nec</strong></span> <span class='ocrx_word' id='word_1_616' title='bbox 374 4543 549 4599; x_wconf 89' lang='lat' dir='ltr'><strong>adhuc</strong></span> <span class='ocrx_word' id='word_1_617' title='bbox 576 4546 712 4600; x_wconf 91' lang='lat' dir='ltr'><strong>scio.</strong></span> 
     </span>
    </p>
   </div>
   <div class='ocr_carea' id='block_1_76' title="bbox 318 4636 1868 4701">
    <p class='ocr_par' dir='ltr' id='par_1_76' title="bbox 318 4636 1868 4701">
     <span class='ocr_line' id='line_1_76' title="bbox 318 4636 1868 4701; baseline 0.002 -12"><span class='ocrx_word' id='word_1_618' title='bbox 318 4636 431 4691; x_wconf 86' lang='lat' dir='ltr'><strong>Non</strong></span> <span class='ocrx_word' id='word_1_619' title='bbox 454 4638 879 4694; x_wconf 88' lang='lat' dir='ltr'><strong>erubescendum</strong></span> <span class='ocrx_word' id='word_1_620' title='bbox 910 4647 991 4695; x_wconf 90' lang='lat' dir='ltr'><strong>est</strong></span> <span class='ocrx_word' id='word_1_621' title='bbox 1020 4638 1223 4693; x_wconf 90' lang='lat' dir='ltr'><strong>homini</strong></span> <span class='ocrx_word' id='word_1_622' title='bbox 1265 4637 1512 4693; x_wconf 88' lang='lat' dir='ltr'><strong>conﬁteri</strong></span> <span class='ocrx_word' id='word_1_623' title='bbox 1542 4651 1601 4692; x_wconf 90' lang='lat' dir='ltr'><strong>se</strong></span> <span class='ocrx_word' id='word_1_624' title='bbox 1629 4637 1868 4701; x_wconf 14' lang='lat' dir='ltr'><strong>nescire,</strong></span> 
     </span>
    </p>
   </div>
   <div class='ocr_carea' id='block_1_77' title="bbox 1941 3418 3534 3505">
    <p class='ocr_par' dir='ltr' id='par_1_77' title="bbox 1941 3418 3534 3505">
     <span class='ocr_line' id='line_1_77' title="bbox 1941 3418 3534 3505; baseline -0.013 -14"><span class='ocrx_word' id='word_1_625' title='bbox 1941 3436 2315 3505; x_wconf 72' lang='lat' dir='ltr'><strong>quaestionem,</strong></span> <span class='ocrx_word' id='word_1_626' title='bbox 2341 3434 2466 3502; x_wconf 91' lang='lat' dir='ltr'><strong>quia</strong></span> <span class='ocrx_word' id='word_1_627' title='bbox 2488 3433 2603 3487; x_wconf 88' lang='lat' dir='ltr'><strong>sive</strong></span> <span class='ocrx_word' id='word_1_628' title='bbox 2624 3445 2693 3485; x_wconf 84' lang='lat' dir='ltr'><strong>ex</strong></span> <span class='ocrx_word' id='word_1_629' title='bbox 2721 3430 2811 3483; x_wconf 90' lang='lat' dir='ltr'><strong>illo</strong></span> <span class='ocrx_word' id='word_1_630' title='bbox 2838 3441 2968 3493; x_wconf 92' lang='lat' dir='ltr'><strong>uno,</strong></span> <span class='ocrx_word' id='word_1_631' title='bbox 2993 3426 3107 3480; x_wconf 87' lang='lat' dir='ltr'><strong>sive</strong></span> <span class='ocrx_word' id='word_1_632' title='bbox 3134 3439 3200 3479; x_wconf 92' lang='lat' dir='ltr'><strong>ex</strong></span> <span class='ocrx_word' id='word_1_633' title='bbox 3231 3422 3379 3476; x_wconf 90' lang='lat' dir='ltr'><strong>nullo</strong></span> <span class='ocrx_word' id='word_1_634' title='bbox 3406 3418 3534 3485; x_wconf 84' lang='lat' dir='ltr'><strong>alio,</strong></span> 
     </span>
    </p>
   </div>
   <div class='ocr_carea' id='block_1_78' title="bbox 1940 3511 3537 3593">
    <p class='ocr_par' dir='ltr' id='par_1_78' title="bbox 1940 3511 3537 3593">
     <span class='ocr_line' id='line_1_78' title="bbox 1940 3511 3537 3593; baseline -0.01 -14"><span class='ocrx_word' id='word_1_635' title='bbox 1940 3525 2084 3580; x_wconf 91' lang='lat' dir='ltr'><strong>Deus</strong></span> <span class='ocrx_word' id='word_1_636' title='bbox 2117 3525 2301 3593; x_wconf 89' lang='lat' dir='ltr'><strong>utique</strong></span> <span class='ocrx_word' id='word_1_637' title='bbox 2341 3523 2491 3578; x_wconf 91' lang='lat' dir='ltr'><strong>dedit</strong></span> <span class='ocrx_word' id='word_1_638' title='bbox 2518 3536 2663 3577; x_wconf 92' lang='lat' dir='ltr'><strong>eum.</strong></span> <span class='ocrx_word' id='word_1_639' title='bbox 2694 3519 2937 3588; x_wconf 87' lang='lat' dir='ltr'><strong>Itemque</strong></span> <span class='ocrx_word' id='word_1_640' title='bbox 2958 3516 3037 3571; x_wconf 90' lang='lat' dir='ltr'><strong>illi</strong></span> <span class='ocrx_word' id='word_1_641' title='bbox 3065 3515 3159 3585; x_wconf 88' lang='lat' dir='ltr'><strong>qui</strong></span> <span class='ocrx_word' id='word_1_642' title='bbox 3188 3511 3537 3584; x_wconf 86' lang='lat' dir='ltr'><strong>propaginem</strong></span> 
     </span>
    </p>
   </div>
   <div class='ocr_carea' id='block_1_79' title="bbox 1941 3604 3534 3674">
    <p class='ocr_par' dir='ltr' id='par_1_79' title="bbox 1941 3604 3534 3674">
     <span class='ocr_line' id='line_1_79' title="bbox 1941 3604 3534 3674; baseline -0.011 0"><span class='ocrx_word' id='word_1_643' title='bbox 1941 3620 2241 3674; x_wconf 87' lang='lat' dir='ltr'><strong>animarum</strong></span> <span class='ocrx_word' id='word_1_644' title='bbox 2274 3615 2673 3672; x_wconf 87' lang='lat' dir='ltr'><strong>inconsiderata</strong></span> <span class='ocrx_word' id='word_1_645' title='bbox 2704 3613 3006 3668; x_wconf 90' lang='lat' dir='ltr'><strong>temeritate</strong></span> <span class='ocrx_word' id='word_1_646' title='bbox 3045 3606 3360 3671; x_wconf 83' lang='lat' dir='ltr'><strong>defendunt,</strong></span> <span class='ocrx_word' id='word_1_647' title='bbox 3395 3604 3534 3658; x_wconf 80' lang='lat' dir='ltr'><strong>inter</strong></span> 
     </span>
    </p>
   </div>
   <div class='ocr_carea' id='block_1_80' title="bbox 1949 3698 3537 3780">
    <p class='ocr_par' dir='ltr' id='par_1_80' title="bbox 1949 3698 3537 3780">
     <span class='ocr_line' id='line_1_80' title="bbox 1949 3698 3537 3780; baseline -0.013 -12"><span class='ocrx_word' id='word_1_648' title='bbox 1949 3715 2052 3769; x_wconf 89' lang='lat' dir='ltr'><strong>alia</strong></span> <span class='ocrx_word' id='word_1_649' title='bbox 2081 3712 2386 3768; x_wconf 88' lang='lat' dir='ltr'><strong>testimonia</strong></span> <span class='ocrx_word' id='word_1_650' title='bbox 2403 3724 2523 3780; x_wconf 73' lang='lat' dir='ltr'><strong>qua:</strong></span> <span class='ocrx_word' id='word_1_651' title='bbox 2562 3722 2674 3762; x_wconf 73' lang='lat' dir='ltr'><strong>sua:</strong></span> <span class='ocrx_word' id='word_1_652' title='bbox 2696 3720 2871 3762; x_wconf 71' lang='lat' dir='ltr'><strong>causa:</strong></span> <span class='ocrx_word' id='word_1_653' title='bbox 2892 3701 3169 3771; x_wconf 74' lang='lat' dir='ltr'><strong>suffragari</strong></span> <span class='ocrx_word' id='word_1_654' title='bbox 3188 3698 3537 3762; x_wconf 86' lang='lat' dir='ltr'><strong>arbitrantur,</strong></span> 
     </span>
    </p>
   </div>
   <div class='ocr_carea' id='block_1_81' title="bbox 1942 3797 3539 3875">
    <p class='ocr_par' dir='ltr' id='par_1_81' title="bbox 1942 3797 3539 3875">
     <span class='ocr_line' id='line_1_81' title="bbox 1942 3797 3539 3875; baseline -0.013 -13"><span class='ocrx_word' id='word_1_655' title='bbox 1942 3807 2146 3862; x_wconf 90' lang='lat' dir='ltr'><strong>nullum</strong></span> <span class='ocrx_word' id='word_1_656' title='bbox 2166 3805 2315 3875; x_wconf 86' lang='lat' dir='ltr'><strong>quasi</strong></span> <span class='ocrx_word' id='word_1_657' title='bbox 2344 3802 2678 3858; x_wconf 85' lang='lat' dir='ltr'><strong>manifestius</strong></span> <span class='ocrx_word' id='word_1_658' title='bbox 2698 3808 2753 3855; x_wconf 93' lang='lat' dir='ltr'><strong>et</strong></span> <span class='ocrx_word' id='word_1_659' title='bbox 2772 3797 3086 3869; x_wconf 81' lang='lat' dir='ltr'><strong>expressius</strong></span> <span class='ocrx_word' id='word_1_660' title='bbox 3108 3808 3206 3863; x_wconf 91' lang='lat' dir='ltr'><strong>pro</strong></span> <span class='ocrx_word' id='word_1_661' title='bbox 3225 3806 3284 3847; x_wconf 90' lang='lat' dir='ltr'><strong>se</strong></span> <span class='ocrx_word' id='word_1_662' title='bbox 3309 3798 3539 3859; x_wconf 86' lang='lat' dir='ltr'><strong>possunt</strong></span> 
     </span>
    </p>
   </div>
   <div class='ocr_carea' id='block_1_82' title="bbox 1943 3879 3543 3971">
    <p class='ocr_par' dir='ltr' id='par_1_82' title="bbox 1943 3879 3543 3971">
     <span class='ocr_line' id='line_1_82' title="bbox 1943 3879 3543 3971; baseline -0.013 -17"><span class='ocrx_word' id='word_1_663' title='bbox 1943 3908 2134 3971; x_wconf 90' lang='lat' dir='ltr'><strong>putare</strong></span> <span class='ocrx_word' id='word_1_664' title='bbox 2188 3895 2590 3967; x_wconf 84' lang='lat' dir='ltr'><strong>proferendum,</strong></span> <span class='ocrx_word' id='word_1_665' title='bbox 2622 3906 2782 3963; x_wconf 88' lang='lat' dir='ltr'><strong>quam</strong></span> <span class='ocrx_word' id='word_1_666' title='bbox 2827 3889 2881 3945; x_wconf 92' lang='lat' dir='ltr'><strong>id</strong></span> <span class='ocrx_word' id='word_1_667' title='bbox 2912 3886 3054 3957; x_wconf 92' lang='lat' dir='ltr'><strong>quod</strong></span> <span class='ocrx_word' id='word_1_668' title='bbox 3081 3887 3134 3942; x_wconf 91' lang='lat' dir='ltr'><strong>in</strong></span> <span class='ocrx_word' id='word_1_669' title='bbox 3164 3883 3364 3943; x_wconf 84' lang='lat' dir='ltr'><strong>Genesi</strong></span> <span class='ocrx_word' id='word_1_670' title='bbox 3406 3879 3543 3937; x_wconf 88' lang='lat' dir='ltr'><strong>scri-</strong></span> 
     </span>
    </p>
   </div>
   <div class='ocr_carea' id='block_1_83' title="bbox 1944 3976 3542 4062">
    <p class='ocr_par' dir='ltr' id='par_1_83' title="bbox 1944 3976 3542 4062">
     <span class='ocr_line' id='line_1_83' title="bbox 1944 3976 3542 4062; baseline -0.013 -15"><span class='ocrx_word' id='word_1_671' title='bbox 1944 4002 2093 4062; x_wconf 92' lang='lat' dir='ltr'><strong>ptum</strong></span> <span class='ocrx_word' id='word_1_672' title='bbox 2143 4000 2267 4045; x_wconf 88' lang='lat' dir='ltr'><strong>est:</strong></span> <span class='ocrx_word' id='word_1_673' title='bbox 2315 3991 2514 4044; x_wconf 91' lang='lat' dir='ltr'><strong>Omnes</strong></span> <span class='ocrx_word' id='word_1_674' title='bbox 2569 3995 2747 4041; x_wconf 90' lang='lat' dir='ltr'><strong>autem</strong></span> <span class='ocrx_word' id='word_1_675' title='bbox 2803 3984 2998 4037; x_wconf 65' lang='lat' dir='ltr'><strong>animae</strong></span> <span class='ocrx_word' id='word_1_676' title='bbox 3053 3995 3172 4049; x_wconf 74' lang='lat' dir='ltr'><strong>qua:</strong></span> <span class='ocrx_word' id='word_1_677' title='bbox 3218 3976 3542 4032; x_wconf 90' lang='lat' dir='ltr'><strong>introierunt</strong></span> 
     </span>
    </p>
   </div>
   <div class='ocr_carea' id='block_1_84' title="bbox 1947 4066 3540 4150">
    <p class='ocr_par' dir='ltr' id='par_1_84' title="bbox 1947 4066 3540 4150">
     <span class='ocr_line' id='line_1_84' title="bbox 1947 4066 3540 4150; baseline -0.013 -10"><span class='ocrx_word' id='word_1_678' title='bbox 1947 4098 2068 4139; x_wconf 91' lang='lat' dir='ltr'><strong>cum</strong></span> <span class='ocrx_word' id='word_1_679' title='bbox 2104 4082 2273 4138; x_wconf 79' lang='lat' dir='ltr'><strong>Jacob</strong></span> <span class='ocrx_word' id='word_1_680' title='bbox 2304 4083 2359 4136; x_wconf 93' lang='lat' dir='ltr'><strong>in</strong></span> <span class='ocrx_word' id='word_1_681' title='bbox 2399 4081 2715 4150; x_wconf 61' lang='lat' dir='ltr'><strong>Egyptum,</strong></span> <span class='ocrx_word' id='word_1_682' title='bbox 2749 4077 2837 4145; x_wconf 91' lang='lat' dir='ltr'><strong>qui</strong></span> <span class='ocrx_word' id='word_1_683' title='bbox 2869 4074 3116 4130; x_wconf 90' lang='lat' dir='ltr'><strong>exierunt</strong></span> <span class='ocrx_word' id='word_1_684' title='bbox 3141 4069 3210 4125; x_wconf 92' lang='lat' dir='ltr'><strong>de</strong></span> <span class='ocrx_word' id='word_1_685' title='bbox 3240 4066 3540 4124; x_wconf 86' lang='lat' dir='ltr'><strong>femoribus</strong></span> 
     </span>
    </p>
   </div>
   <div class='ocr_carea' id='block_1_85' title="bbox 1945 4159 3541 4245">
    <p class='ocr_par' dir='ltr' id='par_1_85' title="bbox 1945 4159 3541 4245">
     <span class='ocr_line' id='line_1_85' title="bbox 1945 4159 3541 4245; baseline -0.013 -15"><span class='ocrx_word' id='word_1_686' title='bbox 1945 4179 2094 4245; x_wconf 90' lang='lat' dir='ltr'><strong>ejus;</strong></span> <span class='ocrx_word' id='word_1_687' title='bbox 2127 4175 2229 4230; x_wconf 89' lang='lat' dir='ltr'><strong>hoc</strong></span> <span class='ocrx_word' id='word_1_688' title='bbox 2253 4174 2395 4231; x_wconf 92' lang='lat' dir='ltr'><strong>enim</strong></span> <span class='ocrx_word' id='word_1_689' title='bbox 2450 4173 2597 4227; x_wconf 91' lang='lat' dir='ltr'><strong>velut</strong></span> <span class='ocrx_word' id='word_1_690' title='bbox 2640 4166 3047 4225; x_wconf 82' lang='lat' dir='ltr'><strong>evidentissimo</strong></span> <span class='ocrx_word' id='word_1_691' title='bbox 3072 4159 3383 4218; x_wconf 86' lang='lat' dir='ltr'><strong>testimonio</strong></span> <span class='ocrx_word' id='word_1_692' title='bbox 3412 4170 3541 4226; x_wconf 83' lang='lat' dir='ltr'><strong>pos-</strong></span> 
     </span>
    </p>
   </div>
   <div class='ocr_carea' id='block_1_86' title="bbox 1947 4246 3538 4327">
    <p class='ocr_par' dir='ltr' id='par_1_86' title="bbox 1947 4246 3538 4327">
     <span class='ocr_line' id='line_1_86' title="bbox 1947 4246 3538 4327; baseline -0.013 -6"><span class='ocrx_word' id='word_1_693' title='bbox 1947 4278 2073 4323; x_wconf 91' lang='lat' dir='ltr'><strong>sunt</strong></span> <span class='ocrx_word' id='word_1_694' title='bbox 2103 4267 2251 4323; x_wconf 91' lang='lat' dir='ltr'><strong>credi</strong></span> <span class='ocrx_word' id='word_1_695' title='bbox 2282 4266 2478 4320; x_wconf 86' lang='lat' dir='ltr'><strong>animae</strong></span> <span class='ocrx_word' id='word_1_696' title='bbox 2506 4264 2559 4318; x_wconf 92' lang='lat' dir='ltr'><strong>in</strong></span> <span class='ocrx_word' id='word_1_697' title='bbox 2596 4263 2735 4317; x_wconf 89' lang='lat' dir='ltr'><strong>ﬁlios</strong></span> <span class='ocrx_word' id='word_1_698' title='bbox 2775 4273 2843 4314; x_wconf 90' lang='lat' dir='ltr'><strong>ex</strong></span> <span class='ocrx_word' id='word_1_699' title='bbox 2875 4254 3187 4327; x_wconf 89' lang='lat' dir='ltr'><strong>parentibus</strong></span> <span class='ocrx_word' id='word_1_700' title='bbox 3231 4246 3538 4321; x_wconf 86' lang='lat' dir='ltr'><strong>propagari,</strong></span> 
     </span>
    </p>
   </div>
   <div class='ocr_carea' id='block_1_87' title="bbox 1946 4341 3541 4431">
    <p class='ocr_par' dir='ltr' id='par_1_87' title="bbox 1946 4341 3541 4431">
     <span class='ocr_line' id='line_1_87' title="bbox 1946 4341 3541 4431; baseline -0.014 -15"><span class='ocrx_word' id='word_1_701' title='bbox 1946 4362 2198 4431; x_wconf 89' lang='lat' dir='ltr'><strong>quoniam</strong></span> <span class='ocrx_word' id='word_1_702' title='bbox 2246 4360 2379 4415; x_wconf 87' lang='lat' dir='ltr'><strong>satis</strong></span> <span class='ocrx_word' id='word_1_703' title='bbox 2409 4364 2594 4429; x_wconf 90' lang='lat' dir='ltr'><strong>aperte</strong></span> <span class='ocrx_word' id='word_1_704' title='bbox 2634 4354 2835 4410; x_wconf 90' lang='lat' dir='ltr'><strong>dictum</strong></span> <span class='ocrx_word' id='word_1_705' title='bbox 2865 4351 3077 4406; x_wconf 90' lang='lat' dir='ltr'><strong>videtur</strong></span> <span class='ocrx_word' id='word_1_706' title='bbox 3115 4347 3324 4401; x_wconf 89' lang='lat' dir='ltr'><strong>animas</strong></span> <span class='ocrx_word' id='word_1_707' title='bbox 3374 4341 3541 4397; x_wconf 88' lang='lat' dir='ltr'><strong>etiam</strong></span> 
     </span>
    </p>
   </div>
   <div class='ocr_carea' id='block_1_88' title="bbox 1946 4435 3531 4514">
    <p class='ocr_par' dir='ltr' id='par_1_88' title="bbox 1946 4435 3531 4514">
     <span class='ocr_line' id='line_1_88' title="bbox 1946 4435 3531 4514; baseline -0.015 -5"><span class='ocrx_word' id='word_1_708' title='bbox 1946 4454 2015 4509; x_wconf 93' lang='lat' dir='ltr'><strong>de</strong></span> <span class='ocrx_word' id='word_1_709' title='bbox 2034 4452 2325 4509; x_wconf 77' lang='lat' dir='ltr'><strong>femoribus</strong></span> <span class='ocrx_word' id='word_1_710' title='bbox 2345 4450 2531 4514; x_wconf 84' lang='lat' dir='ltr'><strong>Jacob,</strong></span> <span class='ocrx_word' id='word_1_711' title='bbox 2554 4462 2658 4503; x_wconf 91' lang='lat' dir='ltr'><strong>non</strong></span> <span class='ocrx_word' id='word_1_712' title='bbox 2673 4447 2786 4501; x_wconf 89' lang='lat' dir='ltr'><strong>sola</strong></span> <span class='ocrx_word' id='word_1_713' title='bbox 2800 4444 3001 4499; x_wconf 89' lang='lat' dir='ltr'><strong>exiisse</strong></span> <span class='ocrx_word' id='word_1_714' title='bbox 3015 4453 3243 4510; x_wconf 88' lang='lat' dir='ltr'><strong>corpora</strong></span> <span class='ocrx_word' id='word_1_715' title='bbox 3263 4435 3494 4491; x_wconf 85' lang='lat' dir='ltr'><strong>ﬁliorum</strong></span> <span class='ocrx_word' id='word_1_716' title='bbox 3513 4447 3531 4497; x_wconf 86' lang='lat'><strong>;</strong></span> 
     </span>
    </p>
   </div>
   <div class='ocr_carea' id='block_1_89' title="bbox 1948 4532 3539 4607">
    <p class='ocr_par' dir='ltr' id='par_1_89' title="bbox 1948 4532 3539 4607">
     <span class='ocr_line' id='line_1_89' title="bbox 1948 4532 3539 4607; baseline -0.012 -9"><span class='ocrx_word' id='word_1_717' title='bbox 1948 4556 2007 4600; x_wconf 90' lang='lat' dir='ltr'><strong>ut</strong></span> <span class='ocrx_word' id='word_1_718' title='bbox 2036 4559 2102 4600; x_wconf 90' lang='lat' dir='ltr'><strong>eo</strong></span> <span class='ocrx_word' id='word_1_719' title='bbox 2134 4543 2294 4599; x_wconf 89' lang='lat' dir='ltr'><strong>modo</strong></span> <span class='ocrx_word' id='word_1_720' title='bbox 2322 4543 2486 4597; x_wconf 89' lang='lat' dir='ltr'><strong>etiam</strong></span> <span class='ocrx_word' id='word_1_721' title='bbox 2508 4540 2640 4596; x_wconf 91' lang='lat' dir='ltr'><strong>illud</strong></span> <span class='ocrx_word' id='word_1_722' title='bbox 2670 4536 2900 4607; x_wconf 85' lang='lat' dir='ltr'><strong>intelligi</strong></span> <span class='ocrx_word' id='word_1_723' title='bbox 2926 4532 3095 4589; x_wconf 91' lang='lat' dir='ltr'><strong>velint</strong></span> <span class='ocrx_word' id='word_1_724' title='bbox 3122 4546 3150 4585; x_wconf 91' lang='lat' dir='ltr'><strong>a</strong></span> <span class='ocrx_word' id='word_1_725' title='bbox 3174 4536 3325 4601; x_wconf 90' lang='lat' dir='ltr'><strong>parte</strong></span> <span class='ocrx_word' id='word_1_726' title='bbox 3340 4534 3539 4593; x_wconf 89' lang='lat' dir='ltr'><strong>totum,</strong></span> 
     </span>
    </p>
   </div>
   <div class='ocr_carea' id='block_1_90' title="bbox 1948 4620 3539 4706">
    <p class='ocr_par' dir='ltr' id='par_1_90' title="bbox 1948 4620 3539 4706">
     <span class='ocr_line' id='line_1_90' title="bbox 1948 4620 3539 4706; baseline -0.013 -14"><span class='ocrx_word' id='word_1_727' title='bbox 1948 4637 2088 4706; x_wconf 91' lang='lat' dir='ltr'><strong>quod</strong></span> <span class='ocrx_word' id='word_1_728' title='bbox 2116 4637 2251 4692; x_wconf 79' lang='lat' dir='ltr'><strong>dixit</strong></span> <span class='ocrx_word' id='word_1_729' title='bbox 2274 4635 2467 4700; x_wconf 85' lang='lat' dir='ltr'><strong>Adam,</strong></span> <span class='ocrx_word' id='word_1_730' title='bbox 2500 4648 2623 4688; x_wconf 90' lang='lat' dir='ltr'><strong>cum</strong></span> <span class='ocrx_word' id='word_1_731' title='bbox 2652 4630 2730 4685; x_wconf 93' lang='lat' dir='ltr'><strong>illi</strong></span> <span class='ocrx_word' id='word_1_732' title='bbox 2762 4628 2955 4683; x_wconf 87' lang='lat' dir='ltr'><strong>mulier</strong></span> <span class='ocrx_word' id='word_1_733' title='bbox 2984 4626 3103 4695; x_wconf 90' lang='lat' dir='ltr'><strong>ejus</strong></span> <span class='ocrx_word' id='word_1_734' title='bbox 3130 4620 3539 4679; x_wconf 84' lang='lat' dir='ltr'><strong>ostenderetur:</strong></span> 
     </span>
    </p>
   </div>
   <div class='ocr_carea' id='block_1_91' title="bbox 242 4714 3538 4800">
    <p class='ocr_par' dir='ltr' id='par_1_91' title="bbox 242 4714 3538 4800">
     <span class='ocr_line' id='line_1_91' title="bbox 242 4714 3538 4800; baseline -0.005 -20"><span class='ocrx_word' id='word_1_735' title='bbox 242 4728 387 4797; x_wconf 89' lang='lat' dir='ltr'><strong>quod</strong></span> <span class='ocrx_word' id='word_1_736' title='bbox 421 4731 608 4795; x_wconf 89' lang='lat' dir='ltr'><strong>nescit,</strong></span> <span class='ocrx_word' id='word_1_737' title='bbox 653 4745 744 4797; x_wconf 90' lang='lat' dir='ltr'><strong>ne,</strong></span> <span class='ocrx_word' id='word_1_738' title='bbox 792 4730 918 4785; x_wconf 91' lang='lat' dir='ltr'><strong>dum</strong></span> <span class='ocrx_word' id='word_1_739' title='bbox 963 4745 1021 4785; x_wconf 89' lang='lat' dir='ltr'><strong>se</strong></span> <span class='ocrx_word' id='word_1_740' title='bbox 1069 4731 1209 4786; x_wconf 89' lang='lat' dir='ltr'><strong>scire</strong></span> <span class='ocrx_word' id='word_1_741' title='bbox 1258 4732 1538 4798; x_wconf 86' lang='lat' dir='ltr'><strong>mentitur,</strong></span> <span class='ocrx_word' id='word_1_742' title='bbox 1573 4745 1843 4800; x_wconf 90' lang='lat' dir='ltr'><strong>nunquam</strong></span> <span class='ocrx_word' id='word_1_743' title='bbox 1873 4736 1926 4798; x_wconf 81' lang='grc' dir='ltr'><strong>ι)</strong></span> <span class='ocrx_word' id='word_1_744' title='bbox 1952 4718 2061 4784; x_wconf 86' lang='lat' dir='ltr'><strong>Hoc</strong></span> <span class='ocrx_word' id='word_1_745' title='bbox 2094 4744 2235 4784; x_wconf 92' lang='lat' dir='ltr'><strong>nunc</strong></span> <span class='ocrx_word' id='word_1_746' title='bbox 2264 4741 2327 4783; x_wconf 89' lang='lat' dir='ltr'><strong>os</strong></span> <span class='ocrx_word' id='word_1_747' title='bbox 2356 4741 2425 4781; x_wconf 83' lang='lat' dir='ltr'><strong>ex</strong></span> <span class='ocrx_word' id='word_1_748' title='bbox 2447 4724 2661 4780; x_wconf 89' lang='lat' dir='ltr'><strong>ossibus</strong></span> <span class='ocrx_word' id='word_1_749' title='bbox 2684 4720 2841 4785; x_wconf 88' lang='lat' dir='ltr'><strong>meis,</strong></span> <span class='ocrx_word' id='word_1_750' title='bbox 2872 4728 2926 4774; x_wconf 91' lang='lat' dir='ltr'><strong>et</strong></span> <span class='ocrx_word' id='word_1_751' title='bbox 2947 4730 3075 4773; x_wconf 90' lang='lat' dir='ltr'><strong>caro</strong></span> <span class='ocrx_word' id='word_1_752' title='bbox 3094 4714 3164 4770; x_wconf 92' lang='lat' dir='ltr'><strong>de</strong></span> <span class='ocrx_word' id='word_1_753' title='bbox 3191 4726 3355 4769; x_wconf 88' lang='lat' dir='ltr'><strong>carne</strong></span> <span class='ocrx_word' id='word_1_754' title='bbox 3377 4724 3538 4766; x_wconf 88' lang='lat' dir='ltr'><strong>mea:</strong></span> 
     </span>
    </p>
   </div>
   <div class='ocr_carea' id='block_1_92' title="bbox 243 4822 1841 4894">
    <p class='ocr_par' dir='ltr' id='par_1_92' title="bbox 243 4822 1841 4894">
     <span class='ocr_line' id='line_1_92' title="bbox 243 4822 1841 4894; baseline 0.002 -19"><span class='ocrx_word' id='word_1_755' title='bbox 243 4822 391 4877; x_wconf 89' lang='lat' dir='ltr'><strong>scire</strong></span> <span class='ocrx_word' id='word_1_756' title='bbox 423 4832 714 4877; x_wconf 90' lang='lat' dir='ltr'><strong>mereatur.</strong></span> <span class='ocrx_word' id='word_1_757' title='bbox 743 4824 875 4890; x_wconf 83' lang='lat' dir='ltr'><strong>Quis</strong></span> <span class='ocrx_word' id='word_1_758' title='bbox 906 4832 1085 4879; x_wconf 91' lang='lat' dir='ltr'><strong>autem</strong></span> <span class='ocrx_word' id='word_1_759' title='bbox 1114 4833 1273 4894; x_wconf 83' lang='lat' dir='ltr'><strong>negat</strong></span> <span class='ocrx_word' id='word_1_760' title='bbox 1300 4839 1407 4879; x_wconf 92' lang='lat' dir='ltr'><strong>non</strong></span> <span class='ocrx_word' id='word_1_761' title='bbox 1424 4826 1580 4879; x_wconf 90' lang='lat' dir='ltr'><strong>unius</strong></span> <span class='ocrx_word' id='word_1_762' title='bbox 1610 4833 1841 4892; x_wconf 90' lang='lat' dir='ltr'><strong>tantum,</strong></span> 
     </span>
    </p>
   </div>
   <div class='ocr_carea' id='block_1_93' title="bbox 240 4913 1840 4985">
    <p class='ocr_par' dir='ltr' id='par_1_93' title="bbox 240 4913 1840 4985">
     <span class='ocr_line' id='line_1_93' title="bbox 240 4913 1840 4985; baseline 0.001 -17"><span class='ocrx_word' id='word_1_763' title='bbox 240 4913 341 4968; x_wconf 87' lang='lat' dir='ltr'><strong>sed</strong></span> <span class='ocrx_word' id='word_1_764' title='bbox 371 4914 546 4968; x_wconf 89' lang='lat' dir='ltr'><strong>omnis</strong></span> <span class='ocrx_word' id='word_1_765' title='bbox 580 4916 773 4969; x_wconf 76' lang='lat' dir='ltr'><strong>animae</strong></span> <span class='ocrx_word' id='word_1_766' title='bbox 803 4923 1101 4970; x_wconf 88' lang='lat' dir='ltr'><strong>creatorem</strong></span> <span class='ocrx_word' id='word_1_767' title='bbox 1132 4923 1296 4985; x_wconf 90' lang='lat' dir='ltr'><strong>atque</strong></span> <span class='ocrx_word' id='word_1_768' title='bbox 1342 4914 1599 4970; x_wconf 89' lang='lat' dir='ltr'><strong>factorem</strong></span> <span class='ocrx_word' id='word_1_769' title='bbox 1648 4915 1840 4985; x_wconf 92' lang='lat' dir='ltr'><strong>Deum,</strong></span> 
     </span>
    </p>
   </div>
   <div class='ocr_carea' id='block_1_94' title="bbox 241 5006 1846 5077">
    <p class='ocr_par' dir='ltr' id='par_1_94' title="bbox 241 5006 1846 5077">
     <span class='ocr_line' id='line_1_94' title="bbox 241 5006 1846 5077; baseline 0.002 -17"><span class='ocrx_word' id='word_1_770' title='bbox 241 5008 347 5060; x_wconf 89' lang='lat' dir='ltr'><strong>nisi</strong></span> <span class='ocrx_word' id='word_1_771' title='bbox 378 5006 466 5074; x_wconf 91' lang='lat' dir='ltr'><strong>qui</strong></span> <span class='ocrx_word' id='word_1_772' title='bbox 512 5006 630 5074; x_wconf 91' lang='lat' dir='ltr'><strong>ejus</strong></span> <span class='ocrx_word' id='word_1_773' title='bbox 671 5007 898 5075; x_wconf 88' lang='lat' dir='ltr'><strong>eloquiis</strong></span> <span class='ocrx_word' id='word_1_774' title='bbox 940 5007 1283 5075; x_wconf 89' lang='lat' dir='ltr'><strong>apertissime</strong></span> <span class='ocrx_word' id='word_1_775' title='bbox 1334 5006 1683 5077; x_wconf 81' lang='lat' dir='ltr'><strong>refragatur?</strong></span> <span class='ocrx_word' id='word_1_776' title='bbox 1714 5009 1846 5064; x_wconf 81' lang='lat' dir='ltr'><strong>Sine</strong></span> 
     </span>
    </p>
   </div>
   <div class='ocr_carea' id='block_1_95' title="bbox 242 5098 1837 5173">
    <p class='ocr_par' dir='ltr' id='par_1_95' title="bbox 242 5098 1837 5173">
     <span class='ocr_line' id='line_1_95' title="bbox 242 5098 1837 5173; baseline 0.002 -20"><span class='ocrx_word' id='word_1_777' title='bbox 242 5098 353 5153; x_wconf 90' lang='lat' dir='ltr'><strong>ulla</strong></span> <span class='ocrx_word' id='word_1_778' title='bbox 386 5099 583 5169; x_wconf 90' lang='lat' dir='ltr'><strong>quippe</strong></span> <span class='ocrx_word' id='word_1_779' title='bbox 610 5099 957 5171; x_wconf 86' lang='lat' dir='ltr'><strong>ambiguitate</strong></span> <span class='ocrx_word' id='word_1_780' title='bbox 993 5102 1146 5173; x_wconf 77' lang='lat'><strong>101</strong></span> <span class='ocrx_word' id='word_1_781' title='bbox 1178 5116 1275 5170; x_wconf 90' lang='lat' dir='ltr'><strong>per</strong></span> <span class='ocrx_word' id='word_1_782' title='bbox 1305 5101 1618 5171; x_wconf 87' lang='lat' dir='ltr'><strong>prophetam</strong></span> <span class='ocrx_word' id='word_1_783' title='bbox 1667 5101 1837 5157; x_wconf 87' lang='lat' dir='ltr'><strong>dicit:</strong></span> 
     </span>
    </p>
   </div>
   <div class='ocr_carea' id='block_1_96' title="bbox 240 5187 1845 5265">
    <p class='ocr_par' dir='ltr' id='par_1_96' title="bbox 240 5187 1845 5265">
     <span class='ocr_line' id='line_1_96' title="bbox 240 5187 1845 5265; baseline 0.004 -21"><span class='ocrx_word' id='word_1_784' title='bbox 240 5187 471 5245; x_wconf 91' lang='lat' dir='ltr'><strong>Omnem</strong></span> <span class='ocrx_word' id='word_1_785' title='bbox 499 5190 681 5246; x_wconf 80' lang='lat' dir='ltr'><strong>flatum</strong></span> <span class='ocrx_word' id='word_1_786' title='bbox 708 5208 807 5263; x_wconf 88' lang='lat' dir='ltr'><strong>ego</strong></span> <span class='ocrx_word' id='word_1_787' title='bbox 837 5192 960 5258; x_wconf 87' lang='lat' dir='ltr'><strong>feci.</strong></span> <span class='ocrx_word' id='word_1_788' title='bbox 990 5195 1198 5249; x_wconf 89' lang='lat' dir='ltr'><strong>animas</strong></span> <span class='ocrx_word' id='word_1_789' title='bbox 1220 5194 1469 5249; x_wconf 89' lang='lat' dir='ltr'><strong>videlicet</strong></span> <span class='ocrx_word' id='word_1_790' title='bbox 1488 5193 1711 5265; x_wconf 89' lang='lat' dir='ltr'><strong>intelligi</strong></span> <span class='ocrx_word' id='word_1_791' title='bbox 1753 5209 1845 5251; x_wconf 90' lang='lat' dir='ltr'><strong>vo-</strong></span> 
     </span>
    </p>
   </div>
   <div class='ocr_carea' id='block_1_97' title="bbox 240 5283 1841 5358">
    <p class='ocr_par' dir='ltr' id='par_1_97' title="bbox 240 5283 1841 5358">
     <span class='ocr_line' id='line_1_97' title="bbox 240 5283 1841 5358; baseline 0.003 -21"><span class='ocrx_word' id='word_1_792' title='bbox 240 5283 386 5347; x_wconf 87' lang='lat' dir='ltr'><strong>lens,</strong></span> <span class='ocrx_word' id='word_1_793' title='bbox 414 5284 555 5353; x_wconf 86' lang='lat' dir='ltr'><strong>quod</strong></span> <span class='ocrx_word' id='word_1_794' title='bbox 578 5285 742 5339; x_wconf 86' lang='lat' dir='ltr'><strong>verba</strong></span> <span class='ocrx_word' id='word_1_795' title='bbox 773 5286 1160 5358; x_wconf 86' lang='lat' dir='ltr'><strong>consequentia</strong></span> <span class='ocrx_word' id='word_1_796' title='bbox 1185 5286 1563 5343; x_wconf 82' lang='lat' dir='ltr'><strong>manifestam:</strong></span> <span class='ocrx_word' id='word_1_797' title='bbox 1597 5303 1703 5343; x_wconf 92' lang='lat' dir='ltr'><strong>non</strong></span> <span class='ocrx_word' id='word_1_798' title='bbox 1729 5289 1841 5342; x_wconf 82' lang='lat' dir='ltr'><strong>uti-</strong></span> 
     </span>
    </p>
   </div>
   <div class='ocr_carea' id='block_1_98' title="bbox 240 5379 1838 5451">
    <p class='ocr_par' dir='ltr' id='par_1_98' title="bbox 240 5379 1838 5451">
     <span class='ocr_line' id='line_1_98' title="bbox 240 5379 1838 5451; baseline 0.004 -21"><span class='ocrx_word' id='word_1_799' title='bbox 240 5391 352 5447; x_wconf 87' lang='lat' dir='ltr'><strong>que</strong></span> <span class='ocrx_word' id='word_1_800' title='bbox 380 5391 544 5432; x_wconf 92' lang='lat' dir='ltr'><strong>unum</strong></span> <span class='ocrx_word' id='word_1_801' title='bbox 575 5391 733 5445; x_wconf 87' lang='lat' dir='ltr'><strong>quem</strong></span> <span class='ocrx_word' id='word_1_802' title='bbox 762 5379 901 5435; x_wconf 90' lang='lat' dir='ltr'><strong>facto</strong></span> <span class='ocrx_word' id='word_1_803' title='bbox 929 5394 995 5435; x_wconf 88' lang='lat' dir='ltr'><strong>ex</strong></span> <span class='ocrx_word' id='word_1_804' title='bbox 1019 5389 1161 5436; x_wconf 91' lang='lat' dir='ltr'><strong>terra</strong></span> <span class='ocrx_word' id='word_1_805' title='bbox 1191 5380 1392 5436; x_wconf 88' lang='lat' dir='ltr'><strong>homini</strong></span> <span class='ocrx_word' id='word_1_806' title='bbox 1417 5381 1590 5450; x_wconf 92' lang='lat' dir='ltr'><strong>primo</strong></span> <span class='ocrx_word' id='word_1_807' title='bbox 1608 5380 1838 5451; x_wconf 82' lang='lat' dir='ltr'><strong>inspira-</strong></span> 
     </span>
    </p>
   </div>
   <div class='ocr_carea' id='block_1_99' title="bbox 241 5469 1838 5543">
    <p class='ocr_par' dir='ltr' id='par_1_99' title="bbox 241 5469 1838 5543">
     <span class='ocr_line' id='line_1_99' title="bbox 241 5469 1838 5543; baseline 0.003 -17"><span class='ocrx_word' id='word_1_808' title='bbox 241 5472 347 5539; x_wconf 90' lang='lat' dir='ltr'><strong>vit,</strong></span> <span class='ocrx_word' id='word_1_809' title='bbox 378 5469 473 5527; x_wconf 88' lang='lat' dir='ltr'><strong>sed</strong></span> <span class='ocrx_word' id='word_1_810' title='bbox 512 5484 731 5525; x_wconf 88' lang='lat' dir='ltr'><strong>omnem</strong></span> <span class='ocrx_word' id='word_1_811' title='bbox 764 5471 946 5526; x_wconf 84' lang='lat' dir='ltr'><strong>ﬂatum</strong></span> <span class='ocrx_word' id='word_1_812' title='bbox 986 5474 1102 5543; x_wconf 85' lang='lat' dir='ltr'><strong>ipse</strong></span> <span class='ocrx_word' id='word_1_813' title='bbox 1129 5473 1276 5541; x_wconf 87' lang='lat' dir='ltr'><strong>fecit,</strong></span> <span class='ocrx_word' id='word_1_814' title='bbox 1310 5472 1427 5543; x_wconf 85' lang='lat' dir='ltr'><strong>ipse</strong></span> <span class='ocrx_word' id='word_1_815' title='bbox 1473 5473 1650 5528; x_wconf 87' lang='lat' dir='ltr'><strong>adhuc</strong></span> <span class='ocrx_word' id='word_1_816' title='bbox 1690 5472 1838 5531; x_wconf 85' lang='lat' dir='ltr'><strong>facit.</strong></span> 
     </span>
    </p>
   </div>
   <div class='ocr_carea' id='block_1_100' title="bbox 240 5564 1837 5632">
    <p class='ocr_par' dir='ltr' id='par_1_100' title="bbox 240 5564 1837 5632">
     <span class='ocr_line' id='line_1_100' title="bbox 240 5564 1837 5632; baseline 0.002 -16"><span class='ocrx_word' id='word_1_817' title='bbox 240 5565 517 5632; x_wconf 81' lang='lat' dir='ltr'><strong>Quaeritur</strong></span> <span class='ocrx_word' id='word_1_818' title='bbox 534 5573 711 5617; x_wconf 89' lang='lat' dir='ltr'><strong>tamen</strong></span> <span class='ocrx_word' id='word_1_819' title='bbox 735 5571 912 5618; x_wconf 90' lang='lat' dir='ltr'><strong>utrum</strong></span> <span class='ocrx_word' id='word_1_820' title='bbox 931 5577 1145 5620; x_wconf 90' lang='lat' dir='ltr'><strong>omnem</strong></span> <span class='ocrx_word' id='word_1_821' title='bbox 1158 5566 1340 5620; x_wconf 88' lang='lat' dir='ltr'><strong>flatum</strong></span> <span class='ocrx_word' id='word_1_822' title='bbox 1359 5578 1424 5620; x_wconf 83' lang='lat' dir='ltr'><strong>ex</strong></span> <span class='ocrx_word' id='word_1_823' title='bbox 1448 5580 1556 5619; x_wconf 93' lang='lat' dir='ltr'><strong>uno</strong></span> <span class='ocrx_word' id='word_1_824' title='bbox 1578 5564 1667 5619; x_wconf 92' lang='lat' dir='ltr'><strong>illo</strong></span> <span class='ocrx_word' id='word_1_825' title='bbox 1687 5565 1837 5631; x_wconf 89' lang='lat' dir='ltr'><strong>flatu,</strong></span> 
     </span>
    </p>
   </div>
   <div class='ocr_carea' id='block_1_101' title="bbox 244 5654 1839 5727">
    <p class='ocr_par' dir='ltr' id='par_1_101' title="bbox 244 5654 1839 5727">
     <span class='ocr_line' id='line_1_101' title="bbox 244 5654 1839 5727; baseline 0 -15"><span class='ocrx_word' id='word_1_826' title='bbox 244 5655 394 5713; x_wconf 85' lang='lat' dir='ltr'><strong>sicut</strong></span> <span class='ocrx_word' id='word_1_827' title='bbox 416 5670 576 5709; x_wconf 92' lang='lat' dir='ltr'><strong>omne</strong></span> <span class='ocrx_word' id='word_1_828' title='bbox 596 5667 792 5724; x_wconf 90' lang='lat' dir='ltr'><strong>corpus</strong></span> <span class='ocrx_word' id='word_1_829' title='bbox 815 5654 1048 5710; x_wconf 88' lang='lat' dir='ltr'><strong>hominis</strong></span> <span class='ocrx_word' id='word_1_830' title='bbox 1063 5670 1127 5711; x_wconf 83' lang='lat' dir='ltr'><strong>ex</strong></span> <span class='ocrx_word' id='word_1_831' title='bbox 1153 5657 1245 5711; x_wconf 90' lang='lat' dir='ltr'><strong>illo</strong></span> <span class='ocrx_word' id='word_1_832' title='bbox 1267 5671 1374 5711; x_wconf 92' lang='lat' dir='ltr'><strong>uno</strong></span> <span class='ocrx_word' id='word_1_833' title='bbox 1397 5672 1622 5727; x_wconf 90' lang='lat' dir='ltr'><strong>corpore</strong></span> <span class='ocrx_word' id='word_1_834' title='bbox 1648 5654 1839 5723; x_wconf 87' lang='lat' dir='ltr'><strong>faciat;</strong></span> 
     </span>
    </p>
   </div>
   <div class='ocr_carea' id='block_1_102' title="bbox 246 5746 1842 5817">
    <p class='ocr_par' dir='ltr' id='par_1_102' title="bbox 246 5746 1842 5817">
     <span class='ocr_line' id='line_1_102' title="bbox 246 5746 1842 5817; baseline -0.001 -14"><span class='ocrx_word' id='word_1_835' title='bbox 246 5763 322 5803; x_wconf 85' lang='lat' dir='ltr'><strong>an</strong></span> <span class='ocrx_word' id='word_1_836' title='bbox 353 5762 482 5802; x_wconf 89' lang='lat' dir='ltr'><strong>vero</strong></span> <span class='ocrx_word' id='word_1_837' title='bbox 512 5761 649 5803; x_wconf 86' lang='lat' dir='ltr'><strong>nova</strong></span> <span class='ocrx_word' id='word_1_838' title='bbox 677 5746 895 5817; x_wconf 91' lang='lat' dir='ltr'><strong>quidem</strong></span> <span class='ocrx_word' id='word_1_839' title='bbox 924 5760 1152 5816; x_wconf 89' lang='lat' dir='ltr'><strong>corpora</strong></span> <span class='ocrx_word' id='word_1_840' title='bbox 1181 5747 1344 5803; x_wconf 86' lang='lat' dir='ltr'><strong>faciat</strong></span> <span class='ocrx_word' id='word_1_841' title='bbox 1370 5764 1435 5803; x_wconf 89' lang='lat' dir='ltr'><strong>ex</strong></span> <span class='ocrx_word' id='word_1_842' title='bbox 1459 5764 1590 5816; x_wconf 91' lang='lat' dir='ltr'><strong>uno,</strong></span> <span class='ocrx_word' id='word_1_843' title='bbox 1634 5748 1842 5803; x_wconf 88' lang='lat' dir='ltr'><strong>animas</strong></span> 
     </span>
    </p>
   </div>
   <div class='ocr_carea' id='block_1_103' title="bbox 252 5841 1842 5912">
    <p class='ocr_par' dir='ltr' id='par_1_103' title="bbox 252 5841 1842 5912">
     <span class='ocr_line' id='line_1_103' title="bbox 252 5841 1842 5912; baseline -0.003 -13"><span class='ocrx_word' id='word_1_844' title='bbox 252 5854 435 5899; x_wconf 86' lang='lat' dir='ltr'><strong>autem</strong></span> <span class='ocrx_word' id='word_1_845' title='bbox 466 5858 634 5899; x_wconf 88' lang='lat' dir='ltr'><strong>novas</strong></span> <span class='ocrx_word' id='word_1_846' title='bbox 663 5858 728 5897; x_wconf 81' lang='lat' dir='ltr'><strong>ex</strong></span> <span class='ocrx_word' id='word_1_847' title='bbox 760 5842 955 5898; x_wconf 89' lang='lat' dir='ltr'><strong>nihilo.</strong></span> <span class='ocrx_word' id='word_1_848' title='bbox 998 5842 1131 5910; x_wconf 88' lang='lat' dir='ltr'><strong>Quis</strong></span> <span class='ocrx_word' id='word_1_849' title='bbox 1158 5842 1305 5897; x_wconf 89' lang='lat' dir='ltr'><strong>enim</strong></span> <span class='ocrx_word' id='word_1_850' title='bbox 1330 5856 1563 5912; x_wconf 89' lang='lat' dir='ltr'><strong>congrua</strong></span> <span class='ocrx_word' id='word_1_851' title='bbox 1590 5842 1703 5897; x_wconf 89' lang='lat' dir='ltr'><strong>suis</strong></span> <span class='ocrx_word' id='word_1_852' title='bbox 1733 5841 1842 5895; x_wconf 82' lang='lat' dir='ltr'><strong>ori-</strong></span> 
     </span>
    </p>
   </div>
   <div class='ocr_carea' id='block_1_104' title="bbox 252 5933 1840 6015">
    <p class='ocr_par' dir='ltr' id='par_1_104' title="bbox 252 5933 1840 6015">
     <span class='ocr_line' id='line_1_104' title="bbox 252 5933 1840 6015; baseline 0 -26"><span class='ocrx_word' id='word_1_853' title='bbox 252 5936 472 6008; x_wconf 73' lang='lat' dir='ltr'><strong>ginibus</strong></span> <span class='ocrx_word' id='word_1_854' title='bbox 512 5948 708 6004; x_wconf 83' lang='lat' dir='ltr'><strong>genera</strong></span> <span class='ocrx_word' id='word_1_855' title='bbox 734 5949 915 5992; x_wconf 88' lang='lat' dir='ltr'><strong>rerum</strong></span> <span class='ocrx_word' id='word_1_856' title='bbox 940 5935 1107 5991; x_wconf 88' lang='lat' dir='ltr'><strong>etiam</strong></span> <span class='ocrx_word' id='word_1_857' title='bbox 1147 5933 1216 5990; x_wconf 88' lang='lat' dir='ltr'><strong>de</strong></span> <span class='ocrx_word' id='word_1_858' title='bbox 1241 5933 1533 6015; x_wconf 83' lang='lat' dir='ltr'><strong>seminibus</strong></span> <span class='ocrx_word' id='word_1_859' title='bbox 1566 5934 1712 5999; x_wconf 84' lang='lat' dir='ltr'><strong>facit,</strong></span> <span class='ocrx_word' id='word_1_860' title='bbox 1740 5934 1840 5990; x_wconf 76' lang='lat' dir='ltr'><strong>nisi</strong></span> 
     </span>
    </p>
   </div>
   <div class='ocr_carea' id='block_1_105' title="bbox 1951 4806 3540 4878">
    <p class='ocr_par' dir='ltr' id='par_1_105' title="bbox 1951 4806 3540 4878">
     <span class='ocr_line' id='line_1_105' title="bbox 1951 4806 3540 4878; baseline -0.013 -1"><span class='ocrx_word' id='word_1_861' title='bbox 1951 4839 2054 4877; x_wconf 92' lang='lat' dir='ltr'><strong>non</strong></span> <span class='ocrx_word' id='word_1_862' title='bbox 2078 4822 2221 4878; x_wconf 85' lang='lat' dir='ltr'><strong>enim</strong></span> <span class='ocrx_word' id='word_1_863' title='bbox 2245 4820 2412 4876; x_wconf 80' lang='lat' dir='ltr'><strong>dixit:</strong></span> <span class='ocrx_word' id='word_1_864' title='bbox 2443 4828 2497 4874; x_wconf 91' lang='lat' dir='ltr'><strong>et</strong></span> <span class='ocrx_word' id='word_1_865' title='bbox 2518 4817 2700 4872; x_wconf 87' lang='lat' dir='ltr'><strong>anima</strong></span> <span class='ocrx_word' id='word_1_866' title='bbox 2727 4815 2796 4871; x_wconf 86' lang='lat' dir='ltr'><strong>de</strong></span> <span class='ocrx_word' id='word_1_867' title='bbox 2826 4813 3006 4868; x_wconf 91' lang='lat' dir='ltr'><strong>anima</strong></span> <span class='ocrx_word' id='word_1_868' title='bbox 3034 4823 3173 4865; x_wconf 89' lang='lat' dir='ltr'><strong>mea.</strong></span> <span class='ocrx_word' id='word_1_869' title='bbox 3198 4808 3305 4865; x_wconf 89' lang='lat' dir='ltr'><strong>Sed</strong></span> <span class='ocrx_word' id='word_1_870' title='bbox 3336 4806 3409 4860; x_wconf 88' lang='lat' dir='ltr'><strong>ita</strong></span> <span class='ocrx_word' id='word_1_871' title='bbox 3440 4819 3540 4873; x_wconf 78' lang='lat' dir='ltr'><strong>po-</strong></span> 
     </span>
    </p>
   </div>
   <div class='ocr_carea' id='block_1_106' title="bbox 1949 4897 3538 4974">
    <p class='ocr_par' dir='ltr' id='par_1_106' title="bbox 1949 4897 3538 4974">
     <span class='ocr_line' id='line_1_106' title="bbox 1949 4897 3538 4974; baseline -0.012 -4"><span class='ocrx_word' id='word_1_872' title='bbox 1949 4924 2054 4970; x_wconf 86' lang='lat' dir='ltr'><strong>test</strong></span> <span class='ocrx_word' id='word_1_873' title='bbox 2084 4916 2197 4969; x_wconf 86' lang='lat' dir='ltr'><strong>fieri</strong></span> <span class='ocrx_word' id='word_1_874' title='bbox 2225 4922 2285 4968; x_wconf 89' lang='lat' dir='ltr'><strong>ut</strong></span> <span class='ocrx_word' id='word_1_875' title='bbox 2322 4926 2486 4967; x_wconf 89' lang='lat' dir='ltr'><strong>carne</strong></span> <span class='ocrx_word' id='word_1_876' title='bbox 2517 4909 2791 4965; x_wconf 89' lang='lat' dir='ltr'><strong>nominata</strong></span> <span class='ocrx_word' id='word_1_877' title='bbox 2840 4914 3127 4974; x_wconf 89' lang='lat' dir='ltr'><strong>utrumque</strong></span> <span class='ocrx_word' id='word_1_878' title='bbox 3174 4897 3538 4967; x_wconf 86' lang='lat' dir='ltr'><strong>intelligatur:</strong></span> 
     </span>
    </p>
   </div>
   <div class='ocr_carea' id='block_1_107' title="bbox 1947 4994 3539 5067">
    <p class='ocr_par' dir='ltr' id='par_1_107' title="bbox 1947 4994 3539 5067">
     <span class='ocr_line' id='line_1_107' title="bbox 1947 4994 3539 5067; baseline -0.013 -4"><span class='ocrx_word' id='word_1_879' title='bbox 1947 5010 2088 5063; x_wconf 89' lang='lat' dir='ltr'><strong>sicut</strong></span> <span class='ocrx_word' id='word_1_880' title='bbox 2121 5007 2209 5062; x_wconf 88' lang='lat' dir='ltr'><strong>hic</strong></span> <span class='ocrx_word' id='word_1_881' title='bbox 2242 5006 2454 5061; x_wconf 90' lang='lat' dir='ltr'><strong>animas</strong></span> <span class='ocrx_word' id='word_1_882' title='bbox 2487 5001 2806 5067; x_wconf 89' lang='lat' dir='ltr'><strong>nominavit,</strong></span> <span class='ocrx_word' id='word_1_883' title='bbox 2834 5007 2890 5056; x_wconf 93' lang='lat' dir='ltr'><strong>et</strong></span> <span class='ocrx_word' id='word_1_884' title='bbox 2916 5006 3097 5055; x_wconf 90' lang='lat' dir='ltr'><strong>tamen</strong></span> <span class='ocrx_word' id='word_1_885' title='bbox 3124 4994 3287 5051; x_wconf 87' lang='lat' dir='ltr'><strong>etiam</strong></span> <span class='ocrx_word' id='word_1_886' title='bbox 3310 5003 3539 5059; x_wconf 87' lang='lat' dir='ltr'><strong>corpora</strong></span> 
     </span>
    </p>
   </div>
   <div class='ocr_carea' id='block_1_108' title="bbox 1948 5085 3541 5168">
    <p class='ocr_par' dir='ltr' id='par_1_108' title="bbox 1948 5085 3541 5168">
     <span class='ocr_line' id='line_1_108' title="bbox 1948 5085 3541 5168; baseline -0.012 -14"><span class='ocrx_word' id='word_1_887' title='bbox 1948 5101 2002 5155; x_wconf 93' lang='lat' dir='ltr'><strong>in</strong></span> <span class='ocrx_word' id='word_1_888' title='bbox 2041 5100 2163 5153; x_wconf 89' lang='lat' dir='ltr'><strong>ﬁliis</strong></span> <span class='ocrx_word' id='word_1_889' title='bbox 2192 5098 2419 5168; x_wconf 90' lang='lat' dir='ltr'><strong>intelligi</strong></span> <span class='ocrx_word' id='word_1_890' title='bbox 2468 5095 2661 5151; x_wconf 86' lang='lat' dir='ltr'><strong>voluit.</strong></span> <span class='ocrx_word' id='word_1_891' title='bbox 2692 5093 2797 5151; x_wconf 88' lang='lat' dir='ltr'><strong>Sed</strong></span> <span class='ocrx_word' id='word_1_892' title='bbox 2848 5092 2950 5147; x_wconf 89' lang='lat' dir='ltr'><strong>hoc</strong></span> <span class='ocrx_word' id='word_1_893' title='bbox 2981 5085 3344 5144; x_wconf 89' lang='lat' dir='ltr'><strong>testimonium</strong></span> <span class='ocrx_word' id='word_1_894' title='bbox 3390 5092 3541 5137; x_wconf 82' lang='lat' dir='ltr'><strong>certe</strong></span> 
     </span>
    </p>
   </div>
   <div class='ocr_carea' id='block_1_109' title="bbox 1947 5177 3540 5264">
    <p class='ocr_par' dir='ltr' id='par_1_109' title="bbox 1947 5177 3540 5264">
     <span class='ocr_line' id='line_1_109' title="bbox 1947 5177 3540 5264; baseline -0.011 -16"><span class='ocrx_word' id='word_1_895' title='bbox 1947 5192 2103 5264; x_wconf 91' lang='lat' dir='ltr'><strong>quasi</strong></span> <span class='ocrx_word' id='word_1_896' title='bbox 2132 5199 2243 5246; x_wconf 87' lang='lat' dir='ltr'><strong>tam</strong></span> <span class='ocrx_word' id='word_1_897' title='bbox 2273 5190 2477 5248; x_wconf 90' lang='lat' dir='ltr'><strong>clarum</strong></span> <span class='ocrx_word' id='word_1_898' title='bbox 2517 5196 2679 5259; x_wconf 87' lang='lat' dir='ltr'><strong>atque</strong></span> <span class='ocrx_word' id='word_1_899' title='bbox 2708 5186 3051 5243; x_wconf 88' lang='lat' dir='ltr'><strong>manifestum</strong></span> <span class='ocrx_word' id='word_1_900' title='bbox 3075 5177 3373 5237; x_wconf 61' lang='lat' dir='ltr'><strong>enodandas</strong></span> <span class='ocrx_word' id='word_1_901' title='bbox 3413 5177 3540 5231; x_wconf 87' lang='lat' dir='ltr'><strong>huic</strong></span> 
     </span>
    </p>
   </div>
   <div class='ocr_carea' id='block_1_110' title="bbox 1948 5273 3540 5355">
    <p class='ocr_par' dir='ltr' id='par_1_110' title="bbox 1948 5273 3540 5355">
     <span class='ocr_line' id='line_1_110' title="bbox 1948 5273 3540 5355; baseline -0.011 -16"><span class='ocrx_word' id='word_1_902' title='bbox 1948 5283 2232 5355; x_wconf 84' lang='lat' dir='ltr'><strong>quaestioni</strong></span> <span class='ocrx_word' id='word_1_903' title='bbox 2260 5296 2368 5339; x_wconf 91' lang='lat' dir='ltr'><strong>non</strong></span> <span class='ocrx_word' id='word_1_904' title='bbox 2398 5280 2598 5337; x_wconf 85' lang='lat' dir='ltr'><strong>sufficit</strong></span> <span class='ocrx_word' id='word_1_905' title='bbox 2632 5293 2771 5335; x_wconf 90' lang='lat' dir='ltr'><strong>:nec</strong></span> <span class='ocrx_word' id='word_1_906' title='bbox 2817 5277 2865 5333; x_wconf 89' lang='lat' dir='ltr'><strong>si</strong></span> <span class='ocrx_word' id='word_1_907' title='bbox 2910 5277 2982 5331; x_wconf 87' lang='lat' dir='ltr'><strong>ita</strong></span> <span class='ocrx_word' id='word_1_908' title='bbox 3028 5273 3294 5343; x_wconf 88' lang='lat' dir='ltr'><strong>legeretur</strong></span> <span class='ocrx_word' id='word_1_909' title='bbox 3342 5280 3540 5340; x_wconf 86' lang='lat' dir='ltr'><strong>genere</strong></span> 
     </span>
    </p>
   </div>
   <div class='ocr_carea' id='block_1_111' title="bbox 1950 5361 3542 5448">
    <p class='ocr_par' dir='ltr' id='par_1_111' title="bbox 1950 5361 3542 5448">
     <span class='ocr_line' id='line_1_111' title="bbox 1950 5361 3542 5448; baseline -0.01 -16"><span class='ocrx_word' id='word_1_910' title='bbox 1950 5378 2207 5433; x_wconf 90' lang='lat' dir='ltr'><strong>feminino</strong></span> <span class='ocrx_word' id='word_1_911' title='bbox 2238 5394 2252 5430; x_wconf 90' lang='lat'><strong>:</strong></span> <span class='ocrx_word' id='word_1_912' title='bbox 2284 5391 2403 5448; x_wconf 64' lang='lat' dir='ltr'><strong>quae</strong></span> <span class='ocrx_word' id='word_1_913' title='bbox 2432 5376 2683 5433; x_wconf 90' lang='lat' dir='ltr'><strong>exierunt</strong></span> <span class='ocrx_word' id='word_1_914' title='bbox 2709 5372 2777 5427; x_wconf 90' lang='lat' dir='ltr'><strong>de</strong></span> <span class='ocrx_word' id='word_1_915' title='bbox 2828 5366 3121 5424; x_wconf 86' lang='lat' dir='ltr'><strong>femoribus</strong></span> <span class='ocrx_word' id='word_1_916' title='bbox 3163 5362 3301 5434; x_wconf 92' lang='lat' dir='ltr'><strong>ejus,</strong></span> <span class='ocrx_word' id='word_1_917' title='bbox 3326 5372 3385 5418; x_wconf 90' lang='lat' dir='ltr'><strong>ut</strong></span> <span class='ocrx_word' id='word_1_918' title='bbox 3423 5361 3542 5417; x_wconf 91' lang='lat' dir='ltr'><strong>ani-</strong></span> 
     </span>
    </p>
   </div>
   <div class='ocr_carea' id='block_1_112' title="bbox 1949 5457 3538 5538">
    <p class='ocr_par' dir='ltr' id='par_1_112' title="bbox 1949 5457 3538 5538">
     <span class='ocr_line' id='line_1_112' title="bbox 1949 5457 3538 5538; baseline -0.009 -15"><span class='ocrx_word' id='word_1_919' title='bbox 1949 5483 2065 5524; x_wconf 92' lang='lat' dir='ltr'><strong>mas</strong></span> <span class='ocrx_word' id='word_1_920' title='bbox 2092 5467 2517 5538; x_wconf 84' lang='lat' dir='ltr'><strong>intelligeremus</strong></span> <span class='ocrx_word' id='word_1_921' title='bbox 2553 5480 2675 5536; x_wconf 71' lang='lat' dir='ltr'><strong>quae</strong></span> <span class='ocrx_word' id='word_1_922' title='bbox 2721 5461 3003 5525; x_wconf 89' lang='lat' dir='ltr'><strong>exierunt;</strong></span> <span class='ocrx_word' id='word_1_923' title='bbox 3034 5457 3156 5513; x_wconf 90' lang='lat' dir='ltr'><strong>ideo</strong></span> <span class='ocrx_word' id='word_1_924' title='bbox 3201 5462 3380 5511; x_wconf 87' lang='lat' dir='ltr'><strong>autem</strong></span> <span class='ocrx_word' id='word_1_925' title='bbox 3430 5469 3538 5509; x_wconf 90' lang='lat' dir='ltr'><strong>non</strong></span> 
     </span>
    </p>
   </div>
   <div class='ocr_carea' id='block_1_113' title="bbox 1948 5546 3571 5631">
    <p class='ocr_par' dir='ltr' id='par_1_113' title="bbox 1948 5546 3571 5631">
     <span class='ocr_line' id='line_1_113' title="bbox 1948 5546 3571 5631; baseline -0.01 -14"><span class='ocrx_word' id='word_1_926' title='bbox 1948 5560 2237 5627; x_wconf 86' lang='lat' dir='ltr'><strong>sufﬁceret,</strong></span> <span class='ocrx_word' id='word_1_927' title='bbox 2284 5560 2537 5631; x_wconf 89' lang='lat' dir='ltr'><strong>quoniam</strong></span> <span class='ocrx_word' id='word_1_928' title='bbox 2568 5566 2624 5612; x_wconf 90' lang='lat' dir='ltr'><strong>et</strong></span> <span class='ocrx_word' id='word_1_929' title='bbox 2661 5556 2854 5609; x_wconf 66' lang='lat' dir='ltr'><strong>anima:</strong></span> <span class='ocrx_word' id='word_1_930' title='bbox 2882 5549 3100 5606; x_wconf 91' lang='lat' dir='ltr'><strong>nomine</strong></span> <span class='ocrx_word' id='word_1_931' title='bbox 3128 5562 3337 5625; x_wconf 81' lang='lat' dir='ltr'><strong>corpus</strong></span> <span class='ocrx_word' id='word_1_932' title='bbox 3363 5546 3536 5601; x_wconf 87' lang='lat' dir='ltr'><strong>solum</strong></span> <span class='ocrx_word' id='word_1_933' title='bbox 3564 5596 3571 5631; x_wconf 30' lang='grc' dir='ltr'><em>Α</em></span> 
     </span>
    </p>
   </div>
   <div class='ocr_carea' id='block_1_114' title="bbox 1950 5613 3593 5724">
    <p class='ocr_par' dir='ltr' id='par_1_114' title="bbox 1950 5613 3593 5724">
     <span class='ocr_line' id='line_1_114' title="bbox 1950 5613 3593 5724; baseline -0.009 -16"><span class='ocrx_word' id='word_1_934' title='bbox 2458 5649 2619 5706; x_wconf 89' lang='lat' dir='ltr'><strong>modo</strong></span> <span class='ocrx_word' id='word_1_935' title='bbox 2645 5645 2875 5717; x_wconf 87' lang='lat' dir='ltr'><strong>quodam</strong></span> <span class='ocrx_word' id='word_1_936' title='bbox 2900 5642 3187 5700; x_wconf 88' lang='lat' dir='ltr'><strong>locutionis</strong></span> <span class='ocrx_word' id='word_1_937' title='bbox 3214 5613 3593 5724; x_wconf 71' lang='lat' dir='ltr'><strong>ostenditur,</strong></span> 
     </span>
    </p>
   </div>
   <div class='ocr_carea' id='block_1_115' title="bbox 1951 5721 3574 5817">
    <p class='ocr_par' dir='ltr' id='par_1_115' title="bbox 1951 5721 3574 5817">
     <span class='ocr_line' id='line_1_115' title="bbox 1951 5721 3574 5817; baseline -0.01 -15"><span class='ocrx_word' id='word_1_938' title='bbox 1951 5721 2056 5816; x_wconf 82' lang='lat' dir='ltr'><strong>quo</strong></span> <span class='ocrx_word' id='word_1_939' title='bbox 2068 5721 2425 5817; x_wconf 84' lang='lat' dir='ltr'><strong>signiﬁcatur,</strong></span> <span class='ocrx_word' id='word_1_940' title='bbox 2441 5758 2533 5813; x_wconf 90' lang='lat' dir='ltr'><strong>per</strong></span> <span class='ocrx_word' id='word_1_941' title='bbox 2546 5741 2599 5795; x_wconf 94' lang='lat' dir='ltr'><strong>id</strong></span> <span class='ocrx_word' id='word_1_942' title='bbox 2613 5739 2754 5810; x_wconf 90' lang='lat' dir='ltr'><strong>quod</strong></span> <span class='ocrx_word' id='word_1_943' title='bbox 2766 5738 3092 5801; x_wconf 89' lang='lat' dir='ltr'><strong>continetur,</strong></span> <span class='ocrx_word' id='word_1_944' title='bbox 3107 5734 3237 5790; x_wconf 88' lang='lat' dir='ltr'><strong>illud</strong></span> <span class='ocrx_word' id='word_1_945' title='bbox 3250 5733 3396 5803; x_wconf 89' lang='lat' dir='ltr'><strong>quod</strong></span> <span class='ocrx_word' id='word_1_946' title='bbox 3409 5746 3540 5788; x_wconf 83' lang='lat' dir='ltr'><strong>con-</strong></span> <span class='ocrx_word' id='word_1_947' title='bbox 3553 5721 3574 5762; x_wconf 43' lang='grc' dir='ltr'><em>ἦ</em></span> 
     </span>
    </p>
   </div>
   <div class='ocr_carea' id='block_1_116' title="bbox 1952 5830 3541 5907">
    <p class='ocr_par' dir='ltr' id='par_1_116' title="bbox 1952 5830 3541 5907">
     <span class='ocr_line' id='line_1_116' title="bbox 1952 5830 3541 5907; baseline -0.011 -11"><span class='ocrx_word' id='word_1_948' title='bbox 1952 5840 2114 5907; x_wconf 88' lang='lat' dir='ltr'><strong>tinet;</strong></span> <span class='ocrx_word' id='word_1_949' title='bbox 2143 5840 2283 5894; x_wconf 89' lang='lat' dir='ltr'><strong>sicut</strong></span> <span class='ocrx_word' id='word_1_950' title='bbox 2310 5839 2385 5892; x_wconf 91' lang='lat' dir='ltr'><strong>ait</strong></span> <span class='ocrx_word' id='word_1_951' title='bbox 2412 5837 2662 5904; x_wconf 89' lang='lat' dir='ltr'><strong>quidam:</strong></span> <span class='ocrx_word' id='word_1_952' title='bbox 2691 5830 2825 5886; x_wconf 82' lang='lat' dir='ltr'><strong>Vina</strong></span> <span class='ocrx_word' id='word_1_953' title='bbox 2860 5836 3141 5893; x_wconf 90' lang='lat' dir='ltr'><strong>coronant,</strong></span> <span class='ocrx_word' id='word_1_954' title='bbox 3163 5840 3287 5883; x_wconf 88' lang='lat' dir='ltr'><strong>cum</strong></span> <span class='ocrx_word' id='word_1_955' title='bbox 3308 5838 3541 5880; x_wconf 82' lang='lat' dir='ltr'><strong>corona-</strong></span> 
     </span>
    </p>
   </div>
   <div class='ocr_carea' id='block_1_117' title="bbox 1952 5918 3543 5994">
    <p class='ocr_par' dir='ltr' id='par_1_117' title="bbox 1952 5918 3543 5994">
     <span class='ocr_line' id='line_1_117' title="bbox 1952 5918 3543 5994; baseline -0.011 -3"><span class='ocrx_word' id='word_1_956' title='bbox 1952 5947 2129 5991; x_wconf 85' lang='lat' dir='ltr'><strong>rentur</strong></span> <span class='ocrx_word' id='word_1_957' title='bbox 2157 5948 2283 5990; x_wconf 90' lang='lat' dir='ltr'><strong>vasa</strong></span> <span class='ocrx_word' id='word_1_958' title='bbox 2300 5931 2525 5994; x_wconf 86' lang='lat' dir='ltr'><strong>vinaria;</strong></span> <span class='ocrx_word' id='word_1_959' title='bbox 2552 5930 2733 5987; x_wconf 86' lang='lat' dir='ltr'><strong>vinum</strong></span> <span class='ocrx_word' id='word_1_960' title='bbox 2754 5929 2895 5985; x_wconf 90' lang='lat' dir='ltr'><strong>enim</strong></span> <span class='ocrx_word' id='word_1_961' title='bbox 2921 5926 3250 5987; x_wconf 80' lang='lat' dir='ltr'><strong>continetur,</strong></span> <span class='ocrx_word' id='word_1_962' title='bbox 3265 5918 3543 5978; x_wconf 46' lang='lat' dir='ltr'><strong>vasfconti-</strong></span> 
     </span>
    </p>
   </div>
  </div>
