  <div class='ocr_page' id='page_1' title='image "/cluster/home/n/w/nwhite01/storage/ocr_20150623/62/hvd.32044015706393/544.png"; bbox 0 0 4010 6382; ppageno 0'>
   <div class='ocr_carea' id='block_1_1' title="bbox 268 406 408 465">
    <p class='ocr_par' dir='ltr' id='par_1_1' title="bbox 268 406 408 465">
     <span class='ocr_line' id='line_1_1' title="bbox 268 406 408 465; baseline -0.043 0"><span class='ocrx_word' id='word_1_1' title='bbox 268 406 408 465; x_wconf 73' lang='grc'><strong>1077</strong></span> 
     </span>
    </p>
   </div>
   <div class='ocr_carea' id='block_1_2' title="bbox 1437 394 2363 456">
    <p class='ocr_par' dir='ltr' id='par_1_2' title="bbox 1437 394 2363 456">
     <span class='ocr_line' id='line_1_2' title="bbox 1437 394 2363 456; baseline -0.003 -4"><span class='ocrx_word' id='word_1_2' title='bbox 1437 395 1868 456; x_wconf 73' lang='lat' dir='ltr'><strong>THESAURUS.</strong></span> <span class='ocrx_word' id='word_1_3' title='bbox 1907 395 2062 456; x_wconf 77' lang='lat' dir='ltr'><strong>CAP.</strong></span> <span class='ocrx_word' id='word_1_4' title='bbox 2102 394 2363 456; x_wconf 69' lang='lat' dir='ltr'><strong>CCCLVI.</strong></span> 
     </span>
    </p>
   </div>
   <div class='ocr_carea' id='block_1_3' title="bbox 3392 388 3538 468">
    <p class='ocr_par' dir='ltr' id='par_1_3' title="bbox 3392 388 3538 468">
     <span class='ocr_line' id='line_1_3' title="bbox 3392 388 3538 468; baseline -0.021 -1"><span class='ocrx_word' id='word_1_5' title='bbox 3392 388 3538 468; x_wconf 67' lang='grc' dir='ltr'>ιοιῐ</span> 
     </span>
    </p>
   </div>
   <div class='ocr_carea' id='block_1_4' title="bbox 271 508 3540 590">
    <p class='ocr_par' dir='ltr' id='par_1_4' title="bbox 271 508 3540 590">
     <span class='ocr_line' id='line_1_4' title="bbox 271 508 3540 590; baseline 0.002 -17"><span class='ocrx_word' id='word_1_6' title='bbox 271 533 366 590; x_wconf 87' lang='lat' dir='ltr'><strong>per</strong></span> <span class='ocrx_word' id='word_1_7' title='bbox 396 518 496 573; x_wconf 87' lang='lat' dir='ltr'><strong>hoc</strong></span> <span class='ocrx_word' id='word_1_8' title='bbox 526 518 660 582; x_wconf 91' lang='lat' dir='ltr'><strong>scio,</strong></span> <span class='ocrx_word' id='word_1_9' title='bbox 703 530 765 572; x_wconf 85' lang='lat' dir='ltr'><strong>ex</strong></span> <span class='ocrx_word' id='word_1_10' title='bbox 798 515 989 582; x_wconf 83' lang='lat' dir='ltr'><strong>Adam,</strong></span> <span class='ocrx_word' id='word_1_11' title='bbox 1019 528 1113 584; x_wconf 88' lang='lat' dir='ltr'><strong>per</strong></span> <span class='ocrx_word' id='word_1_12' title='bbox 1139 513 1335 568; x_wconf 86' lang='lat' dir='ltr'><strong>seriem</strong></span> <span class='ocrx_word' id='word_1_13' title='bbox 1364 512 1756 583; x_wconf 72' lang='lat' dir='ltr'><strong>generationis,</strong></span> <span class='ocrx_word' id='word_1_14' title='bbox 1785 512 1859 566; x_wconf 87' lang='lat' dir='ltr'><strong>si-</strong></span> <span class='ocrx_word' id='word_1_15' title='bbox 1889 513 1936 576; x_wconf 76' lang='grc' dir='ltr'><strong>Α</strong></span> <span class='ocrx_word' id='word_1_16' title='bbox 1959 508 2249 580; x_wconf 72' lang='lat' dir='ltr'><strong>justitiam.</strong></span> <span class='ocrx_word' id='word_1_17' title='bbox 2277 508 2436 568; x_wconf 79' lang='lat' dir='ltr'><strong>[inde</strong></span> <span class='ocrx_word' id='word_1_18' title='bbox 2460 510 2648 567; x_wconf 88' lang='lat' dir='ltr'><strong>statuit</strong></span> <span class='ocrx_word' id='word_1_19' title='bbox 2674 511 2812 570; x_wconf 86' lang='lat' dir='ltr'><strong>Deus</strong></span> <span class='ocrx_word' id='word_1_20' title='bbox 2839 522 2898 572; x_wconf 88' lang='lat' dir='ltr'><strong>ut</strong></span> <span class='ocrx_word' id='word_1_21' title='bbox 2927 525 3056 585; x_wconf 88' lang='lat' dir='ltr'><strong>post</strong></span> <span class='ocrx_word' id='word_1_22' title='bbox 3097 517 3215 588; x_wconf 81' lang='lat' dir='ltr'><strong>ejus</strong></span> <span class='ocrx_word' id='word_1_23' title='bbox 3263 530 3540 588; x_wconf 80' lang='lat' dir='ltr'><strong>peceatum</strong></span> 
     </span>
    </p>
   </div>
   <div class='ocr_carea' id='block_1_5' title="bbox 271 608 1854 686">
    <p class='ocr_par' dir='ltr' id='par_1_5' title="bbox 271 608 1854 686">
     <span class='ocr_line' id='line_1_5' title="bbox 271 608 1854 686; baseline -0.004 -16"><span class='ocrx_word' id='word_1_24' title='bbox 271 627 342 670; x_wconf 84' lang='lat' dir='ltr'><strong>ne</strong></span> <span class='ocrx_word' id='word_1_25' title='bbox 369 619 590 686; x_wconf 81' lang='lat' dir='ltr'><strong>peccato</strong></span> <span class='ocrx_word' id='word_1_26' title='bbox 621 609 886 668; x_wconf 83' lang='lat' dir='ltr'><strong>neminem</strong></span> <span class='ocrx_word' id='word_1_27' title='bbox 916 610 1099 676; x_wconf 83' lang='lat' dir='ltr'><strong>nasci;</strong></span> <span class='ocrx_word' id='word_1_28' title='bbox 1138 608 1282 665; x_wconf 91' lang='lat' dir='ltr'><strong>unde</strong></span> <span class='ocrx_word' id='word_1_29' title='bbox 1309 616 1363 664; x_wconf 90' lang='lat' dir='ltr'><strong>et</strong></span> <span class='ocrx_word' id='word_1_30' title='bbox 1383 608 1619 679; x_wconf 79' lang='lat' dir='ltr'><strong>parvulis</strong></span> <span class='ocrx_word' id='word_1_31' title='bbox 1665 620 1854 664; x_wconf 49' lang='lat' dir='ltr'><strong>neces.</strong></span> 
     </span>
    </p>
   </div>
   <div class='ocr_carea' id='block_1_6' title="bbox 275 701 1853 776">
    <p class='ocr_par' dir='ltr' id='par_1_6' title="bbox 275 701 1853 776">
     <span class='ocr_line' id='line_1_6' title="bbox 275 701 1853 776; baseline -0.004 -13"><span class='ocrx_word' id='word_1_32' title='bbox 275 705 476 763; x_wconf 83' lang='lat' dir='ltr'><strong>sarium</strong></span> <span class='ocrx_word' id='word_1_33' title='bbox 532 713 613 761; x_wconf 90' lang='lat' dir='ltr'><strong>est</strong></span> <span class='ocrx_word' id='word_1_34' title='bbox 655 719 750 776; x_wconf 85' lang='lat' dir='ltr'><strong>per</strong></span> <span class='ocrx_word' id='word_1_35' title='bbox 787 704 1013 775; x_wconf 76' lang='lat' dir='ltr'><strong>gratiam</strong></span> <span class='ocrx_word' id='word_1_36' title='bbox 1060 701 1480 772; x_wconf 74' lang='lat' dir='ltr'><strong>regenerationis</strong></span> <span class='ocrx_word' id='word_1_37' title='bbox 1530 701 1584 757; x_wconf 89' lang='lat' dir='ltr'><strong>in</strong></span> <span class='ocrx_word' id='word_1_38' title='bbox 1631 701 1853 757; x_wconf 86' lang='lat' dir='ltr'><strong>Christo</strong></span> 
     </span>
    </p>
   </div>
   <div class='ocr_carea' id='block_1_7' title="bbox 272 792 1850 865">
    <p class='ocr_par' dir='ltr' id='par_1_7' title="bbox 272 792 1850 865">
     <span class='ocr_line' id='line_1_7' title="bbox 272 792 1850 865; baseline -0.002 -12"><span class='ocrx_word' id='word_1_39' title='bbox 272 797 507 853; x_wconf 83' lang='lat' dir='ltr'><strong>renasci.</strong></span> <span class='ocrx_word' id='word_1_40' title='bbox 534 797 660 854; x_wconf 65' lang='lat' dir='ltr'><strong>Haec</strong></span> <span class='ocrx_word' id='word_1_41' title='bbox 689 805 797 852; x_wconf 89' lang='lat' dir='ltr'><strong>tam</strong></span> <span class='ocrx_word' id='word_1_42' title='bbox 828 796 1012 862; x_wconf 89' lang='lat' dir='ltr'><strong>multa,</strong></span> <span class='ocrx_word' id='word_1_43' title='bbox 1040 810 1140 849; x_wconf 83' lang='lat' dir='ltr'><strong>nec</strong></span> <span class='ocrx_word' id='word_1_44' title='bbox 1161 809 1323 865; x_wconf 88' lang='lat' dir='ltr'><strong>parva</strong></span> <span class='ocrx_word' id='word_1_45' title='bbox 1356 793 1422 848; x_wconf 90' lang='lat' dir='ltr'><strong>de</strong></span> <span class='ocrx_word' id='word_1_46' title='bbox 1453 792 1606 850; x_wconf 87' lang='lat' dir='ltr'><strong>initio</strong></span> <span class='ocrx_word' id='word_1_47' title='bbox 1633 793 1717 848; x_wconf 83' lang='lat' dir='ltr'><strong>vel</strong></span> <span class='ocrx_word' id='word_1_48' title='bbox 1739 794 1850 850; x_wconf 89' lang='lat' dir='ltr'><strong>ori-</strong></span> 
     </span>
    </p>
   </div>
   <div class='ocr_carea' id='block_1_8' title="bbox 277 883 1854 960">
    <p class='ocr_par' dir='ltr' id='par_1_8' title="bbox 277 883 1854 960">
     <span class='ocr_line' id='line_1_8' title="bbox 277 883 1854 960; baseline -0.001 -18"><span class='ocrx_word' id='word_1_49' title='bbox 277 889 402 960; x_wconf 90' lang='lat' dir='ltr'><strong>gine</strong></span> <span class='ocrx_word' id='word_1_50' title='bbox 430 888 728 944; x_wconf 88' lang='lat' dir='ltr'><strong>animarum</strong></span> <span class='ocrx_word' id='word_1_51' title='bbox 756 897 1085 955; x_wconf 86' lang='lat' dir='ltr'><strong>nostrarum,</strong></span> <span class='ocrx_word' id='word_1_52' title='bbox 1127 887 1180 942; x_wconf 93' lang='lat' dir='ltr'><strong>in</strong></span> <span class='ocrx_word' id='word_1_53' title='bbox 1205 885 1397 956; x_wconf 88' lang='lat' dir='ltr'><strong>quibus</strong></span> <span class='ocrx_word' id='word_1_54' title='bbox 1423 884 1571 956; x_wconf 88' lang='lat' dir='ltr'><strong>plura</strong></span> <span class='ocrx_word' id='word_1_55' title='bbox 1612 893 1738 941; x_wconf 87' lang='lat' dir='ltr'><strong>sunt</strong></span> <span class='ocrx_word' id='word_1_56' title='bbox 1785 883 1854 940; x_wconf 85' lang='lat' dir='ltr'><strong>ad</strong></span> 
     </span>
    </p>
   </div>
   <div class='ocr_carea' id='block_1_9' title="bbox 277 978 1856 1054">
    <p class='ocr_par' dir='ltr' id='par_1_9' title="bbox 277 978 1856 1054">
     <span class='ocr_line' id='line_1_9' title="bbox 277 978 1856 1054; baseline -0.003 -15"><span class='ocrx_word' id='word_1_57' title='bbox 277 999 401 1039; x_wconf 88' lang='lat' dir='ltr'><strong>cam</strong></span> <span class='ocrx_word' id='word_1_58' title='bbox 457 982 733 1038; x_wconf 84' lang='lat' dir='ltr'><strong>scientiam</strong></span> <span class='ocrx_word' id='word_1_59' title='bbox 794 981 1133 1054; x_wconf 83' lang='lat' dir='ltr'><strong>pertinentia,</strong></span> <span class='ocrx_word' id='word_1_60' title='bbox 1187 995 1309 1050; x_wconf 63' lang='lat' dir='ltr'><strong>quae</strong></span> <span class='ocrx_word' id='word_1_61' title='bbox 1339 978 1444 1035; x_wconf 87' lang='lat' dir='ltr'><strong>ﬁde</strong></span> <span class='ocrx_word' id='word_1_62' title='bbox 1481 985 1749 1047; x_wconf 79' lang='lat' dir='ltr'><strong>constant,</strong></span> <span class='ocrx_word' id='word_1_63' title='bbox 1801 985 1856 1034; x_wconf 89' lang='lat' dir='ltr'><strong>et</strong></span> 
     </span>
    </p>
   </div>
   <div class='ocr_carea' id='block_1_10' title="bbox 277 1072 1856 1146">
    <p class='ocr_par' dir='ltr' id='par_1_10' title="bbox 277 1072 1856 1146">
     <span class='ocr_line' id='line_1_10' title="bbox 277 1072 1856 1146; baseline -0.003 -16"><span class='ocrx_word' id='word_1_64' title='bbox 277 1075 529 1130; x_wconf 75' lang='lat' dir='ltr'><strong>didicisse</strong></span> <span class='ocrx_word' id='word_1_65' title='bbox 553 1090 636 1129; x_wconf 91' lang='lat' dir='ltr'><strong>me</strong></span> <span class='ocrx_word' id='word_1_66' title='bbox 659 1075 918 1146; x_wconf 89' lang='lat' dir='ltr'><strong>gratulor,</strong></span> <span class='ocrx_word' id='word_1_67' title='bbox 951 1083 1002 1128; x_wconf 89' lang='lat' dir='ltr'><strong>et</strong></span> <span class='ocrx_word' id='word_1_68' title='bbox 1033 1087 1192 1129; x_wconf 87' lang='lat' dir='ltr'><strong>nosse</strong></span> <span class='ocrx_word' id='word_1_69' title='bbox 1215 1072 1494 1128; x_wconf 90' lang='lat' dir='ltr'><strong>conﬁrmo.</strong></span> <span class='ocrx_word' id='word_1_70' title='bbox 1518 1072 1856 1141; x_wconf 75' lang='lat' dir='ltr'><strong>Quapropter</strong></span> 
     </span>
    </p>
   </div>
   <div class='ocr_carea' id='block_1_11' title="bbox 277 1161 1855 1237">
    <p class='ocr_par' dir='ltr' id='par_1_11' title="bbox 277 1161 1855 1237">
     <span class='ocr_line' id='line_1_11' title="bbox 277 1161 1855 1237; baseline -0.003 -16"><span class='ocrx_word' id='word_1_71' title='bbox 277 1169 322 1222; x_wconf 87' lang='lat' dir='ltr'><strong>si</strong></span> <span class='ocrx_word' id='word_1_72' title='bbox 355 1167 560 1232; x_wconf 84' lang='lat' dir='ltr'><strong>nescio,</strong></span> <span class='ocrx_word' id='word_1_73' title='bbox 584 1166 636 1220; x_wconf 93' lang='lat' dir='ltr'><strong>in</strong></span> <span class='ocrx_word' id='word_1_74' title='bbox 658 1165 866 1237; x_wconf 86' lang='lat' dir='ltr'><strong>origine</strong></span> <span class='ocrx_word' id='word_1_75' title='bbox 894 1165 1217 1231; x_wconf 87' lang='lat' dir='ltr'><strong>animarum,</strong></span> <span class='ocrx_word' id='word_1_76' title='bbox 1243 1171 1419 1219; x_wconf 87' lang='lat' dir='ltr'><strong>utrum</strong></span> <span class='ocrx_word' id='word_1_77' title='bbox 1447 1162 1566 1218; x_wconf 87' lang='lat' dir='ltr'><strong>illas</strong></span> <span class='ocrx_word' id='word_1_78' title='bbox 1596 1162 1737 1217; x_wconf 89' lang='lat' dir='ltr'><strong>Deus</strong></span> <span class='ocrx_word' id='word_1_79' title='bbox 1758 1161 1855 1217; x_wconf 91' lang='lat' dir='ltr'><strong>ho-</strong></span> 
     </span>
    </p>
   </div>
   <div class='ocr_carea' id='block_1_12' title="bbox 276 1255 1850 1331">
    <p class='ocr_par' dir='ltr' id='par_1_12' title="bbox 276 1255 1850 1331">
     <span class='ocr_line' id='line_1_12' title="bbox 276 1255 1850 1331; baseline -0.004 -14"><span class='ocrx_word' id='word_1_80' title='bbox 276 1261 512 1317; x_wconf 78' lang='lat' dir='ltr'><strong>minibus</strong></span> <span class='ocrx_word' id='word_1_81' title='bbox 543 1275 606 1316; x_wconf 87' lang='lat' dir='ltr'><strong>ex</strong></span> <span class='ocrx_word' id='word_1_82' title='bbox 636 1260 929 1331; x_wconf 84' lang='lat' dir='ltr'><strong>propagine</strong></span> <span class='ocrx_word' id='word_1_83' title='bbox 971 1258 1150 1325; x_wconf 89' lang='lat' dir='ltr'><strong>faciat,</strong></span> <span class='ocrx_word' id='word_1_84' title='bbox 1181 1271 1312 1328; x_wconf 87' lang='lat' dir='ltr'><strong>quas</strong></span> <span class='ocrx_word' id='word_1_85' title='bbox 1359 1265 1536 1312; x_wconf 89' lang='lat' dir='ltr'><strong>tamen</strong></span> <span class='ocrx_word' id='word_1_86' title='bbox 1588 1255 1703 1311; x_wconf 90' lang='lat' dir='ltr'><strong>ﬁeri</strong></span> <span class='ocrx_word' id='word_1_87' title='bbox 1743 1269 1850 1311; x_wconf 89' lang='lat' dir='ltr'><strong>non</strong></span> 
     </span>
    </p>
   </div>
   <div class='ocr_carea' id='block_1_13' title="bbox 279 1348 1853 1423">
    <p class='ocr_par' dir='ltr' id='par_1_13' title="bbox 279 1348 1853 1423">
     <span class='ocr_line' id='line_1_13' title="bbox 279 1348 1853 1423; baseline -0.001 -18"><span class='ocrx_word' id='word_1_88' title='bbox 279 1353 512 1423; x_wconf 89' lang='lat' dir='ltr'><strong>ambigo,</strong></span> <span class='ocrx_word' id='word_1_89' title='bbox 539 1353 678 1406; x_wconf 90' lang='lat' dir='ltr'><strong>scire</strong></span> <span class='ocrx_word' id='word_1_90' title='bbox 709 1350 922 1421; x_wconf 89' lang='lat' dir='ltr'><strong>quidem</strong></span> <span class='ocrx_word' id='word_1_91' title='bbox 950 1357 1006 1406; x_wconf 91' lang='lat' dir='ltr'><strong>et</strong></span> <span class='ocrx_word' id='word_1_92' title='bbox 1031 1351 1130 1405; x_wconf 92' lang='lat' dir='ltr'><strong>hoc</strong></span> <span class='ocrx_word' id='word_1_93' title='bbox 1167 1349 1335 1420; x_wconf 88' lang='lat' dir='ltr'><strong>magis</strong></span> <span class='ocrx_word' id='word_1_94' title='bbox 1359 1348 1525 1416; x_wconf 89' lang='lat' dir='ltr'><strong>eligo,</strong></span> <span class='ocrx_word' id='word_1_95' title='bbox 1547 1361 1705 1418; x_wconf 84' lang='lat' dir='ltr'><strong>quam</strong></span> <span class='ocrx_word' id='word_1_96' title='bbox 1754 1360 1853 1404; x_wconf 85' lang='lat' dir='ltr'><strong>ne-</strong></span> 
     </span>
    </p>
   </div>
   <div class='ocr_carea' id='block_1_14' title="bbox 275 1439 1850 1514">
    <p class='ocr_par' dir='ltr' id='par_1_14' title="bbox 275 1439 1850 1514">
     <span class='ocr_line' id='line_1_14' title="bbox 275 1439 1850 1514; baseline -0.002 -15"><span class='ocrx_word' id='word_1_97' title='bbox 275 1447 438 1512; x_wconf 84' lang='lat' dir='ltr'><strong>scire,</strong></span> <span class='ocrx_word' id='word_1_98' title='bbox 479 1445 573 1499; x_wconf 87' lang='lat' dir='ltr'><strong>sed</strong></span> <span class='ocrx_word' id='word_1_99' title='bbox 606 1445 838 1514; x_wconf 84' lang='lat' dir='ltr'><strong>quandiu</strong></span> <span class='ocrx_word' id='word_1_100' title='bbox 863 1457 966 1497; x_wconf 86' lang='lat' dir='ltr'><strong>non</strong></span> <span class='ocrx_word' id='word_1_101' title='bbox 992 1457 1206 1514; x_wconf 86' lang='lat' dir='ltr'><strong>possum</strong></span> <span class='ocrx_word' id='word_1_102' title='bbox 1231 1441 1449 1510; x_wconf 90' lang='lat' dir='ltr'><strong>melius,</strong></span> <span class='ocrx_word' id='word_1_103' title='bbox 1477 1441 1602 1495; x_wconf 90' lang='lat' dir='ltr'><strong>hinc</strong></span> <span class='ocrx_word' id='word_1_104' title='bbox 1640 1439 1850 1510; x_wconf 89' lang='lat' dir='ltr'><strong>dubito,</strong></span> 
     </span>
    </p>
   </div>
   <div class='ocr_carea' id='block_1_15' title="bbox 274 1532 1850 1608">
    <p class='ocr_par' dir='ltr' id='par_1_15' title="bbox 274 1532 1850 1608">
     <span class='ocr_line' id='line_1_15' title="bbox 274 1532 1850 1608; baseline -0.003 -17"><span class='ocrx_word' id='word_1_105' title='bbox 274 1552 436 1608; x_wconf 88' lang='lat' dir='ltr'><strong>quam</strong></span> <span class='ocrx_word' id='word_1_106' title='bbox 489 1538 630 1592; x_wconf 85' lang='lat' dir='ltr'><strong>velut</strong></span> <span class='ocrx_word' id='word_1_107' title='bbox 669 1543 872 1592; x_wconf 91' lang='lat' dir='ltr'><strong>certum</strong></span> <span class='ocrx_word' id='word_1_108' title='bbox 903 1535 1221 1591; x_wconf 89' lang='lat' dir='ltr'><strong>conﬁrmare</strong></span> <span class='ocrx_word' id='word_1_109' title='bbox 1250 1534 1447 1604; x_wconf 90' lang='lat' dir='ltr'><strong>aliquid</strong></span> <span class='ocrx_word' id='word_1_110' title='bbox 1490 1532 1682 1602; x_wconf 86' lang='lat' dir='ltr'><strong>audeo,</strong></span> <span class='ocrx_word' id='word_1_111' title='bbox 1710 1532 1850 1602; x_wconf 88' lang='lat' dir='ltr'><strong>quod</strong></span> 
     </span>
    </p>
   </div>
   <div class='ocr_carea' id='block_1_16' title="bbox 274 1626 1855 1696">
    <p class='ocr_par' dir='ltr' id='par_1_16' title="bbox 274 1626 1855 1696">
     <span class='ocr_line' id='line_1_16' title="bbox 274 1626 1855 1696; baseline -0.001 -13"><span class='ocrx_word' id='word_1_112' title='bbox 274 1630 353 1684; x_wconf 91' lang='lat' dir='ltr'><strong>illi</strong></span> <span class='ocrx_word' id='word_1_113' title='bbox 381 1631 460 1686; x_wconf 90' lang='lat' dir='ltr'><strong>rei</strong></span> <span class='ocrx_word' id='word_1_114' title='bbox 489 1631 557 1685; x_wconf 89' lang='lat' dir='ltr'><strong>sit</strong></span> <span class='ocrx_word' id='word_1_115' title='bbox 583 1630 722 1686; x_wconf 90' lang='lat' dir='ltr'><strong>forte</strong></span> <span class='ocrx_word' id='word_1_116' title='bbox 744 1629 1093 1694; x_wconf 86' lang='lat' dir='ltr'><strong>contrarium,</strong></span> <span class='ocrx_word' id='word_1_117' title='bbox 1155 1628 1223 1682; x_wconf 92' lang='lat' dir='ltr'><strong>de</strong></span> <span class='ocrx_word' id='word_1_118' title='bbox 1250 1642 1354 1696; x_wconf 90' lang='lat' dir='ltr'><strong>qua</strong></span> <span class='ocrx_word' id='word_1_119' title='bbox 1408 1627 1653 1682; x_wconf 88' lang='lat' dir='ltr'><strong>dubitare</strong></span> <span class='ocrx_word' id='word_1_120' title='bbox 1715 1626 1855 1682; x_wconf 89' lang='lat' dir='ltr'><strong>forte</strong></span> 
     </span>
    </p>
   </div>
   <div class='ocr_carea' id='block_1_17' title="bbox 271 1721 1853 1794">
    <p class='ocr_par' dir='ltr' id='par_1_17' title="bbox 271 1721 1853 1794">
     <span class='ocr_line' id='line_1_17' title="bbox 271 1721 1853 1794; baseline -0.004 -12"><span class='ocrx_word' id='word_1_121' title='bbox 271 1740 380 1782; x_wconf 84' lang='lat' dir='ltr'><strong>non</strong></span> <span class='ocrx_word' id='word_1_122' title='bbox 407 1725 596 1781; x_wconf 92' lang='lat' dir='ltr'><strong>debeo.</strong></span> <span class='ocrx_word' id='word_1_123' title='bbox 623 1724 703 1780; x_wconf 93' lang='lat' dir='ltr'><strong>Tu</strong></span> <span class='ocrx_word' id='word_1_124' title='bbox 730 1725 930 1794; x_wconf 79' lang='lat' dir='ltr'><strong>itaque,</strong></span> <span class='ocrx_word' id='word_1_125' title='bbox 963 1723 1030 1776; x_wconf 90' lang='lat' dir='ltr'><strong>mi</strong></span> <span class='ocrx_word' id='word_1_126' title='bbox 1065 1723 1230 1777; x_wconf 77' lang='lat' dir='ltr'><strong>frater</strong></span> <span class='ocrx_word' id='word_1_127' title='bbox 1261 1722 1420 1786; x_wconf 89' lang='lat' dir='ltr'><strong>bone,</strong></span> <span class='ocrx_word' id='word_1_128' title='bbox 1451 1721 1701 1790; x_wconf 88' lang='lat' dir='ltr'><strong>quoniam</strong></span> <span class='ocrx_word' id='word_1_129' title='bbox 1727 1734 1853 1776; x_wconf 89' lang='lat' dir='ltr'><strong>con-</strong></span> 
     </span>
    </p>
   </div>
   <div class='ocr_carea' id='block_1_18' title="bbox 1957 603 3542 680">
    <p class='ocr_par' dir='ltr' id='par_1_18' title="bbox 1957 603 3542 680">
     <span class='ocr_line' id='line_1_18' title="bbox 1957 603 3542 680; baseline 0.008 -24"><span class='ocrx_word' id='word_1_130' title='bbox 1957 610 2251 674; x_wconf 83' lang='lat' dir='ltr'><strong>propagata</strong></span> <span class='ocrx_word' id='word_1_131' title='bbox 2280 617 2407 658; x_wconf 90' lang='lat' dir='ltr'><strong>caro</strong></span> <span class='ocrx_word' id='word_1_132' title='bbox 2435 603 2644 674; x_wconf 77' lang='lat' dir='ltr'><strong>peccati</strong></span> <span class='ocrx_word' id='word_1_133' title='bbox 2685 605 2752 664; x_wconf 87' lang='lat' dir='ltr'><strong>ad</strong></span> <span class='ocrx_word' id='word_1_134' title='bbox 2786 605 3150 678; x_wconf 74' lang='lat' dir='ltr'><strong>recipiendam</strong></span> <span class='ocrx_word' id='word_1_135' title='bbox 3174 607 3438 680; x_wconf 75' lang='lat' dir='ltr'><strong>justitiam</strong></span> <span class='ocrx_word' id='word_1_136' title='bbox 3462 613 3542 672; x_wconf 74' lang='grc' dir='ltr'><strong>Ιιρ</strong></span> 
     </span>
    </p>
   </div>
   <div class='ocr_carea' id='block_1_19' title="bbox 1955 692 3542 768">
    <p class='ocr_par' dir='ltr' id='par_1_19' title="bbox 1955 692 3542 768">
     <span class='ocr_line' id='line_1_19' title="bbox 1955 692 3542 768; baseline 0.009 -18"><span class='ocrx_word' id='word_1_137' title='bbox 1955 692 2181 750; x_wconf 88' lang='lat' dir='ltr'><strong>boribus</strong></span> <span class='ocrx_word' id='word_1_138' title='bbox 2201 703 2257 751; x_wconf 90' lang='lat' dir='ltr'><strong>et</strong></span> <span class='ocrx_word' id='word_1_139' title='bbox 2286 694 2550 754; x_wconf 88' lang='lat' dir='ltr'><strong>molestiis</strong></span> <span class='ocrx_word' id='word_1_140' title='bbox 2579 695 2863 756; x_wconf 80' lang='lat' dir='ltr'><strong>niteretur.</strong></span> <span class='ocrx_word' id='word_1_141' title='bbox 2894 698 3122 768; x_wconf 88' lang='lat' dir='ltr'><strong>Propter</strong></span> <span class='ocrx_word' id='word_1_142' title='bbox 3163 701 3266 760; x_wconf 91' lang='lat' dir='ltr'><strong>hoc</strong></span> <span class='ocrx_word' id='word_1_143' title='bbox 3291 703 3453 764; x_wconf 85' lang='lat' dir='ltr'><strong>etiam</strong></span> <span class='ocrx_word' id='word_1_144' title='bbox 3471 705 3542 768; x_wconf 89' lang='lat' dir='ltr'><strong>de</strong></span> 
     </span>
    </p>
   </div>
   <div class='ocr_carea' id='block_1_20' title="bbox 1955 787 3541 882">
    <p class='ocr_par' dir='ltr' id='par_1_20' title="bbox 1955 787 3541 882">
     <span class='ocr_line' id='line_1_20' title="bbox 1955 787 3541 882; baseline 0.012 -42"><span class='ocrx_word' id='word_1_145' title='bbox 1955 787 2466 882; x_wconf 81' lang='lat' dir='ltr'><strong>paradisodimissus</strong></span> <span class='ocrx_word' id='word_1_146' title='bbox 2486 789 3054 864; x_wconf 74' lang='lat' dir='ltr'><strong>Mam,contra,Eden</strong></span> <span class='ocrx_word' id='word_1_147' title='bbox 3075 801 3168 882; x_wconf 62' lang='lat' dir='ltr'><strong>rm</strong></span> <span class='ocrx_word' id='word_1_148' title='bbox 3189 795 3466 864; x_wconf 78' lang='lat' dir='ltr'><strong>habitavit,</strong></span> <span class='ocrx_word' id='word_1_149' title='bbox 3488 797 3541 859; x_wconf 96' lang='lat' dir='ltr'><strong>id</strong></span> 
     </span>
    </p>
   </div>
   <div class='ocr_carea' id='block_1_21' title="bbox 1954 881 3542 960">
    <p class='ocr_par' dir='ltr' id='par_1_21' title="bbox 1954 881 3542 960">
     <span class='ocr_line' id='line_1_21' title="bbox 1954 881 3542 960; baseline 0.007 -22"><span class='ocrx_word' id='word_1_150' title='bbox 1954 888 2060 949; x_wconf 84' lang='lat' dir='ltr'><strong>est,</strong></span> <span class='ocrx_word' id='word_1_151' title='bbox 2091 889 2278 938; x_wconf 86' lang='lat' dir='ltr'><strong>contra</strong></span> <span class='ocrx_word' id='word_1_152' title='bbox 2325 881 2512 940; x_wconf 78' lang='lat' dir='ltr'><strong>sedem</strong></span> <span class='ocrx_word' id='word_1_153' title='bbox 2565 882 2902 952; x_wconf 83' lang='lat' dir='ltr'><strong>deliciarum,</strong></span> <span class='ocrx_word' id='word_1_154' title='bbox 2927 894 2987 940; x_wconf 85' lang='lat' dir='ltr'><strong>ut</strong></span> <span class='ocrx_word' id='word_1_155' title='bbox 3023 881 3351 956; x_wconf 84' lang='lat' dir='ltr'><strong>significaret</strong></span> <span class='ocrx_word' id='word_1_156' title='bbox 3396 890 3542 960; x_wconf 84' lang='lat' dir='ltr'><strong>quod</strong></span> 
     </span>
    </p>
   </div>
   <div class='ocr_carea' id='block_1_22' title="bbox 1953 977 3539 1053">
    <p class='ocr_par' dir='ltr' id='par_1_22' title="bbox 1953 977 3539 1053">
     <span class='ocr_line' id='line_1_22' title="bbox 1953 977 3539 1053; baseline 0.006 -18"><span class='ocrx_word' id='word_1_157' title='bbox 1953 977 2056 1053; x_wconf 78' lang='lat' dir='ltr'><strong>[in]</strong></span> <span class='ocrx_word' id='word_1_158' title='bbox 2086 980 2379 1047; x_wconf 88' lang='lat' dir='ltr'><strong>laboribus,</strong></span> <span class='ocrx_word' id='word_1_159' title='bbox 2405 981 2497 1050; x_wconf 85' lang='lat' dir='ltr'><strong>qui</strong></span> <span class='ocrx_word' id='word_1_160' title='bbox 2528 991 2655 1037; x_wconf 88' lang='lat' dir='ltr'><strong>sunt</strong></span> <span class='ocrx_word' id='word_1_161' title='bbox 2692 981 2902 1038; x_wconf 77' lang='lat' dir='ltr'><strong>deliciis</strong></span> <span class='ocrx_word' id='word_1_162' title='bbox 2929 983 3210 1051; x_wconf 87' lang='lat' dir='ltr'><strong>contrarii,</strong></span> <span class='ocrx_word' id='word_1_163' title='bbox 3248 984 3539 1050; x_wconf 61' lang='lat' dir='ltr'><strong>erudiQnda</strong></span> 
     </span>
    </p>
   </div>
   <div class='ocr_carea' id='block_1_23' title="bbox 1953 1071 3594 1143">
    <p class='ocr_par' dir='ltr' id='par_1_23' title="bbox 1953 1071 3594 1143">
     <span class='ocr_line' id='line_1_23' title="bbox 1953 1071 3594 1143; baseline 0.004 -15"><span class='ocrx_word' id='word_1_164' title='bbox 1953 1080 2103 1128; x_wconf 85' lang='lat' dir='ltr'><strong>esset</strong></span> <span class='ocrx_word' id='word_1_165' title='bbox 2130 1085 2260 1128; x_wconf 89' lang='lat' dir='ltr'><strong>caro</strong></span> <span class='ocrx_word' id='word_1_166' title='bbox 2289 1073 2519 1141; x_wconf 86' lang='lat' dir='ltr'><strong>peccati,</strong></span> <span class='ocrx_word' id='word_1_167' title='bbox 2549 1085 2669 1142; x_wconf 67' lang='lat' dir='ltr'><strong>quas</strong></span> <span class='ocrx_word' id='word_1_168' title='bbox 2695 1072 2763 1143; x_wconf 75' lang='lat' dir='ltr'><strong>[in</strong></span> <span class='ocrx_word' id='word_1_169' title='bbox 2793 1071 3004 1133; x_wconf 82' lang='lat' dir='ltr'><strong>deliciis</strong></span> <span class='ocrx_word' id='word_1_170' title='bbox 3038 1073 3400 1134; x_wconf 79' lang='lat' dir='ltr'><strong>obedientiam</strong></span> <span class='ocrx_word' id='word_1_171' title='bbox 3431 1090 3539 1134; x_wconf 81' lang='lat' dir='ltr'><strong>non</strong></span> <span class='ocrx_word' id='word_1_172' title='bbox 3586 1089 3594 1101; x_wconf 80' lang='lat'><strong><em>‘</em></strong></span> 
     </span>
    </p>
   </div>
   <div class='ocr_carea' id='block_1_24' title="bbox 1953 1162 3543 1232">
    <p class='ocr_par' dir='ltr' id='par_1_24' title="bbox 1953 1162 3543 1232">
     <span class='ocr_line' id='line_1_24' title="bbox 1953 1162 3543 1232; baseline 0.001 -12"><span class='ocrx_word' id='word_1_173' title='bbox 1953 1163 2210 1229; x_wconf 80' lang='lat' dir='ltr'><strong>servavit,</strong></span> <span class='ocrx_word' id='word_1_174' title='bbox 2254 1171 2539 1232; x_wconf 86' lang='lat' dir='ltr'><strong>antequam</strong></span> <span class='ocrx_word' id='word_1_175' title='bbox 2591 1171 2735 1220; x_wconf 86' lang='lat' dir='ltr'><strong>esset</strong></span> <span class='ocrx_word' id='word_1_176' title='bbox 2787 1177 2920 1220; x_wconf 86' lang='lat' dir='ltr'><strong>caro</strong></span> <span class='ocrx_word' id='word_1_177' title='bbox 2966 1163 3194 1232; x_wconf 80' lang='lat' dir='ltr'><strong>peccati.</strong></span> <span class='ocrx_word' id='word_1_178' title='bbox 3246 1162 3400 1224; x_wconf 83' lang='lat' dir='ltr'><strong>Sicut</strong></span> <span class='ocrx_word' id='word_1_179' title='bbox 3455 1180 3543 1221; x_wconf 90' lang='lat' dir='ltr'><strong>er-</strong></span> 
     </span>
    </p>
   </div>
   <div class='ocr_carea' id='block_1_25' title="bbox 1956 1252 3544 1326">
    <p class='ocr_par' dir='ltr' id='par_1_25' title="bbox 1956 1252 3544 1326">
     <span class='ocr_line' id='line_1_25' title="bbox 1956 1252 3544 1326; baseline 0.006 -17"><span class='ocrx_word' id='word_1_180' title='bbox 1956 1271 2025 1326; x_wconf 85' lang='lat' dir='ltr'><strong>go</strong></span> <span class='ocrx_word' id='word_1_181' title='bbox 2052 1255 2127 1311; x_wconf 85' lang='lat' dir='ltr'><strong>illi</strong></span> <span class='ocrx_word' id='word_1_182' title='bbox 2158 1255 2314 1325; x_wconf 84' lang='lat' dir='ltr'><strong>primi</strong></span> <span class='ocrx_word' id='word_1_183' title='bbox 2367 1255 2636 1320; x_wconf 81' lang='lat' dir='ltr'><strong>homines,</strong></span> <span class='ocrx_word' id='word_1_184' title='bbox 2670 1263 2853 1324; x_wconf 83' lang='lat' dir='ltr'><strong>postea</strong></span> <span class='ocrx_word' id='word_1_185' title='bbox 2907 1252 3053 1326; x_wconf 81' lang='lat' dir='ltr'><strong>justo</strong></span> <span class='ocrx_word' id='word_1_186' title='bbox 3098 1255 3356 1322; x_wconf 87' lang='lat' dir='ltr'><strong>vivendo,</strong></span> <span class='ocrx_word' id='word_1_187' title='bbox 3395 1255 3544 1318; x_wconf 63' lang='lat' dir='ltr'><strong>unde</strong></span> 
     </span>
    </p>
   </div>
   <div class='ocr_carea' id='block_1_26' title="bbox 1955 1347 3541 1421">
    <p class='ocr_par' dir='ltr' id='par_1_26' title="bbox 1955 1347 3541 1421">
     <span class='ocr_line' id='line_1_26' title="bbox 1955 1347 3541 1421; baseline 0.005 -17"><span class='ocrx_word' id='word_1_188' title='bbox 1955 1349 2149 1406; x_wconf 88' lang='lat' dir='ltr'><strong>merito</strong></span> <span class='ocrx_word' id='word_1_189' title='bbox 2167 1347 2459 1406; x_wconf 85' lang='lat' dir='ltr'><strong>creduntur</strong></span> <span class='ocrx_word' id='word_1_190' title='bbox 2489 1363 2585 1418; x_wconf 81' lang='lat' dir='ltr'><strong>per</strong></span> <span class='ocrx_word' id='word_1_191' title='bbox 2610 1348 2819 1408; x_wconf 81' lang='lat' dir='ltr'><strong>Domini</strong></span> <span class='ocrx_word' id='word_1_192' title='bbox 2847 1349 3164 1421; x_wconf 80' lang='lat' dir='ltr'><strong>sanguinem</strong></span> <span class='ocrx_word' id='word_1_193' title='bbox 3195 1350 3264 1406; x_wconf 89' lang='lat' dir='ltr'><strong>ab</strong></span> <span class='ocrx_word' id='word_1_194' title='bbox 3290 1358 3541 1412; x_wconf 71' lang='lat' dir='ltr'><strong>extremo</strong></span> 
     </span>
    </p>
   </div>
   <div class='ocr_carea' id='block_1_27' title="bbox 1953 1439 3543 1511">
    <p class='ocr_par' dir='ltr' id='par_1_27' title="bbox 1953 1439 3543 1511">
     <span class='ocr_line' id='line_1_27' title="bbox 1953 1439 3543 1511; baseline 0.004 -13"><span class='ocrx_word' id='word_1_195' title='bbox 1953 1441 2216 1511; x_wconf 90' lang='lat' dir='ltr'><strong>supplicio</strong></span> <span class='ocrx_word' id='word_1_196' title='bbox 2239 1439 2471 1508; x_wconf 79' lang='lat' dir='ltr'><strong>liberati,</strong></span> <span class='ocrx_word' id='word_1_197' title='bbox 2509 1455 2614 1496; x_wconf 89' lang='lat' dir='ltr'><strong>non</strong></span> <span class='ocrx_word' id='word_1_198' title='bbox 2645 1449 2826 1498; x_wconf 87' lang='lat' dir='ltr'><strong>tamen</strong></span> <span class='ocrx_word' id='word_1_199' title='bbox 2849 1443 2902 1496; x_wconf 91' lang='lat' dir='ltr'><strong>in</strong></span> <span class='ocrx_word' id='word_1_200' title='bbox 2953 1441 3044 1500; x_wconf 90' lang='lat' dir='ltr'><strong>illa</strong></span> <span class='ocrx_word' id='word_1_201' title='bbox 3091 1442 3199 1496; x_wconf 89' lang='lat' dir='ltr'><strong>vita</strong></span> <span class='ocrx_word' id='word_1_202' title='bbox 3230 1451 3543 1504; x_wconf 74' lang='lat' dir='ltr'><strong>meruerunt</strong></span> 
     </span>
    </p>
   </div>
   <div class='ocr_carea' id='block_1_28' title="bbox 1957 1531 3541 1603">
    <p class='ocr_par' dir='ltr' id='par_1_28' title="bbox 1957 1531 3541 1603">
     <span class='ocr_line' id='line_1_28' title="bbox 1957 1531 3541 1603; baseline 0.004 -14"><span class='ocrx_word' id='word_1_203' title='bbox 1957 1532 2024 1589; x_wconf 88' lang='lat' dir='ltr'><strong>ad</strong></span> <span class='ocrx_word' id='word_1_204' title='bbox 2055 1531 2358 1603; x_wconf 80' lang='lat' dir='ltr'><strong>paradisum</strong></span> <span class='ocrx_word' id='word_1_205' title='bbox 2392 1533 2656 1598; x_wconf 87' lang='lat' dir='ltr'><strong>revocari,</strong></span> <span class='ocrx_word' id='word_1_206' title='bbox 2689 1532 2768 1588; x_wconf 88' lang='lat' dir='ltr'><strong>sic</strong></span> <span class='ocrx_word' id='word_1_207' title='bbox 2792 1539 2851 1590; x_wconf 89' lang='lat' dir='ltr'><strong>ct</strong></span> <span class='ocrx_word' id='word_1_208' title='bbox 2871 1546 3001 1594; x_wconf 86' lang='lat' dir='ltr'><strong>caro</strong></span> <span class='ocrx_word' id='word_1_209' title='bbox 3028 1534 3234 1602; x_wconf 81' lang='lat' dir='ltr'><strong>peccati</strong></span> <span class='ocrx_word' id='word_1_210' title='bbox 3262 1579 3280 1602; x_wconf 88' lang='lat'><strong>.</strong></span> <span class='ocrx_word' id='word_1_211' title='bbox 3326 1534 3541 1598; x_wconf 83' lang='lat' dir='ltr'><strong>etiamsi</strong></span> 
     </span>
    </p>
   </div>
   <div class='ocr_carea' id='block_1_29' title="bbox 1956 1623 3544 1695">
    <p class='ocr_par' dir='ltr' id='par_1_29' title="bbox 1956 1623 3544 1695">
     <span class='ocr_line' id='line_1_29' title="bbox 1956 1623 3544 1695; baseline 0.003 -15"><span class='ocrx_word' id='word_1_212' title='bbox 1956 1623 2199 1680; x_wconf 81' lang='lat' dir='ltr'><strong>remissis</strong></span> <span class='ocrx_word' id='word_1_213' title='bbox 2225 1624 2456 1693; x_wconf 83' lang='lat' dir='ltr'><strong>peccatis</strong></span> <span class='ocrx_word' id='word_1_214' title='bbox 2479 1623 2640 1680; x_wconf 89' lang='lat' dir='ltr'><strong>homo</strong></span> <span class='ocrx_word' id='word_1_215' title='bbox 2659 1623 2712 1680; x_wconf 91' lang='lat' dir='ltr'><strong>in</strong></span> <span class='ocrx_word' id='word_1_216' title='bbox 2738 1638 2801 1682; x_wconf 88' lang='lat' dir='ltr'><strong>ea</strong></span> <span class='ocrx_word' id='word_1_217' title='bbox 2826 1624 2973 1694; x_wconf 80' lang='lat' dir='ltr'><strong>justo</strong></span> <span class='ocrx_word' id='word_1_218' title='bbox 2998 1626 3218 1695; x_wconf 79' lang='lat' dir='ltr'><strong>vixerit,</strong></span> <span class='ocrx_word' id='word_1_219' title='bbox 3247 1641 3354 1684; x_wconf 89' lang='lat' dir='ltr'><strong>non</strong></span> <span class='ocrx_word' id='word_1_220' title='bbox 3369 1630 3544 1690; x_wconf 87' lang='lat' dir='ltr'><strong>conti-</strong></span> 
     </span>
    </p>
   </div>
   <div class='ocr_carea' id='block_1_30' title="bbox 1960 1715 3544 1789">
    <p class='ocr_par' dir='ltr' id='par_1_30' title="bbox 1960 1715 3544 1789">
     <span class='ocr_line' id='line_1_30' title="bbox 1960 1715 3544 1789; baseline 0.002 -17"><span class='ocrx_word' id='word_1_221' title='bbox 1960 1732 2066 1772; x_wconf 89' lang='lat' dir='ltr'><strong>nuo</strong></span> <span class='ocrx_word' id='word_1_222' title='bbox 2097 1728 2330 1776; x_wconf 85' lang='lat' dir='ltr'><strong>meretur</strong></span> <span class='ocrx_word' id='word_1_223' title='bbox 2358 1732 2473 1772; x_wconf 87' lang='lat' dir='ltr'><strong>eam</strong></span> <span class='ocrx_word' id='word_1_224' title='bbox 2501 1725 2727 1772; x_wconf 88' lang='lat' dir='ltr'><strong>mortem</strong></span> <span class='ocrx_word' id='word_1_225' title='bbox 2757 1715 2909 1789; x_wconf 75' lang='lat' dir='ltr'><strong>[non]</strong></span> <span class='ocrx_word' id='word_1_226' title='bbox 2943 1718 3171 1788; x_wconf 86' lang='lat' dir='ltr'><strong>perpeti,</strong></span> <span class='ocrx_word' id='word_1_227' title='bbox 3196 1735 3356 1789; x_wconf 86' lang='lat' dir='ltr'><strong>quam</strong></span> <span class='ocrx_word' id='word_1_228' title='bbox 3385 1721 3544 1778; x_wconf 78' lang='lat' dir='ltr'><strong>traxit</strong></span> 
     </span>
    </p>
   </div>
   <div class='ocr_carea' id='block_1_31' title="bbox 273 1808 3544 1888">
    <p class='ocr_par' dir='ltr' id='par_1_31' title="bbox 273 1808 3544 1888">
     <span class='ocr_line' id='line_1_31' title="bbox 273 1808 3544 1888; baseline 0 -14"><span class='ocrx_word' id='word_1_229' title='bbox 273 1819 537 1888; x_wconf 78' lang='lat' dir='ltr'><strong>sulisme,</strong></span> <span class='ocrx_word' id='word_1_230' title='bbox 564 1825 619 1874; x_wconf 92' lang='lat' dir='ltr'><strong>et</strong></span> <span class='ocrx_word' id='word_1_231' title='bbox 651 1817 731 1873; x_wconf 89' lang='lat' dir='ltr'><strong>vis</strong></span> <span class='ocrx_word' id='word_1_232' title='bbox 775 1825 834 1873; x_wconf 88' lang='lat' dir='ltr'><strong>ut</strong></span> <span class='ocrx_word' id='word_1_233' title='bbox 880 1831 1044 1871; x_wconf 89' lang='lat' dir='ltr'><strong>unum</strong></span> <span class='ocrx_word' id='word_1_234' title='bbox 1102 1815 1292 1870; x_wconf 87' lang='lat' dir='ltr'><strong>horum</strong></span> <span class='ocrx_word' id='word_1_235' title='bbox 1356 1812 1626 1878; x_wconf 89' lang='lat' dir='ltr'><strong>deﬁniam,</strong></span> <span class='ocrx_word' id='word_1_236' title='bbox 1674 1821 1854 1869; x_wconf 89' lang='lat' dir='ltr'><strong>utrum</strong></span> <span class='ocrx_word' id='word_1_237' title='bbox 1957 1809 2030 1864; x_wconf 88' lang='lat' dir='ltr'><strong>de</strong></span> <span class='ocrx_word' id='word_1_238' title='bbox 2061 1811 2352 1879; x_wconf 83' lang='lat' dir='ltr'><strong>propagine</strong></span> <span class='ocrx_word' id='word_1_239' title='bbox 2399 1809 2625 1878; x_wconf 88' lang='lat' dir='ltr'><strong>peccati.</strong></span> <span class='ocrx_word' id='word_1_240' title='bbox 2679 1808 2810 1866; x_wconf 84' lang='lat' dir='ltr'><strong>Tale</strong></span> <span class='ocrx_word' id='word_1_241' title='bbox 2862 1809 3061 1878; x_wconf 86' lang='lat' dir='ltr'><strong>aliquid</strong></span> <span class='ocrx_word' id='word_1_242' title='bbox 3113 1813 3268 1870; x_wconf 89' lang='lat' dir='ltr'><strong>nobis</strong></span> <span class='ocrx_word' id='word_1_243' title='bbox 3307 1813 3544 1874; x_wconf 59' lang='lat' dir='ltr'><strong>insinua»-</strong></span> 
     </span>
    </p>
   </div>
   <div class='ocr_carea' id='block_1_32' title="bbox 272 1900 1854 1980">
    <p class='ocr_par' dir='ltr' id='par_1_32' title="bbox 272 1909 1853 1975">
     <span class='ocr_line' id='line_1_32' title="bbox 272 1909 1853 1975; baseline -0.002 -8"><span class='ocrx_word' id='word_1_244' title='bbox 272 1913 466 1967; x_wconf 70' lang='lat' dir='ltr'><strong>auimaa</strong></span> <span class='ocrx_word' id='word_1_245' title='bbox 517 1920 727 1966; x_wconf 57' lang='lat' dir='ltr'><strong>caeteras</strong></span> <span class='ocrx_word' id='word_1_246' title='bbox 785 1926 848 1966; x_wconf 88' lang='lat' dir='ltr'><strong>ex</strong></span> <span class='ocrx_word' id='word_1_247' title='bbox 905 1911 994 1964; x_wconf 93' lang='lat' dir='ltr'><strong>illo</strong></span> <span class='ocrx_word' id='word_1_248' title='bbox 1051 1925 1158 1964; x_wconf 88' lang='lat' dir='ltr'><strong>uno</strong></span> <span class='ocrx_word' id='word_1_249' title='bbox 1209 1909 1470 1975; x_wconf 92' lang='lat' dir='ltr'><strong>homine,</strong></span> <span class='ocrx_word' id='word_1_250' title='bbox 1527 1909 1666 1963; x_wconf 85' lang='lat' dir='ltr'><strong>sicut</strong></span> <span class='ocrx_word' id='word_1_251' title='bbox 1727 1923 1853 1964; x_wconf 87' lang='lat' dir='ltr'><strong>cor-</strong></span> 
     </span>
    </p>
   </div>
   <div class='ocr_carea' id='block_1_33' title="bbox 1959 1900 3543 1980">
    <p class='ocr_par' dir='ltr' id='par_1_33' title="bbox 1962 1900 3543 1975">
     <span class='ocr_line' id='line_1_33' title="bbox 1962 1900 3543 1975; baseline 0.005 -19"><span class='ocrx_word' id='word_1_252' title='bbox 1962 1909 2074 1957; x_wconf 91' lang='lat' dir='ltr'><strong>tum</strong></span> <span class='ocrx_word' id='word_1_253' title='bbox 2098 1911 2180 1959; x_wconf 88' lang='lat' dir='ltr'><strong>est</strong></span> <span class='ocrx_word' id='word_1_254' title='bbox 2208 1903 2274 1956; x_wconf 89' lang='lat' dir='ltr'><strong>de</strong></span> <span class='ocrx_word' id='word_1_255' title='bbox 2318 1902 2624 1971; x_wconf 88' lang='lat' dir='ltr'><strong>patriarcha</strong></span> <span class='ocrx_word' id='word_1_256' title='bbox 2655 1900 2845 1970; x_wconf 85' lang='lat' dir='ltr'><strong>David,</strong></span> <span class='ocrx_word' id='word_1_257' title='bbox 2876 1901 2928 1958; x_wconf 91' lang='lat' dir='ltr'><strong>in</strong></span> <span class='ocrx_word' id='word_1_258' title='bbox 2956 1902 3092 1958; x_wconf 86' lang='lat' dir='ltr'><strong>libro</strong></span> <span class='ocrx_word' id='word_1_259' title='bbox 3121 1903 3450 1975; x_wconf 78' lang='lat' dir='ltr'><strong>Regnorum,</strong></span> <span class='ocrx_word' id='word_1_260' title='bbox 3472 1904 3543 1964; x_wconf 86' lang='lat' dir='ltr'><strong>ad</strong></span> 
     </span>
    </p>
   </div>
   <div class='ocr_carea' id='block_1_34' title="bbox 274 1995 3544 2074">
    <p class='ocr_par' dir='ltr' id='par_1_34' title="bbox 274 1995 3544 2074">
     <span class='ocr_line' id='line_1_34' title="bbox 274 1995 3544 2074; baseline 0.001 -16"><span class='ocrx_word' id='word_1_261' title='bbox 274 2018 406 2074; x_wconf 87' lang='lat' dir='ltr'><strong>pora</strong></span> <span class='ocrx_word' id='word_1_262' title='bbox 429 2018 524 2074; x_wconf 90' lang='lat' dir='ltr'><strong>per</strong></span> <span class='ocrx_word' id='word_1_263' title='bbox 553 2003 925 2073; x_wconf 86' lang='lat' dir='ltr'><strong>propaginem,</strong></span> <span class='ocrx_word' id='word_1_264' title='bbox 972 2017 1038 2057; x_wconf 85' lang='lat' dir='ltr'><strong>an</strong></span> <span class='ocrx_word' id='word_1_265' title='bbox 1067 2003 1184 2058; x_wconf 88' lang='lat' dir='ltr'><strong>sine</strong></span> <span class='ocrx_word' id='word_1_266' title='bbox 1208 2003 1516 2072; x_wconf 86' lang='lat' dir='ltr'><strong>propagine,</strong></span> <span class='ocrx_word' id='word_1_267' title='bbox 1548 2003 1686 2056; x_wconf 90' lang='lat' dir='ltr'><strong>sicut</strong></span> <span class='ocrx_word' id='word_1_268' title='bbox 1710 2000 1854 2056; x_wconf 89' lang='lat' dir='ltr'><strong>illius</strong></span> <span class='ocrx_word' id='word_1_269' title='bbox 1956 2011 2120 2066; x_wconf 85' lang='lat' dir='ltr'><strong>quem</strong></span> <span class='ocrx_word' id='word_1_270' title='bbox 2178 1995 2435 2065; x_wconf 60' lang='lat' dir='ltr'><strong>propheta</strong></span> <span class='ocrx_word' id='word_1_271' title='bbox 2491 2010 2613 2051; x_wconf 90' lang='lat' dir='ltr'><strong>cum</strong></span> <span class='ocrx_word' id='word_1_272' title='bbox 2663 1995 2862 2056; x_wconf 88' lang='lat' dir='ltr'><strong>missus</strong></span> <span class='ocrx_word' id='word_1_273' title='bbox 2909 2005 3077 2063; x_wconf 89' lang='lat' dir='ltr'><strong>esset,</strong></span> <span class='ocrx_word' id='word_1_274' title='bbox 3120 1998 3280 2069; x_wconf 86' lang='lat' dir='ltr'><strong>eique</strong></span> <span class='ocrx_word' id='word_1_275' title='bbox 3322 2009 3544 2070; x_wconf 70' lang='lat' dir='ltr'><strong>propter</strong></span> 
     </span>
    </p>
   </div>
   <div class='ocr_carea' id='block_1_35' title="bbox 271 2092 1851 2162">
    <p class='ocr_par' dir='ltr' id='par_1_35' title="bbox 271 2092 1851 2162">
     <span class='ocr_line' id='line_1_35' title="bbox 271 2092 1851 2162; baseline -0.002 -14"><span class='ocrx_word' id='word_1_276' title='bbox 271 2095 454 2159; x_wconf 86' lang='lat' dir='ltr'><strong>unius,</strong></span> <span class='ocrx_word' id='word_1_277' title='bbox 486 2107 516 2148; x_wconf 80' lang='grc' dir='ltr'><strong>ι</strong></span> <span class='ocrx_word' id='word_1_278' title='bbox 545 2102 790 2148; x_wconf 84' lang='lat' dir='ltr'><strong>creatore</strong></span> <span class='ocrx_word' id='word_1_279' title='bbox 816 2092 1043 2162; x_wconf 86' lang='lat' dir='ltr'><strong>singulis</strong></span> <span class='ocrx_word' id='word_1_280' title='bbox 1087 2092 1218 2148; x_wconf 83' lang='lat' dir='ltr'><strong>ﬁant</strong></span> <span class='ocrx_word' id='word_1_281' title='bbox 1245 2093 1335 2161; x_wconf 89' lang='lat' dir='ltr'><strong>(ab</strong></span> <span class='ocrx_word' id='word_1_282' title='bbox 1384 2093 1499 2161; x_wconf 89' lang='lat' dir='ltr'><strong>ipso</strong></span> <span class='ocrx_word' id='word_1_283' title='bbox 1529 2092 1670 2148; x_wconf 89' lang='lat' dir='ltr'><strong>enim</strong></span> <span class='ocrx_word' id='word_1_284' title='bbox 1715 2092 1851 2157; x_wconf 85' lang='lat' dir='ltr'><strong>fieri,</strong></span> 
     </span>
    </p>
   </div>
   <div class='ocr_carea' id='block_1_36' title="bbox 272 2182 1857 2255">
    <p class='ocr_par' dir='ltr' id='par_1_36' title="bbox 272 2182 1857 2255">
     <span class='ocr_line' id='line_1_36' title="bbox 272 2182 1857 2255; baseline 0.001 -19"><span class='ocrx_word' id='word_1_285' title='bbox 272 2185 386 2239; x_wconf 79' lang='lat' dir='ltr'><strong>sive</strong></span> <span class='ocrx_word' id='word_1_286' title='bbox 411 2184 508 2248; x_wconf 86' lang='lat' dir='ltr'><strong>sic,</strong></span> <span class='ocrx_word' id='word_1_287' title='bbox 535 2185 648 2240; x_wconf 83' lang='lat' dir='ltr'><strong>sive</strong></span> <span class='ocrx_word' id='word_1_288' title='bbox 671 2184 764 2249; x_wconf 87' lang='lat' dir='ltr'><strong>sic,</strong></span> <span class='ocrx_word' id='word_1_289' title='bbox 805 2198 911 2238; x_wconf 88' lang='lat' dir='ltr'><strong>non</strong></span> <span class='ocrx_word' id='word_1_290' title='bbox 940 2182 1242 2255; x_wconf 83' lang='lat' dir='ltr'><strong>negamus),</strong></span> <span class='ocrx_word' id='word_1_291' title='bbox 1275 2193 1456 2253; x_wconf 90' lang='lat' dir='ltr'><strong>patere</strong></span> <span class='ocrx_word' id='word_1_292' title='bbox 1477 2191 1535 2238; x_wconf 92' lang='lat' dir='ltr'><strong>ut</strong></span> <span class='ocrx_word' id='word_1_293' title='bbox 1561 2186 1719 2237; x_wconf 88' lang='lat' dir='ltr'><strong>etiam</strong></span> <span class='ocrx_word' id='word_1_294' title='bbox 1743 2183 1857 2251; x_wconf 79' lang='lat' dir='ltr'><strong>ipse</strong></span> 
     </span>
    </p>
   </div>
   <div class='ocr_carea' id='block_1_37' title="bbox 271 2272 1854 2345">
    <p class='ocr_par' dir='ltr' id='par_1_37' title="bbox 271 2272 1854 2345">
     <span class='ocr_line' id='line_1_37' title="bbox 271 2272 1854 2345; baseline -0.003 -17"><span class='ocrx_word' id='word_1_295' title='bbox 271 2275 545 2329; x_wconf 88' lang='lat' dir='ltr'><strong>consulam</strong></span> <span class='ocrx_word' id='word_1_296' title='bbox 565 2274 964 2343; x_wconf 86' lang='lat' dir='ltr'><strong>quomodoinde</strong></span> <span class='ocrx_word' id='word_1_297' title='bbox 978 2275 1150 2329; x_wconf 89' lang='lat' dir='ltr'><strong>anima</strong></span> <span class='ocrx_word' id='word_1_298' title='bbox 1171 2284 1506 2344; x_wconf 85' lang='lat' dir='ltr'><strong>peccatorum</strong></span> <span class='ocrx_word' id='word_1_299' title='bbox 1534 2272 1854 2345; x_wconf 71' lang='lat' dir='ltr'><strong>[peccatum]</strong></span> 
     </span>
    </p>
   </div>
   <div class='ocr_carea' id='block_1_38' title="bbox 273 2367 1854 2440">
    <p class='ocr_par' dir='ltr' id='par_1_38' title="bbox 273 2367 1854 2440">
     <span class='ocr_line' id='line_1_38' title="bbox 273 2367 1854 2440; baseline 0.001 -21"><span class='ocrx_word' id='word_1_300' title='bbox 273 2368 610 2437; x_wconf 79' lang='lat' dir='ltr'><strong>originaliler</strong></span> <span class='ocrx_word' id='word_1_301' title='bbox 651 2367 846 2440; x_wconf 85' lang='lat' dir='ltr'><strong>trahat,</strong></span> <span class='ocrx_word' id='word_1_302' title='bbox 879 2368 1018 2422; x_wconf 90' lang='lat' dir='ltr'><strong>unde</strong></span> <span class='ocrx_word' id='word_1_303' title='bbox 1042 2367 1379 2436; x_wconf 87' lang='lat' dir='ltr'><strong>originaliter</strong></span> <span class='ocrx_word' id='word_1_304' title='bbox 1401 2367 1516 2435; x_wconf 87' lang='lat' dir='ltr'><strong>ipsa</strong></span> <span class='ocrx_word' id='word_1_305' title='bbox 1550 2381 1655 2420; x_wconf 92' lang='lat' dir='ltr'><strong>non</strong></span> <span class='ocrx_word' id='word_1_306' title='bbox 1685 2367 1854 2420; x_wconf 85' lang='lat' dir='ltr'><strong>trahi-</strong></span> 
     </span>
    </p>
   </div>
   <div class='ocr_carea' id='block_1_39' title="bbox 275 2456 1856 2526">
    <p class='ocr_par' dir='ltr' id='par_1_39' title="bbox 275 2456 1856 2526">
     <span class='ocr_line' id='line_1_39' title="bbox 275 2456 1856 2526; baseline -0.002 -14"><span class='ocrx_word' id='word_1_307' title='bbox 275 2464 398 2522; x_wconf 90' lang='lat' dir='ltr'><strong>tur;</strong></span> <span class='ocrx_word' id='word_1_308' title='bbox 428 2473 614 2513; x_wconf 88' lang='lat' dir='ltr'><strong>omnes</strong></span> <span class='ocrx_word' id='word_1_309' title='bbox 640 2460 780 2513; x_wconf 90' lang='lat' dir='ltr'><strong>enim</strong></span> <span class='ocrx_word' id='word_1_310' title='bbox 804 2461 1010 2514; x_wconf 90' lang='lat' dir='ltr'><strong>animas</strong></span> <span class='ocrx_word' id='word_1_311' title='bbox 1036 2474 1102 2514; x_wconf 82' lang='lat' dir='ltr'><strong>ex</strong></span> <span class='ocrx_word' id='word_1_312' title='bbox 1135 2457 1302 2513; x_wconf 75' lang='lat' dir='ltr'><strong>Adam</strong></span> <span class='ocrx_word' id='word_1_313' title='bbox 1339 2457 1551 2514; x_wconf 86' lang='lat' dir='ltr'><strong>trahere</strong></span> <span class='ocrx_word' id='word_1_314' title='bbox 1592 2456 1856 2526; x_wconf 88' lang='lat' dir='ltr'><strong>originale</strong></span> 
     </span>
    </p>
   </div>
   <div class='ocr_carea' id='block_1_40' title="bbox 273 2547 1852 2620">
    <p class='ocr_par' dir='ltr' id='par_1_40' title="bbox 273 2547 1852 2620">
     <span class='ocr_line' id='line_1_40' title="bbox 273 2547 1852 2620; baseline 0 -20"><span class='ocrx_word' id='word_1_315' title='bbox 273 2557 548 2618; x_wconf 82' lang='lat' dir='ltr'><strong>peccatum</strong></span> <span class='ocrx_word' id='word_1_316' title='bbox 581 2551 828 2604; x_wconf 88' lang='lat' dir='ltr'><strong>similiter</strong></span> <span class='ocrx_word' id='word_1_317' title='bbox 859 2566 962 2604; x_wconf 91' lang='lat' dir='ltr'><strong>non</strong></span> <span class='ocrx_word' id='word_1_318' title='bbox 1004 2565 1280 2620; x_wconf 87' lang='lat' dir='ltr'><strong>negamus,</strong></span> <span class='ocrx_word' id='word_1_319' title='bbox 1323 2563 1389 2605; x_wconf 90' lang='lat' dir='ltr'><strong>ne</strong></span> <span class='ocrx_word' id='word_1_320' title='bbox 1415 2549 1465 2603; x_wconf 86' lang='lat' dir='ltr'><strong>in</strong></span> <span class='ocrx_word' id='word_1_321' title='bbox 1517 2547 1852 2614; x_wconf 82' lang='lat' dir='ltr'><strong>Pelagianam</strong></span> 
     </span>
    </p>
   </div>
   <div class='ocr_carea' id='block_1_41' title="bbox 276 2639 1856 2705">
    <p class='ocr_par' dir='ltr' id='par_1_41' title="bbox 276 2639 1856 2705">
     <span class='ocr_line' id='line_1_41' title="bbox 276 2639 1856 2705; baseline 0.001 -13"><span class='ocrx_word' id='word_1_322' title='bbox 276 2640 524 2696; x_wconf 65' lang='lat' dir='ltr'><strong>haeresim</strong></span> <span class='ocrx_word' id='word_1_323' title='bbox 553 2642 925 2696; x_wconf 89' lang='lat' dir='ltr'><strong>detestabilem</strong></span> <span class='ocrx_word' id='word_1_324' title='bbox 950 2642 1342 2698; x_wconf 88' lang='lat' dir='ltr'><strong>detestabiliter</strong></span> <span class='ocrx_word' id='word_1_325' title='bbox 1364 2643 1661 2705; x_wconf 89' lang='lat' dir='ltr'><strong>irruamus;</strong></span> <span class='ocrx_word' id='word_1_326' title='bbox 1683 2642 1725 2693; x_wconf 90' lang='lat' dir='ltr'><strong>si</strong></span> <span class='ocrx_word' id='word_1_327' title='bbox 1756 2639 1856 2694; x_wconf 90' lang='lat' dir='ltr'><strong>hoc</strong></span> 
     </span>
    </p>
   </div>
   <div class='ocr_carea' id='block_1_42' title="bbox 272 2733 1858 2804">
    <p class='ocr_par' dir='ltr' id='par_1_42' title="bbox 272 2733 1858 2804">
     <span class='ocr_line' id='line_1_42' title="bbox 272 2733 1858 2804; baseline 0.001 -17"><span class='ocrx_word' id='word_1_328' title='bbox 272 2733 411 2802; x_wconf 93' lang='lat' dir='ltr'><strong>quod</strong></span> <span class='ocrx_word' id='word_1_329' title='bbox 445 2749 543 2804; x_wconf 88' lang='lat' dir='ltr'><strong>ego</strong></span> <span class='ocrx_word' id='word_1_330' title='bbox 567 2735 838 2803; x_wconf 83' lang='lat' dir='ltr'><strong>interrogo</strong></span> <span class='ocrx_word' id='word_1_331' title='bbox 864 2750 960 2791; x_wconf 89' lang='lat' dir='ltr'><strong>nec</strong></span> <span class='ocrx_word' id='word_1_332' title='bbox 1010 2744 1065 2790; x_wconf 81' lang='grc' dir='ltr'><strong>ιιι</strong></span> <span class='ocrx_word' id='word_1_333' title='bbox 1110 2737 1236 2800; x_wconf 88' lang='lat' dir='ltr'><strong>scis,</strong></span> <span class='ocrx_word' id='word_1_334' title='bbox 1293 2735 1406 2790; x_wconf 87' lang='lat' dir='ltr'><strong>sine</strong></span> <span class='ocrx_word' id='word_1_335' title='bbox 1454 2749 1539 2790; x_wconf 91' lang='lat' dir='ltr'><strong>me</strong></span> <span class='ocrx_word' id='word_1_336' title='bbox 1597 2736 1858 2803; x_wconf 85' lang='lat' dir='ltr'><strong>patienter</strong></span> 
     </span>
    </p>
   </div>
   <div class='ocr_carea' id='block_1_43' title="bbox 273 2829 1853 2900">
    <p class='ocr_par' dir='ltr' id='par_1_43' title="bbox 273 2829 1853 2900">
     <span class='ocr_line' id='line_1_43' title="bbox 273 2829 1853 2900; baseline 0.001 -20"><span class='ocrx_word' id='word_1_337' title='bbox 273 2835 558 2897; x_wconf 89' lang='lat' dir='ltr'><strong>utrumque</strong></span> <span class='ocrx_word' id='word_1_338' title='bbox 589 2829 819 2890; x_wconf 88' lang='lat' dir='ltr'><strong>nescire,</strong></span> <span class='ocrx_word' id='word_1_339' title='bbox 849 2829 992 2900; x_wconf 87' lang='lat' dir='ltr'><strong>quod</strong></span> <span class='ocrx_word' id='word_1_340' title='bbox 1019 2837 1072 2884; x_wconf 89' lang='lat' dir='ltr'><strong>tn</strong></span> <span class='ocrx_word' id='word_1_341' title='bbox 1121 2831 1441 2900; x_wconf 87' lang='lat' dir='ltr'><strong>interrogas,</strong></span> <span class='ocrx_word' id='word_1_342' title='bbox 1473 2838 1526 2882; x_wconf 85' lang='lat' dir='ltr'><strong>et</strong></span> <span class='ocrx_word' id='word_1_343' title='bbox 1567 2829 1703 2896; x_wconf 80' lang='lat' dir='ltr'><strong>quod</strong></span> <span class='ocrx_word' id='word_1_344' title='bbox 1735 2843 1853 2898; x_wconf 82' lang='lat' dir='ltr'><strong>ego.</strong></span> 
     </span>
    </p>
   </div>
   <div class='ocr_carea' id='block_1_44' title="bbox 273 2917 1856 2991">
    <p class='ocr_par' dir='ltr' id='par_1_44' title="bbox 273 2917 1856 2991">
     <span class='ocr_line' id='line_1_44' title="bbox 273 2917 1856 2991; baseline 0.003 -19"><span class='ocrx_word' id='word_1_345' title='bbox 273 2917 328 2972; x_wconf 87' lang='lat' dir='ltr'><strong>Si</strong></span> <span class='ocrx_word' id='word_1_346' title='bbox 354 2929 531 2974; x_wconf 90' lang='lat' dir='ltr'><strong>autem</strong></span> <span class='ocrx_word' id='word_1_347' title='bbox 551 2918 660 2989; x_wconf 86' lang='lat' dir='ltr'><strong>jam</strong></span> <span class='ocrx_word' id='word_1_348' title='bbox 685 2919 791 2976; x_wconf 89' lang='lat' dir='ltr'><strong>scis</strong></span> <span class='ocrx_word' id='word_1_349' title='bbox 818 2921 957 2991; x_wconf 90' lang='lat' dir='ltr'><strong>quod</strong></span> <span class='ocrx_word' id='word_1_350' title='bbox 987 2920 1279 2990; x_wconf 87' lang='lat' dir='ltr'><strong>interrogo,</strong></span> <span class='ocrx_word' id='word_1_351' title='bbox 1312 2936 1431 2975; x_wconf 90' lang='lat' dir='ltr'><strong>rum</strong></span> <span class='ocrx_word' id='word_1_352' title='bbox 1456 2921 1555 2974; x_wconf 89' lang='lat' dir='ltr'><strong>hoc</strong></span> <span class='ocrx_word' id='word_1_353' title='bbox 1582 2922 1740 2975; x_wconf 90' lang='lat' dir='ltr'><strong>etiam</strong></span> <span class='ocrx_word' id='word_1_354' title='bbox 1771 2935 1856 2976; x_wconf 89' lang='lat' dir='ltr'><strong>me</strong></span> 
     </span>
    </p>
   </div>
   <div class='ocr_carea' id='block_1_45' title="bbox 274 3010 1856 3082">
    <p class='ocr_par' dir='ltr' id='par_1_45' title="bbox 274 3010 1856 3082">
     <span class='ocr_line' id='line_1_45' title="bbox 274 3010 1856 3082; baseline 0.003 -21"><span class='ocrx_word' id='word_1_355' title='bbox 274 3010 543 3074; x_wconf 85' lang='lat' dir='ltr'><strong>docueris,</strong></span> <span class='ocrx_word' id='word_1_356' title='bbox 572 3021 695 3064; x_wconf 90' lang='lat' dir='ltr'><strong>tunc</strong></span> <span class='ocrx_word' id='word_1_357' title='bbox 719 3017 772 3065; x_wconf 90' lang='lat' dir='ltr'><strong>et</strong></span> <span class='ocrx_word' id='word_1_358' title='bbox 797 3011 925 3065; x_wconf 93' lang='lat' dir='ltr'><strong>illud</strong></span> <span class='ocrx_word' id='word_1_359' title='bbox 957 3013 1097 3082; x_wconf 91' lang='lat' dir='ltr'><strong>quod</strong></span> <span class='ocrx_word' id='word_1_360' title='bbox 1122 3013 1204 3066; x_wconf 87' lang='lat' dir='ltr'><strong>vis</strong></span> <span class='ocrx_word' id='word_1_361' title='bbox 1227 3020 1281 3065; x_wconf 92' lang='lat' dir='ltr'><strong>ut</strong></span> <span class='ocrx_word' id='word_1_362' title='bbox 1309 3011 1690 3081; x_wconf 82' lang='lat' dir='ltr'><strong>respondeam,</strong></span> <span class='ocrx_word' id='word_1_363' title='bbox 1724 3011 1856 3065; x_wconf 87' lang='lat' dir='ltr'><strong>nihil</strong></span> 
     </span>
    </p>
   </div>
   <div class='ocr_carea' id='block_1_46' title="bbox 1959 2089 3544 2161">
    <p class='ocr_par' dir='ltr' id='par_1_46' title="bbox 1959 2089 3544 2161">
     <span class='ocr_line' id='line_1_46' title="bbox 1959 2089 3544 2161; baseline 0.005 -16"><span class='ocrx_word' id='word_1_364' title='bbox 1959 2099 2237 2161; x_wconf 89' lang='lat' dir='ltr'><strong>peccatum</strong></span> <span class='ocrx_word' id='word_1_365' title='bbox 2267 2090 2411 2156; x_wconf 89' lang='lat' dir='ltr'><strong>quod</strong></span> <span class='ocrx_word' id='word_1_366' title='bbox 2439 2089 2754 2157; x_wconf 85' lang='lat' dir='ltr'><strong>admiserat,</strong></span> <span class='ocrx_word' id='word_1_367' title='bbox 2785 2100 3042 2148; x_wconf 85' lang='lat' dir='ltr'><strong>eventura</strong></span> <span class='ocrx_word' id='word_1_368' title='bbox 3065 2092 3204 2152; x_wconf 86' lang='lat' dir='ltr'><strong>mala</strong></span> <span class='ocrx_word' id='word_1_369' title='bbox 3236 2107 3299 2148; x_wconf 80' lang='lat' dir='ltr'><strong>ex</strong></span> <span class='ocrx_word' id='word_1_370' title='bbox 3334 2093 3544 2152; x_wconf 61' lang='lat' dir='ltr'><strong>iracurv</strong></span> 
     </span>
    </p>
   </div>
   <div class='ocr_carea' id='block_1_47' title="bbox 1956 2184 3545 2254">
    <p class='ocr_par' dir='ltr' id='par_1_47' title="bbox 1956 2184 3545 2254">
     <span class='ocr_line' id='line_1_47' title="bbox 1956 2184 3545 2254; baseline 0.005 -18"><span class='ocrx_word' id='word_1_371' title='bbox 1956 2184 2042 2240; x_wconf 87' lang='lat' dir='ltr'><strong>dia</strong></span> <span class='ocrx_word' id='word_1_372' title='bbox 2075 2184 2165 2238; x_wconf 88' lang='lat' dir='ltr'><strong>Dei</strong></span> <span class='ocrx_word' id='word_1_373' title='bbox 2187 2185 2634 2252; x_wconf 86' lang='lat' dir='ltr'><strong>comminaretur,</strong></span> <span class='ocrx_word' id='word_1_374' title='bbox 2692 2184 3035 2240; x_wconf 77' lang='lat' dir='ltr'><strong>confessione</strong></span> <span class='ocrx_word' id='word_1_375' title='bbox 3077 2187 3282 2254; x_wconf 87' lang='lat' dir='ltr'><strong>peccati</strong></span> <span class='ocrx_word' id='word_1_376' title='bbox 3330 2187 3545 2247; x_wconf 76' lang='lat' dir='ltr'><strong>veniam</strong></span> 
     </span>
    </p>
   </div>
   <div class='ocr_carea' id='block_1_48' title="bbox 1959 2277 3543 2351">
    <p class='ocr_par' dir='ltr' id='par_1_48' title="bbox 1959 2277 3543 2351">
     <span class='ocr_line' id='line_1_48' title="bbox 1959 2277 3543 2351; baseline 0.004 -20"><span class='ocrx_word' id='word_1_377' title='bbox 1959 2277 2170 2340; x_wconf 88' lang='lat' dir='ltr'><strong>meruit,</strong></span> <span class='ocrx_word' id='word_1_378' title='bbox 2205 2277 2564 2346; x_wconf 85' lang='lat' dir='ltr'><strong>respondente</strong></span> <span class='ocrx_word' id='word_1_379' title='bbox 2607 2277 2891 2346; x_wconf 84' lang='lat' dir='ltr'><strong>propheta.</strong></span> <span class='ocrx_word' id='word_1_380' title='bbox 2933 2277 3076 2348; x_wconf 89' lang='lat' dir='ltr'><strong>quod</strong></span> <span class='ocrx_word' id='word_1_381' title='bbox 3118 2279 3246 2334; x_wconf 93' lang='lat' dir='ltr'><strong>illud</strong></span> <span class='ocrx_word' id='word_1_382' title='bbox 3291 2279 3342 2338; x_wconf 87' lang='lat' dir='ltr'><strong>ei</strong></span> <span class='ocrx_word' id='word_1_383' title='bbox 3387 2280 3543 2351; x_wconf 80' lang='lat' dir='ltr'><strong>flagi-</strong></span> 
     </span>
    </p>
   </div>
   <div class='ocr_carea' id='block_1_49' title="bbox 1961 2365 3542 2436">
    <p class='ocr_par' dir='ltr' id='par_1_49' title="bbox 1961 2365 3542 2436">
     <span class='ocr_line' id='line_1_49' title="bbox 1961 2365 3542 2436; baseline 0.008 -18"><span class='ocrx_word' id='word_1_384' title='bbox 1961 2368 2088 2419; x_wconf 88' lang='lat' dir='ltr'><strong>tium</strong></span> <span class='ocrx_word' id='word_1_385' title='bbox 2122 2365 2433 2436; x_wconf 83' lang='lat' dir='ltr'><strong>facinusque</strong></span> <span class='ocrx_word' id='word_1_386' title='bbox 2479 2367 2763 2424; x_wconf 89' lang='lat' dir='ltr'><strong>remissum</strong></span> <span class='ocrx_word' id='word_1_387' title='bbox 2793 2369 2884 2432; x_wconf 87' lang='lat' dir='ltr'><strong>sit,</strong></span> <span class='ocrx_word' id='word_1_388' title='bbox 2936 2375 2994 2424; x_wconf 90' lang='lat' dir='ltr'><strong>et</strong></span> <span class='ocrx_word' id='word_1_389' title='bbox 3023 2379 3199 2425; x_wconf 86' lang='lat' dir='ltr'><strong>tamen</strong></span> <span class='ocrx_word' id='word_1_390' title='bbox 3252 2382 3542 2430; x_wconf 75' lang='lat' dir='ltr'><strong>consecuta</strong></span> 
     </span>
    </p>
   </div>
   <div class='ocr_carea' id='block_1_50' title="bbox 1959 2459 3543 2529">
    <p class='ocr_par' dir='ltr' id='par_1_50' title="bbox 1959 2459 3543 2529">
     <span class='ocr_line' id='line_1_50' title="bbox 1959 2459 3543 2529; baseline 0.002 -16"><span class='ocrx_word' id='word_1_391' title='bbox 1959 2470 2222 2529; x_wconf 69' lang='lat' dir='ltr'><strong>suntquae</strong></span> <span class='ocrx_word' id='word_1_392' title='bbox 2277 2459 2418 2514; x_wconf 85' lang='lat' dir='ltr'><strong>Deus</strong></span> <span class='ocrx_word' id='word_1_393' title='bbox 2467 2461 2641 2516; x_wconf 86' lang='lat' dir='ltr'><strong>fuerat</strong></span> <span class='ocrx_word' id='word_1_394' title='bbox 2690 2459 3165 2526; x_wconf 87' lang='lat' dir='ltr'><strong>comminatus;ut</strong></span> <span class='ocrx_word' id='word_1_395' title='bbox 3192 2459 3269 2518; x_wconf 91' lang='lat' dir='ltr'><strong>sic</strong></span> <span class='ocrx_word' id='word_1_396' title='bbox 3296 2461 3543 2518; x_wconf 61' lang='lat' dir='ltr'><strong>humilia.</strong></span> 
     </span>
    </p>
   </div>
   <div class='ocr_carea' id='block_1_51' title="bbox 1958 2550 3544 2622">
    <p class='ocr_par' dir='ltr' id='par_1_51' title="bbox 1958 2550 3544 2622">
     <span class='ocr_line' id='line_1_51' title="bbox 1958 2550 3544 2622; baseline 0.004 -18"><span class='ocrx_word' id='word_1_397' title='bbox 1958 2558 2108 2604; x_wconf 88' lang='lat' dir='ltr'><strong>retur</strong></span> <span class='ocrx_word' id='word_1_398' title='bbox 2140 2566 2164 2600; x_wconf 89' lang='lat' dir='ltr'><strong>a</strong></span> <span class='ocrx_word' id='word_1_399' title='bbox 2201 2551 2328 2606; x_wconf 81' lang='lat' dir='ltr'><strong>ﬁlio.</strong></span> <span class='ocrx_word' id='word_1_400' title='bbox 2360 2550 2537 2617; x_wconf 88' lang='lat' dir='ltr'><strong>Quare</strong></span> <span class='ocrx_word' id='word_1_401' title='bbox 2567 2560 2616 2606; x_wconf 91' lang='lat' dir='ltr'><strong>et</strong></span> <span class='ocrx_word' id='word_1_402' title='bbox 2666 2551 2751 2610; x_wconf 85' lang='lat' dir='ltr'><strong>hic</strong></span> <span class='ocrx_word' id='word_1_403' title='bbox 2778 2566 2882 2608; x_wconf 90' lang='lat' dir='ltr'><strong>non</strong></span> <span class='ocrx_word' id='word_1_404' title='bbox 2915 2551 3135 2618; x_wconf 91' lang='lat' dir='ltr'><strong>dicitur,</strong></span> <span class='ocrx_word' id='word_1_405' title='bbox 3169 2552 3223 2607; x_wconf 92' lang='lat' dir='ltr'><strong>Si</strong></span> <span class='ocrx_word' id='word_1_406' title='bbox 3249 2551 3389 2608; x_wconf 84' lang='lat' dir='ltr'><strong>Deus</strong></span> <span class='ocrx_word' id='word_1_407' title='bbox 3419 2566 3544 2622; x_wconf 85' lang='lat' dir='ltr'><strong>pro-</strong></span> 
     </span>
    </p>
   </div>
   <div class='ocr_carea' id='block_1_52' title="bbox 1960 2641 3545 2710">
    <p class='ocr_par' dir='ltr' id='par_1_52' title="bbox 1960 2641 3545 2710">
     <span class='ocr_line' id='line_1_52' title="bbox 1960 2641 3545 2710; baseline 0.003 -14"><span class='ocrx_word' id='word_1_408' title='bbox 1960 2651 2080 2710; x_wconf 88' lang='lat' dir='ltr'><strong>pter</strong></span> <span class='ocrx_word' id='word_1_409' title='bbox 2112 2651 2385 2710; x_wconf 89' lang='lat' dir='ltr'><strong>peccatum</strong></span> <span class='ocrx_word' id='word_1_410' title='bbox 2417 2641 2550 2702; x_wconf 87' lang='lat' dir='ltr'><strong>illud</strong></span> <span class='ocrx_word' id='word_1_411' title='bbox 2575 2641 2749 2698; x_wconf 86' lang='lat' dir='ltr'><strong>fuerat</strong></span> <span class='ocrx_word' id='word_1_412' title='bbox 2793 2643 3172 2708; x_wconf 83' lang='lat' dir='ltr'><strong>comminatus,</strong></span> <span class='ocrx_word' id='word_1_413' title='bbox 3195 2657 3292 2699; x_wconf 92' lang='lat' dir='ltr'><strong>cur</strong></span> <span class='ocrx_word' id='word_1_414' title='bbox 3319 2643 3545 2700; x_wconf 87' lang='lat' dir='ltr'><strong>dimisso</strong></span> 
     </span>
    </p>
   </div>
   <div class='ocr_carea' id='block_1_53' title="bbox 1959 2734 3547 2805">
    <p class='ocr_par' dir='ltr' id='par_1_53' title="bbox 1959 2734 3547 2805">
     <span class='ocr_line' id='line_1_53' title="bbox 1959 2734 3547 2805; baseline 0.003 -17"><span class='ocrx_word' id='word_1_415' title='bbox 1959 2742 2202 2803; x_wconf 83' lang='lat' dir='ltr'><strong>peccato,</strong></span> <span class='ocrx_word' id='word_1_416' title='bbox 2223 2734 2368 2804; x_wconf 91' lang='lat' dir='ltr'><strong>quod</strong></span> <span class='ocrx_word' id='word_1_417' title='bbox 2403 2744 2518 2791; x_wconf 88' lang='lat' dir='ltr'><strong>erat</strong></span> <span class='ocrx_word' id='word_1_418' title='bbox 2558 2734 2814 2801; x_wconf 91' lang='lat' dir='ltr'><strong>minatus,</strong></span> <span class='ocrx_word' id='word_1_419' title='bbox 2843 2734 3124 2802; x_wconf 77' lang='lat' dir='ltr'><strong>implevit?</strong></span> <span class='ocrx_word' id='word_1_420' title='bbox 3155 2735 3260 2796; x_wconf 85' lang='lat' dir='ltr'><strong>nisi</strong></span> <span class='ocrx_word' id='word_1_421' title='bbox 3287 2736 3409 2805; x_wconf 83' lang='lat' dir='ltr'><strong>quia</strong></span> <span class='ocrx_word' id='word_1_422' title='bbox 3458 2750 3547 2794; x_wconf 83' lang='lat' dir='ltr'><strong>re-</strong></span> 
     </span>
    </p>
   </div>
   <div class='ocr_carea' id='block_1_54' title="bbox 1956 2825 3540 2899">
    <p class='ocr_par' dir='ltr' id='par_1_54' title="bbox 1956 2825 3540 2899">
     <span class='ocr_line' id='line_1_54' title="bbox 1956 2825 3540 2899; baseline 0.003 -20"><span class='ocrx_word' id='word_1_423' title='bbox 1956 2827 2221 2892; x_wconf 85' lang='lat' dir='ltr'><strong>ctissime,</strong></span> <span class='ocrx_word' id='word_1_424' title='bbox 2251 2826 2296 2882; x_wconf 90' lang='lat' dir='ltr'><strong>si</strong></span> <span class='ocrx_word' id='word_1_425' title='bbox 2343 2825 2463 2899; x_wconf 71' lang='lat' dir='ltr'><strong>[sici</strong></span> <span class='ocrx_word' id='word_1_426' title='bbox 2498 2826 2698 2884; x_wconf 87' lang='lat' dir='ltr'><strong>dictum</strong></span> <span class='ocrx_word' id='word_1_427' title='bbox 2752 2825 2934 2894; x_wconf 86' lang='lat' dir='ltr'><strong>fuerit,</strong></span> <span class='ocrx_word' id='word_1_428' title='bbox 2980 2825 3419 2896; x_wconf 81' lang='lat' dir='ltr'><strong>respondebitur,</strong></span> <span class='ocrx_word' id='word_1_429' title='bbox 3449 2841 3540 2884; x_wconf 87' lang='lat' dir='ltr'><strong>re-</strong></span> 
     </span>
    </p>
   </div>
   <div class='ocr_carea' id='block_1_55' title="bbox 1961 2918 3545 2988">
    <p class='ocr_par' dir='ltr' id='par_1_55' title="bbox 1961 2918 3545 2988">
     <span class='ocr_line' id='line_1_55' title="bbox 1961 2918 3545 2988; baseline 0.001 -14"><span class='ocrx_word' id='word_1_430' title='bbox 1961 2919 2274 2975; x_wconf 88' lang='lat' dir='ltr'><strong>missionem</strong></span> <span class='ocrx_word' id='word_1_431' title='bbox 2303 2919 2448 2976; x_wconf 88' lang='lat' dir='ltr'><strong>illam</strong></span> <span class='ocrx_word' id='word_1_432' title='bbox 2481 2921 2686 2988; x_wconf 85' lang='lat' dir='ltr'><strong>peccati</strong></span> <span class='ocrx_word' id='word_1_433' title='bbox 2735 2919 2950 2983; x_wconf 77' lang='lat' dir='ltr'><strong>fectam,</strong></span> <span class='ocrx_word' id='word_1_434' title='bbox 2984 2934 3052 2976; x_wconf 90' lang='lat' dir='ltr'><strong>ne</strong></span> <span class='ocrx_word' id='word_1_435' title='bbox 3080 2919 3242 2976; x_wconf 92' lang='lat' dir='ltr'><strong>homo</strong></span> <span class='ocrx_word' id='word_1_436' title='bbox 3269 2919 3337 2976; x_wconf 91' lang='lat' dir='ltr'><strong>ad</strong></span> <span class='ocrx_word' id='word_1_437' title='bbox 3369 2918 3545 2988; x_wconf 85' lang='lat' dir='ltr'><strong>perci-</strong></span> 
     </span>
    </p>
   </div>
   <div class='ocr_carea' id='block_1_56' title="bbox 1959 3009 3547 3082">
    <p class='ocr_par' dir='ltr' id='par_1_56' title="bbox 1959 3009 3547 3082">
     <span class='ocr_line' id='line_1_56' title="bbox 1959 3009 3547 3082; baseline 0.004 -16"><span class='ocrx_word' id='word_1_438' title='bbox 1959 3012 2210 3082; x_wconf 80' lang='lat' dir='ltr'><strong>piendam</strong></span> <span class='ocrx_word' id='word_1_439' title='bbox 2241 3012 2405 3068; x_wconf 90' lang='lat' dir='ltr'><strong>vitam</strong></span> <span class='ocrx_word' id='word_1_440' title='bbox 2453 3012 2809 3082; x_wconf 88' lang='lat' dir='ltr'><strong>impediretur</strong></span> <span class='ocrx_word' id='word_1_441' title='bbox 2848 3019 3146 3078; x_wconf 75' lang='lat' dir='ltr'><strong>reternam;</strong></span> <span class='ocrx_word' id='word_1_442' title='bbox 3196 3009 3547 3072; x_wconf 81' lang='lat' dir='ltr'><strong>subsecutum</strong></span> 
     </span>
    </p>
   </div>
   <div class='ocr_carea' id='block_1_57' title="bbox 273 3098 3548 3176">
    <p class='ocr_par' dir='ltr' id='par_1_57' title="bbox 273 3098 3548 3176">
     <span class='ocr_line' id='line_1_57' title="bbox 273 3098 3548 3176; baseline 0.002 -25"><span class='ocrx_word' id='word_1_443' title='bbox 273 3098 344 3152; x_wconf 89' lang='lat' dir='ltr'><strong>ibi</strong></span> <span class='ocrx_word' id='word_1_444' title='bbox 368 3098 478 3169; x_wconf 83' lang='lat' dir='ltr'><strong>jm</strong></span> <span class='ocrx_word' id='word_1_445' title='bbox 508 3109 752 3155; x_wconf 88' lang='lat' dir='ltr'><strong>metuens</strong></span> <span class='ocrx_word' id='word_1_446' title='bbox 796 3103 1154 3172; x_wconf 85' lang='lat' dir='ltr'><strong>respondebo.</strong></span> <span class='ocrx_word' id='word_1_447' title='bbox 1193 3102 1323 3157; x_wconf 79' lang='lat' dir='ltr'><strong>Peto</strong></span> <span class='ocrx_word' id='word_1_448' title='bbox 1353 3118 1482 3173; x_wconf 86' lang='lat' dir='ltr'><strong>ergo</strong></span> <span class='ocrx_word' id='word_1_449' title='bbox 1513 3119 1580 3157; x_wconf 84' lang='lat' dir='ltr'><strong>ne</strong></span> <span class='ocrx_word' id='word_1_450' title='bbox 1632 3117 1859 3158; x_wconf 85' lang='lat' dir='ltr'><strong>succen-</strong></span> <span class='ocrx_word' id='word_1_451' title='bbox 1961 3117 2088 3158; x_wconf 86' lang='lat' dir='ltr'><strong>vero</strong></span> <span class='ocrx_word' id='word_1_452' title='bbox 2117 3103 2262 3157; x_wconf 88' lang='lat' dir='ltr'><strong>illius</strong></span> <span class='ocrx_word' id='word_1_453' title='bbox 2288 3103 2726 3160; x_wconf 88' lang='lat' dir='ltr'><strong>comminationis</strong></span> <span class='ocrx_word' id='word_1_454' title='bbox 2780 3102 3086 3170; x_wconf 91' lang='lat' dir='ltr'><strong>exemplum</strong></span> <span class='ocrx_word' id='word_1_455' title='bbox 3138 3101 3460 3176; x_wconf 72' lang='lat' dir='ltr'><strong>[eﬁectum],</strong></span> <span class='ocrx_word' id='word_1_456' title='bbox 3491 3112 3548 3162; x_wconf 90' lang='lat' dir='ltr'><strong>ut</strong></span> 
     </span>
    </p>
   </div>
   <div class='ocr_carea' id='block_1_58' title="bbox 269 3191 3548 3266">
    <p class='ocr_par' dir='ltr' id='par_1_58' title="bbox 269 3191 3548 3266">
     <span class='ocr_line' id='line_1_58' title="bbox 269 3191 3548 3266; baseline 0.002 -22"><span class='ocrx_word' id='word_1_457' title='bbox 269 3203 412 3251; x_wconf 87' lang='lat' dir='ltr'><strong>scas,</strong></span> <span class='ocrx_word' id='word_1_458' title='bbox 439 3191 564 3260; x_wconf 89' lang='lat' dir='ltr'><strong>quia</strong></span> <span class='ocrx_word' id='word_1_459' title='bbox 598 3205 703 3246; x_wconf 88' lang='lat' dir='ltr'><strong>non</strong></span> <span class='ocrx_word' id='word_1_460' title='bbox 751 3192 900 3261; x_wconf 88' lang='lat' dir='ltr'><strong>potui</strong></span> <span class='ocrx_word' id='word_1_461' title='bbox 949 3192 1270 3248; x_wconf 88' lang='lat' dir='ltr'><strong>conﬁrmare</strong></span> <span class='ocrx_word' id='word_1_462' title='bbox 1299 3193 1441 3264; x_wconf 92' lang='lat' dir='ltr'><strong>quod</strong></span> <span class='ocrx_word' id='word_1_463' title='bbox 1486 3196 1709 3264; x_wconf 54' lang='grc' dir='ltr'><strong>(μηδι-ιε,</strong></span> <span class='ocrx_word' id='word_1_464' title='bbox 1761 3194 1856 3248; x_wconf 88' lang='lat' dir='ltr'><strong>sed</strong></span> <span class='ocrx_word' id='word_1_465' title='bbox 1963 3195 2392 3264; x_wconf 86' lang='lat' dir='ltr'><strong>pietashominis</strong></span> <span class='ocrx_word' id='word_1_466' title='bbox 2429 3195 2582 3266; x_wconf 79' lang='lat'><strong>103</strong></span> <span class='ocrx_word' id='word_1_467' title='bbox 2616 3197 2667 3252; x_wconf 90' lang='lat' dir='ltr'><strong>in</strong></span> <span class='ocrx_word' id='word_1_468' title='bbox 2715 3195 2807 3252; x_wconf 88' lang='lat' dir='ltr'><strong>illa</strong></span> <span class='ocrx_word' id='word_1_469' title='bbox 2848 3193 3151 3254; x_wconf 81' lang='lat' dir='ltr'><strong>humilitate</strong></span> <span class='ocrx_word' id='word_1_470' title='bbox 3199 3202 3548 3254; x_wconf 76' lang='lat' dir='ltr'><strong>exerceretur</strong></span> 
     </span>
    </p>
   </div>
   <div class='ocr_carea' id='block_1_59' title="bbox 270 3282 3548 3370">
    <p class='ocr_par' dir='ltr' id='par_1_59' title="bbox 270 3282 3548 3370">
     <span class='ocr_line' id='line_1_59' title="bbox 270 3282 3548 3370; baseline 0.002 -34"><span class='ocrx_word' id='word_1_471' title='bbox 270 3282 420 3350; x_wconf 89' lang='lat' dir='ltr'><strong>potui</strong></span> <span class='ocrx_word' id='word_1_472' title='bbox 474 3283 846 3338; x_wconf 84' lang='lat' dir='ltr'><strong>demonstrare</strong></span> <span class='ocrx_word' id='word_1_473' title='bbox 871 3284 1000 3353; x_wconf 92' lang='lat' dir='ltr'><strong>quid</strong></span> <span class='ocrx_word' id='word_1_474' title='bbox 1025 3299 1274 3354; x_wconf 65' lang='lat' dir='ltr'><strong>quaeras;</strong></span> <span class='ocrx_word' id='word_1_475' title='bbox 1305 3286 1448 3355; x_wconf 92' lang='lat' dir='ltr'><strong>quod</strong></span> <span class='ocrx_word' id='word_1_476' title='bbox 1479 3301 1600 3340; x_wconf 92' lang='lat' dir='ltr'><strong>cum</strong></span> <span class='ocrx_word' id='word_1_477' title='bbox 1634 3290 1853 3342; x_wconf 90' lang='lat' dir='ltr'><strong>iuvene-</strong></span> <span class='ocrx_word' id='word_1_478' title='bbox 1887 3307 1933 3370; x_wconf 69' lang='grc' dir='ltr'>ο</span> <span class='ocrx_word' id='word_1_479' title='bbox 1962 3294 2122 3353; x_wconf 87' lang='lat' dir='ltr'><strong>atque</strong></span> <span class='ocrx_word' id='word_1_480' title='bbox 2147 3287 2484 3352; x_wconf 88' lang='lat' dir='ltr'><strong>probaretur.</strong></span> <span class='ocrx_word' id='word_1_481' title='bbox 2511 3285 2602 3344; x_wconf 88' lang='lat' dir='ltr'><strong>Sic</strong></span> <span class='ocrx_word' id='word_1_482' title='bbox 2625 3295 2679 3342; x_wconf 90' lang='lat' dir='ltr'><strong>et</strong></span> <span class='ocrx_word' id='word_1_483' title='bbox 2710 3293 2934 3344; x_wconf 86' lang='lat' dir='ltr'><strong>mortem</strong></span> <span class='ocrx_word' id='word_1_484' title='bbox 2959 3283 3224 3356; x_wconf 88' lang='lat' dir='ltr'><strong>corporis,</strong></span> <span class='ocrx_word' id='word_1_485' title='bbox 3252 3296 3308 3343; x_wconf 91' lang='lat' dir='ltr'><strong>et</strong></span> <span class='ocrx_word' id='word_1_486' title='bbox 3330 3293 3548 3357; x_wconf 87' lang='lat' dir='ltr'><strong>propter</strong></span> 
     </span>
    </p>
   </div>
   <div class='ocr_carea' id='block_1_60' title="bbox 275 3375 1858 3450">
    <p class='ocr_par' dir='ltr' id='par_1_60' title="bbox 275 3375 1858 3450">
     <span class='ocr_line' id='line_1_60' title="bbox 275 3375 1858 3450; baseline 0.006 -23"><span class='ocrx_word' id='word_1_487' title='bbox 275 3375 372 3440; x_wconf 86' lang='lat' dir='ltr'><strong>ris,</strong></span> <span class='ocrx_word' id='word_1_488' title='bbox 413 3379 734 3431; x_wconf 81' lang='lat' dir='ltr'><strong>confirmare</strong></span> <span class='ocrx_word' id='word_1_489' title='bbox 763 3392 868 3433; x_wconf 90' lang='lat' dir='ltr'><strong>non</strong></span> <span class='ocrx_word' id='word_1_490' title='bbox 896 3379 1106 3434; x_wconf 83' lang='lat' dir='ltr'><strong>dubites</strong></span> <span class='ocrx_word' id='word_1_491' title='bbox 1151 3379 1291 3450; x_wconf 91' lang='lat' dir='ltr'><strong>quod</strong></span> <span class='ocrx_word' id='word_1_492' title='bbox 1315 3382 1609 3450; x_wconf 58' lang='lat' dir='ltr'><strong>quaerebas.</strong></span> <span class='ocrx_word' id='word_1_493' title='bbox 1663 3382 1727 3436; x_wconf 85' lang='lat' dir='ltr'><strong>Et</strong></span> <span class='ocrx_word' id='word_1_494' title='bbox 1758 3383 1858 3437; x_wconf 92' lang='lat' dir='ltr'><strong>hoc</strong></span> 
     </span>
    </p>
   </div>
   <div class='ocr_carea' id='block_1_61' title="bbox 272 3467 1859 3543">
    <p class='ocr_par' dir='ltr' id='par_1_61' title="bbox 272 3467 1859 3543">
     <span class='ocr_line' id='line_1_61' title="bbox 272 3467 1859 3543; baseline 0.005 -25"><span class='ocrx_word' id='word_1_495' title='bbox 272 3467 490 3538; x_wconf 85' lang='lat' dir='ltr'><strong>quidem</strong></span> <span class='ocrx_word' id='word_1_496' title='bbox 521 3470 792 3524; x_wconf 77' lang='lat' dir='ltr'><strong>sanctitati</strong></span> <span class='ocrx_word' id='word_1_497' title='bbox 833 3479 936 3526; x_wconf 64' lang='lat' dir='ltr'><strong>tua:</strong></span> <span class='ocrx_word' id='word_1_498' title='bbox 964 3472 1306 3526; x_wconf 87' lang='lat' dir='ltr'><strong>scribendum</strong></span> <span class='ocrx_word' id='word_1_499' title='bbox 1367 3473 1705 3540; x_wconf 82' lang='lat' dir='ltr'><strong>existimavi,</strong></span> <span class='ocrx_word' id='word_1_500' title='bbox 1767 3474 1859 3543; x_wconf 86' lang='lat' dir='ltr'><strong>qui</strong></span> 
     </span>
    </p>
   </div>
   <div class='ocr_carea' id='block_1_62' title="bbox 276 3559 1858 3634">
    <p class='ocr_par' dir='ltr' id='par_1_62' title="bbox 276 3559 1858 3634">
     <span class='ocr_line' id='line_1_62' title="bbox 276 3559 1858 3634; baseline 0.006 -23"><span class='ocrx_word' id='word_1_501' title='bbox 276 3559 624 3629; x_wconf 85' lang='lat' dir='ltr'><strong>propaginem</strong></span> <span class='ocrx_word' id='word_1_502' title='bbox 655 3561 958 3620; x_wconf 85' lang='lat' dir='ltr'><strong>animarum</strong></span> <span class='ocrx_word' id='word_1_503' title='bbox 996 3564 1105 3631; x_wconf 78' lang='lat' dir='ltr'><strong>jam</strong></span> <span class='ocrx_word' id='word_1_504' title='bbox 1132 3566 1285 3634; x_wconf 88' lang='lat' dir='ltr'><strong>quasi</strong></span> <span class='ocrx_word' id='word_1_505' title='bbox 1331 3576 1513 3620; x_wconf 88' lang='lat' dir='ltr'><strong>certus</strong></span> <span class='ocrx_word' id='word_1_506' title='bbox 1551 3567 1858 3634; x_wconf 89' lang='lat' dir='ltr'><strong>improban-</strong></span> 
     </span>
    </p>
   </div>
   <div class='ocr_carea' id='block_1_63' title="bbox 273 3649 1859 3724">
    <p class='ocr_par' dir='ltr' id='par_1_63' title="bbox 273 3649 1859 3724">
     <span class='ocr_line' id='line_1_63' title="bbox 273 3649 1859 3724; baseline 0.006 -22"><span class='ocrx_word' id='word_1_507' title='bbox 273 3649 396 3703; x_wconf 90' lang='lat' dir='ltr'><strong>dam</strong></span> <span class='ocrx_word' id='word_1_508' title='bbox 429 3658 599 3719; x_wconf 87' lang='lat' dir='ltr'><strong>putas.</strong></span> <span class='ocrx_word' id='word_1_509' title='bbox 647 3652 912 3707; x_wconf 67' lang='lat' dir='ltr'><strong>Caeterum</strong></span> <span class='ocrx_word' id='word_1_510' title='bbox 951 3653 996 3708; x_wconf 89' lang='lat' dir='ltr'><strong>si</strong></span> <span class='ocrx_word' id='word_1_511' title='bbox 1033 3653 1140 3708; x_wconf 92' lang='lat' dir='ltr'><strong>illis</strong></span> <span class='ocrx_word' id='word_1_512' title='bbox 1169 3655 1256 3724; x_wconf 90' lang='lat' dir='ltr'><strong>qui</strong></span> <span class='ocrx_word' id='word_1_513' title='bbox 1308 3653 1447 3710; x_wconf 90' lang='lat' dir='ltr'><strong>hanc</strong></span> <span class='ocrx_word' id='word_1_514' title='bbox 1492 3663 1741 3710; x_wconf 87' lang='lat' dir='ltr'><strong>asserunt</strong></span> <span class='ocrx_word' id='word_1_515' title='bbox 1768 3670 1859 3711; x_wconf 87' lang='lat' dir='ltr'><strong>rc-</strong></span> 
     </span>
    </p>
   </div>
   <div class='ocr_carea' id='block_1_64' title="bbox 277 3742 1859 3818">
    <p class='ocr_par' dir='ltr' id='par_1_64' title="bbox 277 3742 1859 3818">
     <span class='ocr_line' id='line_1_64' title="bbox 277 3742 1859 3818; baseline 0.006 -24"><span class='ocrx_word' id='word_1_516' title='bbox 277 3742 621 3798; x_wconf 84' lang='lat' dir='ltr'><strong>scribendum</strong></span> <span class='ocrx_word' id='word_1_517' title='bbox 642 3743 850 3812; x_wconf 89' lang='lat' dir='ltr'><strong>fuisset,</strong></span> <span class='ocrx_word' id='word_1_518' title='bbox 877 3747 1118 3801; x_wconf 78' lang='lat' dir='ltr'><strong>fortassis</strong></span> <span class='ocrx_word' id='word_1_519' title='bbox 1140 3747 1480 3803; x_wconf 88' lang='lat' dir='ltr'><strong>ostenderem</strong></span> <span class='ocrx_word' id='word_1_520' title='bbox 1504 3747 1859 3818; x_wconf 90' lang='lat' dir='ltr'><strong>quemadmo-</strong></span> 
     </span>
    </p>
   </div>
   <div class='ocr_carea' id='block_1_65' title="bbox 277 3831 1860 3910">
    <p class='ocr_par' dir='ltr' id='par_1_65' title="bbox 277 3831 1860 3910">
     <span class='ocr_line' id='line_1_65' title="bbox 277 3831 1860 3910; baseline 0.006 -23"><span class='ocrx_word' id='word_1_521' title='bbox 277 3831 402 3888; x_wconf 91' lang='lat' dir='ltr'><strong>dum</strong></span> <span class='ocrx_word' id='word_1_522' title='bbox 430 3832 484 3888; x_wconf 89' lang='lat' dir='ltr'><strong>id</strong></span> <span class='ocrx_word' id='word_1_523' title='bbox 511 3834 651 3903; x_wconf 88' lang='lat' dir='ltr'><strong>quod</strong></span> <span class='ocrx_word' id='word_1_524' title='bbox 680 3849 739 3892; x_wconf 88' lang='lat' dir='ltr'><strong>se</strong></span> <span class='ocrx_word' id='word_1_525' title='bbox 769 3851 930 3893; x_wconf 87' lang='lat' dir='ltr'><strong>nosse</strong></span> <span class='ocrx_word' id='word_1_526' title='bbox 976 3838 1308 3894; x_wconf 86' lang='lat' dir='ltr'><strong>arbitrantur</strong></span> <span class='ocrx_word' id='word_1_527' title='bbox 1355 3839 1634 3910; x_wconf 90' lang='lat' dir='ltr'><strong>ignorent;</strong></span> <span class='ocrx_word' id='word_1_528' title='bbox 1687 3847 1742 3896; x_wconf 89' lang='lat' dir='ltr'><strong>et</strong></span> <span class='ocrx_word' id='word_1_529' title='bbox 1791 3855 1860 3896; x_wconf 89' lang='lat' dir='ltr'><strong>ne</strong></span> 
     </span>
    </p>
   </div>
   <div class='ocr_carea' id='block_1_66' title="bbox 279 3925 1854 4000">
    <p class='ocr_par' dir='ltr' id='par_1_66' title="bbox 279 3925 1854 4000">
     <span class='ocr_line' id='line_1_66' title="bbox 279 3925 1854 4000; baseline 0.008 -24"><span class='ocrx_word' id='word_1_530' title='bbox 279 3925 381 3978; x_wconf 88' lang='lat' dir='ltr'><strong>hoc</strong></span> <span class='ocrx_word' id='word_1_531' title='bbox 408 3939 653 3983; x_wconf 88' lang='lat' dir='ltr'><strong>asserere</strong></span> <span class='ocrx_word' id='word_1_532' title='bbox 677 3927 956 3991; x_wconf 82' lang='lat' dir='ltr'><strong>auderent.</strong></span> <span class='ocrx_word' id='word_1_533' title='bbox 982 3938 1181 4000; x_wconf 88' lang='lat' dir='ltr'><strong>quanta</strong></span> <span class='ocrx_word' id='word_1_534' title='bbox 1207 3931 1413 3986; x_wconf 88' lang='lat' dir='ltr'><strong>ratione</strong></span> <span class='ocrx_word' id='word_1_535' title='bbox 1435 3931 1730 3989; x_wconf 90' lang='lat' dir='ltr'><strong>formidare</strong></span> <span class='ocrx_word' id='word_1_536' title='bbox 1755 3931 1854 3989; x_wconf 90' lang='lat' dir='ltr'><strong>de-</strong></span> 
     </span>
    </p>
   </div>
   <div class='ocr_carea' id='block_1_67' title="bbox 280 4012 487 4074">
    <p class='ocr_par' dir='ltr' id='par_1_67' title="bbox 280 4012 487 4074">
     <span class='ocr_line' id='line_1_67' title="bbox 280 4012 487 4074; baseline 0 -6"><span class='ocrx_word' id='word_1_537' title='bbox 280 4012 487 4074; x_wconf 79' lang='lat' dir='ltr'><strong>herent.</strong></span> 
     </span>
    </p>
   </div>
   <div class='ocr_carea' id='block_1_68' title="bbox 769 4161 1356 4231">
    <p class='ocr_par' dir='ltr' id='par_1_68' title="bbox 769 4161 1356 4231">
     <span class='ocr_line' id='line_1_68' title="bbox 769 4161 1356 4231; baseline 0.007 -11"><span class='ocrx_word' id='word_1_538' title='bbox 769 4161 998 4228; x_wconf 80' lang='lat' dir='ltr'><strong>CAPUT</strong></span> <span class='ocrx_word' id='word_1_539' title='bbox 1035 4163 1356 4231; x_wconf 79' lang='lat' dir='ltr'><strong>CCCXLVI.</strong></span> 
     </span>
    </p>
   </div>
   <div class='ocr_carea' id='block_1_69' title="bbox 280 4312 1860 4393">
    <p class='ocr_par' dir='ltr' id='par_1_69' title="bbox 280 4312 1860 4393">
     <span class='ocr_line' id='line_1_69' title="bbox 280 4312 1860 4393; baseline 0.008 -28"><span class='ocrx_word' id='word_1_540' title='bbox 280 4313 430 4393; x_wconf 69' lang='lat' dir='ltr'><strong>Quod</strong></span> <span class='ocrx_word' id='word_1_541' title='bbox 455 4312 698 4384; x_wconf 74' lang='lat' dir='ltr'><strong>baptizati</strong></span> <span class='ocrx_word' id='word_1_542' title='bbox 737 4333 839 4372; x_wconf 81' lang='lat' dir='ltr'><strong>non</strong></span> <span class='ocrx_word' id='word_1_543' title='bbox 869 4333 901 4371; x_wconf 91' lang='lat' dir='ltr'><strong>a</strong></span> <span class='ocrx_word' id='word_1_544' title='bbox 939 4327 1102 4373; x_wconf 85' lang='lat' dir='ltr'><strong>morte</strong></span> <span class='ocrx_word' id='word_1_545' title='bbox 1122 4320 1404 4393; x_wconf 73' lang='lat' dir='ltr'><strong>communi,</strong></span> <span class='ocrx_word' id='word_1_546' title='bbox 1434 4323 1525 4376; x_wconf 86' lang='lat' dir='ltr'><strong>sed</strong></span> <span class='ocrx_word' id='word_1_547' title='bbox 1545 4338 1574 4374; x_wconf 91' lang='lat' dir='ltr'><strong>a</strong></span> <span class='ocrx_word' id='word_1_548' title='bbox 1605 4321 1860 4393; x_wconf 78' lang='lat' dir='ltr'><strong>supplicio</strong></span> 
     </span>
    </p>
   </div>
   <div class='ocr_carea' id='block_1_70' title="bbox 350 4385 1861 4459">
    <p class='ocr_par' dir='ltr' id='par_1_70' title="bbox 350 4385 1861 4459">
     <span class='ocr_line' id='line_1_70' title="bbox 350 4385 1861 4459; baseline 0.009 -22"><span class='ocrx_word' id='word_1_549' title='bbox 350 4385 623 4459; x_wconf 75' lang='lat' dir='ltr'><strong>liberentur</strong></span> <span class='ocrx_word' id='word_1_550' title='bbox 642 4396 850 4454; x_wconf 70' lang='lat' dir='ltr'><strong>atomo,</strong></span> <span class='ocrx_word' id='word_1_551' title='bbox 883 4405 915 4442; x_wconf 90' lang='lat' dir='ltr'><strong>a</strong></span> <span class='ocrx_word' id='word_1_552' title='bbox 935 4405 1036 4459; x_wconf 84' lang='lat' dir='ltr'><strong>quo</strong></span> <span class='ocrx_word' id='word_1_553' title='bbox 1067 4390 1218 4443; x_wconf 84' lang='lat' dir='ltr'><strong>etiam</strong></span> <span class='ocrx_word' id='word_1_554' title='bbox 1261 4393 1450 4459; x_wconf 83' lang='lat' dir='ltr'><strong>primos</strong></span> <span class='ocrx_word' id='word_1_555' title='bbox 1481 4385 1711 4454; x_wconf 60' lang='lat' dir='ltr'><strong>homines</strong></span> <span class='ocrx_word' id='word_1_556' title='bbox 1737 4395 1861 4450; x_wconf 82' lang='lat' dir='ltr'><strong>dicit</strong></span> 
     </span>
    </p>
   </div>
   <div class='ocr_carea' id='block_1_71' title="bbox 345 4456 1859 4536">
    <p class='ocr_par' dir='ltr' id='par_1_71' title="bbox 345 4456 1859 4536">
     <span class='ocr_line' id='line_1_71' title="bbox 345 4456 1859 4536; baseline 0.006 -26"><span class='ocrx_word' id='word_1_557' title='bbox 345 4472 436 4525; x_wconf 83' lang='lat' dir='ltr'><strong>per</strong></span> <span class='ocrx_word' id='word_1_558' title='bbox 469 4456 672 4536; x_wconf 70' lang='lat' dir='ltr'><strong>Domini</strong></span> <span class='ocrx_word' id='word_1_559' title='bbox 703 4456 1006 4536; x_wconf 67' lang='lat' dir='ltr'><strong>sanguinem</strong></span> <span class='ocrx_word' id='word_1_560' title='bbox 1036 4456 1378 4536; x_wconf 51' lang='lat' dir='ltr'><strong>liberatam!</strong></span> <span class='ocrx_word' id='word_1_561' title='bbox 1403 4479 1495 4518; x_wconf 81' lang='lat' dir='ltr'><strong>cur</strong></span> <span class='ocrx_word' id='word_1_562' title='bbox 1518 4464 1709 4532; x_wconf 83' lang='lat' dir='ltr'><strong>David,</strong></span> <span class='ocrx_word' id='word_1_563' title='bbox 1741 4481 1859 4536; x_wconf 83' lang='lat' dir='ltr'><strong>pec-</strong></span> 
     </span>
    </p>
   </div>
   <div class='ocr_carea' id='block_1_72' title="bbox 346 4531 1860 4606">
    <p class='ocr_par' dir='ltr' id='par_1_72' title="bbox 346 4531 1860 4606">
     <span class='ocr_line' id='line_1_72' title="bbox 346 4531 1860 4606; baseline 0.008 -28"><span class='ocrx_word' id='word_1_564' title='bbox 346 4537 458 4581; x_wconf 80' lang='lat' dir='ltr'><strong>cato</strong></span> <span class='ocrx_word' id='word_1_565' title='bbox 488 4531 866 4606; x_wconf 68' lang='lat' dir='ltr'><strong>remisso,_quw</strong></span> <span class='ocrx_word' id='word_1_566' title='bbox 898 4531 1034 4606; x_wconf 78' lang='lat' dir='ltr'><strong>Deus</strong></span> <span class='ocrx_word' id='word_1_567' title='bbox 1055 4548 1146 4604; x_wconf 78' lang='lat' dir='ltr'><strong>per</strong></span> <span class='ocrx_word' id='word_1_568' title='bbox 1167 4535 1469 4606; x_wconf 74' lang='lat' dir='ltr'><strong>prophetam</strong></span> <span class='ocrx_word' id='word_1_569' title='bbox 1492 4539 1661 4606; x_wconf 79' lang='lat' dir='ltr'><strong>fuerat</strong></span> <span class='ocrx_word' id='word_1_570' title='bbox 1692 4531 1860 4590; x_wconf 70' lang='lat' dir='ltr'><strong>ruina-</strong></span> 
     </span>
    </p>
   </div>
   <div class='ocr_carea' id='block_1_73' title="bbox 348 4599 1850 4678">
    <p class='ocr_par' dir='ltr' id='par_1_73' title="bbox 348 4599 1850 4678">
     <span class='ocr_line' id='line_1_73' title="bbox 348 4599 1850 4678; baseline 0.008 -29"><span class='ocrx_word' id='word_1_571' title='bbox 348 4607 451 4659; x_wconf 82' lang='lat' dir='ltr'><strong>tus,</strong></span> <span class='ocrx_word' id='word_1_572' title='bbox 483 4599 798 4678; x_wconf 64' lang='lat' dir='ltr'><strong>impleverit,-</strong></span> <span class='ocrx_word' id='word_1_573' title='bbox 845 4604 972 4656; x_wconf 84' lang='lat' dir='ltr'><strong>etde</strong></span> <span class='ocrx_word' id='word_1_574' title='bbox 998 4599 1236 4678; x_wconf 64' lang='lat' dir='ltr'><strong>mysterio</strong></span> <span class='ocrx_word' id='word_1_575' title='bbox 1265 4599 1467 4659; x_wconf 66' lang='lat' dir='ltr'><strong>numeri</strong></span> <span class='ocrx_word' id='word_1_576' title='bbox 1492 4599 1723 4660; x_wconf 69' lang='lat' dir='ltr'><strong>i&#39;icinalis</strong></span> <span class='ocrx_word' id='word_1_577' title='bbox 1756 4606 1850 4678; x_wconf 65' lang='lat' dir='ltr'><strong>[tti-</strong></span> 
     </span>
    </p>
   </div>
   <div class='ocr_carea' id='block_1_74' title="bbox 347 4668 1856 4746">
    <p class='ocr_par' dir='ltr' id='par_1_74' title="bbox 347 4668 1856 4746">
     <span class='ocr_line' id='line_1_74' title="bbox 347 4668 1856 4746; baseline 0.01 -27"><span class='ocrx_word' id='word_1_578' title='bbox 347 4668 617 4746; x_wconf 66' lang='lat' dir='ltr'><strong>cennulis],</strong></span> <span class='ocrx_word' id='word_1_579' title='bbox 649 4672 726 4746; x_wconf 59' lang='lat' dir='ltr'><strong>uel</strong></span> <span class='ocrx_word' id='word_1_580' title='bbox 757 4673 820 4746; x_wconf 79' lang='lat' dir='ltr'><strong>de</strong></span> <span class='ocrx_word' id='word_1_581' title='bbox 838 4668 1186 4744; x_wconf 66' lang='lat' dir='ltr'><strong>suprascripta</strong></span> <span class='ocrx_word' id='word_1_582' title='bbox 1216 4683 1403 4730; x_wconf 73' lang='lat' dir='ltr'><strong>animte</strong></span> <span class='ocrx_word' id='word_1_583' title='bbox 1447 4668 1856 4746; x_wconf 34' lang='lat' dir='ltr'><strong>qumtionefEx</strong></span> 
     </span>
    </p>
   </div>
   <div class='ocr_carea' id='block_1_75' title="bbox 347 4739 1680 4818">
    <p class='ocr_par' dir='ltr' id='par_1_75' title="bbox 347 4739 1680 4818">
     <span class='ocr_line' id='line_1_75' title="bbox 347 4739 1680 4818; baseline 0.008 -26"><span class='ocrx_word' id='word_1_584' title='bbox 347 4739 475 4796; x_wconf 73' lang='lat' dir='ltr'><strong>libro</strong></span> <span class='ocrx_word' id='word_1_585' title='bbox 502 4755 537 4798; x_wconf 90' lang='grc' dir='ltr'><strong>ιι</strong></span> <span class='ocrx_word' id='word_1_586' title='bbox 561 4744 624 4795; x_wconf 85' lang='lat' dir='ltr'><strong>de</strong></span> <span class='ocrx_word' id='word_1_587' title='bbox 649 4739 916 4812; x_wconf 79' lang='lat' dir='ltr'><strong>Baptismo</strong></span> <span class='ocrx_word' id='word_1_588' title='bbox 943 4739 1295 4813; x_wconf 71' lang='lat' dir='ltr'><strong>paruulorum,</strong></span> <span class='ocrx_word' id='word_1_589' title='bbox 1321 4739 1480 4818; x_wconf 75' lang='lat' dir='ltr'><strong>prape</strong></span> <span class='ocrx_word' id='word_1_590' title='bbox 1508 4749 1680 4817; x_wconf 75' lang='lat' dir='ltr'><strong>ﬁnem.</strong></span> 
     </span>
    </p>
   </div>
   <div class='ocr_carea' id='block_1_76' title="bbox 345 4895 1853 4975">
    <p class='ocr_par' dir='ltr' id='par_1_76' title="bbox 345 4895 1853 4975">
     <span class='ocr_line' id='line_1_76' title="bbox 345 4895 1853 4975; baseline 0.01 -25"><span class='ocrx_word' id='word_1_591' title='bbox 345 4895 690 4970; x_wconf 86' lang='lat' dir='ltr'><strong>Nequaquam</strong></span> <span class='ocrx_word' id='word_1_592' title='bbox 723 4897 902 4970; x_wconf 89' lang='lat' dir='ltr'><strong>igitur,</strong></span> <span class='ocrx_word' id='word_1_593' title='bbox 937 4901 988 4954; x_wconf 91' lang='lat' dir='ltr'><strong>in</strong></span> <span class='ocrx_word' id='word_1_594' title='bbox 1017 4912 1189 4958; x_wconf 90' lang='lat' dir='ltr'><strong>morte</strong></span> <span class='ocrx_word' id='word_1_595' title='bbox 1219 4919 1314 4973; x_wconf 91' lang='lat' dir='ltr'><strong>pro</strong></span> <span class='ocrx_word' id='word_1_596' title='bbox 1340 4904 1544 4975; x_wconf 89' lang='lat' dir='ltr'><strong>justitia</strong></span> <span class='ocrx_word' id='word_1_597' title='bbox 1573 4909 1853 4966; x_wconf 87' lang='lat' dir='ltr'><strong>subeunda</strong></span> 
     </span>
    </p>
   </div>
   <div class='ocr_carea' id='block_1_77' title="bbox 273 4989 1854 5070">
    <p class='ocr_par' dir='ltr' id='par_1_77' title="bbox 273 4989 1854 5070">
     <span class='ocr_line' id='line_1_77' title="bbox 273 4989 1854 5070; baseline 0.009 -26"><span class='ocrx_word' id='word_1_598' title='bbox 273 4989 357 5044; x_wconf 89' lang='lat' dir='ltr'><strong>vel</strong></span> <span class='ocrx_word' id='word_1_599' title='bbox 388 4991 804 5058; x_wconf 91' lang='lat' dir='ltr'><strong>contemnenda,</strong></span> <span class='ocrx_word' id='word_1_600' title='bbox 853 4992 1164 5050; x_wconf 88' lang='lat' dir='ltr'><strong>laudaretur</strong></span> <span class='ocrx_word' id='word_1_601' title='bbox 1205 4998 1472 5068; x_wconf 83' lang='lat' dir='ltr'><strong>praecipua</strong></span> <span class='ocrx_word' id='word_1_602' title='bbox 1505 5000 1779 5070; x_wconf 86' lang='lat' dir='ltr'><strong>patientia,</strong></span> <span class='ocrx_word' id='word_1_603' title='bbox 1809 5002 1854 5058; x_wconf 89' lang='lat' dir='ltr'><strong>si</strong></span> 
     </span>
    </p>
   </div>
   <div class='ocr_carea' id='block_1_78' title="bbox 273 5085 1852 5163">
    <p class='ocr_par' dir='ltr' id='par_1_78' title="bbox 273 5085 1852 5163">
     <span class='ocr_line' id='line_1_78' title="bbox 273 5085 1852 5163; baseline 0.007 -25"><span class='ocrx_word' id='word_1_604' title='bbox 273 5085 465 5139; x_wconf 87' lang='lat' dir='ltr'><strong>mortis</strong></span> <span class='ocrx_word' id='word_1_605' title='bbox 488 5099 594 5140; x_wconf 91' lang='lat' dir='ltr'><strong>non</strong></span> <span class='ocrx_word' id='word_1_606' title='bbox 622 5093 767 5142; x_wconf 89' lang='lat' dir='ltr'><strong>esset</strong></span> <span class='ocrx_word' id='word_1_607' title='bbox 789 5101 980 5157; x_wconf 86' lang='lat' dir='ltr'><strong>magna</strong></span> <span class='ocrx_word' id='word_1_608' title='bbox 1030 5089 1363 5160; x_wconf 90' lang='lat' dir='ltr'><strong>multumque</strong></span> <span class='ocrx_word' id='word_1_609' title='bbox 1392 5092 1522 5147; x_wconf 89' lang='lat' dir='ltr'><strong>dura</strong></span> <span class='ocrx_word' id='word_1_610' title='bbox 1577 5095 1852 5163; x_wconf 86' lang='lat' dir='ltr'><strong>molestia;</strong></span> 
     </span>
    </p>
   </div>
   <div class='ocr_carea' id='block_1_79' title="bbox 275 5177 1854 5258">
    <p class='ocr_par' dir='ltr' id='par_1_79' title="bbox 275 5177 1854 5258">
     <span class='ocr_line' id='line_1_79' title="bbox 275 5177 1854 5258; baseline 0.009 -24"><span class='ocrx_word' id='word_1_611' title='bbox 275 5177 426 5248; x_wconf 82' lang='lat' dir='ltr'><strong>cujus</strong></span> <span class='ocrx_word' id='word_1_612' title='bbox 461 5177 704 5235; x_wconf 90' lang='lat' dir='ltr'><strong>timorem</strong></span> <span class='ocrx_word' id='word_1_613' title='bbox 739 5182 827 5252; x_wconf 87' lang='lat' dir='ltr'><strong>qni</strong></span> <span class='ocrx_word' id='word_1_614' title='bbox 860 5182 1023 5237; x_wconf 87' lang='lat' dir='ltr'><strong>vincit</strong></span> <span class='ocrx_word' id='word_1_615' title='bbox 1046 5199 1110 5240; x_wconf 87' lang='lat' dir='ltr'><strong>cx</strong></span> <span class='ocrx_word' id='word_1_616' title='bbox 1146 5183 1270 5251; x_wconf 86' lang='lat' dir='ltr'><strong>ﬁde,</strong></span> <span class='ocrx_word' id='word_1_617' title='bbox 1301 5201 1546 5255; x_wconf 78' lang='lat' dir='ltr'><strong>magnam</strong></span> <span class='ocrx_word' id='word_1_618' title='bbox 1598 5189 1764 5258; x_wconf 88' lang='lat' dir='ltr'><strong>ipsius</strong></span> <span class='ocrx_word' id='word_1_619' title='bbox 1795 5190 1854 5248; x_wconf 83' lang='lat' dir='ltr'><strong>ft-</strong></span> 
     </span>
    </p>
   </div>
   <div class='ocr_carea' id='block_1_80' title="bbox 271 5270 1855 5348">
    <p class='ocr_par' dir='ltr' id='par_1_80' title="bbox 271 5270 1855 5348">
     <span class='ocr_line' id='line_1_80' title="bbox 271 5270 1855 5348; baseline 0.01 -24"><span class='ocrx_word' id='word_1_620' title='bbox 271 5270 361 5325; x_wconf 90' lang='lat' dir='ltr'><strong>dei</strong></span> <span class='ocrx_word' id='word_1_621' title='bbox 389 5280 664 5340; x_wconf 87' lang='lat' dir='ltr'><strong>comparat</strong></span> <span class='ocrx_word' id='word_1_622' title='bbox 711 5273 960 5344; x_wconf 89' lang='lat' dir='ltr'><strong>gloriam,</strong></span> <span class='ocrx_word' id='word_1_623' title='bbox 988 5277 1295 5348; x_wconf 85' lang='lat' dir='ltr'><strong>justamque</strong></span> <span class='ocrx_word' id='word_1_624' title='bbox 1341 5281 1667 5346; x_wconf 87' lang='lat' dir='ltr'><strong>mercedem.</strong></span> <span class='ocrx_word' id='word_1_625' title='bbox 1703 5283 1855 5344; x_wconf 85' lang='lat' dir='ltr'><strong>Unde</strong></span> 
     </span>
    </p>
   </div>
   <div class='ocr_carea' id='block_1_81' title="bbox 271 5363 1851 5438">
    <p class='ocr_par' dir='ltr' id='par_1_81' title="bbox 271 5363 1851 5438">
     <span class='ocr_line' id='line_1_81' title="bbox 271 5363 1851 5438; baseline 0.009 -21"><span class='ocrx_word' id='word_1_626' title='bbox 271 5363 576 5424; x_wconf 87' lang='lat' dir='ltr'><strong>mirandum</strong></span> <span class='ocrx_word' id='word_1_627' title='bbox 629 5378 733 5420; x_wconf 92' lang='lat' dir='ltr'><strong>non</strong></span> <span class='ocrx_word' id='word_1_628' title='bbox 761 5375 864 5431; x_wconf 91' lang='lat' dir='ltr'><strong>est,</strong></span> <span class='ocrx_word' id='word_1_629' title='bbox 894 5376 948 5422; x_wconf 91' lang='lat' dir='ltr'><strong>et</strong></span> <span class='ocrx_word' id='word_1_630' title='bbox 994 5380 1223 5426; x_wconf 89' lang='lat' dir='ltr'><strong>mortem</strong></span> <span class='ocrx_word' id='word_1_631' title='bbox 1254 5373 1495 5438; x_wconf 88' lang='lat' dir='ltr'><strong>corporis</strong></span> <span class='ocrx_word' id='word_1_632' title='bbox 1527 5389 1636 5432; x_wconf 92' lang='lat' dir='ltr'><strong>non</strong></span> <span class='ocrx_word' id='word_1_633' title='bbox 1687 5375 1851 5438; x_wconf 86' lang='lat' dir='ltr'><strong>fuisse</strong></span> 
     </span>
    </p>
   </div>
   <div class='ocr_carea' id='block_1_82' title="bbox 271 5455 1849 5538">
    <p class='ocr_par' dir='ltr' id='par_1_82' title="bbox 271 5455 1849 5538">
     <span class='ocr_line' id='line_1_82' title="bbox 271 5455 1849 5538; baseline 0.01 -30"><span class='ocrx_word' id='word_1_634' title='bbox 271 5462 589 5520; x_wconf 77' lang='lat' dir='ltr'><strong>eventuram</strong></span> <span class='ocrx_word' id='word_1_635' title='bbox 617 5455 844 5527; x_wconf 87' lang='lat' dir='ltr'><strong>homini,</strong></span> <span class='ocrx_word' id='word_1_636' title='bbox 883 5459 985 5514; x_wconf 91' lang='lat' dir='ltr'><strong>nisi</strong></span> <span class='ocrx_word' id='word_1_637' title='bbox 1015 5465 1376 5532; x_wconf 69' lang='lat' dir='ltr'><strong>prmcessisset</strong></span> <span class='ocrx_word' id='word_1_638' title='bbox 1423 5478 1720 5538; x_wconf 87' lang='lat' dir='ltr'><strong>peccatum,</strong></span> <span class='ocrx_word' id='word_1_639' title='bbox 1753 5485 1849 5524; x_wconf 88' lang='lat' dir='ltr'><strong>cu-</strong></span> 
     </span>
    </p>
   </div>
   <div class='ocr_carea' id='block_1_83' title="bbox 268 5546 1850 5632">
    <p class='ocr_par' dir='ltr' id='par_1_83' title="bbox 268 5546 1850 5632">
     <span class='ocr_line' id='line_1_83' title="bbox 268 5546 1850 5632; baseline 0.013 -33"><span class='ocrx_word' id='word_1_640' title='bbox 268 5546 365 5617; x_wconf 84' lang='lat' dir='ltr'><strong>jus</strong></span> <span class='ocrx_word' id='word_1_641' title='bbox 395 5547 557 5610; x_wconf 86' lang='lat' dir='ltr'><strong>etiam</strong></span> <span class='ocrx_word' id='word_1_642' title='bbox 582 5549 704 5612; x_wconf 86' lang='lat' dir='ltr'><strong>talis</strong></span> <span class='ocrx_word' id='word_1_643' title='bbox 731 5563 887 5620; x_wconf 70' lang='lat' dir='ltr'><strong>nmina</strong></span> <span class='ocrx_word' id='word_1_644' title='bbox 916 5568 1370 5627; x_wconf 85' lang='lat' dir='ltr'><strong>consequeretur:</strong></span> <span class='ocrx_word' id='word_1_645' title='bbox 1425 5572 1479 5618; x_wconf 91' lang='lat' dir='ltr'><strong>et</strong></span> <span class='ocrx_word' id='word_1_646' title='bbox 1515 5572 1634 5632; x_wconf 90' lang='lat' dir='ltr'><strong>post</strong></span> <span class='ocrx_word' id='word_1_647' title='bbox 1663 5567 1850 5630; x_wconf 83' lang='lat' dir='ltr'><strong>remis-</strong></span> 
     </span>
    </p>
   </div>
   <div class='ocr_carea' id='block_1_84' title="bbox 266 5638 1852 5726">
    <p class='ocr_par' dir='ltr' id='par_1_84' title="bbox 266 5638 1852 5726">
     <span class='ocr_line' id='line_1_84' title="bbox 266 5638 1852 5726; baseline 0.013 -34"><span class='ocrx_word' id='word_1_648' title='bbox 266 5638 481 5693; x_wconf 83' lang='lat' dir='ltr'><strong>sionem</strong></span> <span class='ocrx_word' id='word_1_649' title='bbox 511 5649 872 5712; x_wconf 86' lang='lat' dir='ltr'><strong>peccatorum,</strong></span> <span class='ocrx_word' id='word_1_650' title='bbox 902 5658 1019 5700; x_wconf 89' lang='lat' dir='ltr'><strong>eam</strong></span> <span class='ocrx_word' id='word_1_651' title='bbox 1042 5647 1285 5705; x_wconf 85' lang='lat' dir='ltr'><strong>ﬁdelibus</strong></span> <span class='ocrx_word' id='word_1_652' title='bbox 1310 5654 1549 5722; x_wconf 75' lang='lat' dir='ltr'><strong>evenire,</strong></span> <span class='ocrx_word' id='word_1_653' title='bbox 1577 5664 1632 5710; x_wconf 93' lang='lat' dir='ltr'><strong>ut</strong></span> <span class='ocrx_word' id='word_1_654' title='bbox 1658 5657 1710 5711; x_wconf 92' lang='lat' dir='ltr'><strong>in</strong></span> <span class='ocrx_word' id='word_1_655' title='bbox 1733 5657 1852 5726; x_wconf 89' lang='lat' dir='ltr'><strong>ejus</strong></span> 
     </span>
    </p>
   </div>
   <div class='ocr_carea' id='block_1_85' title="bbox 274 5728 1854 5818">
    <p class='ocr_par' dir='ltr' id='par_1_85' title="bbox 274 5728 1854 5818">
     <span class='ocr_line' id='line_1_85' title="bbox 274 5728 1854 5818; baseline 0.015 -36"><span class='ocrx_word' id='word_1_656' title='bbox 274 5728 470 5786; x_wconf 89' lang='lat' dir='ltr'><strong>timore</strong></span> <span class='ocrx_word' id='word_1_657' title='bbox 519 5731 782 5787; x_wconf 88' lang='lat' dir='ltr'><strong>vincendo</strong></span> <span class='ocrx_word' id='word_1_658' title='bbox 830 5745 1143 5793; x_wconf 84' lang='lat' dir='ltr'><strong>exerceatur</strong></span> <span class='ocrx_word' id='word_1_659' title='bbox 1186 5739 1438 5797; x_wconf 91' lang='lat' dir='ltr'><strong>fortitudo</strong></span> <span class='ocrx_word' id='word_1_660' title='bbox 1478 5744 1720 5818; x_wconf 72' lang='lat' dir='ltr'><strong>justititc.</strong></span> <span class='ocrx_word' id='word_1_661' title='bbox 1753 5749 1854 5805; x_wconf 83' lang='lat' dir='ltr'><strong>Ca-</strong></span> 
     </span>
    </p>
   </div>
   <div class='ocr_carea' id='block_1_86' title="bbox 272 5821 1848 5912">
    <p class='ocr_par' dir='ltr' id='par_1_86' title="bbox 272 5821 1848 5912">
     <span class='ocr_line' id='line_1_86' title="bbox 272 5821 1848 5912; baseline 0.011 -34"><span class='ocrx_word' id='word_1_662' title='bbox 272 5834 338 5878; x_wconf 87' lang='lat' dir='ltr'><strong>ro</strong></span> <span class='ocrx_word' id='word_1_663' title='bbox 364 5821 505 5887; x_wconf 81' lang='lat' dir='ltr'><strong>enim</strong></span> <span class='ocrx_word' id='word_1_664' title='bbox 536 5838 659 5893; x_wconf 68' lang='lat' dir='ltr'><strong>qum</strong></span> <span class='ocrx_word' id='word_1_665' title='bbox 686 5826 859 5897; x_wconf 86' lang='lat' dir='ltr'><strong>primo</strong></span> <span class='ocrx_word' id='word_1_666' title='bbox 890 5825 1022 5896; x_wconf 74' lang='lat' dir='ltr'><strong>facta</strong></span> <span class='ocrx_word' id='word_1_667' title='bbox 1054 5840 1135 5886; x_wconf 88' lang='lat' dir='ltr'><strong>est</strong></span> <span class='ocrx_word' id='word_1_668' title='bbox 1170 5847 1271 5888; x_wconf 92' lang='lat' dir='ltr'><strong>non</strong></span> <span class='ocrx_word' id='word_1_669' title='bbox 1304 5843 1420 5890; x_wconf 88' lang='lat' dir='ltr'><strong>erat</strong></span> <span class='ocrx_word' id='word_1_670' title='bbox 1448 5850 1573 5896; x_wconf 86' lang='lat' dir='ltr'><strong>caro</strong></span> <span class='ocrx_word' id='word_1_671' title='bbox 1624 5841 1848 5912; x_wconf 87' lang='lat' dir='ltr'><strong>peccati,</strong></span> 
     </span>
    </p>
   </div>
   <div class='ocr_carea' id='block_1_87' title="bbox 273 5913 1849 5995">
    <p class='ocr_par' dir='ltr' id='par_1_87' title="bbox 273 5913 1849 5995">
     <span class='ocr_line' id='line_1_87' title="bbox 273 5913 1849 5995; baseline 0.015 -29"><span class='ocrx_word' id='word_1_672' title='bbox 273 5913 457 5983; x_wconf 81' lang='lat' dir='ltr'><strong>inqua</strong></span> <span class='ocrx_word' id='word_1_673' title='bbox 505 5917 676 5974; x_wconf 90' lang='lat' dir='ltr'><strong>noluit</strong></span> <span class='ocrx_word' id='word_1_674' title='bbox 724 5917 886 5976; x_wconf 88' lang='lat' dir='ltr'><strong>homo</strong></span> <span class='ocrx_word' id='word_1_675' title='bbox 927 5921 1064 5980; x_wconf 85' lang='lat' dir='ltr'><strong>inter</strong></span> <span class='ocrx_word' id='word_1_676' title='bbox 1095 5922 1316 5980; x_wconf 83' lang='lat' dir='ltr'><strong>delicias</strong></span> <span class='ocrx_word' id='word_1_677' title='bbox 1347 5929 1580 5995; x_wconf 83' lang='lat' dir='ltr'><strong>paradisi</strong></span> <span class='ocrx_word' id='word_1_678' title='bbox 1630 5945 1849 5990; x_wconf 87' lang='lat' dir='ltr'><strong>servare</strong></span> 
     </span>
    </p>
   </div>
   <div class='ocr_carea' id='block_1_88' title="bbox 1967 3374 3548 3446">
    <p class='ocr_par' dir='ltr' id='par_1_88' title="bbox 1967 3374 3548 3446">
     <span class='ocr_line' id='line_1_88' title="bbox 1967 3374 3548 3446; baseline 0.001 -16"><span class='ocrx_word' id='word_1_679' title='bbox 1967 3385 2238 3442; x_wconf 87' lang='lat' dir='ltr'><strong>peccatum</strong></span> <span class='ocrx_word' id='word_1_680' title='bbox 2272 3377 2414 3434; x_wconf 87' lang='lat' dir='ltr'><strong>Deus</strong></span> <span class='ocrx_word' id='word_1_681' title='bbox 2465 3375 2669 3432; x_wconf 87' lang='lat' dir='ltr'><strong>homini</strong></span> <span class='ocrx_word' id='word_1_682' title='bbox 2702 3374 2916 3439; x_wconf 85' lang='lat' dir='ltr'><strong>inflixit,</strong></span> <span class='ocrx_word' id='word_1_683' title='bbox 2957 3384 3014 3432; x_wconf 92' lang='lat' dir='ltr'><strong>et</strong></span> <span class='ocrx_word' id='word_1_684' title='bbox 3043 3384 3165 3446; x_wconf 87' lang='lat' dir='ltr'><strong>post</strong></span> <span class='ocrx_word' id='word_1_685' title='bbox 3207 3384 3548 3445; x_wconf 85' lang='lat' dir='ltr'><strong>peccatorum</strong></span> 
     </span>
    </p>
   </div>
   <div class='ocr_carea' id='block_1_89' title="bbox 1965 3465 3633 3539">
    <p class='ocr_par' dir='ltr' id='par_1_89' title="bbox 1965 3465 3633 3539">
     <span class='ocr_line' id='line_1_89' title="bbox 1965 3465 3633 3539; baseline 0.002 -20"><span class='ocrx_word' id='word_1_686' title='bbox 1965 3466 2333 3521; x_wconf 87' lang='lat' dir='ltr'><strong>remissionem</strong></span> <span class='ocrx_word' id='word_1_687' title='bbox 2364 3506 2380 3532; x_wconf 94' lang='lat'><strong>,</strong></span> <span class='ocrx_word' id='word_1_688' title='bbox 2433 3477 2650 3534; x_wconf 85' lang='lat' dir='ltr'><strong>propter</strong></span> <span class='ocrx_word' id='word_1_689' title='bbox 2705 3465 3062 3524; x_wconf 83' lang='lat' dir='ltr'><strong>exercendam</strong></span> <span class='ocrx_word' id='word_1_690' title='bbox 3119 3465 3387 3539; x_wconf 83' lang='lat' dir='ltr'><strong>justitiam</strong></span> <span class='ocrx_word' id='word_1_691' title='bbox 3438 3482 3548 3524; x_wconf 90' lang='lat' dir='ltr'><strong>non</strong></span> <span class='ocrx_word' id='word_1_692' title='bbox 3621 3483 3633 3494; x_wconf 56' lang='grc' dir='ltr'><strong>λ</strong></span> 
     </span>
    </p>
   </div>
   <div class='ocr_carea' id='block_1_90' title="bbox 1963 3556 3549 3626">
    <p class='ocr_par' dir='ltr' id='par_1_90' title="bbox 1963 3556 3549 3626">
     <span class='ocr_line' id='line_1_90' title="bbox 1963 3556 3549 3626; baseline 0.006 -18"><span class='ocrx_word' id='word_1_693' title='bbox 1963 3557 2182 3610; x_wconf 88' lang='lat' dir='ltr'><strong>ademit.</strong></span> <span class='ocrx_word' id='word_1_694' title='bbox 2215 3556 2516 3614; x_wconf 87' lang='lat' dir='ltr'><strong>Teneamus</strong></span> <span class='ocrx_word' id='word_1_695' title='bbox 2543 3572 2671 3626; x_wconf 90' lang='lat' dir='ltr'><strong>ergo</strong></span> <span class='ocrx_word' id='word_1_696' title='bbox 2701 3557 3132 3614; x_wconf 80' lang='lat' dir='ltr'><strong>indeclinabilem</strong></span> <span class='ocrx_word' id='word_1_697' title='bbox 3165 3558 3290 3614; x_wconf 88' lang='lat' dir='ltr'><strong>ﬁdei</strong></span> <span class='ocrx_word' id='word_1_698' title='bbox 3321 3559 3549 3618; x_wconf 84' lang='lat' dir='ltr'><strong>confes-</strong></span> 
     </span>
    </p>
   </div>
   <div class='ocr_carea' id='block_1_91' title="bbox 1962 3647 3546 3722">
    <p class='ocr_par' dir='ltr' id='par_1_91' title="bbox 1962 3647 3546 3722">
     <span class='ocr_line' id='line_1_91' title="bbox 1962 3647 3546 3722; baseline 0.004 -21"><span class='ocrx_word' id='word_1_699' title='bbox 1962 3648 2187 3706; x_wconf 88' lang='lat' dir='ltr'><strong>sionem.</strong></span> <span class='ocrx_word' id='word_1_700' title='bbox 2228 3648 2385 3704; x_wconf 89' lang='lat' dir='ltr'><strong>Solus</strong></span> <span class='ocrx_word' id='word_1_701' title='bbox 2407 3663 2542 3705; x_wconf 91' lang='lat' dir='ltr'><strong>unus</strong></span> <span class='ocrx_word' id='word_1_702' title='bbox 2564 3657 2649 3704; x_wconf 87' lang='lat' dir='ltr'><strong>est</strong></span> <span class='ocrx_word' id='word_1_703' title='bbox 2668 3649 2759 3720; x_wconf 92' lang='lat' dir='ltr'><strong>qui</strong></span> <span class='ocrx_word' id='word_1_704' title='bbox 2784 3647 2902 3706; x_wconf 88' lang='lat' dir='ltr'><strong>sine</strong></span> <span class='ocrx_word' id='word_1_705' title='bbox 2923 3657 3142 3718; x_wconf 91' lang='lat' dir='ltr'><strong>peccato</strong></span> <span class='ocrx_word' id='word_1_706' title='bbox 3166 3657 3322 3708; x_wconf 88' lang='lat' dir='ltr'><strong>natus</strong></span> <span class='ocrx_word' id='word_1_707' title='bbox 3351 3658 3462 3722; x_wconf 85' lang='lat' dir='ltr'><strong>est,</strong></span> <span class='ocrx_word' id='word_1_708' title='bbox 3488 3651 3546 3707; x_wconf 88' lang='lat' dir='ltr'><strong>in</strong></span> 
     </span>
    </p>
   </div>
   <div class='ocr_carea' id='block_1_92' title="bbox 1962 3739 3550 3813">
    <p class='ocr_par' dir='ltr' id='par_1_92' title="bbox 1962 3739 3550 3813">
     <span class='ocr_line' id='line_1_92' title="bbox 1962 3739 3550 3813; baseline 0.005 -18"><span class='ocrx_word' id='word_1_709' title='bbox 1962 3739 2308 3798; x_wconf 85' lang='lat' dir='ltr'><strong>similitudine</strong></span> <span class='ocrx_word' id='word_1_710' title='bbox 2367 3742 2545 3798; x_wconf 88' lang='lat' dir='ltr'><strong>carnis</strong></span> <span class='ocrx_word' id='word_1_711' title='bbox 2589 3743 2840 3812; x_wconf 87' lang='lat' dir='ltr'><strong>peccati;</strong></span> <span class='ocrx_word' id='word_1_712' title='bbox 2889 3740 3005 3799; x_wconf 81' lang='lat' dir='ltr'><strong>sine</strong></span> <span class='ocrx_word' id='word_1_713' title='bbox 3055 3751 3279 3813; x_wconf 86' lang='lat' dir='ltr'><strong>peccato</strong></span> <span class='ocrx_word' id='word_1_714' title='bbox 3317 3743 3449 3800; x_wconf 81' lang='lat' dir='ltr'><strong>vixit</strong></span> <span class='ocrx_word' id='word_1_715' title='bbox 3493 3744 3550 3804; x_wconf 86' lang='lat' dir='ltr'><strong>in</strong></span> 
     </span>
    </p>
   </div>
   <div class='ocr_carea' id='block_1_93' title="bbox 1965 3833 3550 3908">
    <p class='ocr_par' dir='ltr' id='par_1_93' title="bbox 1965 3833 3550 3908">
     <span class='ocr_line' id='line_1_93' title="bbox 1965 3833 3550 3908; baseline 0.004 -22"><span class='ocrx_word' id='word_1_716' title='bbox 1965 3845 2150 3899; x_wconf 87' lang='lat' dir='ltr'><strong>carne,</strong></span> <span class='ocrx_word' id='word_1_717' title='bbox 2184 3835 2324 3894; x_wconf 89' lang='lat' dir='ltr'><strong>inter</strong></span> <span class='ocrx_word' id='word_1_718' title='bbox 2350 3833 2524 3890; x_wconf 90' lang='lat' dir='ltr'><strong>aliena</strong></span> <span class='ocrx_word' id='word_1_719' title='bbox 2556 3842 2814 3905; x_wconf 90' lang='lat' dir='ltr'><strong>peccata;</strong></span> <span class='ocrx_word' id='word_1_720' title='bbox 2859 3834 2977 3892; x_wconf 89' lang='lat' dir='ltr'><strong>sine</strong></span> <span class='ocrx_word' id='word_1_721' title='bbox 3025 3843 3250 3908; x_wconf 90' lang='lat' dir='ltr'><strong>peccato</strong></span> <span class='ocrx_word' id='word_1_722' title='bbox 3302 3842 3550 3894; x_wconf 79' lang='lat' dir='ltr'><strong>mortuus</strong></span> 
     </span>
    </p>
   </div>
   <div class='ocr_carea' id='block_1_94' title="bbox 1961 3924 3548 3997">
    <p class='ocr_par' dir='ltr' id='par_1_94' title="bbox 1961 3924 3548 3997">
     <span class='ocr_line' id='line_1_94' title="bbox 1961 3924 3548 3997; baseline 0.004 -21"><span class='ocrx_word' id='word_1_723' title='bbox 1961 3932 2068 3990; x_wconf 82' lang='lat' dir='ltr'><strong>est,</strong></span> <span class='ocrx_word' id='word_1_724' title='bbox 2100 3934 2320 3994; x_wconf 86' lang='lat' dir='ltr'><strong>prepter</strong></span> <span class='ocrx_word' id='word_1_725' title='bbox 2349 3934 2532 3984; x_wconf 87' lang='lat' dir='ltr'><strong>nostra</strong></span> <span class='ocrx_word' id='word_1_726' title='bbox 2555 3934 2799 3997; x_wconf 87' lang='lat' dir='ltr'><strong>peccata.</strong></span> <span class='ocrx_word' id='word_1_727' title='bbox 2831 3925 2950 3984; x_wconf 85' lang='lat' dir='ltr'><strong>Non</strong></span> <span class='ocrx_word' id='word_1_728' title='bbox 2979 3924 3311 3984; x_wconf 87' lang='lat' dir='ltr'><strong>declinemus</strong></span> <span class='ocrx_word' id='word_1_729' title='bbox 3341 3925 3396 3982; x_wconf 91' lang='lat' dir='ltr'><strong>in</strong></span> <span class='ocrx_word' id='word_1_730' title='bbox 3417 3924 3548 3982; x_wconf 85' lang='lat' dir='ltr'><strong>dex-</strong></span> 
     </span>
    </p>
   </div>
   <div class='ocr_carea' id='block_1_95' title="bbox 1965 4015 3551 4083">
    <p class='ocr_par' dir='ltr' id='par_1_95' title="bbox 1965 4015 3551 4083">
     <span class='ocr_line' id='line_1_95' title="bbox 1965 4015 3551 4083; baseline 0.005 -17"><span class='ocrx_word' id='word_1_731' title='bbox 1965 4022 2100 4069; x_wconf 88' lang='lat' dir='ltr'><strong>tram</strong></span> <span class='ocrx_word' id='word_1_732' title='bbox 2132 4024 2223 4070; x_wconf 89' lang='lat' dir='ltr'><strong>aut</strong></span> <span class='ocrx_word' id='word_1_733' title='bbox 2251 4015 2521 4076; x_wconf 82' lang='lat' dir='ltr'><strong>sinistram</strong></span> <span class='ocrx_word' id='word_1_734' title='bbox 2556 4032 2572 4072; x_wconf 86' lang='lat'><strong>:</strong></span> <span class='ocrx_word' id='word_1_735' title='bbox 2603 4017 2656 4071; x_wconf 90' lang='lat' dir='ltr'><strong>in</strong></span> <span class='ocrx_word' id='word_1_736' title='bbox 2700 4017 2945 4078; x_wconf 86' lang='lat' dir='ltr'><strong>dextram</strong></span> <span class='ocrx_word' id='word_1_737' title='bbox 2971 4018 3119 4074; x_wconf 85' lang='lat' dir='ltr'><strong>enim</strong></span> <span class='ocrx_word' id='word_1_738' title='bbox 3149 4015 3443 4083; x_wconf 89' lang='lat' dir='ltr'><strong>declinare,</strong></span> <span class='ocrx_word' id='word_1_739' title='bbox 3466 4024 3551 4076; x_wconf 86' lang='lat' dir='ltr'><strong>est</strong></span> 
     </span>
    </p>
   </div>
   <div class='ocr_carea' id='block_1_96' title="bbox 1963 4107 3546 4180">
    <p class='ocr_par' dir='ltr' id='par_1_96' title="bbox 1963 4107 3546 4180">
     <span class='ocr_line' id='line_1_96' title="bbox 1963 4107 3546 4180; baseline 0.003 -20"><span class='ocrx_word' id='word_1_740' title='bbox 1963 4119 2025 4160; x_wconf 88' lang='lat' dir='ltr'><strong>se</strong></span> <span class='ocrx_word' id='word_1_741' title='bbox 2057 4107 2231 4176; x_wconf 89' lang='lat' dir='ltr'><strong>ipsum</strong></span> <span class='ocrx_word' id='word_1_742' title='bbox 2262 4107 2534 4176; x_wconf 87' lang='lat' dir='ltr'><strong>decipere,</strong></span> <span class='ocrx_word' id='word_1_743' title='bbox 2581 4109 2811 4166; x_wconf 90' lang='lat' dir='ltr'><strong>dicendo</strong></span> <span class='ocrx_word' id='word_1_744' title='bbox 2836 4123 2898 4166; x_wconf 88' lang='lat' dir='ltr'><strong>se</strong></span> <span class='ocrx_word' id='word_1_745' title='bbox 2948 4123 3072 4170; x_wconf 83' lang='lat' dir='ltr'><strong>esse</strong></span> <span class='ocrx_word' id='word_1_746' title='bbox 3122 4109 3240 4166; x_wconf 88' lang='lat' dir='ltr'><strong>sine</strong></span> <span class='ocrx_word' id='word_1_747' title='bbox 3291 4115 3546 4180; x_wconf 86' lang='lat' dir='ltr'><strong>peccato;</strong></span> 
     </span>
    </p>
   </div>
   <div class='ocr_carea' id='block_1_97' title="bbox 1963 4197 3544 4274">
    <p class='ocr_par' dir='ltr' id='par_1_97' title="bbox 1963 4197 3544 4274">
     <span class='ocr_line' id='line_1_97' title="bbox 1963 4197 3544 4274; baseline 0.003 -24"><span class='ocrx_word' id='word_1_748' title='bbox 1963 4197 2015 4252; x_wconf 91' lang='lat' dir='ltr'><strong>in</strong></span> <span class='ocrx_word' id='word_1_749' title='bbox 2032 4197 2299 4254; x_wconf 88' lang='lat' dir='ltr'><strong>sinistram</strong></span> <span class='ocrx_word' id='word_1_750' title='bbox 2319 4209 2517 4266; x_wconf 87' lang='lat' dir='ltr'><strong>autem,</strong></span> <span class='ocrx_word' id='word_1_751' title='bbox 2534 4212 2627 4270; x_wconf 87' lang='lat' dir='ltr'><strong>per</strong></span> <span class='ocrx_word' id='word_1_752' title='bbox 2645 4199 2827 4262; x_wconf 87' lang='lat' dir='ltr'><strong>nescio</strong></span> <span class='ocrx_word' id='word_1_753' title='bbox 2842 4213 3001 4272; x_wconf 91' lang='lat' dir='ltr'><strong>quam</strong></span> <span class='ocrx_word' id='word_1_754' title='bbox 3026 4211 3331 4274; x_wconf 87' lang='lat' dir='ltr'><strong>perversam</strong></span> <span class='ocrx_word' id='word_1_755' title='bbox 3349 4206 3402 4256; x_wconf 88' lang='lat' dir='ltr'><strong>et</strong></span> <span class='ocrx_word' id='word_1_756' title='bbox 3419 4213 3544 4268; x_wconf 90' lang='lat' dir='ltr'><strong>pra-</strong></span> 
     </span>
    </p>
   </div>
   <div class='ocr_carea' id='block_1_98' title="bbox 1969 4287 3544 4362">
    <p class='ocr_par' dir='ltr' id='par_1_98' title="bbox 1969 4287 3544 4362">
     <span class='ocr_line' id='line_1_98' title="bbox 1969 4287 3544 4362; baseline 0.001 -20"><span class='ocrx_word' id='word_1_757' title='bbox 1969 4302 2088 4344; x_wconf 86' lang='lat' dir='ltr'><strong>vam</strong></span> <span class='ocrx_word' id='word_1_758' title='bbox 2110 4289 2481 4356; x_wconf 86' lang='lat' dir='ltr'><strong>securitatem,</strong></span> <span class='ocrx_word' id='word_1_759' title='bbox 2519 4306 2579 4350; x_wconf 85' lang='lat' dir='ltr'><strong>se</strong></span> <span class='ocrx_word' id='word_1_760' title='bbox 2610 4300 2860 4362; x_wconf 88' lang='lat' dir='ltr'><strong>tanquam</strong></span> <span class='ocrx_word' id='word_1_761' title='bbox 2888 4291 3108 4359; x_wconf 89' lang='lat' dir='ltr'><strong>impune</strong></span> <span class='ocrx_word' id='word_1_762' title='bbox 3129 4287 3259 4352; x_wconf 87' lang='lat' dir='ltr'><strong>dare</strong></span> <span class='ocrx_word' id='word_1_763' title='bbox 3285 4287 3544 4361; x_wconf 81' lang='lat' dir='ltr'><strong>peccatis.</strong></span> 
     </span>
    </p>
   </div>
   <div class='ocr_carea' id='block_1_99' title="bbox 1965 4377 3546 4451">
    <p class='ocr_par' dir='ltr' id='par_1_99' title="bbox 1965 4377 3546 4451">
     <span class='ocr_line' id='line_1_99' title="bbox 1965 4377 3546 4451; baseline 0.003 -15"><span class='ocrx_word' id='word_1_764' title='bbox 1965 4377 2091 4438; x_wconf 79' lang='lat' dir='ltr'><strong>Vias</strong></span> <span class='ocrx_word' id='word_1_765' title='bbox 2120 4379 2263 4437; x_wconf 89' lang='lat' dir='ltr'><strong>enim</strong></span> <span class='ocrx_word' id='word_1_766' title='bbox 2292 4396 2412 4451; x_wconf 65' lang='lat' dir='ltr'><strong>quae</strong></span> <span class='ocrx_word' id='word_1_767' title='bbox 2437 4395 2467 4436; x_wconf 89' lang='lat' dir='ltr'><strong>a</strong></span> <span class='ocrx_word' id='word_1_768' title='bbox 2495 4381 2696 4440; x_wconf 84' lang='lat' dir='ltr'><strong>dextris</strong></span> <span class='ocrx_word' id='word_1_769' title='bbox 2717 4390 2845 4440; x_wconf 89' lang='lat' dir='ltr'><strong>sunt</strong></span> <span class='ocrx_word' id='word_1_770' title='bbox 2863 4381 3013 4440; x_wconf 89' lang='lat' dir='ltr'><strong>novit</strong></span> <span class='ocrx_word' id='word_1_771' title='bbox 3037 4381 3316 4448; x_wconf 80' lang='lat' dir='ltr'><strong>Dominus,</strong></span> <span class='ocrx_word' id='word_1_772' title='bbox 3344 4379 3437 4451; x_wconf 91' lang='lat' dir='ltr'><strong>qui</strong></span> <span class='ocrx_word' id='word_1_773' title='bbox 3459 4396 3546 4440; x_wconf 79' lang='lat' dir='ltr'><strong>so-</strong></span> 
     </span>
    </p>
   </div>
   <div class='ocr_carea' id='block_1_100' title="bbox 1962 4469 3544 4544">
    <p class='ocr_par' dir='ltr' id='par_1_100' title="bbox 1962 4469 3544 4544">
     <span class='ocr_line' id='line_1_100' title="bbox 1962 4469 3544 4544; baseline 0.002 -18"><span class='ocrx_word' id='word_1_774' title='bbox 1962 4469 2045 4526; x_wconf 89' lang='lat' dir='ltr'><strong>lus</strong></span> <span class='ocrx_word' id='word_1_775' title='bbox 2065 4471 2183 4529; x_wconf 86' lang='lat' dir='ltr'><strong>sine</strong></span> <span class='ocrx_word' id='word_1_776' title='bbox 2211 4484 2431 4543; x_wconf 86' lang='lat' dir='ltr'><strong>peccato</strong></span> <span class='ocrx_word' id='word_1_777' title='bbox 2459 4483 2565 4542; x_wconf 91' lang='lat' dir='ltr'><strong>est,</strong></span> <span class='ocrx_word' id='word_1_778' title='bbox 2591 4482 2646 4530; x_wconf 90' lang='lat' dir='ltr'><strong>et</strong></span> <span class='ocrx_word' id='word_1_779' title='bbox 2677 4484 2862 4532; x_wconf 77' lang='lat' dir='ltr'><strong>nosua</strong></span> <span class='ocrx_word' id='word_1_780' title='bbox 2890 4480 3068 4544; x_wconf 85' lang='lat' dir='ltr'><strong>potest</strong></span> <span class='ocrx_word' id='word_1_781' title='bbox 3093 4472 3274 4532; x_wconf 90' lang='lat' dir='ltr'><strong>delere</strong></span> <span class='ocrx_word' id='word_1_782' title='bbox 3293 4481 3544 4544; x_wconf 86' lang='lat' dir='ltr'><strong>peccata;</strong></span> 
     </span>
    </p>
   </div>
   <div class='ocr_carea' id='block_1_101' title="bbox 1965 4564 3544 4642">
    <p class='ocr_par' dir='ltr' id='par_1_101' title="bbox 1965 4564 3544 4642">
     <span class='ocr_line' id='line_1_101' title="bbox 1965 4564 3544 4642; baseline 0 -22"><span class='ocrx_word' id='word_1_783' title='bbox 1965 4576 2232 4632; x_wconf 69' lang='lat' dir='ltr'><strong>perversa:</strong></span> <span class='ocrx_word' id='word_1_784' title='bbox 2264 4573 2441 4620; x_wconf 88' lang='lat' dir='ltr'><strong>autem</strong></span> <span class='ocrx_word' id='word_1_785' title='bbox 2473 4574 2738 4636; x_wconf 73' lang='lat' dir='ltr'><strong>suntquae</strong></span> <span class='ocrx_word' id='word_1_786' title='bbox 2765 4580 2796 4622; x_wconf 88' lang='lat' dir='ltr'><strong>a</strong></span> <span class='ocrx_word' id='word_1_787' title='bbox 2819 4564 3054 4627; x_wconf 83' lang='lat' dir='ltr'><strong>sinistris</strong></span> <span class='ocrx_word' id='word_1_788' title='bbox 3076 4572 3204 4624; x_wconf 83' lang='lat' dir='ltr'><strong>sunt</strong></span> <span class='ocrx_word' id='word_1_789' title='bbox 3249 4577 3372 4622; x_wconf 89' lang='lat' dir='ltr'><strong>cum</strong></span> <span class='ocrx_word' id='word_1_790' title='bbox 3415 4578 3544 4642; x_wconf 85' lang='lat' dir='ltr'><strong>pec-</strong></span> 
     </span>
    </p>
   </div>
   <div class='ocr_carea' id='block_1_102' title="bbox 1961 4655 3546 4730">
    <p class='ocr_par' dir='ltr' id='par_1_102' title="bbox 1961 4655 3546 4730">
     <span class='ocr_line' id='line_1_102' title="bbox 1961 4655 3546 4730; baseline 0.003 -20"><span class='ocrx_word' id='word_1_791' title='bbox 1961 4655 2118 4713; x_wconf 88' lang='lat' dir='ltr'><strong>catis.</strong></span> <span class='ocrx_word' id='word_1_792' title='bbox 2147 4657 2302 4714; x_wconf 86' lang='lat' dir='ltr'><strong>Tales</strong></span> <span class='ocrx_word' id='word_1_793' title='bbox 2329 4659 2490 4716; x_wconf 88' lang='lat' dir='ltr'><strong>etiam</strong></span> <span class='ocrx_word' id='word_1_794' title='bbox 2515 4659 2593 4714; x_wconf 91' lang='lat' dir='ltr'><strong>illi</strong></span> <span class='ocrx_word' id='word_1_795' title='bbox 2643 4659 2832 4730; x_wconf 85' lang='lat' dir='ltr'><strong>viginti</strong></span> <span class='ocrx_word' id='word_1_796' title='bbox 2858 4673 3121 4722; x_wconf 83' lang='lat' dir='ltr'><strong>annorum</strong></span> <span class='ocrx_word' id='word_1_797' title='bbox 3155 4657 3546 4718; x_wconf 86' lang='lat' dir='ltr'><strong>adolescentuli</strong></span> 
     </span>
    </p>
   </div>
   <div class='ocr_carea' id='block_1_103' title="bbox 1963 4746 3545 4826">
    <p class='ocr_par' dir='ltr' id='par_1_103' title="bbox 1963 4746 3545 4826">
     <span class='ocr_line' id='line_1_103' title="bbox 1963 4746 3545 4826; baseline 0.004 -26"><span class='ocrx_word' id='word_1_798' title='bbox 1963 4746 2185 4817; x_wconf 83' lang='lat' dir='ltr'><strong>figuram</strong></span> <span class='ocrx_word' id='word_1_799' title='bbox 2246 4749 2368 4804; x_wconf 90' lang='lat' dir='ltr'><strong>novi</strong></span> <span class='ocrx_word' id='word_1_800' title='bbox 2427 4749 2608 4820; x_wconf 88' lang='lat' dir='ltr'><strong>populi</strong></span> <span class='ocrx_word' id='word_1_801' title='bbox 2666 4751 3092 4821; x_wconf 69' lang='lat' dir='ltr'><strong>prmmiserunt,</strong></span> <span class='ocrx_word' id='word_1_802' title='bbox 3173 4750 3267 4826; x_wconf 88' lang='lat' dir='ltr'><strong>qui</strong></span> <span class='ocrx_word' id='word_1_803' title='bbox 3323 4751 3380 4808; x_wconf 88' lang='lat' dir='ltr'><strong>in</strong></span> <span class='ocrx_word' id='word_1_804' title='bbox 3440 4758 3545 4807; x_wconf 84' lang='lat' dir='ltr'><strong>ter-</strong></span> 
     </span>
    </p>
   </div>
   <div class='ocr_carea' id='block_1_104' title="bbox 1960 4838 3544 4916">
    <p class='ocr_par' dir='ltr' id='par_1_104' title="bbox 1960 4838 3544 4916">
     <span class='ocr_line' id='line_1_104' title="bbox 1960 4838 3544 4916; baseline 0.005 -26"><span class='ocrx_word' id='word_1_805' title='bbox 1960 4850 2074 4890; x_wconf 91' lang='lat' dir='ltr'><strong>ram</strong></span> <span class='ocrx_word' id='word_1_806' title='bbox 2155 4838 2524 4910; x_wconf 89' lang='lat' dir='ltr'><strong>promissionis</strong></span> <span class='ocrx_word' id='word_1_807' title='bbox 2589 4840 2900 4908; x_wconf 84' lang='lat' dir='ltr'><strong>intrarunt;</strong></span> <span class='ocrx_word' id='word_1_808' title='bbox 2968 4840 3061 4916; x_wconf 90' lang='lat' dir='ltr'><strong>qui</strong></span> <span class='ocrx_word' id='word_1_809' title='bbox 3119 4855 3219 4898; x_wconf 88' lang='lat' dir='ltr'><strong>nec</strong></span> <span class='ocrx_word' id='word_1_810' title='bbox 3283 4842 3339 4896; x_wconf 89' lang='lat' dir='ltr'><strong>in</strong></span> <span class='ocrx_word' id='word_1_811' title='bbox 3405 4840 3544 4898; x_wconf 79' lang='lat' dir='ltr'><strong>dex-</strong></span> 
     </span>
    </p>
   </div>
   <div class='ocr_carea' id='block_1_105' title="bbox 1960 4932 3541 4999">
    <p class='ocr_par' dir='ltr' id='par_1_105' title="bbox 1960 4932 3541 4999">
     <span class='ocr_line' id='line_1_105' title="bbox 1960 4932 3541 4999; baseline 0.003 -16"><span class='ocrx_word' id='word_1_812' title='bbox 1960 4937 2097 4984; x_wconf 91' lang='lat' dir='ltr'><strong>tram</strong></span> <span class='ocrx_word' id='word_1_813' title='bbox 2136 4973 2152 4999; x_wconf 96' lang='lat'><strong>,</strong></span> <span class='ocrx_word' id='word_1_814' title='bbox 2229 4947 2324 4987; x_wconf 88' lang='lat' dir='ltr'><strong>nec</strong></span> <span class='ocrx_word' id='word_1_815' title='bbox 2397 4932 2452 4988; x_wconf 90' lang='lat' dir='ltr'><strong>in</strong></span> <span class='ocrx_word' id='word_1_816' title='bbox 2525 4933 2796 4989; x_wconf 88' lang='lat' dir='ltr'><strong>sinistram</strong></span> <span class='ocrx_word' id='word_1_817' title='bbox 2851 4933 2978 4992; x_wconf 90' lang='lat' dir='ltr'><strong>dicti</strong></span> <span class='ocrx_word' id='word_1_818' title='bbox 3020 4943 3144 4992; x_wconf 84' lang='lat' dir='ltr'><strong>sunt</strong></span> <span class='ocrx_word' id='word_1_819' title='bbox 3214 4933 3541 4991; x_wconf 85' lang='lat' dir='ltr'><strong>declinasse.</strong></span> 
     </span>
    </p>
   </div>
   <div class='ocr_carea' id='block_1_106' title="bbox 1960 5019 3542 5099">
    <p class='ocr_par' dir='ltr' id='par_1_106' title="bbox 1960 5019 3542 5099">
     <span class='ocr_line' id='line_1_106' title="bbox 1960 5019 3542 5099; baseline 0.003 -23"><span class='ocrx_word' id='word_1_820' title='bbox 1960 5019 2075 5078; x_wconf 84' lang='lat' dir='ltr'><strong>Non</strong></span> <span class='ocrx_word' id='word_1_821' title='bbox 2133 5021 2274 5076; x_wconf 89' lang='lat' dir='ltr'><strong>enim</strong></span> <span class='ocrx_word' id='word_1_822' title='bbox 2322 5031 2376 5090; x_wconf 80' lang='lat' dir='ltr'><strong>et</strong></span> <span class='ocrx_word' id='word_1_823' title='bbox 2425 5023 2614 5096; x_wconf 86' lang='lat' dir='ltr'><strong>viginti</strong></span> <span class='ocrx_word' id='word_1_824' title='bbox 2675 5041 2937 5084; x_wconf 86' lang='lat' dir='ltr'><strong>annorum</strong></span> <span class='ocrx_word' id='word_1_825' title='bbox 2993 5035 3127 5082; x_wconf 78' lang='lat' dir='ltr'><strong>tetas</strong></span> <span class='ocrx_word' id='word_1_826' title='bbox 3177 5023 3542 5099; x_wconf 87' lang='lat' dir='ltr'><strong>comparanda</strong></span> 
     </span>
    </p>
   </div>
   <div class='ocr_carea' id='block_1_107' title="bbox 1959 5114 3541 5188">
    <p class='ocr_par' dir='ltr' id='par_1_107' title="bbox 1959 5114 3541 5188">
     <span class='ocr_line' id='line_1_107' title="bbox 1959 5114 3541 5188; baseline 0.006 -21"><span class='ocrx_word' id='word_1_827' title='bbox 1959 5122 2042 5168; x_wconf 89' lang='lat' dir='ltr'><strong>est</strong></span> <span class='ocrx_word' id='word_1_828' title='bbox 2092 5114 2416 5171; x_wconf 77' lang='lat' dir='ltr'><strong>innocentia:</strong></span> <span class='ocrx_word' id='word_1_829' title='bbox 2482 5117 2858 5186; x_wconf 90' lang='lat' dir='ltr'><strong>parvulorum;</strong></span> <span class='ocrx_word' id='word_1_830' title='bbox 2919 5120 3056 5186; x_wconf 87' lang='lat' dir='ltr'><strong>sed,</strong></span> <span class='ocrx_word' id='word_1_831' title='bbox 3109 5119 3161 5174; x_wconf 91' lang='lat' dir='ltr'><strong>ni</strong></span> <span class='ocrx_word' id='word_1_832' title='bbox 3225 5117 3406 5188; x_wconf 88' lang='lat' dir='ltr'><strong>fallor,</strong></span> <span class='ocrx_word' id='word_1_833' title='bbox 3453 5120 3541 5176; x_wconf 90' lang='lat' dir='ltr'><strong>hic</strong></span> 
     </span>
    </p>
   </div>
   <div class='ocr_carea' id='block_1_108' title="bbox 1961 5207 3540 5282">
    <p class='ocr_par' dir='ltr' id='par_1_108' title="bbox 1961 5207 3540 5282">
     <span class='ocr_line' id='line_1_108' title="bbox 1961 5207 3540 5282; baseline 0.006 -22"><span class='ocrx_word' id='word_1_834' title='bbox 1961 5221 2216 5262; x_wconf 91' lang='lat' dir='ltr'><strong>numerus</strong></span> <span class='ocrx_word' id='word_1_835' title='bbox 2267 5207 2548 5278; x_wconf 89' lang='lat' dir='ltr'><strong>mysticum</strong></span> <span class='ocrx_word' id='word_1_836' title='bbox 2615 5212 2814 5282; x_wconf 89' lang='lat' dir='ltr'><strong>aliquid</strong></span> <span class='ocrx_word' id='word_1_837' title='bbox 2858 5211 3139 5267; x_wconf 82' lang='lat' dir='ltr'><strong>adumbrat</strong></span> <span class='ocrx_word' id='word_1_838' title='bbox 3189 5219 3246 5269; x_wconf 90' lang='lat' dir='ltr'><strong>et</strong></span> <span class='ocrx_word' id='word_1_839' title='bbox 3301 5223 3540 5269; x_wconf 80' lang='lat' dir='ltr'><strong>resonat.</strong></span> 
     </span>
    </p>
   </div>
   <div class='ocr_carea' id='block_1_109' title="bbox 1961 5297 3580 5384">
    <p class='ocr_par' dir='ltr' id='par_1_109' title="bbox 1961 5297 3580 5384">
     <span class='ocr_line' id='line_1_109' title="bbox 1961 5297 3580 5384; baseline 0.007 -34"><span class='ocrx_word' id='word_1_840' title='bbox 1961 5297 2126 5354; x_wconf 89' lang='lat' dir='ltr'><strong>Vetus</strong></span> <span class='ocrx_word' id='word_1_841' title='bbox 2150 5301 2292 5355; x_wconf 90' lang='lat' dir='ltr'><strong>enim</strong></span> <span class='ocrx_word' id='word_1_842' title='bbox 2323 5301 2728 5358; x_wconf 85' lang='lat' dir='ltr'><strong>Testamentum</strong></span> <span class='ocrx_word' id='word_1_843' title='bbox 2775 5305 2826 5358; x_wconf 93' lang='lat' dir='ltr'><strong>in</strong></span> <span class='ocrx_word' id='word_1_844' title='bbox 2875 5303 3110 5374; x_wconf 88' lang='lat' dir='ltr'><strong>quinque</strong></span> <span class='ocrx_word' id='word_1_845' title='bbox 3160 5303 3331 5378; x_wconf 86' lang='lat' dir='ltr'><strong>Moysi</strong></span> <span class='ocrx_word' id='word_1_846' title='bbox 3386 5305 3540 5361; x_wconf 84' lang='lat' dir='ltr'><strong>libris</strong></span> <span class='ocrx_word' id='word_1_847' title='bbox 3578 5382 3580 5384; x_wconf 88' lang='lat'><em>_</em></span> 
     </span>
    </p>
   </div>
   <div class='ocr_carea' id='block_1_110' title="bbox 1957 5389 3579 5469">
    <p class='ocr_par' dir='ltr' id='par_1_110' title="bbox 1957 5389 3579 5469">
     <span class='ocr_line' id='line_1_110' title="bbox 1957 5389 3579 5469; baseline 0.007 -23"><span class='ocrx_word' id='word_1_848' title='bbox 1957 5392 2196 5458; x_wconf 80' lang='lat' dir='ltr'><strong>excellit,</strong></span> <span class='ocrx_word' id='word_1_849' title='bbox 2217 5393 2422 5450; x_wconf 82' lang='lat' dir='ltr'><strong>Novum</strong></span> <span class='ocrx_word' id='word_1_850' title='bbox 2454 5404 2635 5452; x_wconf 89' lang='lat' dir='ltr'><strong>autem</strong></span> <span class='ocrx_word' id='word_1_851' title='bbox 2659 5407 2891 5468; x_wconf 84' lang='lat' dir='ltr'><strong>quatuor</strong></span> <span class='ocrx_word' id='word_1_852' title='bbox 2917 5398 3328 5469; x_wconf 82' lang='lat' dir='ltr'><strong>Evangeliorum</strong></span> <span class='ocrx_word' id='word_1_853' title='bbox 3351 5407 3540 5456; x_wconf 78' lang='lat' dir='ltr'><strong>aucto-</strong></span> <span class='ocrx_word' id='word_1_854' title='bbox 3572 5389 3579 5462; x_wconf 58' lang='grc' dir='ltr'><em>Ϊ</em></span> 
     </span>
    </p>
   </div>
   <div class='ocr_carea' id='block_1_111' title="bbox 1959 5483 3543 5562">
    <p class='ocr_par' dir='ltr' id='par_1_111' title="bbox 1959 5483 3543 5562">
     <span class='ocr_line' id='line_1_111' title="bbox 1959 5483 3543 5562; baseline 0.006 -26"><span class='ocrx_word' id='word_1_855' title='bbox 1959 5483 2116 5539; x_wconf 89' lang='lat' dir='ltr'><strong>ritate</strong></span> <span class='ocrx_word' id='word_1_856' title='bbox 2143 5486 2440 5557; x_wconf 68' lang='lat' dir='ltr'><strong>praefulget.</strong></span> <span class='ocrx_word' id='word_1_857' title='bbox 2470 5488 2571 5556; x_wconf 85' lang='lat' dir='ltr'><strong>Qui</strong></span> <span class='ocrx_word' id='word_1_858' title='bbox 2615 5488 2822 5543; x_wconf 86' lang='lat' dir='ltr'><strong>numeri</strong></span> <span class='ocrx_word' id='word_1_859' title='bbox 2853 5503 2950 5558; x_wconf 89' lang='lat' dir='ltr'><strong>per</strong></span> <span class='ocrx_word' id='word_1_860' title='bbox 2994 5504 3053 5546; x_wconf 92' lang='lat' dir='ltr'><strong>se</strong></span> <span class='ocrx_word' id='word_1_861' title='bbox 3085 5490 3423 5562; x_wconf 88' lang='lat' dir='ltr'><strong>multiplicati</strong></span> <span class='ocrx_word' id='word_1_862' title='bbox 3471 5491 3543 5546; x_wconf 85' lang='lat' dir='ltr'><strong>ad</strong></span> 
     </span>
    </p>
   </div>
   <div class='ocr_carea' id='block_1_112' title="bbox 1960 5573 3538 5655">
    <p class='ocr_par' dir='ltr' id='par_1_112' title="bbox 1960 5573 3538 5655">
     <span class='ocr_line' id='line_1_112' title="bbox 1960 5573 3538 5655; baseline 0.008 -29"><span class='ocrx_word' id='word_1_863' title='bbox 1960 5573 2283 5640; x_wconf 87' lang='lat' dir='ltr'><strong>vicenarium</strong></span> <span class='ocrx_word' id='word_1_864' title='bbox 2307 5581 2628 5648; x_wconf 90' lang='lat' dir='ltr'><strong>perveniunt</strong></span> <span class='ocrx_word' id='word_1_865' title='bbox 2653 5597 2664 5632; x_wconf 90' lang='lat'>:</span> <span class='ocrx_word' id='word_1_866' title='bbox 2689 5587 2880 5649; x_wconf 85' lang='lat' dir='ltr'><strong>quater</strong></span> <span class='ocrx_word' id='word_1_867' title='bbox 2908 5582 3050 5636; x_wconf 89' lang='lat' dir='ltr'><strong>enim</strong></span> <span class='ocrx_word' id='word_1_868' title='bbox 3073 5581 3245 5652; x_wconf 88' lang='lat' dir='ltr'><strong>quini,</strong></span> <span class='ocrx_word' id='word_1_869' title='bbox 3278 5583 3363 5640; x_wconf 85' lang='lat' dir='ltr'><strong>vel</strong></span> <span class='ocrx_word' id='word_1_870' title='bbox 3384 5598 3538 5655; x_wconf 88' lang='lat' dir='ltr'><strong>qutu-</strong></span> 
     </span>
    </p>
   </div>
   <div class='ocr_carea' id='block_1_113' title="bbox 1958 5669 3538 5743">
    <p class='ocr_par' dir='ltr' id='par_1_113' title="bbox 1958 5669 3538 5743">
     <span class='ocr_line' id='line_1_113' title="bbox 1958 5669 3538 5743; baseline 0.007 -24"><span class='ocrx_word' id='word_1_871' title='bbox 1958 5670 2110 5736; x_wconf 85' lang='lat' dir='ltr'><strong>quies</strong></span> <span class='ocrx_word' id='word_1_872' title='bbox 2139 5670 2406 5738; x_wconf 89' lang='lat' dir='ltr'><strong>quaterni,</strong></span> <span class='ocrx_word' id='word_1_873' title='bbox 2443 5669 2629 5740; x_wconf 87' lang='lat' dir='ltr'><strong>viginti</strong></span> <span class='ocrx_word' id='word_1_874' title='bbox 2655 5680 2800 5727; x_wconf 86' lang='lat' dir='ltr'><strong>sunt.</strong></span> <span class='ocrx_word' id='word_1_875' title='bbox 2838 5670 2985 5728; x_wconf 89' lang='lat' dir='ltr'><strong>Talis</strong></span> <span class='ocrx_word' id='word_1_876' title='bbox 3011 5673 3241 5742; x_wconf 87' lang='lat' dir='ltr'><strong>populus</strong></span> <span class='ocrx_word' id='word_1_877' title='bbox 3268 5715 3286 5741; x_wconf 91' lang='lat'><strong>,</strong></span> <span class='ocrx_word' id='word_1_878' title='bbox 3319 5680 3381 5729; x_wconf 91' lang='lat' dir='ltr'><strong>ut</strong></span> <span class='ocrx_word' id='word_1_879' title='bbox 3399 5687 3538 5743; x_wconf 73' lang='lat' dir='ltr'><strong>pm-</strong></span> 
     </span>
    </p>
   </div>
   <div class='ocr_carea' id='block_1_114' title="bbox 1955 5755 3536 5834">
    <p class='ocr_par' dir='ltr' id='par_1_114' title="bbox 1955 5755 3536 5834">
     <span class='ocr_line' id='line_1_114' title="bbox 1955 5755 3536 5834; baseline 0.006 -23"><span class='ocrx_word' id='word_1_880' title='bbox 1955 5755 2085 5823; x_wconf 88' lang='lat' dir='ltr'><strong>dixi,</strong></span> <span class='ocrx_word' id='word_1_881' title='bbox 2106 5759 2344 5816; x_wconf 88' lang='lat' dir='ltr'><strong>eruditus</strong></span> <span class='ocrx_word' id='word_1_882' title='bbox 2362 5761 2416 5816; x_wconf 90' lang='lat' dir='ltr'><strong>in</strong></span> <span class='ocrx_word' id='word_1_883' title='bbox 2439 5777 2602 5832; x_wconf 82' lang='lat' dir='ltr'><strong>regno</strong></span> <span class='ocrx_word' id='word_1_884' title='bbox 2625 5761 2904 5827; x_wconf 80' lang='lat' dir='ltr'><strong>cmlorum,</strong></span> <span class='ocrx_word' id='word_1_885' title='bbox 2928 5779 3021 5834; x_wconf 89' lang='lat' dir='ltr'><strong>per</strong></span> <span class='ocrx_word' id='word_1_886' title='bbox 3042 5765 3149 5821; x_wconf 92' lang='lat' dir='ltr'><strong>duo</strong></span> <span class='ocrx_word' id='word_1_887' title='bbox 3171 5765 3536 5831; x_wconf 87' lang='lat' dir='ltr'><strong>Testamenta,</strong></span> 
     </span>
    </p>
   </div>
   <div class='ocr_carea' id='block_1_115' title="bbox 1958 5847 3535 5929">
    <p class='ocr_par' dir='ltr' id='par_1_115' title="bbox 1958 5847 3535 5929">
     <span class='ocr_line' id='line_1_115' title="bbox 1958 5847 3535 5929; baseline 0.007 -27"><span class='ocrx_word' id='word_1_888' title='bbox 1958 5847 2122 5905; x_wconf 81' lang='lat' dir='ltr'><strong>Vetus</strong></span> <span class='ocrx_word' id='word_1_889' title='bbox 2151 5862 2202 5908; x_wconf 92' lang='lat' dir='ltr'><strong>et</strong></span> <span class='ocrx_word' id='word_1_890' title='bbox 2226 5851 2451 5918; x_wconf 84' lang='lat' dir='ltr'><strong>Novum,</strong></span> <span class='ocrx_word' id='word_1_891' title='bbox 2486 5869 2591 5910; x_wconf 91' lang='lat' dir='ltr'><strong>non</strong></span> <span class='ocrx_word' id='word_1_892' title='bbox 2620 5855 2897 5910; x_wconf 88' lang='lat' dir='ltr'><strong>declinans</strong></span> <span class='ocrx_word' id='word_1_893' title='bbox 2929 5857 2979 5912; x_wconf 91' lang='lat' dir='ltr'><strong>in</strong></span> <span class='ocrx_word' id='word_1_894' title='bbox 3011 5857 3278 5926; x_wconf 82' lang='lat' dir='ltr'><strong>dextram,</strong></span> <span class='ocrx_word' id='word_1_895' title='bbox 3307 5860 3535 5929; x_wconf 84' lang='lat' dir='ltr'><strong>superba</strong></span> 
     </span>
    </p>
   </div>
   <div class='ocr_carea' id='block_1_116' title="bbox 1956 5943 3537 6019">
    <p class='ocr_par' dir='ltr' id='par_1_116' title="bbox 1956 5943 3537 6019">
     <span class='ocr_line' id='line_1_116' title="bbox 1956 5943 3537 6019; baseline 0.008 -27"><span class='ocrx_word' id='word_1_896' title='bbox 1956 5943 2370 6010; x_wconf 78' lang='lat' dir='ltr'><strong>praesumptione</strong></span> <span class='ocrx_word' id='word_1_897' title='bbox 2396 5943 2639 6014; x_wconf 64' lang='lat' dir='ltr'><strong>justitia,</strong></span> <span class='ocrx_word' id='word_1_898' title='bbox 2669 5960 2843 6019; x_wconf 83' lang='lat' dir='ltr'><strong>neque</strong></span> <span class='ocrx_word' id='word_1_899' title='bbox 2883 5946 2941 6004; x_wconf 90' lang='lat' dir='ltr'><strong>in</strong></span> <span class='ocrx_word' id='word_1_900' title='bbox 2992 5947 3291 6018; x_wconf 85' lang='lat' dir='ltr'><strong>sinistram,</strong></span> <span class='ocrx_word' id='word_1_901' title='bbox 3345 5961 3537 6007; x_wconf 83' lang='lat' dir='ltr'><strong>secura</strong></span> 
     </span>
    </p>
   </div>
  </div>
