4010 6382
471 741 487 759 κ,

476 767 491 801 5

543 393 678 450 l079

1622 385 1684 441 D.
1724 379 2047 442 EUGYPPII
2086 376 2373 436 ABBATIS
2411 373 2732 432 AFRICANI

3671 374 3792 430 ΗΝ)

536 506 829 564 dilectione
868 502 1097 574 peccati,
1126 501 1181 556 in
1212 506 1409 557 terram
1447 497 1590 554 illius
1618 496 1992 568 promissionis
2035 495 2116 548 in-
2144 492 2196 553 Α
2219 497 2405 545 contra
2427 488 2754 543 voluntatem
2784 485 2960 541 facere
3003 484 3111 540 dici
3132 483 3295 552 solet;
3327 484 3428 540 sed
3457 483 3649 555 utique
3674 488 3791 553 vult,

539 599 722 664 trahit,
753 596 971 665 ubijam
995 601 1212 664 peccata
1244 590 1495 657 ulterius,
1522 605 1623 644 nec
1670 588 1825 642 nobis
1868 584 2118 643 donanda

462 704 487 759 χ
535 700 809 763 optemus,
838 702 938 742 nec
978 686 1030 740 in
1064 684 1219 740 nobis
1249 682 1517 754 punienda
1550 680 1830 737 timeamus
1862 696 1876 733 :
1908 678 1975 733 ab
2025 676 2120 731 illo

530 782 877 849 redemptore
902 777 1144 844 liberati,
1175 776 1267 846 qui
1292 791 1397 830 non
1415 774 1754 830 venundatus
1776 772 1877 828 sub
1897 777 2119 841 peccato

528 872 759 930 redemit
790 868 952 925 Israel
995 867 1064 923 ab
1109 867 1360 924 omnibus
1406 864 1775 936 iniquitatibus
1817 863 1965 933 ejus,
2006 861 2121 916 sive

532 965 744 1037 propria
765 963 1082 1033 cujusquam
1132 962 1243 1017 vita
1275 960 1604 1027 commissis,
1636 959 1751 1014 sive
1786 955 2119 1028 originaliter

528 1060 761 1116 tractis:
795 1074 902 1113 non
943 1057 1088 1113 enim
1139 1070 1328 1127 parum
1374 1055 1673 1109 divinarum
1721 1052 2117 1121 Scripturarum

532 1149 841 1209 auctoritati
863 1149 1183 1220 veritatique
1214 1156 1516 1213 cesserunt,
1545 1147 1634 1215 qui
1676 1147 1777 1203 etsi
1826 1145 2120 1201 noluerunt

528 1245 727 1300 litteris
750 1245 861 1301 suis
886 1252 1072 1315 aperte
1092 1243 1418 1314 exprimere,
1467 1241 1705 1312 parvulis
1743 1237 2117 1296 remissionem

530 1339 892 1394 necessariam
920 1345 1288 1408 peccatorum,
1340 1334 1759 1405 redemptionem
1809 1342 1986 1388 tamen
2036 1330 2117 1386 eis

528 1446 668 1501 opus
698 1445 819 1486 esse
835 1430 1065 1486 confessi
1087 1439 1239 1485 sunt:
1259 1430 1363 1485 alio
1384 1429 1582 1499 quippe
1596 1426 1787 1491 verbo,
1811 1425 1974 1480 etiam
2000 1425 2119 1494 ipso

529 1523 598 1579 de
610 1522 915 1579 Christiana
928 1522 1227 1578 eruditione
1243 1521 1581 1591 deprompta,
1597 1518 1729 1574 nihil
1745 1518 1887 1572 aliud
1901 1516 2117 1572 omnino

529 1617 805 1675 dixerunt.
835 1618 947 1674 Nec
976 1618 1328 1673 dubitandum
1374 1626 1454 1672 est
1484 1617 1567 1671 eis
1588 1615 1679 1686 qui
1710 1614 1887 1669 divina
1918 1614 2116 1683 scripta

528 1710 761 1768 ﬁdeliter
816 1712 1018 1782 legunt,
1054 1711 1286 1767 fideliter
1333 1709 1575 1779 audiunt,
1634 1708 1865 1764 ﬁdeliter
1913 1716 2116 1778 tenent,

528 1806 671 1877 quod
694 1806 761 1861 ab
782 1806 871 1861 illa
905 1821 1086 1874 carne,
1114 1820 1236 1875 quas
1270 1805 1418 1873 prius
1439 1804 1715 1860 voluntate
1740 1802 1945 1873 peccati
1978 1800 2113 1856 facta

2222 588 2439 650 propter
2458 578 2600 649 quod
2623 579 2771 646 facit,
2811 585 3063 647 tanquam
3118 576 3165 631 si
3213 575 3461 647 pejorare
3518 576 3793 650 [peierare]

2223 674 2376 739 nolit,
2408 680 2465 727 et
2488 671 2619 726 facit
2643 686 2763 724 cum
2794 671 2907 724 vult
2932 668 3133 733 vivere,
3179 669 3227 722 si
3256 670 3578 737 quisquam,
3613 668 3793 724 uisite-

2223 764 2380 830 cerit,
2406 772 2633 818 mortem
2664 762 2917 817 minetur.
2950 759 3077 814 Vult
3103 773 3232 828 ergo
3261 757 3469 826 facere,
3511 758 3645 829 quia
3695 759 3794 816 vult

2219 854 2428 909 vivere.
2464 852 2531 907 Et
2559 850 2679 907 ideo
2700 866 2803 906 non
2828 864 2922 920 per
2936 849 3168 921 seipsutn
3192 847 3501 921 appetendo
3532 856 3603 904 ut
3623 847 3792 907 falsum

2216 946 2382 1017 juret,
2407 945 2500 1002 sed
2524 954 2582 999 ut
2629 944 2819 999 falsum
2846 943 3076 1015 jurando
3103 946 3264 997 vivat.
3318 941 3478 1011 Quod
3504 944 3555 997 si
3584 941 3657 997 ita
3698 954 3788 1011 est,

2220 1039 2402 1095 nescio
2434 1046 2609 1093 utrum
2638 1036 2847 1107 possint
2898 1033 3001 1090 dici
3042 1035 3139 1090 ista
3193 1045 3412 1105 peccata
3466 1035 3783 1102 nolentium,

2219 1131 2398 1203 qualia
2432 1131 2518 1187 hic
2537 1130 2789 1186 dicuntur
2810 1129 3091 1198 expianda.
3122 1127 3253 1182 Nam
3277 1128 3325 1183 si
3349 1128 3652 1199 diligenter
3676 1144 3787 1183 con-

2219 1223 2502 1288 sideretur,
2544 1224 2679 1277 forte
2707 1222 2877 1292 ipsum
2916 1234 3137 1292 peccare
3167 1235 3326 1277 nemo
3351 1220 3512 1285 velit;
3566 1221 3664 1275 sed
3687 1237 3770 1289 pro

2220 1326 2340 1385 pter
2359 1316 2500 1371 aliud
2529 1316 2607 1383 fit,
2640 1315 2782 1386 quod
2832 1315 2943 1369 vult
2972 1316 3062 1385 qui
3094 1322 3299 1384 peccat.
3353 1315 3570 1369 Omnes
3618 1314 3791 1384 quippe

2221 1407 2489 1474 homines,
2520 1407 2610 1477 qui
2642 1407 2873 1463 scientes
2904 1404 3103 1460 faciunt
3121 1405 3263 1475 quod
3289 1420 3397 1461 non
3428 1406 3587 1473 licet,
3616 1406 3791 1461 vellent

2222 1500 2439 1556 licere:
2487 1515 2657 1571 usque
2698 1499 2833 1555 adeo
2881 1499 3055 1568 ipsum
3106 1511 3332 1567 peccare
3388 1512 3553 1552 nemo
3613 1498 3789 1567 appetit

2225 1604 2443 1665 propter
2498 1596 2599 1649 hoc
2645 1595 2844 1665 ipsum,
2898 1595 2994 1649 sed
3053 1601 3272 1663 propter
3310 1592 3445 1647 illud
3473 1592 3625 1663 quod
3651 1607 3711 1647 ex
3735 1608 3789 1648 eo

2223 1689 2587 1759 consequitur.
2616 1688 2741 1742 Haec
2768 1687 2814 1742 si
2844 1688 2914 1741 ita
2944 1701 3003 1742 se
3032 1685 3250 1752 habent,
3285 1701 3395 1740 non
3426 1692 3561 1740 sunt
3592 1694 3784 1752 peccata

2222 1783 2539 1849 nolentium,
2586 1781 2687 1836 nisi
2744 1779 3123 1849 nescientium,
3172 1795 3293 1852 qute
3339 1779 3722 1836 discernuntur
3759 1794 3784 1835 ι

526 1902 615 1950 est
640 1909 767 1952 caro
795 1894 1025 1966 peccati,
1054 1873 1311 1963 deinceps
1341 1908 1434 1963 per
1480 1893 1881 1948 successionem
1934 1901 2113 1947 trans-

2225 1876 2450 1945 peccatis
2478 1873 2794 1930 volentium.

529 1995 695 2043 eunte
750 1988 803 2042 in
829 2002 1018 2043 omnes
1075 1985 1487 2057 transcriptione
1527 1984 1829 2053 iniquitatis
1874 1992 1931 2039 et
1960 1998 2105 2039 mor-

527 2081 621 2149 tis,
682 2094 809 2135 caro
866 2080 935 2135 sit
985 2088 1273 2150 propagata
1330 2078 1558 2149 peccati,
1611 2083 1835 2145 excepta
1879 2090 1981 2131 una
2037 2074 2111 2129 si-

529 2173 829 2229 militudine
878 2172 1055 2228 carnis
1100 2171 1325 2241 peccati,
1380 2184 1499 2242 quae
1545 2176 1724 2225 tamen
1775 2181 1882 2223 non
1940 2176 2107 2232 esset,

530 2267 630 2322 nisi
679 2274 822 2322 esset
864 2281 990 2321 caro
1045 2265 1271 2336 peccati.
1334 2265 1409 2320 De
1473 2262 1648 2319 anima
1697 2276 1865 2328 vero,
1932 2269 2107 2316 utrum

530 2366 582 2413 et
605 2358 718 2428 ipsa
748 2357 936 2413 eodem
970 2358 1128 2413 modo
1156 2364 1467 2427 propagata,
1500 2363 1654 2411 reatu
1677 2354 1770 2423 qui
1792 2354 1840 2407 ei
1870 2352 2111 2407 dimitta-

528 2459 615 2507 tur
641 2450 897 2506 obstriCta
925 2452 994 2505 sit
1028 2451 1225 2521 (neque
1253 2450 1394 2506 enim
1431 2461 1712 2518 possumus
1736 2446 1918 2502 dicere
1939 2446 2107 2502 solam

522 2556 740 2599 carnem
770 2542 999 2613 parvuli,
1043 2556 1147 2597 non
1176 2544 1339 2598 etiam
1367 2543 1601 2597 animam
1636 2539 1879 2611 indigere
1931 2540 2106 2593 salva-

522 2636 657 2691 toris
686 2646 740 2691 et
770 2636 1129 2705 redemptoris
1158 2634 1380 2703 auxilio,
1438 2634 1780 2703 alienamque
1807 2646 1929 2687 esse
1952 2631 2018 2685 ab
2047 2644 2110 2685 ea

521 2731 816 2801 gratiarum
844 2729 1054 2785 actione
1085 2743 1205 2799 quae
1228 2729 1280 2784 in
1312 2726 1529 2798 psalmis
1554 2734 1658 2795 est,
1690 2724 1778 2780 ubi
1802 2724 2029 2793 legimus
2054 2729 2112 2777 et

525 2823 751 2879 dicimus
785 2841 796 2875 :
829 2823 1084 2890 Benedic,
1119 2822 1295 2877 anima
1325 2836 1465 2891 mea,
1504 2819 1751 2886 Domino,
1775 2811 2111 2872 etnoliobli-

521 2914 659 2970 visci
691 2929 880 2972 omnes
907 2915 1289 2971 retributiones
1323 2915 1461 2984 ejus.
1498 2912 1587 2981 qui
1616 2909 1881 2981 propitius
1908 2905 1966 2961 ﬁt
1994 2919 2113 2961 om-

524 3007 679 3062 nibus
707 3008 1085 3077 iniquitatibus
1118 3008 1244 3073 tuis,
1270 3007 1361 3077 qui
1410 3013 1564 3059 sanat
1592 3016 1781 3058 omnes
1826 3001 2111 3066 languores

524 3114 665 3163 tuos,
702 3101 789 3168 qui
842 3100 1075 3155 redemit
1116 3100 1184 3153 de
1217 3098 1562 3169 corruptione
1592 3096 1759 3151 vitam
1807 3092 2011 3163 tuam);
2043 3106 2110 3146 an

530 3191 682 3245 etiam
715 3206 819 3244 non
844 3200 1132 3261 propagata
1155 3205 1221 3246 eo
1250 3192 1366 3258 ipso
1392 3204 1499 3259 quo
1527 3189 1675 3242 carni
1698 3185 1899 3255 peccati
1919 3197 2110 3254 aggra-

2695 1984 2921 2043 CAPUT
2947 1981 3310 2040 CCCXLVIII.

2214 2080 2293 2134 De
2318 2096 2380 2135 eo
2410 2080 2549 2149 quod
2588 2080 2838 2150 scriptum
2877 2087 2971 2142 est,
3012 2074 3153 2150 _Non_
3188 2075 3473 2130 morientur
3517 2085 3782 2150 patrespre

2284 2147 2431 2221 ﬁliis,
2459 2161 2505 2205 et
2534 2153 2598 2204 de
2624 2147 2846 2219 eo'quod
2871 2150 2965 2221 ait,
3001 2147 3243 2221 Reddam
3264 2158 3491 2221 peccath
3512 2157 3705 2216 parum
3731 2148 3780 2201 in

2283 2218 2455 2292 ﬁlios;
2484 2239 2548 2276 ea:
2570 2222 2702 2275 libro
2724 2218 3084 2289 'Qumtionum
3119 2218 3503 2272 Denteronom'i.

2284 2334 2397 2389 Non
2420 2335 2716 2389 morientur
2744 2342 2920 2401 patres
2943 2346 3038 2402 pro
3058 2330 3206 2396 ﬁliis,
3232 2340 3284 2386 et
3308 2330 3393 2386 ﬁlii
3420 2345 3521 2383 non
3542 2331 3765 2385 morien-

2216 2439 2303 2486 tur
2325 2444 2426 2501 pro
2444 2427 2707 2499 patribus,
2734 2426 3097 2496 unusquisque
3125 2422 3229 2498 [in]
3246 2439 3339 2479 suo
3358 2432 3567 2493 peccato
3584 2423 3775 2477 morie-

2215 2530 2320 2575 tur.
2357 2520 2496 2574 Ecce
2528 2533 2637 2573 non
2668 2518 2839 2573 solum
2873 2516 3151 2586 prophetae
3182 2515 3286 2571 hoc
3313 2514 3578 2581 dixerunt,
3603 2530 3776 2568 verum

2217 2613 2380 2667 etiam
2412 2612 2495 2667 lex
2524 2608 2674 2673 dicit,
2716 2622 2813 2664 sua
2851 2608 3008 2676 culpa
3052 2620 3321 2677 quemque
3364 2605 3774 2668 interimendum,

2219 2717 2323 2758 non
2356 2711 2448 2758 aut
2468 2701 2636 2773 patris
2660 2700 2743 2755 sui
2765 2707 2857 2754 aut
2887 2698 2985 2753 lilii
3032 2698 3133 2752 sui.
3165 2696 3301 2763 Quid
3354 2705 3437 2752 est
3490 2710 3614 2765 ergo
3657 2695 3775 2767 quod

2215 2796 2342 2851 alibi
2373 2795 2571 2851 dicitur
2591 2793 2733 2847 Deus
2756 2790 2987 2848 reddens
3019 2788 3169 2862 [dicit
3192 2789 3356 2853 Deus,
3396 2786 3653 2858 Reddam]
3673 2802 3773 2856 pec-

2215 2898 2330 2945 cata
2350 2897 2559 2960 patrum
2581 2887 2634 2942 in
2658 2886 2795 2941 ﬁlios
2821 2885 2873 2941 in
2896 2885 3104 2940 tertiam
3122 2892 3177 2937 et
3190 2892 3443 2954 quartam
3469 2878 3766 2951 progeniem?

2215 2990 2296 3045 An
2346 2987 2415 3042 de
2461 2986 2586 3040 ﬁliis
2616 2982 2854 3039 nondum
2901 2981 3040 3037 natis
3067 2980 3194 3036 illud
3225 2979 3547 3051 intelligitur
3593 2987 3766 3049 propter

2216 3080 2475 3153 originale
2499 3087 2799 3150 peccatum,
2827 3076 2969 3147 quod
2992 3074 3152 3131 etiam
3180 3089 3246 3130 ex
3265 3073 3445 3129 Adam
3468 3074 3620 3129 traxit
3637 3082 3759 3143 gem

2218 3170 2555 3227 humanum?
2600 3170 2701 3225 Hic
2743 3177 2923 3224 autem
2952 3168 3018 3221 de
3049 3164 3176 3220 filiis
3212 3162 3325 3234 jam
3365 3166 3518 3220 natis
3551 3176 3618 3221 est
3652 3163 3742 3215 iam

531 3280 695 3335 randa
720 3258 999 3346 miscetur,
1018 3258 1136 3351 “jam
1162 3280 1334 3351 ipsius
1361 3258 1567 3350 peccati
1592 3275 1907 3332 remissione
1936 3281 1991 3327 et
2017 3285 2113 3326 sua
2144 3283 2189 3347 ρ
2219 3265 2517 3332 distinctio,
2549 3273 2607 3318 ut
2635 3261 3003 3332 unusquisque
3032 3259 3083 3314 in
3126 3273 3225 3313 suo
3275 3269 3514 3327 peccato
3542 3258 3729 3311 meum.

531 3373 896 3444 redemptione
911 3387 1045 3444 opus
1067 3373 1281 3439 habeat,
1296 3371 1407 3427 Deo
1419 3385 1517 3441 per
1532 3382 1799 3425 summam
1812 3362 2101 3436 prmscien-

526 3468 649 3523 tiam
675 3468 973 3537 judicante,
1022 3466 1116 3537 qui
1157 3464 1502 3536 parvulorum
1546 3462 1615 3518 ab
1652 3462 1756 3517 isto
1799 3464 1950 3514 reatu
2001 3470 2107 3511 non

529 3573 834 3620 mereantur
858 3562 1088 3628 absolvi,
1108 3561 1269 3616 etiam
1301 3560 1390 3630 qui
1415 3558 1650 3613 nondum
1677 3555 1811 3619 nati,
1843 3551 1973 3607 nihil
2003 3549 2105 3604 ali-

530 3657 645 3714 cubi
671 3656 886 3727 propria
915 3671 1008 3711 sua
1040 3656 1147 3710 vita
1176 3662 1425 3725 egerunt,
1459 3651 1541 3706 vel
1568 3649 1716 3713 boni,
1749 3646 1832 3700 vel
1864 3643 2024 3709 mali;
2056 3649 2111 3697 et

528 3749 793 3817 quomodo
840 3748 1023 3811 Deus,
1082 3746 1293 3801 etiamsi
1353 3758 1458 3798 non
1517 3742 1586 3798 de
1634 3730 1854 3795 traduce
1904 3737 2110 3790 animos

530 3848 697 3905 creat,
722 3856 828 3894 non
852 3840 922 3894 sit
947 3849 1126 3894 tamen
1150 3846 1336 3893 auctor
1364 3847 1546 3892 reatus
1594 3834 1854 3905 ejusdem,
1887 3838 2112 3901 propter

531 3946 683 4001 quem
715 3931 1012 4001 redemptio
1041 3929 1366 3986 sacramenti
1396 3926 1698 3983 necessaria
1726 3933 1808 3979 est
1836 3930 1891 3978 et
1919 3919 2111 3975 anima:

530 4022 729 4077 oarvuli
758 4038 773 4076 :
805 4036 994 4090 magna
1017 4019 1246 4091 quaestio
1266 4028 1367 4084 est,
1399 4017 1666 4085 aliamque
1692 4013 2111 4083 disputationem

529 4112 817 4178 desiderat,
851 4127 915 4168 eo
937 4120 1141 4176 tamen,
1168 4120 1425 4180 quantum
1449 4107 1708 4171 arbitror,
1740 4101 2113 4160 moderamine

529 4212 912 4275 temperatam,
972 4213 1031 4259 ut
1080 4203 1252 4274 magis
1304 4200 1583 4270 inquisitio
1637 4206 1792 4253 cauta
1841 4195 2111 4260 laudetur,

530 4313 687 4368 quam
715 4297 1049 4366 praecipitata
1085 4292 1515 4365 reprehendatur
1535 4289 1787 4346 assertio.
1842 4286 1943 4343 Ubi
1971 4286 2115 4341 enim

530 4390 597 4443 de
628 4406 689 4444 re
716 4389 1099 4446 obscurissima
1124 4387 1449 4457 disputatur,
1484 4400 1590 4440 non
1632 4379 2008 4451 adjuvantibus
2037 4378 2118 4433 di-

531 4470 780 4535 vinarum
821 4481 1199 4537 auctoritatum
1248 4480 1411 4534 certis
1464 4476 1729 4546 clarisque
1756 4471 2113 4537 documentis,

532 4572 789 4628 cohibere
817 4587 877 4629 se
906 4574 1071 4629 debet
1102 4573 1332 4628 humana
1363 4568 1731 4641 pratsumptio,
1758 4565 1891 4620 nihil
1916 4563 2119 4619 faciens

2220 3360 2337 3415 Non
2362 3358 2506 3415 enim
2529 3357 2692 3413 trahit
2717 3354 2911 3426 aliquid
2941 3364 3095 3410 extra
3117 3352 3203 3424 [ex
3235 3351 3446 3423 patre],
3480 3352 3566 3423 qui
3584 3351 3740 3419 iamm-

2215 3462 2298 3507 tus
2320 3459 2454 3514 erat,
2488 3449 2700 3521 quando
2724 3457 2877 3518 pater
2906 3446 3022 3517 ejus
3048 3446 3322 3516 peccavit;
3371 3446 3473 3501 sed
3503 3460 3614 3500 cum
3638 3438 3753 3497 stibi

2214 3542 2362 3611 dicit,
2387 3541 2478 3596 llis
2509 3540 2596 3611 qui
2627 3541 2855 3596 oderunt
2895 3554 3005 3605 me,
3037 3536 3385 3593 manifestum
3406 3547 3495 3593 est
3531 3537 3679 3593 etiam
3712 3532 3764 3586 il-

2217 3635 2320 3689 lam
2351 3635 2714 3690 conditionem
2737 3646 2895 3702 posse
2915 3631 3134 3699 mutari,
3176 3630 3221 3685 si
3253 3629 3353 3685 ﬁlii
3380 3639 3651 3700 parentum
3672 3638 3773 3680 suo-

2216 3740 2333 3780 rum
2365 3725 2499 3779 facta
2532 3739 2635 3779 non
2667 3722 2866 3779 fuerint
2894 3721 3107 3776 imitati.
3142 3719 3279 3776 Nam
3302 3730 3358 3777 et
3380 3719 3505 3775 illud
3527 3734 3593 3773 ex
3625 3718 3778 3770 Adam

2218 3815 2584 3886 temporaliter
2606 3814 2869 3881 redditur,
2897 3814 3019 3885 quia
3071 3826 3265 3868 omnes
3313 3821 3517 3881 propter
3544 3810 3644 3863 hoc
3670 3822 3787 3860 mo-

2216 3909 2452 3974 riu-tur;
2477 3922 2584 3963 non
2604 3906 2863 3962 autemin
2892 3914 3152 3962 aeternum
3195 3905 3282 3960 eis
3318 3903 3399 3974 qui
3443 3899 3642 3955 fuerint
3687 3914 3790 3969 per

2217 4002 2441 4072 gratiam
2470 4000 2782 4070 spiritaliter
2811 3999 3132 4070 regenerati,
3186 3999 3240 4053 in
3284 4011 3450 4069 eaque
3484 4007 3791 4065 permanse-

2218 4096 2328 4149 rint
2354 4107 2522 4164 usque
2544 4094 2597 4147 in
2622 4092 2811 4158 ﬁnem;
2835 4092 3078 4163 quamvis
3092 4099 3149 4146 et
3167 4090 3295 4145 illud
3315 4089 3510 4145 merito
3522 4087 3687 4160 quati
3705 4100 3787 4155 pos

2221 4189 2312 4255 sit,
2344 4186 2389 4243 si
2411 4186 2710 4243 redduntur
2756 4192 2974 4255 peccata
3027 4194 3236 4253 patrum
3268 4182 3323 4237 in
3381 4182 3545 4245 ﬁlios,
3594 4180 3679 4233 his
3727 4194 3787 4247 qu

2223 4280 2660 4344 oderuntDeum,
2691 4294 2788 4334 cur
2810 4278 2864 4332 in
2898 4278 3109 4333 tertiam
3140 4286 3194 4333 et
3225 4284 3475 4346 quartam
3516 4273 3800 4345 generatio-

2222 4390 2345 4429 nem
2371 4372 2528 4446 IM
2553 4372 2635 4428 vel
2661 4372 3018 4442 prtetermissa
3046 4373 3213 4440 prima
3233 4378 3288 4424 et
3311 4368 3582 4435 secunda,
3606 4366 3688 4421 vel
3708 4379 3795 4418 non

2220 4467 2462 4523 etiamin
2508 4476 2730 4523 caeteras
2760 4474 3109 4536 permanente
3155 4465 3429 4533 impietate
3482 4473 3543 4519 et
3574 4460 3802 4517 imitatio-

2224 4578 2290 4617 ne
2318 4560 2581 4616 malorum
2622 4567 2931 4630 parentum;
2966 4571 3032 4612 an
3063 4570 3157 4627 per
3180 4558 3323 4611 hunc
3347 4570 3673 4617 numerum,
3694 4564 3801 4619 quo-

532 4667 587 4724 in
635 4678 842 4741 partem
874 4672 1095 4727 alteram
1125 4669 1481 4735 declinando;
1514 4668 1615 4724 etsi
1660 4668 1803 4722 enim
1846 4664 2123 4736 quodlibet
2147 4684 2205 4747 Β
2226 4656 2371 4712 niam
2398 4653 2736 4721 septenarius
2767 4652 3103 4722 intelligitur,
3149 4651 3577 4706 universitatem
3629 4646 3809 4718 signiﬁ-

534 4763 725 4817 horum
800 4763 1250 4831 quemadmodum
1309 4759 1669 4817 demonstrari
1738 4766 1794 4813 et
1868 4757 2124 4825 explicari

534 4857 708 4928 possit
740 4856 983 4924 ignorem
1009 4872 1023 4922 ;
1053 4856 1181 4910 illud
1222 4865 1401 4911 tamen
1423 4854 1607 4920 credo,
1629 4851 1771 4922 quod
1806 4848 2127 4919 etiamzhinc

534 4948 837 5004 divinorum
867 4948 1205 5018 eloquiorum
1243 4948 1539 5003 clarissima
1562 4944 1854 5001 auctoritas
1883 4952 2047 5008 esset,
2078 4943 2126 4996 si

537 5042 700 5098 homo
728 5040 779 5095 id
809 5040 929 5098 sine
975 5039 1259 5111 dispendio
1302 5041 1586 5110 promissae
1640 5037 1833 5096 salutis
1876 5037 2126 5106 ignorare

538 5149 645 5191 non
676 5142 879 5204 posset.

1032 5261 1256 5322 CAPUT
1296 5250 1638 5318 CCCXLVII.

543 5379 673 5448 Qua:
692 5379 798 5436 sint
817 5387 1027 5453 peccata
1052 5377 1371 5453 nolentium;
1491 5374 1624 5429 libro
1656 5372 2012 5441 Quaestionum
2059 5370 2126 5426 li-

1111 5449 1189 5505 bri
1216 5448 1586 5505 Numerorum.

611 5567 766 5636 Quod
799 5566 1111 5637 praccipitur
1137 5566 1407 5637 quomodo
1438 5562 1727 5633 expientur
1755 5567 1974 5631 peccata
2005 5574 2127 5629 qua:

547 5673 652 5715 non
678 5668 872 5729 sponte
897 5659 1329 5724 committuntur,
1372 5659 1566 5712 merito
1587 5654 1849 5723 quaeritur
1875 5668 1994 5723 quas
2024 5653 2131 5708 sint

542 5764 660 5816 :psa
690 5758 913 5819 peccata
951 5749 1247 5804 nolentium
1280 5763 1295 5802 :
1328 5756 1507 5802 utrum
1538 5761 1659 5816 quae
1696 5761 1726 5800 a
1768 5743 2132 5799 nescientibus

545 5839 980 5904 committuntur,
1010 5852 1077 5893 an
1108 5836 1269 5894 etiam
1300 5836 1469 5907 possit
1512 5847 1659 5892 recte
1687 5836 1795 5891 dici
1854 5843 2134 5904 peccatum

550 5943 673 5985 esse
705 5929 962 5994 nolentis,
993 5930 1136 5997 quod
1168 5929 1348 5986 facere
1377 5928 1720 5997 compellitur
1751 5944 1764 5995 ξ
1798 5940 1919 5982 nam
1953 5932 2008 5980 et
2035 5925 2137 5979 hoc

2230 4764 2353 4804 care
2368 4746 2555 4814 voluit,
2578 4756 2635 4802 et
2652 4746 2771 4802 ideo
2788 4761 2893 4817 non
2914 4747 3084 4815 ipsum
3111 4759 3214 4800 non
3240 4745 3417 4813 potius
3456 4744 3811 4815 septenarium

2230 4841 2429 4912 posuit,
2462 4850 2520 4893 ut
2549 4840 2751 4895 diceret
2776 4839 2828 4893 in
2855 4838 3133 4908 septimam
3180 4835 3599 4907 generationem
3619 4880 3636 4903 ,
3660 4850 3719 4889 ac
3756 4832 3817 4885 sic

2231 4932 2404 4987 omnis
2433 4931 2841 5002 intelligeretur,
2872 4931 2995 5000 quia
3023 4944 3235 4984 causam
3270 4927 3641 4998 perfectionis
3684 4927 3819 4991 hujm

2231 5026 2440 5082 numeri
2474 5027 2574 5078 hoc
2601 5023 2762 5079 modo
2784 5024 2959 5093 potius
2986 5021 3272 5075 intimavit.
3294 5020 3418 5074 Ideo
3449 5036 3705 5091 namque
3730 5032 3822 5087 pcr-

2231 5115 2448 5170 hibetur
2476 5115 2765 5184 perfectus,
2794 5114 2918 5182 quia
2938 5114 3026 5182 fex
3054 5112 3138 5167 his
3168 5110 3376 5166 duobus
3416 5121 3653 5167 constat
3690 5126 3706 5164 :
3737 5120 3823 5161 ter-

2232 5209 2385 5263 nario
2405 5207 2610 5263 scilicet
2632 5206 2802 5276 primo
2824 5204 3015 5274 impari
3040 5213 3174 5269 toto,
3199 5212 3255 5258 et
3274 5205 3653 5272 quaternario
3682 5204 3831 5273 primo

2231 5300 2349 5372 pari
2380 5307 2513 5353 toto.
2542 5295 2699 5353 Unde
2720 5309 2840 5351 esse
2869 5302 2925 5351 et
2961 5294 3093 5349 illud
3138 5292 3528 5362 propheticum
3573 5293 3831 5349 existimo.

2232 5391 2372 5463 quod
2403 5388 2617 5446 assidue
2640 5387 2939 5457 repetitur:
2967 5386 3021 5440 ln
3043 5384 3213 5440 tribus
3240 5392 3295 5440 et
3318 5393 3570 5453 quatuor
3602 5384 3812 5453 impieta

2235 5484 2378 5538 tibus
2430 5496 2538 5537 non
2592 5479 2916 5535 aversahor:
2956 5491 3050 5546 per
3104 5475 3245 5545 quod
3301 5472 3483 5529 voluit
3537 5476 3835 5545 impie-tates

2233 5577 2511 5633 universas
2531 5573 2710 5644 potius
2743 5586 2902 5639 quam
2934 5580 3043 5624 tres
3067 5570 3149 5624 vel
3176 5576 3409 5638 quatuor
3438 5566 3723 5639 intelligi.

2762 5682 2989 5738 CAPUT
3024 5678 3341 5735 CCCXLIX.

2242 5781 2392 5851 Quod
2437 5779 2669 5851 exemplo
2704 5774 3236 5851 Domini-temporalis
3256 5774 3660 5851 contemnenda
3687 5770 3755 5823 sit
3784 5780 3851 5851 ξε-

2312 5845 2393 5905 lus
2439 5860 2486 5904 et
2530 5838 2615 5920 qui
2662 5846 2817 5919 [qua]
2866 5848 2988 5917 [iliis
3014 5838 3115 5920 Joh
3162 5843 3489 5920 resurrectio.

2312 5932 2416 5980 tur.
2447 5921 2524 5976 vel
2543 5908 2614 5976 ἀθ
2637 5908 2942 5975 sustinentia
2960 5916 3189 5985 eiusdem
3211 5913 3333 5980 Job.
3362 5930 3423 5971 ac
3446 5912 3574 5981 ﬁde
3606 5908 3847 5970 Basilii
