4010 6382
278 406 410 464 1081

1469 408 1690 468 THESA
1700 403 1902 466 URUS.
1941 405 2095 462 CAP.
2137 407 2328 465 CCCL.

3414 421 3556 479 1082

340 526 817 604 ρειιιηιᾳμεηιρηιρζὶ
846 541 947 604 non
984 525 1141 604 fuisse
1167 526 1430 604 parietem,
1458 529 1741 604 Mquidem
1761 545 1850 584 vo—
1878 527 1924 583 A
1955 539 2075 593 qua:
2104 526 2154 580 in
2185 525 2407 580 domino
2437 535 2845 594 pracesscrunt.
2874 527 2976 583 Job
2997 543 3130 601 ergo
3167 531 3232 587 de
3255 533 3358 588 illis
3383 540 3549 604 patri.

343 599 473 653 lunt.
503 597 586 650 Ea:
609 597 738 650 libro
761 599 822 652 de
848 596 1028 651 Gratia
1059 597 1194 651 Novi
1225 598 1555 653 Testameuti.

340 712 562 766 Mortem
605 709 787 766 intulit
839 711 998 766 homo
1043 712 1146 766 sibi
1180 711 1423 782 Filioque
1473 712 1740 780 hominis;
1767 714 1848 769 vi-

266 815 377 860 tam
445 818 573 859 vero
645 804 823 859 attulit
890 806 1092 860 homini
1161 806 1398 862 moriens
1453 816 1506 862 et
1563 823 1847 879 resurgens

269 897 434 952 Filius
488 896 756 965 hominis,
831 897 1177 968 opprobrium
1238 898 1508 955 hominum
1560 910 1616 956 et
1662 901 1845 972 abjec-

264 989 343 1044 tio
388 990 556 1059 plebis
610 1005 779 1060 usque
836 991 904 1046 ad
959 999 1208 1046 mortem.
1252 991 1362 1047 Hoc
1407 992 1549 1048 enim
1577 994 1744 1049 voluit
1790 995 1842 1050 in

261 1091 554 1152 conspectu
600 1083 940 1139 inimicorum
970 1086 1095 1154 pati,
1129 1099 1235 1154 quo
1262 1100 1384 1140 eum
1409 1095 1662 1156 tanquam
1693 1088 1847 1145 dere—

258 1176 444 1231 lictum
490 1186 774 1247 putarent,
817 1187 875 1233 ut
921 1179 1088 1248 gratia
1138 1180 1602 1236 commendaretur
1649 1182 1844 1238 Testa-

259 1273 424 1326 menti
455 1271 610 1338 Novi,
637 1287 738 1342 qua
768 1272 1098 1328 disceremus
1133 1272 1291 1328 aliam
1319 1289 1562 1344 qumrere
1615 1274 1844 1330 felicita-

258 1372 392 1428 tem,
423 1380 539 1434 qua:
569 1381 708 1420 nunc
749 1375 832 1420 est
864 1367 914 1419 in
947 1365 1074 1432 ﬁde,
1106 1374 1292 1435 postea
1314 1382 1442 1422 vero
1492 1369 1594 1424 erit
1638 1369 1690 1422 in
1721 1383 1844 1437 spe-

253 1455 360 1511 cie.
392 1457 636 1523 Quandiu
659 1458 805 1513 enim
841 1471 1026 1512 sumus
1056 1459 1106 1512 in
1137 1473 1386 1527 corpore,
1418 1459 1494 1514 ait
1521 1460 1836 1530 Apostolus,

251 1549 656 1618 peregrinamur
675 1565 705 1604 a
724 1550 985 1615 Domino;
1023 1566 1115 1618 per
1133 1549 1292 1606 ﬁdem
1311 1551 1454 1606 enim
1477 1552 1840 1622 ambulamus,

251 1655 360 1696 non
397 1657 493 1711 per
521 1643 790 1712 speciem;
821 1653 876 1697 et
917 1643 1037 1698 ideo
1069 1659 1210 1700 nunc
1238 1645 1313 1714 ,in
1346 1659 1466 1714 spe,
1498 1655 1625 1701 tunc
1667 1647 1722 1702 in
1757 1663 1836 1702 re.

250 1736 494 1806 Denique
539 1739 990 1794 resurrectionem
1044 1753 1235 1805 suam,
1294 1754 1455 1808 quam
1501 1741 1652 1813 [non]
1705 1743 1842 1796 sicut

249 1837 494 1883 nostram
526 1830 579 1883 in
611 1829 827 1898 longum
875 1829 1080 1886 diﬁerri
1111 1830 1434 1900 oportebat,
1485 1840 1542 1886 ut
1577 1833 1629 1886 in
1658 1847 1840 1888 exem-

1952 617 2052 671 bus
2083 626 2198 672 erat
2227 619 2319 688 qui
2347 618 2804 683 exclamaverunt,
2835 621 3045 674 etsalvi
3081 619 3204 676 facti
3238 634 3384 680 sunt.
3413 627 3545 683 Cum

1951 711 2097 765 enim
2126 710 2289 776 dicit,
2332 712 2443 783 Ego
2501 723 2701 778 autem,
2756 713 2889 767 satis
2940 715 3174 769 insinuat
3220 733 3320 786 qua
3377 720 3550 778 salute
3604 674 3631 826 ἐ

1951 803 2067 826 In..-
2113 805 2287 826 --._--_
2339 819 2451 826 η---
2700 805 2826 826 ψη.
3432 812 3443 823 -

1946 803 2070 859 illos
2111 805 2288 858 salvos
2334 819 2454 861 esse
2496 805 2667 861 factos
2700 805 2831 861 velit
2877 806 3124 877 intelligi,
3175 808 3230 864 in
3281 826 3384 880 qua
3429 812 3546 882 ipse
3608 803 3620 844 ³

1951 895 2130 964 utique
2179 896 2465 952 derelictus
2510 907 2624 961 est,
2655 913 2760 952 non
2803 913 2910 968 quo
2942 898 3076 954 illia
3107 901 3281 972 salute
3340 913 3542 960 acterna
3613 895 3622 957 ἑ

1950 988 2150 1044 fuerint
2198 989 2382 1056 alieni,
2432 989 2527 1045 sed
2573 992 2624 1045 in
2671 992 2882 1046 occulto
2936 1001 3061 1047 tunc
3113 1004 3250 1061 erat,
3303 997 3443 1064 quod
3470 997 3546 1068 {in
3611 982 3620 992 ’

1948 1080 2164 1136 Christo
2194 1079 2365 1136 fuerat
2396 1083 2762 1138 revelandum.
2803 1083 2860 1138 In
2893 1083 3088 1141 Vetere
3128 1085 3324 1157 quippe
3352 1089 3546 1144 Testa-

1954 1182 2138 1230 mento
2189 1175 2429 1231 velamen
2470 1186 2552 1232 est
2601 1177 2745 1247 quod
2796 1186 2920 1232 tunc
2968 1178 3264 1246 auferetur;
3307 1196 3427 1237 cum
3479 1182 3546 1239 ad

1948 1267 2221 1324 Christum
2247 1269 2477 1340 quisque
2505 1270 2626 1326 inde
2658 1273 2951 1336 transierit,
2977 1290 3081 1343 quo
3102 1276 3366 1330 cruciﬁxo
3398 1279 3545 1332 vela-

1949 1382 2070 1421 meu
2102 1368 2262 1423 etiam
2287 1367 2471 1436 templi
2500 1367 2730 1422 scissum
2755 1377 2856 1433 est,
2887 1377 2946 1421 ut
2969 1369 3365 1437 significaretur
3396 1371 3538 1440 quod

1947 1459 2238 1527 Apostolus
2303 1458 2369 1512 de
2416 1455 2679 1512 velamine
2733 1455 2940 1513 Veteris
2993 1457 3325 1515 Testamenti
3376 1459 3542 1531 dixit,

1946 1551 2198 1621 quoniam
2230 1551 2280 1606 in
2309 1549 2528 1606 Christo
2557 1561 2872 1606 evacuatur.

2523 1682 2754 1739 CAPUT
2783 1681 2976 1740 CCCL.

1947 1776 2088 1844 Quid
2123 1775 2474 1828 adamandum
2519 1775 2622 1841 sit;
2659 1791 2722 1830 ea:
2769 1775 2900 1830 libro
2936 1777 3287 1844 Quwstionum
3317 1795 3534 1838 Lxxxtv.

243 1920 336 1990 plo
379 1921 555 1975 carnis
586 1923 702 1988 ejus
742 1922 1074 1978 disceremus
1119 1923 1246 1994 quid
1294 1923 1346 1978 in
1389 1932 1570 1979 nostra
1619 1938 1822 1991 sperart

2020 1911 2282 1978 Quoniam
2337 1911 2595 1982 quidquid
2641 1926 2748 1967 non
2799 1912 2930 1968 vivit
2973 1929 3080 1970 non
3111 1917 3320 1984 metuit,
3367 1934 3541 1989 neque

240 2013 590 2079 deberemus,
641 2013 817 2069 noluit
871 2016 1062 2070 alienis
1113 2016 1506 2085 demonstrare,
1553 2017 1649 2072 sed
1696 2019 1826 2075 suis.

240 2103 449 2159 Alienis
469 2103 591 2159 dico
615 2121 719 2160 non
749 2114 961 2174 natura,
990 2107 1084 2161 sed
1114 2107 1264 2176 vitio,
1289 2109 1435 2178 quod
1460 2122 1675 2178 semper
1702 2124 1831 2164 con-

239 2204 323 2250 tra
352 2205 597 2252 naturam
635 2207 740 2253 est.
774 2199 1015 2254 Mortuus
1053 2209 1136 2255 est
1168 2215 1296 2269 ergo
1327 2199 1378 2254 in
1411 2210 1700 2271 conspectu
1736 2201 1832 2257 ho-

239 2290 468 2358 minum,
498 2293 797 2349 resurrexit
838 2294 892 2348 in
921 2303 1218 2362 conspectu
1246 2292 1475 2347 ﬁliorum
1525 2294 1823 2360 hominum,

238 2385 362 2452 quia
387 2400 532 2442 mors
574 2387 642 2442 ad
691 2389 961 2443 hominem
1017 2387 1337 2456 pertinebat,
1381 2387 1705 2441 resurrectio
1761 2389 1828 2443 ad

238 2474 431 2531 Filium
464 2477 713 2532 hominis.
748 2478 899 2533 Sicut
924 2479 1068 2534 enim
1099 2479 1151 2533 in
1180 2478 1345 2533 Adam
1373 2493 1559 2533 omnes
1591 2481 1828 2534 moriun-

237 2579 344 2634 tur,
375 2571 452 2626 sic
501 2573 553 2626 in
601 2571 817 2627 Christo
866 2587 1058 2627 omnes
1091 2573 1515 2627 viviﬁcabuntur.
1550 2572 1616 2628 Ut
1659 2574 1827 2643 igitur

234 2666 482 2733 exemplo
522 2680 633 2720 sua
663 2666 839 2721 carnis
876 2665 1254 2721 exhortaretur
1291 2665 1477 2722 ﬁdeles
1518 2681 1643 2722 suos
1685 2677 1824 2722 tem-

234 2755 470 2822 poralem
505 2771 600 2825 pro
629 2765 830 2811 aeterna
859 2756 1114 2812 felicitate
1156 2766 1526 2824 contemnere,
1560 2773 1726 2827 usque
1755 2759 1822 2814 ad

231 2857 462 2904 mortem
515 2849 735 2920 pertulit
774 2860 1161 2921 persequentes
1207 2861 1370 2923 atque
1418 2854 1727 2921 saevientes,
1769 2866 1824 2909 et

229 2940 381 3008 quasi
414 2940 552 2994 victo
573 2949 627 2995 et
650 2956 914 3012 oppresso
939 2943 1173 3012 superbe
1205 2943 1512 2998 illudentes.
1534 2945 1688 3012 Quod
1729 2961 1823 2999 au-

230 3041 338 3086 tem
367 3047 583 3088 carnem
615 3049 766 3088 suam
803 3035 1166 3101 resuscitavit,
1203 3045 1257 3090 et
1296 3034 1681 3103 discipulorum
1730 3053 1820 3092 as-

227 3125 469 3194 peCtibus
515 3135 675 3196 atque
713 3128 1079 3182 contractibus
1125 3127 1390 3194 reddidit,
1423 3130 1610 3196 eisque
1641 3129 1822 3185 viden-

226 3215 372 3271 tibus
413 3219 652 3273 ascendit
694 3219 746 3273 in
797 3221 1017 3288 caelum,
1061 3223 1207 3288 ipsos
1253 3219 1557 3286 aediﬁcavit,
1589 3229 1646 3275 et
1689 3222 1818 3290 quid

1944 2003 2049 2057 vita
2078 2003 2373 2058 carendum
2409 2005 2690 2075 quisquam
2735 2005 3084 2075 persuaserit,
3119 2016 3174 2062 ut
3203 2017 3346 2065 metu
3377 2013 3539 2070 etiam

1942 2112 2129 2152 carere
2172 2097 2460 2166 possimus.
2514 2097 2814 2152 Amandum
2853 2108 2936 2154 est
2993 2099 3109 2155 sine
3155 2109 3300 2157 metu
3331 2104 3535 2174 vivere,

1937 2189 2030 2244 sed
2059 2205 2264 2254 rursus,
2297 2191 2419 2260 quia
2451 2190 2557 2245 vita
2596 2201 2742 2246 metu
2787 2206 3000 2258 carens,
3043 2195 3228 2263 etiam,
3260 2196 3307 2252 si
3336 2197 3534 2254 intelli-

1933 2279 2110 2348 gentia
2139 2289 2351 2346 careat,
2385 2297 2488 2335 non
2519 2292 2600 2336 est
2628 2283 2947 2350 appetenda,
2971 2287 3256 2342 amandum
3300 2299 3382 2344 est
3415 2291 3533 2349 sine

1934 2381 2078 2425 metu
2103 2388 2222 2426 cum
2267 2371 2538 2427 intellectu
2589 2375 2791 2430 vivere.
2837 2375 2961 2430 Idne
2989 2379 3162 2434 solum
3195 2381 3529 2437 amandum?

1933 2478 2000 2517 an
2032 2479 2183 2516 amor
2222 2479 2434 2534 quoque
2464 2465 2581 2534 ipse
2605 2467 2867 2523 amandus
2894 2469 3012 2524 est?
3039 2472 3112 2526 Ita
3137 2487 3287 2540 vero,
3313 2474 3530 2544 quando

1933 2558 2050 2612 sine
2079 2557 2181 2612 hoc
2213 2557 2300 2611 illa
2338 2573 2443 2613 non
2484 2570 2764 2627 amantur;
2799 2562 2893 2617 sed
2924 2564 2967 2618 si
3015 2573 3234 2633 propter
3269 2565 3368 2619 alia
3409 2583 3528 2637 qua:

1931 2653 2156 2706 amanda
2189 2661 2312 2707 sunt
2341 2667 2492 2708 amor
2534 2665 2764 2724 amatur,
2796 2672 2899 2711 non
2933 2669 3079 2714 recte
3108 2660 3276 2714 amari
3309 2661 3526 2719 dicitur.

1929 2745 2070 2800 Nihil
2087 2748 2233 2802 enim
2255 2747 2498 2804 estaliud
2518 2766 2720 2816 amare,
2739 2767 2894 2821 quam
2915 2763 3132 2825 promer
3153 2770 3210 2810 se
3230 2755 3399 2829 ipsam
3416 2773 3531 2815 rem

1927 2839 2162 2909 aliquam
2189 2852 2461 2912 appetere.
2494 2843 2629 2899 Num
2657 2847 2816 2916 igitur
2847 2856 3064 2916 propter
3090 2864 3147 2903 se
3171 2849 3343 2918 ipsum
3375 2866 3529 2906 amor

1927 2937 2256 3005 appetendus
2283 2946 2388 3007 est,
2406 2953 2550 3012 cum,
2572 2940 2785 3010 quando
2802 2940 2930 2995 deﬁt
2958 2943 3098 3012 quod
3121 2956 3353 3012 amatur,
3370 2961 3431 3000 ea
3457 2947 3528 3002 sit

1928 3025 2228 3082 indubitata
2263 3030 2526 3086 miseria?
2559 3032 2780 3097 Deinde,
2816 3047 2936 3088 cum
2989 3050 3141 3090 amor
3183 3048 3358 3092 motus
3403 3039 3521 3107 qui-

1925 3121 2048 3176 dam
2077 3123 2165 3189 sit,
2194 3139 2370 3196 neque
2397 3127 2537 3182 ullus
2577 3128 2647 3182 sit
2677 3137 2852 3182 motus
2889 3128 2988 3184 nisi
3041 3130 3104 3183 ad
3139 3131 3366 3201 aliquid,
3400 3147 3524 3188 cum

1923 3215 2218 3283 quarimus
2241 3216 2368 3286 quid
2398 3220 2685 3274 amandum
2717 3221 2808 3287 sit,
2844 3221 2968 3290 quid
2999 3223 3063 3275 sit
3097 3221 3227 3276 illud
3270 3223 3334 3275 ad
3382 3222 3525 3294 quod

224 3321 574 3379 exspectare,
606 3313 732 3383 quid
767 3313 1060 3382 praedicare
1086 3313 1382 3379 deberent,
1416 3313 1819 3370 evidentissima

1928 3307 2133 3362 moveri
2166 3317 2413 3378 oporteat
2462 3313 2777 3380 quaerimus.
2809 3316 3008 3379 Quare,
3052 3314 3092 3366 si
3132 3315 3394 3369 amandus
3442 3326 3525 3371 est

223 3402 453 3456 veritate
487 3405 826 3458 monstravit.
866 3405 989 3459 Illos
1017 3415 1195 3459 autem
1224 3421 1255 3458 a
1284 3405 1477 3475 quibus
1504 3415 1651 3460 tanta
1684 3410 1823 3462 mala

221 3510 395 3566 usque
435 3497 501 3550 ad
543 3506 770 3552 mortem
803 3498 1119 3567 pertulerat,
1150 3499 1299 3568 quasi
1339 3499 1406 3554 de
1437 3500 1529 3555 illo
1567 3511 1821 3567 superato

220 3600 276 3646 et
305 3589 570 3645 exstincto
615 3591 927 3662 gloriantes,
965 3593 1018 3645 in
1048 3608 1111 3647 ea
1141 3593 1394 3662 opinione
1422 3592 1734 3663 dereliquit,
1768 3602 1826 3649 ut

220 3685 468 3755 quisquis
483 3700 670 3740 eorum
692 3684 865 3741 salute
879 3693 1080 3740 aeterna
1097 3686 1276 3742 salvus
1297 3685 1410 3741 ﬁeri
1430 3686 1612 3752 vellet,
1630 3687 1734 3742 hoc
1755 3689 1824 3744 de

221 3777 366 3832 illius
398 3778 592 3832 mortui
616 3779 1013 3834 resurrectione
1042 3779 1322 3844 crederet,
1355 3780 1498 3850 quod
1531 3781 1584 3835 bi
1611 3782 1704 3850 qui
1735 3782 1819 3836 vi-

220 3869 450 3938 derunt,
483 3871 650 3940 signis
685 3871 1113 3927 contestantibus
1152 3873 1608 3942 praedicaverunt,
1641 3885 1692 3930 et
1725 3891 1822 3946 pro

221 3976 284 4015 ea
326 3962 706 4029 praedicatione
749 3963 945 4019 similia
994 3966 1202 4034 perpeti
1252 3980 1360 4020 non
1407 3966 1811 4026 dubitaverunt.

221 4051 558 4122 Quapropter
582 4053 742 4108 etiam
771 4053 1024 4122 Jacobus,
1054 4071 1194 4112 unus
1223 4072 1288 4112 ex
1316 4059 1575 4127 apostolis
1597 4059 1736 4128 ejus,
1763 4060 1817 4114 in

219 4143 460 4213 Epistola
493 4159 610 4212 sua,
644 4160 765 4200 cum
793 4146 1174 4202 exhortaretur
1207 4149 1395 4204 ﬁdeles
1427 4151 1519 4220 qui
1546 4161 1667 4220 post
1698 4167 1820 4221 pas-

217 4235 429 4289 sionem
461 4244 518 4290 et
554 4237 1006 4292 resurrectionem
1035 4236 1237 4294 Christi
1267 4240 1444 4294 adhuc
1480 4242 1534 4294 in
1581 4242 1679 4296 ista
1711 4242 1818 4298 vita

216 4331 566 4397 tenebantur,
616 4331 1078 4401 dispensationem
1116 4334 1445 4390 Testamenti
1475 4333 1686 4390 Veteris
1712 4335 1820 4390 No-

217 4421 378 4491 vique
423 4422 797 4492 distinguens:
825 4423 1243 4492 Suetinentiam,
1271 4425 1467 4496 inquit,
1505 4427 1608 4482 Job
1637 4428 1818 4484 audis-

215 4513 308 4579 tis,
351 4520 408 4568 et
429 4514 587 4570 ﬁnem
613 4515 824 4570 Domini
849 4515 1090 4583 vidistis;
1123 4532 1191 4572 ne
1223 4515 1347 4572 ideo
1367 4518 1635 4588 patienter
1656 4521 1817 4574 susti-

213 4615 412 4659 nerent
455 4608 768 4676 temporalia
817 4608 978 4678 mala,
1013 4619 1071 4666 ut
1117 4609 1222 4665 sibi
1271 4611 1374 4666 hoc
1416 4613 1812 4680 restitueretur,

1929 3412 2104 3462 amor,
2135 3417 2239 3454 non
2291 3402 2473 3469 utique
2521 3403 2696 3456 omnis
2732 3405 2995 3457 amandus
3024 3415 3105 3458 est
3133 3422 3146 3461 :
3176 3415 3260 3458 est
3290 3409 3430 3458 cnim
3471 3417 3524 3461 et

1929 3489 2119 3557 turpis,
2152 3505 2260 3559 quo
2297 3492 2512 3546 animus
2560 3509 2620 3548 se
2664 3494 2781 3562 ipso
2817 3495 3073 3548 inferiora
3103 3505 3369 3561 sectatur;
3402 3513 3523 3567 qua:

1928 3583 2098 3652 magis
2131 3583 2347 3652 proprie
2395 3585 2663 3653 cupiditas
2710 3587 2927 3653 dicitur,
2978 3587 3212 3640 omnium
3265 3587 3521 3644 videlicet

1929 3678 2190 3731 malorum
2224 3677 2412 3745 radix;
2441 3689 2493 3734 et
2521 3680 2644 3734 ideo
2669 3696 2772 3734 non
2804 3681 3089 3734 amandum
3122 3691 3204 3736 est
3235 3683 3372 3753 quod
3407 3698 3522 3736 ma-

1931 3773 2077 3826 nenti
2109 3782 2162 3826 et
2205 3772 2400 3827 fruenti
2434 3774 2604 3828 amori
2637 3773 2834 3828 auferri
2871 3783 3064 3842 potest.
3100 3774 3264 3845 Cujus
3283 3791 3410 3845 ergo
3442 3777 3520 3832 rei

1926 3881 2080 3919 amor
2109 3866 2370 3920 amandus
2401 3877 2515 3934 est,
2541 3867 2642 3921 nisi
2671 3866 2790 3933 ejus
2816 3883 2936 3936 quas
2979 3884 3084 3922 non
3129 3877 3303 3938 potest
3329 3868 3520 3924 deesse

1926 3961 2053 4016 dum
2079 3961 2322 4014 amatur?
2352 3960 2406 4014 Id
2437 3969 2519 4014 est
2572 3973 2750 4016 autem
2783 3962 2923 4032 quod
2957 3963 3091 4017 nihil
3122 3973 3202 4016 est
3241 3963 3382 4016 aliud
3427 3963 3520 4017 ha-

1923 4054 2072 4116 bere,
2106 4070 2261 4121 quam
2286 4055 2424 4107 sicut
2454 4056 2781 4107 noscendum
2810 4064 2888 4108 est
2919 4069 3098 4109 nosse.
3137 4055 3302 4108 Porro
3327 4071 3516 4110 aurum

1921 4156 1977 4200 et
1999 4161 2158 4200 omne
2183 4161 2382 4214 corpus
2414 4160 2520 4199 non
2553 4146 2653 4199 hoc
2676 4155 2758 4198 est
2793 4143 3000 4199 habere
3026 4145 3167 4212 quod
3197 4159 3376 4198 nosse.
3403 4145 3517 4201 Non

1923 4239 2103 4305 itaque
2124 4238 2411 4292 amandum
2433 4247 2540 4302 est;
2560 4248 2611 4292 et
2632 4237 2885 4307 quoniam
2911 4245 3087 4305 potest
3105 4237 3300 4304 aliquid
3328 4238 3516 4305 amari,

1920 4344 2019 4385 nec
2051 4329 2254 4394 haberi,
2285 4346 2388 4384 non
2422 4331 2594 4384 solum
2629 4346 2694 4385 ex
2728 4330 2811 4385 his
2839 4345 2957 4400 qua:
2980 4329 3206 4384 amanda
3233 4346 3338 4384 non
3370 4341 3515 4401 sunt,

1921 4432 1980 4479 ut
2010 4424 2289 4494 pulchrum
2329 4423 2547 4493 aliquod
2579 4437 2794 4492 corpus,
2826 4422 2920 4476 sed
2965 4437 3152 4476 eorum
3185 4421 3344 4476 etiam
3397 4439 3514 4492 quae

1918 4517 2147 4572 amanda
2177 4527 2324 4582 sunt,
2357 4525 2415 4570 ut
2447 4518 2598 4570 beata
2631 4517 2768 4581 vita;
2812 4525 2867 4570 et
2897 4530 3082 4569 rursus
3117 4525 3290 4583 potest
3316 4516 3513 4584 aliquid

1918 4608 2103 4663 haberi
2129 4623 2227 4662 nec
2255 4609 2445 4673 amari,
2483 4619 2538 4662 ut
2567 4607 2877 4678 compedes,
2901 4608 3020 4676 jure
3049 4609 3305 4676 quaeritur
3335 4620 3512 4664 utrum

212 4697 358 4767 quod
385 4699 656 4768 recepisse
681 4700 784 4756 Job
822 4701 1070 4772 legimus.
1109 4703 1240 4758 Nam
1269 4714 1324 4759 et
1361 4703 1430 4759 ab
1459 4706 1553 4760 illo
1583 4707 1810 4765 vulnere
1839 4697 1892 4756 D
1921 4706 2088 4773 possit
2109 4705 2374 4774 quispiam
2401 4702 2451 4758 id
2474 4702 2614 4773 quod
2637 4704 2835 4758 habere
2849 4701 2976 4756 nihil
2995 4703 3192 4757 estnisi
3211 4717 3388 4766 nosse,
3407 4720 3512 4758 non

211 4802 376 4864 atque
407 4796 688 4864 putredine
714 4797 894 4852 salvus
926 4799 1121 4863 factus,
1153 4810 1206 4854 et
1233 4801 1286 4856 ei
1311 4812 1506 4856 cuncta
1532 4819 1651 4872 quae
1680 4806 1816 4860 ami‘

210 4895 361 4941 serat
406 4887 566 4956 dupla
615 4898 741 4943 sunt
787 4891 1057 4946 restituta.
1088 4892 1188 4948 Ubi
1236 4894 1398 4948 etiam
1436 4899 1810 4953 commendata

209 4987 299 5033 est
329 4981 742 5037 resurrectionis
791 4982 964 5039 fides:
1016 5000 1138 5040 nam
1183 4986 1280 5041 ﬁlii
1311 5002 1416 5042 non
1473 4990 1527 5042 in
1558 4989 1800 5059 duplum,

210 5076 312 5130 sed
344 5076 562 5132 totidem
605 5079 823 5144 redditi,
854 5079 1017 5135 etiam
1065 5081 1189 5136 illos
1227 5097 1363 5152 quos
1413 5083 1668 5140 amiserat
1721 5102 1810 5142 re-

213 5177 560 5223 surrecturos
607 5170 1070 5239 signiﬁcaverunt.
1128 5172 1219 5228 Sic
1271 5173 1371 5241 ipsi
1418 5190 1654 5244 quoque,
1703 5177 1807 5235 illis

214 5260 487 5331 prioribus
512 5261 708 5331 juncti,
740 5279 768 5318 a
802 5265 1148 5322 restitutione
1177 5265 1324 5337 dupli
1362 5284 1466 5322 non
1501 5269 1805 5326 inveniren-

212 5361 307 5405 tur
336 5351 514 5406 alieni.
542 5351 611 5408 Ut
639 5366 769 5422 ergo
797 5370 904 5410 non
934 5356 1098 5412 talem
1149 5359 1635 5414 remunerationem
1679 5376 1802 5430 spe-

213 5456 487 5507 raremus,
533 5443 748 5512 quando
779 5446 918 5502 mala
968 5449 1284 5518 temporalia
1335 5459 1664 5518 pateremur,
1698 5469 1805 5508 non

208 5537 305 5592 ttit.
355 5537 735 5592 Sustinentiam
784 5549 839 5594 et
885 5540 1041 5596 ﬁnem
1082 5543 1184 5598 Job
1211 5543 1480 5610 audistis;
1538 5544 1632 5600 sed
1687 5546 1805 5603 ait:

210 5630 598 5686 Sustinentiam
643 5631 744 5686 Job
771 5633 1017 5700 audistis,
1043 5643 1097 5690 et
1127 5636 1282 5692 ﬁnem
1319 5636 1528 5692 Domini
1562 5637 1802 5705 vidistis;

213 5732 485 5793 tamquam
517 5725 718 5781 diceret
748 5741 764 5780 :
797 5727 930 5782 Mala
962 5730 1274 5796 temporalia
1315 5731 1458 5786 sicut
1500 5730 1604 5786 Job
1631 5733 1801 5787 susti-

213 5823 365 5880 nete;
396 5817 488 5871 sed
521 5833 614 5887 pro
639 5819 740 5875 bac
767 5820 1106 5888 sustinentia,
1135 5837 1238 5875 non
1264 5824 1576 5891 temporalia
1611 5823 1798 5896 [bona]

213 5917 450 5977 sperate,
481 5925 601 5979 quae
627 5911 704 5968 illi
729 5921 882 5968 aucta
914 5912 1212 5980 redierunt,
1243 5914 1340 5971 sed
1365 5924 1565 5972 aeterna
1597 5915 1794 5983 potius,

1919 4812 2102 4850 amare
2131 4812 2250 4850 cum
2290 4795 2501 4860 habeat,
2537 4793 2586 4849 id
2619 4803 2719 4858 est,
2756 4794 2986 4849 noverit.
3028 4793 3134 4849 Sed
3166 4811 3288 4850 cum
3320 4795 3508 4849 videa-

1921 4903 2038 4943 mus
2078 4889 2364 4944 nonnullos
2396 4903 2503 4943 non
2545 4887 2614 4941 ob
2661 4887 2826 4954 aliud,
2868 4887 3016 4942 verbi
3065 4889 3257 4958 gratia,
3290 4887 3502 4942 discere

1917 4997 2193 5043 numeros,
2228 4981 2327 5036 nisi
2372 4993 2426 5036 ut
2464 4982 2650 5038 eadem
2703 4981 2980 5050 disciplina
3031 4982 3305 5050 pecuniosi
3348 4981 3506 5046 ﬁant,

1913 5087 2005 5131 aut
2031 5076 2335 5130 hominibus
2367 5075 2647 5144 placeant,
2696 5089 2854 5143 quam
2886 5089 3008 5128 cum
3060 5073 3351 5128 didicerint
3377 5115 3392 5138 ,
3433 5074 3500 5128 ad

1910 5167 2157 5225 eumdem
2211 5167 2369 5222 ﬁnem
2425 5167 2681 5234 referant,
2723 5181 2882 5237 quem
2915 5165 3019 5220 sibi
3070 5180 3192 5219 cum
3236 5165 3504 5220 discerent

1913 5270 2347 5333 proposuerant;
2397 5277 2573 5332 neque
2625 5262 2785 5316 ullam
2851 5257 3188 5328 disciplinam
3239 5258 3378 5312 aliud
3435 5261 3505 5314 sit

1913 5358 2113 5412 habere
2143 5371 2303 5424 quam
2350 5371 2567 5421 nosse;.
2588 5355 2705 5412 ﬁeri
2733 5363 2910 5425 potest
2942 5362 2998 5407 ut
3049 5352 3245 5408 habeat
3275 5354 3503 5424 quisque

1913 5451 2135 5518 aliquid,
2161 5451 2305 5521 quod
2332 5450 2534 5506 habere
2559 5450 2660 5506 hoc
2687 5449 2758 5502 sit
2779 5448 2920 5516 quod
2951 5462 3142 5513 nosse;
3167 5462 3342 5517 neque
3361 5458 3501 5504 amet

1913 5555 2117 5612 tamen,
2152 5559 2457 5614 quanquam
2509 5543 2706 5596 bonum
2738 5543 2879 5612 quod
2935 5558 3040 5596 non
3089 5553 3301 5597 amatur
3345 5559 3501 5600 nemo

1914 5646 2093 5706 potest
2133 5637 2369 5704 perfecte
2401 5636 2599 5690 habere
2625 5634 2709 5689 vel
2742 5650 2921 5689 nosse.
2957 5635 3089 5700 Quis
3134 5636 3277 5689 enim
3326 5646 3498 5704 potest

1907 5741 2066 5781 nosse
2088 5737 2342 5794 quantum
2363 5727 2432 5779 sit
2454 5726 2650 5780 bonum
2673 5742 2776 5795 quo
2799 5741 2904 5780 non
2930 5726 3154 5780 fruitur?
3174 5726 3286 5780 Non
3319 5735 3496 5783 autem

1902 5821 2118 5885 fruitur,
2149 5821 2189 5874 si
2222 5836 2325 5873 non
2350 5818 2636 5874 amat.Nec
2672 5818 2831 5873 habet
2853 5819 3012 5888 igitur
3032 5821 3172 5888 quod
3204 5821 3490 5875 amandum

1902 5924 2004 5980 est,
2034 5917 2121 5986 qui
2148 5930 2251 5969 non
2277 5921 2438 5979 amat,
2459 5911 2670 5970 etiamsi
2695 5926 2878 5970 amare
2903 5911 3071 5982 possit
3103 5911 3256 5984 105
3276 5912 3363 5983 qui
3389 5927 3493 5968 non
