4010 6382
466 410 676 475 ,1ο83

1634 407 1702 467 ι).
1742 396 2063 465 Ευογιδριι
2099 400 2392 463 ABBA'ﬂS
2428 406 2753 469 AFRICANI

3703 414 3830 474 1081

534 534 717 593 habet.
747 531 919 590 Nemo
948 530 1109 609 igitur
1129 528 1340 585 beatam
1382 524 1549 582 vitam
1580 523 1719 580 sicut
1748 524 2015 581 noscenda
2041 531 2127 579 est
2153 520 2205 579 A
2232 521 2355 579 dem
2382 524 2630 583 videmus
2656 528 2818 584 etiam
2844 526 3263 587 immanissimas
3293 528 3501 585 bestias
3520 542 3560 583 ι
3583 531 3827 589 maximis

536 627 707 695 novit,
722 636 775 683 et
796 625 964 682 miser
983 630 1096 691 est;
1125 620 1381 693 quoniam
1404 618 1449 673 si
1477 616 1705 673 amanda
1732 625 1815 673 est
1843 617 2001 673 sicuti
2018 626 2123 685 est,

534 720 642 777 hoc
680 728 763 776 est
803 733 920 775 eam
954 729 1117 771 nosse
1147 712 1290 786 quod
1323 712 1542 768 habere.
1579 709 1711 780 Quae
1737 723 1858 765 cum
1890 708 1963 765 ita
1993 709 2122 775 sint,

534 812 662 891 quid
716 817 799 866 est
828 807 972 864 aliud
1020 807 1181 863 beate
1214 805 1416 869 vivere,
1466 801 1570 858 nisi
1616 809 1879 857 aeternum
1924 798 2124 870 aliquid

533 904 908 975 cognoscendo
936 900 1172 957 habere?
1199 907 1459 954 aeternum
1490 903 1571 951 est
1609 894 1754 951 enim
1786 892 1853 949 de
1875 907 1981 965 quo
2008 890 2126 948 solo

529 1004 678 1056 recte
710 994 914 1063 ﬁditur,
945 994 1088 1067 quod
1138 990 1340 1048 amanti
1366 987 1567 1045 auferri
1596 1002 1701 1043 non
1728 994 1937 1058 potest,
1966 984 2125 1055 idque

528 1094 703 1165 ipsum
736 1100 821 1148 est
860 1089 1005 1163 quod
1035 1087 1167 1144 nihil
1198 1086 1268 1143 sit
1310 1084 1457 1141 aliud
1509 1082 1708 1140 habere
1736 1098 1895 1154 quam
1939 1095 2122 1138 nosse.

527 1188 779 1244 Omnium
796 1186 943 1245 enim
964 1199 1147 1241 rerum
1168 1179 1669 1254 prestantissimum
1689 1189 1772 1236 est
1797 1178 1939 1250 quod
1966 1187 2098 1235 ater

526 1296 655 1350 num
685 1289 798 1347 est;
829 1290 882 1335 et
912 1287 1196 1359 propterea
1230 1274 1283 1331 id
1314 1273 1514 1330 habere
1538 1287 1645 1328 non
1678 1285 1986 1343 possumus,
2019 1270 2122 1328 nisi

525 1389 589 1439 ea
606 1389 666 1437 re
684 1387 789 1444 qua
802 1369 1201 1447 praestantiores
1219 1381 1422 1433 sumus,
1442 1365 1608 1432 idest,
1625 1376 1836 1433 mente;
1863 1364 2121 1436 quidquid

526 1478 706 1525 autem
732 1473 913 1521 mente
942 1462 1188 1527 habetur,
1214 1459 1490 1515 noscendo
1520 1457 1777 1525 habetur,
1808 1459 2122 1530 nullumque

527 1563 727 1619 bonum
763 1558 999 1628 perfecte
1028 1556 1271 1610 noscitur
1300 1551 1441 1624 quod
1472 1566 1579 1607 non
1611 1551 1847 1621 perfecte
1877 1563 2117 1621 amatur;

524 1669 699 1726 neque
734 1661 794 1708 ut
825 1651 940 1707 sola
973 1667 1127 1709 mens
1161 1656 1338 1720 potest
1365 1664 1718 1719 cognoscere,
1750 1650 1823 1705 ita
1855 1658 1910 1704 et
1939 1663 2122 1704 amare

523 1748 639 1806 sols
672 1754 850 1817 potest
881 1763 894 1799 ι
928 1759 1166 1815 namque
1193 1759 1348 1799 amor
1385 1744 1657 1814 appetitus
1682 1751 1766 1801 est
1790 1743 2031 1813 quidam,
2065 1750 2123 1803 et

524 1837 769 1905 videmus
800 1836 962 1903 etiam
995 1835 1209 1899 caeteris
1238 1832 1404 1889 animi
1439 1833 1681 1903 partibus
1711 1832 1887 1889 inesse
1913 1832 2119 1905 appeti-

2229 621 2590 693 voluptatibus
2636 624 2925 682 absterreri
2964 624 3208 682 dolorum
3240 634 3409 689 metu,
3445 624 3599 695 quod
3630 641 3755 680 cum
3783 628 3823 684 ir

2228 732 2415 773 earum
2470 719 2913 775 consuetudinem
2954 720 3179 776 verterit
3202 718 3482 793 [venerit],
3524 717 3758 774 domita
3783 736 3810 775 e

2229 817 2522 865 mansuetae
2572 818 2851 866 vocantur.
2901 810 3237 881 Quapropter
3260 811 3521 882 quoniam
3562 810 3712 865 inest
3740 810 3825 866 bo.

2228 900 2359 957 mini
2413 902 2573 972 ratio,
2614 915 2737 972 qua
2788 915 2911 958 eum
2966 902 3134 958 servit
3168 902 3451 973 cupiditati
3480 902 3828 972 perveniens

2230 992 2543 1061 miserabili,
2568 1002 2626 1051 ut
2652 995 2897 1052 homines
2918 1009 3023 1052 non
3048 998 3359 1060 timeantur,
3388 995 3653 1067 suggerit
3671 994 3824 1055 latere

2231 1103 2388 1158 posse
2408 1091 2716 1159 commissa,
2732 1099 2790 1147 et
2807 1090 2875 1146 ad
2896 1090 3120 1163 tegenda
3142 1091 3354 1147 occulta
3371 1100 3611 1160 peccata
3627 1087 3825 1145 astutis-

2228 1183 2390 1241 slmas
2411 1184 2650 1243 fallacias
2669 1195 2975 1256 comparat;
2997 1200 3065 1242 oo
3086 1184 3147 1247 fit
3166 1194 3226 1241 ut
3254 1185 3509 1241 homines
3528 1197 3683 1253 quos
3704 1196 3822 1237 oon-

2228 1278 2354 1333 dum
2400 1279 2632 1335 delectat
2678 1279 3021 1351 pulchritudo
3052 1280 3280 1347 virtutis,
3304 1279 3411 1336 nisi
3443 1278 3639 1349 passis
3666 1292 3696 1332 a
3716 1290 3822 1345 psc-

2227 1371 2401 1427 cando
2420 1372 2815 1439 deterreantur,
2837 1387 2956 1443 qua
2978 1372 3259 1428 verissime
3281 1386 3381 1441 per
3402 1380 3645 1426 sanctos
3676 1378 3728 1424 et
3750 1367 3821 1425 dio

2226 1464 2381 1521 vinos
2399 1466 2544 1522 viros
2556 1465 2918 1536 praedicantur
2931 1466 3009 1538 (et
3023 1464 3165 1535 quod
3179 1465 3358 1520 celant
3369 1462 3716 1527 hominibus,
3729 1459 3821 1517 Des

2224 1557 2390 1612 celari
2420 1571 2523 1613 non
2551 1571 2712 1627 posse
2734 1561 3072 1613 consentiant
3095 1552 3529 1629 [constituant]),
3559 1552 3821 1617 difﬁcilius

2225 1653 2513 1708 domentur
2555 1667 2716 1724 quam
2741 1651 2887 1709 feras.
2918 1650 2989 1709 lit
3017 1660 3192 1707 autem
3225 1652 3487 1706 timeatur
3510 1647 3686 1715 Deus,
3709 1646 3820 1701 diss

2226 1758 2293 1799 na
2319 1743 2657 1815 providentia
2688 1744 2800 1814 regi
2833 1744 3088 1800 universa
3119 1739 3562 1812 persuadendum
3595 1746 3702 1803 est,
3726 1750 3818 1799 nos

2223 1843 2333 1890 tam
2379 1835 2674 1891 rationibus
2722 1833 2880 1907 (quas
2924 1834 3018 1904 qui
3040 1840 3217 1903 potest
3242 1830 3407 1900 inire,
3442 1838 3635 1900 potest
3674 1828 3819 1889 etiam

521 1940 659 2004 tum,
691 1930 781 2011 qui
808 1928 855 1993 si
892 1929 1059 1995 menti
1090 1927 1391 2007 rationique
1418 1927 1739 1995 consentiat,
1767 1927 1823 1983 in
1863 1926 1955 1983 tali
1989 1942 2118 1998 pace
2148 1920 2197 1983 Β
2222 1939 2274 1986 et
2326 1927 2781 2000 pulchritudinem
2831 1927 3033 1983 sentire
3080 1923 3316 1995 sinatis)
3347 1938 3513 1995 quam
3541 1919 3816 1991 ampli.

523 2034 575 2091 et
588 2022 976 2095 tranquillitate
992 2021 1201 2085 vacabit
1224 2029 1403 2079 mente
1416 2023 1770 2094 contemplari
1789 2021 1932 2090 quod
1959 2030 2117 2076 aeter-

523 2131 653 2181 num
699 2122 805 2172 est.
838 2114 981 2189 Ergo
1024 2114 1186 2169 etiam
1238 2115 1449 2171 caeteris
1499 2115 1611 2177 suis
1656 2113 1900 2186 partibus
1931 2127 2117 2169 amare

522 2209 733 2278 animus
756 2206 938 2281 debet,
957 2206 1059 2263 hoc
1082 2217 1190 2273 tam
1222 2207 1654 2280 magnum,un
1677 2217 1858 2265 mente
1888 2222 2117 2263 noscen-

521 2300 645 2369 dum
664 2300 841 2366 est.Et
853 2300 1105 2372 quoniam
1124 2300 1176 2363 id
1194 2300 1337 2370 quod
1352 2310 1562 2357 amatur
1574 2300 1769 2357 efficiat
1784 2300 2024 2377 [afficiet]
2047 2314 2115 2355 ex

521 2403 858 2463 "amantem
882 2408 1106 2453 necesse
1123 2404 1227 2472 est,
1245 2392 1304 2451 fit
1325 2403 1382 2450 ut
1405 2396 1482 2450 sic
1503 2403 1761 2463 amatum,
1786 2394 1925 2466 quod
1957 2400 2115 2449 aeter-

521 2504 647 2554 num
666 2497 769 2565 est,
785 2487 1086 2544 aeternitate
1101 2487 1341 2545 animum
1352 2486 1552 2543 efficiat
1575 2485 1815 2561 [afﬁciet]
1833 2504 1846 2543 :
1862 2487 2117 2563 quocirca

522 2582 708 2649 eadem
739 2581 825 2655 [ea
863 2578 1103 2656 demum]
1138 2581 1243 2637 vita
1279 2580 1434 2637 beata
1465 2595 1585 2653 quas
1612 2590 1812 2636 :eterna
1842 2590 1944 2638 est.
1976 2580 2116 2650 Quid

522 2692 651 2731 vero
688 2685 949 2741 aeternum
984 2683 1088 2741 est,
1122 2674 1264 2745 quod
1296 2675 1600 2730 aeternitate
1630 2673 1827 2729 alliciat
1856 2674 2115 2750 animum,

521 2768 622 2835 nisi
653 2766 832 2824 Deus?
862 2769 1026 2827 Amor
1053 2774 1229 2822 autem
1256 2780 1440 2822 rerum
1468 2763 2117 2835 amandarum,charitas,

522 2862 599 2929 vel
642 2862 858 2919 dilectio
897 2860 1109 2930 melius,
1146 2859 1388 2923 dicitur:
1425 2874 1592 2933 quare
1620 2859 1872 2929 omnibus
1911 2862 2119 2933 cogita-

522 2960 724 3023 tionum
750 2957 951 3014 viribus
976 2955 1428 3013 considerandum
1451 2963 1535 3021 est
1550 2955 1964 3013 saluberrimum
1988 2955 2118 3023 illud

523 3058 848 3125 praeceptum
881 3068 894 3103 :
930 3049 1129 3125 Diliges
1179 3048 1464 3104 Dominum
1505 3048 1672 3113 Deum
1706 3058 1856 3104 tuum
1902 3048 1955 3104 in
2010 3058 2121 3106 toto

522 3146 685 3209 corde
714 3158 826 3215 tuo,
850 3154 904 3201 et
935 3144 985 3198 in
1019 3151 1131 3200 tota
1154 3144 1328 3199 anima
1360 3151 1446 3199 tua
1474 3151 1529 3199 et
1558 3143 1611 3198 in
1643 3150 1753 3205 tota
1781 3150 1964 3199 mente
1996 3152 2118 3212 tua;

523 3246 573 3289 et
602 3233 729 3293 illud
757 3235 897 3305 quod
928 3234 1005 3288 ait
1030 3233 1289 3291 Dominus
1319 3233 1475 3290 Jesus
1503 3250 1520 3289 :
1556 3233 1680 3289 Haec
1709 3241 1794 3289 est
1819 3242 1998 3290 autem
2033 3236 2118 3293 vi-

2223 2022 2308 2078 vel
2364 2020 2692 2087 recentibus,
2738 2020 2785 2075 si
2836 2033 2940 2090 qua
2981 2026 3294 2083 occurrunt,
3334 2017 3422 2071 vel
3476 2015 3548 2075 de
3589 2015 3818 2077 historia

2222 2113 2516 2187 [historia],
2548 2121 2604 2169 et
2647 2115 2883 2168 maxime
2926 2120 3046 2181 qua
3093 2111 3208 2180 ipsa
3260 2109 3441 2165 divina
3487 2107 3817 2178 providenti

2221 2216 2565 2279 procurante,
2594 2207 2710 2263 sive
2738 2206 2792 2263 in
2816 2206 3033 2273 Vetere,
3066 2205 3188 2261 sive
3210 2204 3264 2259 in
3296 2204 3439 2260 Nero
3470 2204 3816 2259 Testamento

2221 2301 2725 2361 excellentissimam
2792 2294 3165 2357 auctoritatem
3245 2297 3499 2367 religionis
3567 2294 3801 2366 accepit.

2222 2393 2394 2451 Simul
2437 2402 2617 2449 autem
2664 2392 2929 2464 agendum
2977 2399 3138 2449 estet
3163 2390 3234 2446 de
3255 2390 3412 2461 pinnis
3434 2398 3810 2459 peccatorum.

2222 2496 2275 2545 et
2303 2490 2373 2545 de
2409 2487 2642 2559 praemiis
2682 2496 2829 2543 recte
2858 2487 3145 2543 factorum.
3174 2485 3292 2542 lam
3335 2498 3463 2540 vero
3487 2499 3612 2539 cum
3644 2484 3815 2553 aliqua

2223 2598 2333 2639 non
2362 2582 2618 2654 peccandi
2667 2580 3005 2637 consuetudo
3044 2579 3189 2651 quod
3222 2592 3513 2634 onerosum
3540 2575 3817 2647 putabatur

2222 2676 2383 2733 facile
2408 2690 2530 2732 esse
2552 2675 2901 2746 persuaserit,
2930 2674 3153 2744 incipiat
3174 2674 3382 2743 gestari
3407 2671 3645 2727 dulcedo
3667 2671 3812 2738 pieta-

2222 2769 2314 2837 tis,
2343 2778 2399 2826 ct
2428 2768 2793 2826 commendari
2822 2766 3167 2839 pulchritudo
3191 2768 3429 2827 virtutis,
3464 2775 3529 2823 et
3553 2765 3809 2821 charitatis

2223 2863 2447 2921 libertas
2493 2878 2603 2934 prae
2657 2862 2915 2919 servitute
2966 2861 3175 2918 timoris
3225 2859 3503 2922 emineat;
3564 2866 3685 2914 tum
3710 2858 3799 2929 ja-

2223 2955 2654 3028 persuadendum
2699 2964 2781 3012 est
2812 2953 3081 3019 fidelibus,
3135 2951 3585 3023 praecedentibus
3611 2964 3797 3017 regent

2223 3051 2448 3108 rationis
2466 3048 2838 3115 sacramentis,
2870 3061 2988 3117 quae
3017 3058 3238 3101 necesse
3267 3052 3356 3099 est
3390 3043 3678 3113 plurimam
3702 3054 3789 3097 Io-

2225 3150 2409 3209 veant,
2450 3141 2575 3214 quid
2623 3140 2839 3197 intersit
2882 3140 3022 3195 inter
3041 3138 3176 3194 duos
3201 3137 3488 3202 homines,
3515 3140 3777 3191 vetera:

2226 3249 2446 3300 novum,
2501 3233 2827 3289 exteriorem
2859 3238 2915 3288 et
2939 3229 3275 3295 interiorem,
3310 3237 3595 3284 terrenu-
3616 3234 3757 3279 star

524 3336 574 3382 ta
613 3335 841 3399 aeterna,
868 3334 923 3393 ut
955 3334 1284 3397 cognoscant
1315 3332 1369 3381 te
1412 3325 1584 3382 solum
1614 3340 1802 3389 verum
1843 3325 2033 3397 Deum,
2066 3337 2122 3386 et
2149 3316 2196 3381 C
2227 3325 2439 3392 Iestem,
2480 3324 2534 3380 id
2561 3335 2642 3379 est
2666 3326 2805 3380 inter
2833 3336 2955 3378 eum
2983 3321 3072 3393 qui
3100 3320 3240 3375 bona
3259 3318 3521 3381 carnalia
3547 3325 3759 3382 amab

523 3434 681 3493 quem
713 3418 905 3485 misisti
937 3417 1120 3475 Jesum
1148 3416 1443 3473 Christum.

1091 3510 1321 3571 CAPUT
1359 3509 1570 3573 CCCLL

732 3606 810 3661 De
834 3606 1112 3669 nutrienda
1151 3606 1402 3661 charilate
1432 3648 1449 3675 ,
1473 3623 1535 3663 ea:
1558 3608 1734 3663 eodem
1757 3608 1907 3663 fibra.

593 3701 922 3767 Charitatcm
943 3710 1301 3767 vocomotum
1328 3701 1491 3757 animi
1517 3716 1624 3773 quo
1642 3714 1891 3757 amantur
1915 3717 1975 3758 ea
2002 3718 2121 3776 quae

524 3811 633 3865 non
659 3804 784 3863 sunt
811 3810 923 3875 pra:
953 3797 1072 3867 ipso
1099 3806 1311 3851 amante
1341 3799 1754 3875 contemnenda,
1789 3799 1841 3855 id
1870 3808 1954 3855 est
1978 3799 2120 3877 quod

525 3896 787 3955 mternum
831 3894 935 3951 ρει,
956 3887 1181 3965 etquod
1207 3902 1388 3953 amare
1410 3886 1586 3957 ipsum
1620 3898 1881 3953 aeternum
1922 3896 2118 3965 potest.

526 3977 670 4043 Deus
699 3977 856 4055 igitur
884 3987 936 4033 et
968 3978 1200 4049 animus,
1221 3994 1328 4053 quo
1355 3989 1623 4059 amantur,
1650 3981 1883 4038 charitas
1906 3983 2123 4053 proprie

525 4071 720 4139 dicitur
750 4088 764 4141 ;
798 4072 1175 4145 purgatissima
1213 4081 1268 4135 et
1313 4083 1706 4144 consummata,
1739 4077 1784 4132 si
1816 4075 1946 4133 nihil
1977 4076 2119 4134 aliud

525 4171 775 4235 amatur;
809 4162 947 4222 hanc
976 4174 1030 4222 et
1062 4165 1399 4234 dilectionem
1454 4167 1561 4224 dici
1617 4170 1833 4243 placet:
1862 4170 1958 4227 sed
2000 4186 2121 4226 cum

526 4256 669 4317 Deus
692 4257 861 4329 magis
882 4258 1122 4330 diligitur
1149 4274 1308 4331 quam
1340 4256 1572 4329 animus,
1598 4259 1671 4316 ita
1696 4270 1756 4317 ut
1784 4261 1935 4317 malit
1958 4262 2122 4319 homo

525 4349 645 4423 ejus
667 4365 789 4408 esse
810 4365 972 4422 quam
1000 4367 1151 4423 suus,
1170 4360 1296 4409 tunc
1320 4368 1444 4409 vere
1467 4354 1647 4420 animo
1662 4369 1977 4428 summeque
1993 4370 2124 4411 con-

528 4441 741 4515 sulitur,
787 4452 1183 4515 consequenter
1220 4452 1274 4498 et
1321 4444 1556 4514 corpori,
1604 4443 1756 4511 nobis
1797 4446 1846 4501 id
1890 4462 1996 4502 non
2038 4464 2122 4503 cu-

530 4535 776 4601 rantibus
810 4536 990 4609 aliquo
1038 4536 1277 4606 appetitu
1308 4545 1608 4610 satagente,
1642 4536 1736 4592 sed
1787 4544 1991 4595 tantum
2021 4538 2124 4613 [ta-

530 4624 677 4701 men]
696 4637 941 4707 prompta
968 4639 1025 4695 et
1051 4629 1227 4685 oblata
1251 4629 1610 4687 sumentibus.
1629 4630 1921 4688 Charitatis
1943 4644 2119 4691 autem

2224 3415 2379 3484 ralia,
2426 3424 2480 3472 et
2526 3430 2648 3472 eum
2689 3413 2780 3486 qui
2804 3412 3065 3484 spiritalis
3096 3420 3155 3467 et
3178 3419 3386 3466 aeterna
3418 3417 3773 3472 maturius-

2225 3506 2565 3577 nendumque
2627 3520 2695 3564 ne
2767 3506 3006 3575 peritura
3060 3502 3325 3559 beneﬁcia
3383 3509 3443 3558 et
3502 3497 3788 3557 transeuntis

2224 3608 2603 3670 exspectentur
2646 3614 2677 3653 a
2732 3597 2865 3665 Deo.
2918 3597 3113 3668 quibus
3162 3594 3331 3651 etiam
3387 3594 3538 3671 pravi
3582 3592 3798 3653 hom

2225 3692 2500 3749 abundare
2554 3698 2803 3762 possunt,
2859 3690 2956 3746 sed
3014 3687 3168 3744 arma
3219 3695 3276 3743 et
3320 3686 3673 3755 sempiterna,
3721 3695 3807 3752 pro

2224 3785 2419 3856 quibus
2470 3782 2823 3854 accipiendis,
2856 3781 3036 3837 omnia
3085 3793 3207 3850 qua
3236 3779 3290 3835 in
3322 3778 3414 3835 hoc
3437 3775 3640 3837 mundo
3670 3774 3810 3829 bona

2224 3884 2501 3948 putantur,
2526 3883 2583 3930 et
2603 3874 2739 3929 mala
2763 3873 2975 3942 penitus
2994 3866 3378 3929 couteunnesds
3390 3873 3532 3927 sunt.
3554 3862 3653 3920 His
3677 3878 3815 3932 prae-

2222 3967 2617 4024 stantissimum
2665 3964 2797 4021 illud
2825 3972 2877 4021 et
2904 3963 3118 4029 unicum
3136 3959 3435 4029 esempitttn,
3450 3956 3673 4021 Domini
3693 3970 3817 4025 pro-

2226 4068 2531 4140 ponendum
2587 4075 2693 4136 est,
2747 4065 2839 4137 qui
2865 4079 2989 4121 eum
3017 4076 3078 4118 se
3104 4067 3185 4116 tot
3210 4053 3484 4118 miraculis
3504 4058 3711 4115 tantam
3735 4062 3816 4104 re-

2225 4180 2342 4221 rum
2362 4169 2680 4234 potestatem
2715 4159 2912 4217 habere
2933 4161 3283 4220 monstrant,
3305 4159 3361 4207 et
3393 4162 3454 4209 ea
3482 4143 3687 4215 Sprﬂil
3705 4154 3816 4212 qua!

2226 4274 2413 4330 magna
2441 4258 2603 4325 bona,
2625 4265 2681 4313 et
2704 4270 2768 4313 ea
2794 4253 3049 4311 sustinuit
3076 4264 3199 4321 qua:
3234 4256 3427 4315 magna
3469 4238 3612 4299 mala
3653 4237 3814 4305 ἰωβο

2226 4352 2314 4407 riti
2368 4360 2583 4421 putant;
2634 4362 2772 4421 quos
2826 4360 3005 4403 moros
3053 4352 3110 4398 et
3161 4337 3527 4409 disciplinam,
3579 4337 3815 4388 uetante

2227 4444 2403 4499 minus
2457 4444 2736 4515 quisquam
2768 4439 2981 4512 aggredi
3010 4436 3227 4500 audeat,
3256 4436 3461 4504 quanto
3494 4424 3630 4484 illud
3660 4422 3813 4515 uasis

2230 4514 2487 4601 honorat,
2531 4535 2681 4589 etde
2722 4528 3205 4602 pollicitationibus
3228 4532 3391 4592 atque
3426 4514 3812 4581 iterationibus

2227 4630 2364 4696 ejus,
2390 4636 2443 4682 et
2464 4627 2532 4684 de
2552 4625 2875 4682 imitantium
2902 4623 3243 4679 multitudine
3268 4613 3669 4687 apostolorum,
3685 4623 3815 4667 mas-

529 4702 796 4781 venen'um
824 4727 927 4787 est,
959 4734 1083 4789 spes
1111 4720 1576 4805 adipiscendorum
1605 4732 1700 4779 aut
1721 4724 2123 4782 rctinendorum
2154 4719 2206 4780 υ
2231 4735 2430 4794 tyrum,
2456 4711 3552 4805 sanctorumqueinnumerabiliummuem
3582 4720 3694 4762 non
3719 4702 3818 4765 dli

530 4808 941 4881 temporalium;
980 4816 1363 4879 nutrimentum
1398 4824 1476 4869 est
1523 4815 1663 4886 ejus,
1692 4815 1995 4873 imminutio
2024 4833 2119 4874 cu-

532 4901 804 4973 piditatis;
854 4903 1134 4975 perfectio,
1183 4905 1326 4960 nulla
1357 4907 1639 4976 cupiditas.
1698 4909 1917 4979 Signum
1949 4910 2124 4979 profc-

529 5002 649 5051 ctus
680 4994 796 5067 ejus
840 5003 923 5051 cst
965 4996 1190 5052 minutio
1242 4997 1479 5066 timoris;
1514 4999 1721 5075 signum
1776 5000 2122 5071 perfectionis

528 5090 646 5161 ejus
695 5089 872 5157 nullus
925 5091 1106 5157 timor,
1151 5092 1274 5163 quia
1325 5099 1378 5146 et
1401 5091 1549 5146 radix
1576 5100 1660 5146 est
1688 5094 1926 5150 omnium
1958 5096 2123 5150 malo-

529 5198 647 5249 rum
697 5183 984 5259 cupiditas,
1015 5192 1071 5241 et
1097 5194 1464 5247 consummata
1499 5185 1716 5241 dilectio
1771 5188 1910 5243 foras
1960 5190 2122 5245 mittit

530 5278 799 5345 timorem,
855 5278 1107 5353 Quisquis
1154 5277 1317 5350 igitur
1371 5292 1486 5332 cam
1531 5280 1734 5335 nutrire
1779 5280 1910 5346 vult,
1962 5281 2122 5337 instet

530 5369 835 5439 minuendis
864 5352 1268 5442 cupiditatibus.
1316 5371 1410 5426 Est
1440 5380 1619 5427 autem
1668 5354 1934 5444 cupiditas
1973 5389 2122 5429 amor

530 5462 860 5535 adipiscendi
886 5472 977 5517 aut
1004 5463 1278 5520 obtinendi
1313 5465 1656 5537 temporalia;
1691 5466 1847 5537 hujus
1873 5466 2117 5521 minuen-

528 5558 611 5617 dae
660 5557 872 5625 initium
918 5563 1003 5612 est
1056 5556 1223 5611 Deum
1258 5558 1465 5623 timere,
1500 5560 1585 5630 qui
1616 5560 1765 5617 solus
1797 5559 1972 5615 timeri
2003 5558 2120 5615 sine

528 5665 715 5719 arnore
765 5663 870 5717 non
918 5655 1114 5731 potest.
1167 5648 1249 5704 Ad
1307 5651 1623 5733 sapientiam
1674 5651 1815 5706 enim
1864 5651 2119 5719 tenditur,

528 5749 584 5795 et
609 5742 740 5807 nihil
770 5741 946 5797 verius
973 5756 1039 5796 eo
1060 5741 1202 5814 quod
1233 5741 1435 5803 dictum
1465 5754 1546 5799 est
1573 5762 1585 5797 :
1611 5743 1816 5798 initium
1849 5744 2123 5812 sapientiae

530 5835 693 5892 timor
747 5836 954 5907 Domini
1004 5844 1105 5907 est.
1162 5835 1331 5893 Nemo
1361 5849 1442 5893 est
1472 5838 1669 5922 quippe
1696 5838 1782 5907 qui
1822 5850 1926 5891 non
1958 5838 2124 5907 magis

531 5927 775 5989 dolorem
798 5930 963 6003 fugiat
984 5944 1142 6009 quam
1167 5938 1384 6003 appetat
1404 5931 1753 6003 voluptatem,
1791 5930 2124 6004 quandoqui-

2226 4814 2318 4868 illa
2358 4811 2690 4882 desperanda
2715 4808 3107 4867 ostendendum
3128 4813 3235 4862 est.
3268 4804 3340 4859 Δι
3358 4798 3452 4857 ubi
3476 4796 3687 4855 fuerint
3711 4810 3819 4859 car-

2228 4907 2426 4962 nalium
2481 4907 2813 4977 voluptatum
2864 4893 3134 4960 illecebré
3180 4905 3477 4970 superate,
3526 4893 3820 4950 cavendam

2227 5011 2309 5057 est
2363 5016 2429 5057 ne
2480 5001 2733 5070 subrepat
2786 5006 2949 5069 atque
2996 4993 3242 5052 succedat
3288 4987 3558 5059 cupiditas
3584 4984 3821 5056 plamdi

2230 5093 2553 5161 hominibus,
2578 5101 2667 5146 nut
2686 5106 2785 5163 per
2800 5091 2973 5161 aliqua
2994 5088 3130 5143 facta
3151 5082 3437 5145 mirabilia,
3465 5087 3562 5139 aut
3584 5076 3821 5150 perdiffi-

2232 5186 2391 5241 cilem
2413 5184 2816 5249 continentiam,
2853 5182 2967 5239 sive
2992 5178 3325 5251 patientiam,
3351 5184 3444 5233 aut
3465 5193 3564 5249 per
3594 5176 3820 5245 aliquam

2233 5282 2588 5352 largitionem,
2640 5288 2732 5335 aut
2756 5279 2978 5335 nomine
3007 5274 3246 5332 scientiae
3277 5274 3358 5337 Vel
3389 5272 3753 5345 eloquentiae;
3774 5268 3821 5327 is

2228 5390 2294 5430 eo
2356 5389 2554 5446 genere
2607 5383 2690 5428 est
2736 5382 2790 5427 et
2845 5368 3106 5439 cupiditas
3163 5365 3404 5422 honoris.
3454 5365 3662 5421 Contra

2230 5466 2405 5522 omnia
2452 5464 2793 5535 proferantur
2814 5476 2877 5518 ea
2898 5475 3019 5531 qum
3044 5456 3244 5528 scripta
3267 5464 3395 5513 sunt
3417 5455 3490 5512 de
3510 5456 3683 5517 laude
3709 5457 3826 5512 cha-

2229 5558 2401 5614 ritatis
2444 5565 2499 5614 et
2533 5557 2600 5613 de
2646 5555 2904 5611 inanitate
2940 5550 3235 5624 jactantiut,
3265 5548 3647 5624 doesauIrque
3676 5562 3829 5621 qun

2227 5654 2298 5710 sit
2351 5653 2656 5724 pudendum
2714 5650 2793 5707 eis
2843 5648 3053 5719 placere
3083 5645 3223 5701 velle
3245 5657 3383 5715 quos
3412 5648 3557 5705 nolis

2229 5755 2320 5802 aut
2346 5745 2485 5801 enim
2531 5744 2654 5799 boni
2685 5756 2791 5797 non
2814 5748 2961 5807 sunt,
2994 5747 3047 5794 ot
3065 5736 3199 5793 nihil
3220 5750 3483 5813 magnum
3511 5750 3603 5797 est
3623 5755 3657 5809 ι
3684 5735 3833 5795 nalis

2230 5836 2436 5893 laudari
2460 5853 2473 5902 ;
2501 5844 2589 5891 aut
2607 5833 2733 5890 boni
2754 5842 2899 5901 sunt,
2922 5841 2978 5889 et
2994 5837 3327 5902 eosoportOt
3354 5834 3583 5892 imitari.
3608 5831 3720 5890 Sed
3748 5827 3833 5901 qui

2231 5929 2357 5986 boni
2387 5936 2534 5998 sunt,
2565 5927 2765 5987 virtute
2789 5926 2916 5986 boni
2937 5934 3089 5994 sunt;
3119 5924 3301 5989 virtus
3318 5934 3507 5993 autem
3534 5940 3653 5988 non
3676 5936 3835 5997 snpe-
