4010 6382
147 906 171 945 '3

226 408 369 475 1088

1400 410 1621 473 THESA
1632 410 1833 472 UBUS.
1874 412 2031 474 CAP.
2072 413 2315 475 CCOLII.

2988 310 3033 327 ,κ-
3068 328 3095 339 ﬂ
3146 326 3147 329 η

3351 422 3494 485 ιοεο

223 502 289 592 tit
317 533 459 606 quod
489 530 543 589 in
571 530 801 589 aliorum
832 529 1109 589 hominum
1137 537 1400 603 potestate
1428 540 1532 589 est.
1558 532 1658 601 Qui
1683 544 1813 604 ergo
1840 534 1892 593 A
1915 534 2268 606 eharitatem;
2299 535 2439 594 sicut
2463 535 2608 594 enim
2637 537 2791 595 radix
2841 538 3079 596 ernnintn
3109 538 3368 599 malorum
3398 559 3496 601 cu-

225 630 471 685 imitatur
518 627 691 683 bonos
719 626 916 682 nullius
942 625 1177 681 hominis
1206 624 1409 697 appetit
1429 624 1675 690 laudem;
1721 623 1811 695 qui

225 724 419 793 malos,
443 737 548 778 non
579 723 769 792 dignus
804 728 884 778 est
911 720 1085 777 laude.
1116 719 1174 776 Si
1202 727 1378 775 autem
1412 719 1623 788 placere
1642 716 1816 774 homi-

223 822 380 881 nibus
398 823 516 878 ideo
542 824 642 891 vis,
666 832 720 879 ut
750 824 827 878 eis
851 823 1025 895 prosis
1041 822 1107 876 ad
1127 819 1458 891 diligendum
1484 820 1675 888 Deum,
1703 834 1811 875 non

224 913 331 987 iam
365 916 485 982 hoc,
530 916 623 972 sed
651 915 795 971 aliud
824 900 1003 986 cupis;
1055 915 1143 986 qui
1176 923 1353 970 autem
1388 912 1600 985 placere
1646 915 1812 993 cupit,

225 1008 589 1064 necessarium
618 1008 793 1064 adhuc
848 1008 1008 1064 habet
1041 1010 1311 1075 timorem,
1354 1008 1585 1076 primum
1631 1023 1695 1061 ne
1724 1021 1817 1061 oc-

214 1094 368 1157 culte
422 1103 694 1172 peccando
719 1102 858 1157 inter
889 1102 1197 1171 hypocritas
1219 1115 1249 1154 a
1277 1101 1505 1156 Domino
1541 1111 1818 1172 compute—

224 1198 350 1260 tur;
396 1192 614 1261 deinde,
657 1194 703 1249 si
755 1193 1050 1251 benefactis
1101 1193 1314 1264 placere
1340 1194 1566 1264 appetit,
1597 1194 1818 1251 ethane

54 1348 59 1361 ,
158 1269 179 1291 ⁷³
226 1288 532 1341 mercedem
584 1301 879 1359 aucupans,
909 1287 1101 1357 perdat
1122 1286 1264 1357 quod
1293 1286 1514 1341 daturus
1540 1297 1625 1357 est
1654 1288 1815 1357 Deus.

225 1375 336 1433 Sed
371 1376 579 1434 devicta
623 1378 721 1433 ista
773 1378 1083 1449 cupiditate,
1138 1378 1371 1435 cavenda
1419 1380 1666 1465 superbia
1697 1388 1814 1448 est,

224 1466 445 1524 ilil‘licile
474 1470 615 1524 enim
659 1479 743 1526 est
784 1478 843 1524 ut
873 1470 1121 1540 dignetur
1154 1469 1455 1525 consociari
1485 1470 1815 1540 hominibus,

224 1561 317 1630 qui
340 1563 417 1617 eis
451 1562 663 1631 placere
686 1563 797 1648 iam
828 1577 935 1627 non
963 1562 1257 1631 desiderat,
1289 1570 1345 1625 et
1373 1563 1589 1633 plenum
1613 1578 1670 1627 se
1703 1562 1816 1633 vir-

223 1653 429 1707 tutibus
456 1660 630 1723 putat.
661 1653 848 1725 itaque
877 1654 1050 1721 adhuc
1076 1655 1409 1721 necessarius
1438 1664 1521 1723 est
1546 1654 1724 1723 timor,
1753 1671 1818 1727 pe

222 1743 354 1798 illud
378 1744 535 1799 etiam
560 1745 699 1815 quod
733 1744 938 1799 videtur
974 1745 1192 1810 habere,
1225 1744 1500 1801 auferatur
1552 1744 1619 1801 ab
1649 1761 1734 1812 eo,
1765 1754 1819 1803 et

222 1839 473 1894 manibus
503 1854 564 1895 ac
597 1840 823 1911 pedibus
843 1840 1021 1911 ligatis
1043 1839 1285 1909 mittatur
1311 1839 1363 1909 in
1396 1840 1645 1909 tenebras
1666 1850 1818 1899 exte-

1916 628 2130 698 piditas,
2161 631 2234 687 ita
2261 631 2414 689 radix
2457 632 2697 688 omnium
2724 633 2986 689 honorum
3016 634 3269 691 charitas.
3303 632 3494 693 Totam

1916 722 2337 792 magnitudinem
2379 734 2436 781 at
2456 725 2799 782 latitudinem
2829 726 3129 784 divinorum
3160 729 3495 800 eloquiorum

1915 826 2077 869 ecura
2105 815 2347 887 possidet
2392 815 2649 884 eharitas,
2686 817 2812 889 quia
2844 817 3009 873 Deum
3051 819 3496 894 proximumques

1915 906 2204 980 diligimus.
2230 908 2393 965 Docet
2418 911 2560 965 enim
2590 925 2689 966 nos
2717 911 2957 969 celestis
2980 928 3117 970 unus
3146 914 3415 986 Magister,
3441 924 3501 975 at

1916 998 2046 1053 dicit
2061 1014 2076 1055 :
2090 998 2288 1071 Diliges
2307 1000 2588 1057 Dominum
2614 1002 2779 1058 Deum
2804 1010 2949 1059 tuum
2972 1018 3040 1059 ea
3062 1013 3175 1061 toto
3194 1005 3360 1061 corde
3382 1016 3496 1075 tuo,

1915 1095 1971 1144 et
1996 1102 2062 1146 ex
2094 1097 2204 1146 tota
2233 1091 2410 1148 anima
2441 1100 2623 1159 tua,et
2647 1108 2714 1152 es
2746 1102 2857 1151 tota
2886 1105 3070 1153 mente
3098 1105 3278 1164 tua,et
3303 1099 3499 1172 diliges

1920 1181 2223 1250 proximum
2274 1192 2425 1246 tuum
2477 1193 2731 1261 languent
2777 1187 3005 1257 minium
3044 1207 3058 1253 ς
3092 1191 3146 1254 in
3180 1189 3264 1257 bis
3288 1191 3500 1259 ducitur

1918 1273 2201 1355 praeceptis
2253 1283 2362 1331 tota
2390 1277 2473 1332 lex
2516 1278 2712 1347 pendet
2751 1290 2806 1335 et
2836 1282 3129 1351 prophetae.
3154 1281 3211 1339 Si
3234 1298 3361 1355 ergo
3392 1300 3502 1340 non

1918 1377 2072 1439 νμινρι
2114 1384 2303 1432 omnes
2333 1372 2554 1442 paginas
2583 1384 2798 1431 sanctas
2828 1377 3175 1445 perscrutari,
3196 1380 3374 1434 omnia
3407 1379 3497 1436 in-

1917 1461 2133 1516 volucra
2157 1477 2463 1520 sermonum
2494 1465 2765 1537 evolvere,
2794 1470 2971 1525 omnia
2994 1470 3395 1541 Scripturarum
3417 1488 3504 1531 se-

1918 1562 2064 1609 creta
2090 1564 2400 1629 penetrare;
2429 1566 2553 1615 tene
2572 1559 2890 1619 charitatem
2915 1563 3003 1619 ubi
3027 1565 3261 1635 pendent
3284 1568 3499 1625 omnia:

1919 1646 1992 1717 ita
2048 1650 2253 1713 tenebis
2307 1650 2448 1721 quod
2495 1650 2564 1721 mi
2605 1651 2875 1721 didicisti;
2927 1656 3134 1723 tenebis
3164 1659 3326 1715 etiam
3358 1659 3503 1730 quod

1918 1743 2155 1799 nondum
2188 1743 2444 1801 didicisti.
2476 1746 2532 1802 Si
2577 1746 2719 1803 enim
2750 1749 2888 1805 nosti
2927 1750 3238 1809 charitatem
3258 1799 3272 1823 ,
3305 1754 3504 1825 aliquid

1921 1838 2086 1905 nosti,
2108 1838 2250 1896 unde
2278 1848 2332 1896 et
2370 1839 2499 1905 illud
2549 1841 2745 1913 pendet
2774 1843 2915 1909 quod
2949 1843 3085 1901 forte
3106 1861 3213 1904 non
3246 1847 3418 1913 nosti;
3449 1853 3506 1905 et

222 1932 417 1987 riores.
443 1932 779 2002 Quapropter
804 1931 897 1987 Dei
932 1931 1093 1986 timor
1123 1946 1227 1985 non
1259 1931 1432 1987 solum
1455 1931 1692 1999 inchoat,
1720 1932 1815 1989 sed
1850 1916 1895 1977 Β
1922 1930 1975 1986 in
2004 1945 2070 1987 eo
2115 1931 2258 2003 quod
2290 1934 2343 1989 in
2395 1931 2686 2002 Scripturis
2714 1932 2967 2007 iutelligls
2995 1936 3225 1994 charitas
3254 1947 3420 2010 patet,
3450 1947 3506 1997 et

222 2023 387 2087 etiam
436 2024 643 2096 perlicit
690 2024 1015 2097 sapientem;
1070 2025 1114 2083 is
1135 2033 1220 2091 est
1274 2033 1453 2081 autem
1484 2026 1574 2096 qui
1605 2041 1816 2083 summe

230 2116 391 2201 ιοβ
414 2115 589 2187 diligit
636 2116 801 2170 Deum
850 2126 905 2172 et
930 2116 1233 2186 proximum
1275 2103 1526 2187 tanquam
1556 2116 1813 2187 seipsum.

223 2210 359 2278 Quas
405 2217 580 2273 autem
631 2209 681 2269 in
725 2209 827 2269 hoc
873 2209 1064 2265 itinere
1095 2207 1329 2278 pericula
1361 2206 1817 2279 difficultatesque

224 2301 535 2357 metuenda:
561 2303 687 2367 sint,
721 2312 777 2357 et
805 2301 999 2373 quibus
1025 2299 1279 2356 remediis
1306 2301 1383 2355 uti
1412 2310 1676 2371 oporteat,
1711 2300 1814 2355 alia

225 2394 451 2460 quaestio
480 2404 581 2449 est.

764 2463 987 2519 CAPUT
1016 2461 1254 2518 C(iCLlI.

644 2554 828 2623 Sermo
848 2554 913 2609 de
933 2553 1089 2611 laude
1114 2553 1406 2613 charitatia.

304 2668 614 2725 Divinarum
634 2669 1032 2743 Scripturarum
1057 2667 1408 2740 multiplicant
1430 2649 1811 2731 abundantiam

223 2758 648 2831 latissimamque
698 2760 1020 2825 doctrinam,
1045 2758 1164 2815 sine
1212 2759 1322 2815 ullo
1349 2774 1536 2815 errore
1566 2774 1814 2829 compre-

223 2849 430 2917 hendit,
454 2860 509 2917 et
534 2852 650 2913 sine
677 2851 786 2906 ullo
809 2851 989 2907 labore
1020 2850 1275 2919 custodit,
1298 2851 1453 2922 cujus
1479 2866 1572 2907 cor
1598 2852 1813 2922 plenum

217 2949 305 3005 est
333 2942 618 3014 charitate.
649 2942 862 3007 dicente
889 2942 1149 3015 Apostolo
1180 2942 1497 2999 :Plenltudo
1526 2952 1706 3001 autem
1737 2945 1816 3001 ie.

220 3033 308 3104 gis
359 3034 486 3108 [est]
512 3035 778 3103 charitas;
826 3043 883 3091 et
940 3035 1047 3090 alio
1078 3034 1201 3091 loco
1231 3052 1246 3089 :
1278 3035 1428 3091 Finis
1468 3046 1649 3093 autem
1678 3052 1816 3107 prte-

217 3129 364 3200 cepti
385 3137 469 3197 est
496 3129 752 3199 charitas,
767 3128 833 3189 de
851 3130 1013 3193 corde
1036 3136 1259 3201 puro,et
1283 3128 1611 3197 conscientia
1652 3128 1810 3197 bona.

103 3233 109 3237 '
218 3230 279 3277 et
304 3221 409 3280 iide
460 3238 566 3279 non
594 3223 737 3278 licta.
768 3221 1108 3297 Quid;\[Quis]
1139 3231 1224 3278 est
1251 3231 1432 3278 autem
1463 3223 1719 3294 praecepti
1751 3223 1813 3278 ii-

219 3313 326 3379 nis,
345 3315 441 3370 nisi
468 3316 717 3385 praecepti
750 3296 1078 3383 adimpletio,
1101 3326 1155 3371 et
1181 3314 1307 3385 quid
1326 3325 1410 3383 est
1439 3317 1690 3387 praecepti
1719 3314 1811 3370 ad-
1841 3296 1887 3367 C

216 3410 484 3479 impletio,
513 3408 615 3465 nisi
666 3409 799 3479 legis
854 3408 1169 3478 plenitudo!
1198 3408 1351 3477 Quod
1382 3423 1510 3478 ergo
1550 3408 1626 3469 ibi
1650 3408 1812 3477 dixit,

222 3501 506 3558 Plenitudo
552 3502 685 3571 legis
736 3496 866 3573 [est]
904 3498 1160 3569 charitas,
1196 3500 1295 3555 hoc
1322 3499 1486 3555 etiam
1517 3498 1605 3554 hic
1653 3499 1812 3573 dixit,

224 3593 376 3649 Finis
425 3593 677 3663 praecepti
725 3600 808 3659 est
834 3591 1092 3646 charitas.
1124 3589 1233 3645 Nec
1260 3589 1490 3645 dubitari
1519 3589 1626 3645 ullo
1654 3589 1814 3644 modo

220 3694 401 3761 potest
427 3687 570 3758 quod
625 3686 879 3758 templum
929 3682 1021 3743 Dei
1066 3682 1137 3743 sit
1166 3682 1330 3739 homo
1374 3683 1429 3745 in
1474 3697 1579 3754 quo
1607 3682 1815 3749 habitat

218 3779 487 3847 etiaritas;
516 3778 644 3834 dicit
671 3778 816 3833 enim
847 3785 901 3832 et
927 3775 1163 3832 Joannes
1189 3790 1207 3831 :
1241 3775 1380 3838 Deus
1408 3774 1649 3843 cheritas
1706 3783 1811 3833 est.

222 3872 352 3927 llaec
380 3882 559 3927 autem
588 3871 831 3931 dicentes
852 3868 1117 3942 Apostoli,
1146 3877 1200 3927 et
1228 3868 1386 3926 nobis
1411 3868 1692 3926 charitatis
1720 3884 1815 3924 ex-

222 3965 526 4019 cellentiam
548 3963 1007 4029 commendantes,
1026 3978 1132 4019 non
1157 3964 1342 4034 utique
1362 3963 1530 4031 aliud,
1551 3963 1653 4020 nisi
1671 3963 1812 4034 quod

222 4055 589 4120 comederant,
620 4064 867 4110 ructuare
903 4063 1209 4125 potuerunt,
1239 4055 1361 4124 Ipse
1388 4054 1586 4129 quippe
1623 4054 1814 4115 Domi-

221 4162 328 4204 nus
361 4162 588 4217 pascens
619 4161 714 4211 eos
736 4148 900 4203 verbo
922 4146 1132 4216 salutis,
1164 4145 1330 4202 verbo
1353 4145 1811 4218 cbaritatis,quod

216 4248 309 4305 ast
336 4241 452 4310 ipse
492 4240 643 4311 panis
672 4241 830 4298 vivus
855 4240 944 4312 qui
972 4238 1040 4297 de
1085 4238 1227 4297 cmlo
1254 4236 1571 4294 descendit:
1598 4240 1814 4295 Manda-

218 4342 360 4399 tum,
396 4332 587 4402 inquit,
622 4345 819 4385 uovum
862 4331 935 4385 do
961 4329 1136 4396 vobis,
1165 4336 1223 4384 ut
1242 4343 1339 4385 vos
1365 4328 1593 4385 invicem
1624 4329 1811 4400 diliga-

218 4426 333 4491 tis;
363 4434 419 4485 et
468 4424 682 4491 iterum,
716 4423 773 4481 in
830 4422 931 4479 hoc
977 4422 1150 4479 scient
1188 4432 1377 4477 omnes
1407 4420 1532 4492 quia
1561 4421 1812 4494 discipuli

218 4516 331 4572 mel
356 4517 507 4584 estis,
533 4517 576 4571 si
600 4531 697 4573 vos
723 4516 948 4573 invicem
970 4512 1290 4572 dilexeritis.
1316 4515 1410 4575 ille
1436 4516 1579 4579 enim
1602 4519 1693 4589 qui
1722 4533 1811 4579 ve.-

217 4608 306 4667 nit
355 4624 451 4680 per
496 4610 671 4679 crucis
726 4608 1063 4677 irrisionem,
1094 4609 1273 4671 carnis
1322 4608 1584 4680 perimere
1628 4624 1812 4665 corru-

1919 2020 1973 2077 ln
2004 2036 2070 2078 ee
2093 2023 2234 2094 quod
2262 2037 2369 2079 non
2402 2025 2652 2095 intelligis
2668 2025 2900 2082 charitas
2931 2029 3079 2095 latet.
3108 2028 3202 2084 ille
3229 2032 3407 2102 itaque
3427 2040 3507 2089 te-
3552 2090 3553 2093 η

1918 2122 2010 2170 net
2044 2124 2098 2171 et
2124 2115 2266 2185 quod
2317 2124 2462 2185 patet
2489 2126 2544 2173 et
2570 2118 2712 2189 quod
2764 2119 2895 2177 latet
2924 2121 2975 2189 iu
3006 2121 3204 2189 divinis
3233 2124 3499 2189 sermoni—

1919 2206 2040 2273 bus,
2068 2208 2155 2291 qui
2210 2207 2523 2271 charitatom
2554 2218 2698 2267 tenet
2744 2212 2799 2266 in
2854 2212 3115 2270 moribus.
3141 2214 3498 2286 Quapropter,

1920 2296 2133 2364 l'ratres,
2158 2299 2433 2365 sectamini
2456 2300 2793 2368 charitatem,
2817 2302 2970 2367 dulce
2992 2320 3052 2363 ac
3078 2305 3297 2373 salubre
3321 2307 3506 2363 vincu-

1920 2389 2026 2445 lum
2050 2390 2330 2460 mentium,
2352 2391 2471 2447 sine
2490 2406 2593 2463 qua
2611 2392 2769 2449 dives
2790 2409 2990 2465 pauper
3012 2404 3115 2463 est.
3138 2406 3189 2454 et
3212 2395 3379 2470 [cum]
3396 2415 3505 2470 qua

1918 2498 2118 2553 pauper
2147 2483 2296 2541 dives
2343 2492 2445 2542 est.
2493 2485 2617 2542 Haec
2649 2486 2702 2542 in
2755 2487 3166 2544 adversitatibus
3198 2491 3408 2556 tolerat,
3444 2492 3499 2555 in

1918 2576 2364 2646 prosperitatibus
2385 2579 2736 2649 temperat,in
2764 2578 2912 2637 duris
2941 2580 3279 2649 passionibus
3320 2580 3495 2649 fortis,

1919 2668 1971 2727 in
2002 2667 2157 2728 bonis
2208 2668 2464 2741 operibus
2490 2671 2697 2740 hilaris,
2724 2672 2777 2726 in
2807 2673 3101 2737 tentatione
3129 2672 3416 2741 tutissima,
3451 2673 3502 2728 in

1919 2762 2286 2834 hospitalitate
2327 2765 2609 2831 latissima,
2638 2766 2782 2823 inter
2801 2781 2957 2823 veros
2986 2766 3178 2822 fratres
3206 2766 3503 2833 latissima,

1917 2855 2056 2912 inter
2073 2854 2238 2915 falsos
2255 2856 2668 2933 patientissima;
2684 2858 2878 2914 inAhel
2894 2872 2989 2933 per
3001 2859 3317 2915 sacriﬁcium
3330 2867 3504 2929 grata,

1918 2946 1971 3005 in
2003 2946 2117 3017 Noe
2150 2962 2249 3018 per
2276 2948 2533 3004 diluvium
2578 2963 2792 3015 secura,
2826 2950 2879 3005 in
2921 2948 3151 3013 Abrahae
3199 2950 3506 3023 peregrina-

1917 3041 2060 3096 tione
2113 3040 2449 3109 lidelissima,
2474 3042 2530 3097 in
2575 3041 2758 3114 Moyse
2784 3040 2925 3097 inter
2950 3039 3178 3113 injurias
3200 3041 3500 3108 lenissima,

1917 3132 1969 3189 in
2025 3133 2189 3199 David
2242 3134 2677 3193 tribulationibus
2730 3136 3199 3202 mansuetissima;
3246 3135 3300 3199 in
3336 3136 3507 3197 tribus

1916 3222 2099 3292 pueris
2147 3223 2374 3282 blandos
2420 3224 2570 3296 ignes
2600 3225 2915 3282 innocenter
2938 3233 3183 3299 spectat,
3210 3227 3265 3281 in
3291 3227 3503 3283 Macha-

1922 3313 2050 3370 bzeis
2098 3328 2272 3370 servos
2304 3315 2454 3386 ignes
2491 3316 2701 3377 fortiter
2728 3316 2955 3385 tolerat;
2988 3326 3134 3375 casta
3182 3319 3232 3375 in
3260 3319 3505 3381 Susanna

1916 3423 2043 3479 erga
2090 3408 2300 3472 virum;
2345 3411 2399 3470 in
2448 3407 2601 3464 Anna
2636 3419 2756 3479 post
2784 3410 2985 3483 virum,
3010 3410 3063 3464 in
3120 3410 3284 3467 Maria
3310 3424 3507 3481 praeter

1916 3500 2120 3569 virum;
2145 3501 2312 3559 libera
2340 3502 2392 3556 in
2418 3501 2584 3557 Paulo
2605 3501 2671 3556 ad
2696 3502 3050 3572 arguendum,
3079 3502 3296 3559 humilis
3322 3504 3377 3560 in
3406 3504 3505 3561 Pe-

1919 3602 2001 3648 tro
2028 3593 2095 3651 ad
2123 3593 2486 3663 obedientium
2515 3638 2530 3665 ,
2555 3595 2782 3659 humana
2809 3596 2863 3650 in
2891 3594 3210 3665 Christianis
3240 3597 3308 3665 ad
3334 3600 3504 3661 conii-

1918 3685 2161 3757 tendum,
2189 3685 2373 3753 divina
2397 3687 2450 3742 in
2477 3686 2692 3743 Christo
2712 3686 2777 3743 ad
2808 3687 3217 3759 ignoscendum.
3243 3688 3350 3747 Sed
3378 3695 3505 3763 quid

1915 3792 2018 3849 ego
2044 3778 2111 3839 de
2138 3778 2400 3841 cbaritate
2449 3778 2622 3857 majus
2649 3787 2743 3845 aut
2783 3780 3001 3847 uberius
3048 3794 3268 3861 possunt
3299 3780 3503 3849 dicere,

1915 3885 2073 3942 quam
2090 3884 2224 3942 quas
2236 3884 2332 3942 per
2342 3884 2403 3927 os
2414 3871 2658 3944 Apostoli
2670 3871 2853 3929 laudas
2868 3872 2985 3944 ejus
2998 3872 3205 3935 intonat
3218 3873 3499 3942 Dominus,

1915 3966 2410 4034 supereminentem
2435 3965 2573 4019 viam
2598 3963 3016 4025 demonstrantis
3039 3976 3199 4036 atque
3222 3966 3454 4022 dicentis
3482 3982 3497 4022 :

1916 4054 1973 4112 Si
2019 4055 2217 4125 linguis
2248 4055 2525 4125 hominum
2578 4056 2802 4128 loquar,
2827 4064 2885 4112 et
2907 4059 3242 4129 angelorum.
3268 4057 3505 4115 ebarita-

1917 4154 2025 4205 tem
2050 4155 2230 4207 autem
2256 4162 2361 4207 non
2385 4146 2634 4215 habeam,
2668 4146 2843 4215 iactus
2868 4162 2985 4209 sum
3024 4155 3374 4204 atramentum
3407 4163 3499 4213 so-

1916 4250 2051 4291 nans
2074 4278 2088 4307 ,
2120 4246 2175 4291 et
2203 4236 2507 4309 cymbalum
2537 4234 2807 4304 tinniens;
2842 4246 2897 4298 οι
2925 4237 2971 4297 si
3017 4237 3254 4297 habuero
3281 4238 3506 4308 prophe-

1915 4328 2064 4396 tiam,
2104 4336 2157 4387 et
2178 4328 2353 4387 sciero
2400 4328 2580 4385 omnia
2604 4338 2962 4394 sacramenta,
2991 4338 3046 4385 et
3074 4343 3290 4385 omnem
3322 4331 3504 4399 scien-

1914 4418 2041 4473 tiam
2068 4435 2084 4484 ς
2115 4428 2170 4474 ot
2199 4420 2244 4475 si
2291 4419 2531 4477 habuero
2583 4435 2801 4489 onlnem
2836 4421 2993 4485 tidem
3018 4465 3034 4491 ,
3085 4422 3158 4477 ita
3190 4430 3248 4487 ut
3292 4434 3503 4480 montes

1914 4513 2272 4582 transferam,
2318 4513 2635 4570 charltatem
2692 4523 2870 4571 autem
2913 4530 3017 4571 non
3076 4513 3322 4585 habeam,
3373 4517 3505 4576 nihil

1914 4607 2046 4663 mihi
2073 4608 2310 4679 prodest.
2341 4607 2589 4671 Charitas
2610 4608 2950 4678 magnanima
2981 4616 3084 4676 est,
3119 4609 3350 4681 benigna
3379 4618 3499 4677 est;

217 4700 489 4773 ptionetn,
518 4710 574 4757 et
617 4709 936 4757 vetustatem
969 4701 1165 4755 vinculi
1209 4702 1401 4757 mortis
1438 4710 1672 4770 nostras,
1699 4716 1811 4759 sum
1839 4686 1890 4748 Ῑ)
1915 4702 2150 4757 charitas
2177 4718 2282 4757 non
2308 4701 2613 4770 amulatur,
2648 4715 2751 4758 non
2796 4701 2905 4774 agit
2928 4716 3237 4773 perperam,
3269 4719 3375 4758 non
3422 4703 3505 4760 in-

215 4796 414 4852 mortis
462 4796 696 4852 novitate
743 4793 1063 4863 dissolvere,
1090 4794 1344 4861 mandatu
1388 4810 1530 4853 novo
1558 4794 1687 4854 fecit
1713 4797 1811 4863 ho-

214 4888 423 4946 minem
465 4903 684 4943 norum.
720 4888 826 4943 Res
864 4888 1011 4943 enim
1038 4896 1194 4944 vetus
1217 4896 1334 4944 erat
1364 4898 1422 4943 ut
1450 4890 1611 4957 homo
1634 4907 1811 4948 rnore-

216 4988 407 5046 retur;
450 4979 590 5051 quod
624 4995 689 5034 ne
717 4992 930 5048 semper
949 4978 1149 5034 valeret
1197 4977 1254 5035 in
1284 4979 1523 5047 homine,
1554 4996 1643 5038 res
1674 4998 1809 5039 nova

216 5076 368 5132 facta
404 5083 519 5141 est,
549 5084 606 5130 ut
659 5076 799 5131 Deus
846 5081 1165 5131 moreretur.
1215 5074 1321 5131 Sed
1376 5075 1501 5144 quia
1541 5076 1597 5131 in
1648 5091 1812 5134 carne

217 5178 472 5241 mortuus
500 5178 601 5237 est,
634 5184 740 5225 non
774 5169 826 5224 in
856 5168 1156 5240 divinitate,
1183 5181 1279 5238 per
1318 5168 1699 5240 sempiternam
1727 5170 1810 5228 vi-

218 5272 335 5319 tam
363 5262 656 5317 divinitatis
681 5275 787 5317 non
829 5261 1073 5333 permisit
1100 5275 1224 5317 esse
1249 5262 1639 5331 sempiternum
1668 5264 1812 5320 inte-

1916 4792 2106 4864 ilatur,
2136 4807 2242 4849 non
2297 4792 2705 4861 dehonestatur,
2739 4808 2846 4859 non
2867 4793 3057 4862 quzerit
3087 4808 3205 4863 quae
3232 4809 3328 4849 sua
3353 4804 3503 4859 sunt,

1918 4900 2022 4941 non
2046 4885 2303 4952 irritatur,
2336 4899 2441 4942 non
2473 4885 2672 4956 cogitat
2694 4884 2909 4951 malum,
2940 4899 3046 4940 non
3095 4885 3293 4956 gaudet
3338 4900 3503 4955 super
3600 4905 3613 4915 ·

1914 4977 2214 5050 iniquitate,
2242 4976 2541 5048 congaudet
2568 4986 2746 5041 autem
2791 4978 3024 5043 veritati.
3063 4979 3253 5043 Omnia
3284 4977 3498 5045 tolerat,

1917 5072 2095 5129 omnia
2126 5071 2318 5137 credit,
2349 5072 2530 5127 omnia
2572 5080 2773 5142 sperat,
2807 5072 2984 5126 omnia
3016 5070 3237 5137 sudem;
3267 5070 3499 5137 charitas

1916 5180 2189 5238 nunquam
2215 5163 2376 5229 cadit.
2430 5163 2638 5233 Quanta
2690 5172 2774 5229 est
2796 5163 2923 5231 ista?
2950 5162 3139 5227 Anima
3172 5161 3498 5232 litterarum,

1916 5257 2211 5328 prophetize
2255 5256 2445 5322 virtus,
2495 5264 2955 5312 sacramentorum
3006 5255 3154 5310 salus
3185 5296 3202 5323 ,
3257 5256 3500 5312 scientiae

223 5356 396 5412 ritum
425 5353 623 5409 carnis.
657 5353 861 5429 Itaque,
886 5355 1027 5417 sicut
1051 5352 1183 5423 dicit
1208 5353 1501 5423 Apostolus
1528 5370 1543 5409 :
1576 5353 1813 5411 Mortuus
1912 5347 2349 5417 solidamentum,
2389 5345 2512 5401 ﬁdei
2543 5346 2767 5410 fruetus,
2794 5344 2993 5413 diVilitB
3038 5360 3360 5419 pauperum.
3392 5348 3499 5401 Vita

218 5454 311 5504 est
336 5454 553 5517 propter
578 5444 772 5501 delicta
797 5454 979 5499 nostra
997 5484 1014 5511 ,
1043 5455 1098 5500 et
1127 5444 1430 5500 resurrexit
1456 5454 1676 5515 propter
1697 5445 1811 5516 jus~

219 5537 576 5596 titicationem
626 5542 887 5599 nostram.
914 5533 1011 5602 Qui
1035 5548 1164 5604 ergo
1192 5546 1380 5601 contra
1410 5536 1599 5595 mortis
1628 5546 1807 5591 vetus-

1905 5430 2279 5497 morieutiumi
2326 5430 2465 5500 Quid
2495 5440 2604 5491 tam
2644 5436 3048 5506 magnanimum
3076 5455 3237 5512 quam
3276 5458 3373 5514 pro
3398 5460 3498 5503 im-

1902 5521 2006 5591 piis
2028 5522 2201 5577 mori?
2227 5524 2356 5601 quid
2385 5532 2494 5583 tam
2519 5527 2805 5601 benignum
2836 5544 2994 5601 quem
3017 5540 3072 5597 et
3092 5524 3342 5601 inimicos
3373 5537 3492 5596 dili.

220 5638 391 5685 tatem
442 5628 617 5683 attulit
663 5627 785 5682 vita:
809 5628 1125 5692 novitatem,
1156 5628 1269 5695 ipse
1297 5639 1484 5683 contra
1516 5636 1668 5684 vetus
1691 5643 1811 5700 pec«
1896 5616 2210 5715 screlsftta
2258 5628 2339 5685 est
2362 5635 2519 5715 quam
2550 5621 2779 5680 felicitas
2829 5638 2927 5681 sua
2958 5642 3069 5686 non
3094 5632 3334 5701 extollit.
3365 5636 3495 5715 quia

220 5727 405 5787 catum
432 5720 653 5797 qpponit
690 5732 888 5791 novum
914 5716 1249 5787 mandatum.
1278 5718 1616 5790 Quapropter
1658 5724 1809 5793 quis-

1898 5725 2006 5768 non
2050 5711 2301 5781 inflatur;
2334 5714 2449 5771 sola
2500 5725 2582 5771 est
2638 5733 2796 5788 quam
2847 5722 3184 5794 conscientia
3217 5727 3353 5793 mala
3387 5711 3492 5795 non

221 5815 350 5886 quis
378 5825 527 5870 vetus
566 5823 846 5886 peccatum
877 5814 957 5868 vis
977 5813 1360 5883 exstinguere,
1392 5813 1652 5873 mndata
1677 5831 1813 5873 novo
1898 5806 2103 5879 pungit,
2136 5809 2259 5879 quia
2287 5825 2393 5865 non
2418 5810 2527 5881 agit
2572 5827 2876 5885 perperam.
2900 5816 3051 5876 inter
3094 5824 3384 5895 opprobria
3406 5840 3493 5893 se-

174 5994 189 6002 .
223 5908 510 5985 exstingui:
529 5907 898 5987 cupiditatem.
922 5907 1084 5982 etiam
1109 5906 1348 5989 plectere
1376 5906 1817 5985 [etamplecterci
1894 5913 2026 5961 tm
2077 5909 2188 5968 θα»
2213 5901 2355 5965 illi"
2399 5902 2521 5963 Odia
2552 5906 2793 5977 beneﬁca
2822 5919 2928 5995 tsi.
2958 5913 3099 5990 inter
3138 5914 3249 5991 iras
3277 5919 3490 5996 placida
