4010 6382
175 432 300 504 'ucs

1428 437 1591 496 VITA
1629 437 1687 494 S.
1729 436 2072 496 SEVERINI.

3288 445 3429 501 H70

177 539 291 617 rem
317 600 332 626 ,
383 573 501 630 quae
561 558 732 615 donec
785 558 840 613 in
881 565 988 614 tuae
1033 556 1445 612 constructionis
1506 555 1742 611 libellum
1770 562 1825 621 Α
1850 557 2123 627 fugitivum
2147 567 2321 628 putas,
2353 573 2477 629 para
2508 559 2600 615 tibi
2628 560 2876 631 pretium,
2901 561 3042 631 quod
3071 577 3272 632 prome
3294 578 3423 634 pos-

180 655 391 710 transire
420 661 744 719 mereantur,
775 667 1111 722 nequaquam
1141 653 1376 706 animum
1409 661 1741 706 recenseatis

179 745 452 800 ofi‘endant.
490 745 747 815 Quisquis
785 745 928 800 enim
973 744 1040 799 ad
1071 743 1481 800 construendam
1523 744 1741 799 domum

181 838 516 894 architectum
548 837 791 908 requirit,
817 837 1174 893 necessariam
1207 836 1436 891 sollicite
1465 837 1742 891 materiam

177 942 426 1005 prrcparet
453 951 465 987 :
493 935 633 1002 quod
666 933 710 988 si
737 933 907 987 moles
938 932 1004 987 ad
1035 932 1204 987 instar
1233 932 1498 1002 parietum
1533 931 1745 1000 impoli-

177 1030 238 1082 tis
265 1036 633 1096 componatur,
659 1026 863 1082 artifice
896 1026 1163 1091 tardante,
1189 1024 1451 1095 lapidibus
1475 1039 1743 1092 nunquam

175 1121 456 1177 :ndificasse
483 1121 737 1176 dicendus
764 1129 865 1187 est,
899 1121 988 1175 ubi
1028 1121 1174 1175 nulla
1204 1121 1447 1191 magistri
1478 1128 1744 1174 structura

174 1227 380 1284 prorsus
404 1213 704 1282 intraverit,
731 1212 878 1267 nulla
902 1213 1004 1267 rite
1032 1211 1391 1280 subjiciuntur
1420 1211 1748 1266 fundamenti

175 1305 457 1359 munimina
491 1322 504 1359 :
530 1304 606 1359 sic
636 1317 736 1374 ego
765 1317 999 1373 quoque,
1032 1302 1326 1372 pretiosam
1357 1303 1637 1357 materiam
1667 1301 1748 1355 in-

163 1397 317 1467 genio
349 1408 565 1464 vestro,
599 1397 858 1452 vilissima
891 1395 1284 1465 compositione
1312 1396 1402 1449 vix
1437 1410 1746 1465 praeparans

171 1504 268 1545 non
303 1491 476 1560 putari
507 1488 679 1545 debeo
708 1487 1096 1558 conscripsisse
1117 1488 1256 1558 quod
1281 1489 1460 1557 cupio,
1486 1488 1572 1542 ubi
1605 1487 1744 1542 nulla

170 1583 455 1651 disciplinae
511 1581 748 1638 liberalis
803 1583 1156 1647 constructio,
1190 1581 1371 1639 nullus
1412 1581 1747 1652 grammatici

169 1676 405 1733 culminis
434 1676 598 1732 decor
627 1675 830 1732 existit.
879 1674 1054 1730 Habet
1097 1675 1254 1745 plane
1302 1684 1509 1730 certum
1553 1673 1743 1728 funda-

167 1780 396 1825 mentum
438 1770 602 1825 solius
646 1769 804 1835 fidei,
839 1783 944 1838 quo
979 1777 1222 1823 sanctum
1273 1769 1444 1822 virum
1490 1765 1747 1821 mirandis

172 1871 380 1918 constat
404 1863 666 1918 claruisse
694 1861 1010 1927 virtutibus,
1043 1861 1187 1932 quod
1219 1876 1314 1930 per
1342 1875 1532 1915 manus
1553 1860 1747 1928 lingum

168 1963 268 2009 tum
297 1953 468 2008 offero
499 1953 892 2018 collocandum,
920 1953 988 2008 de
1017 1954 1090 2008 tui
1114 1955 1291 2024 operis
1315 1952 1524 2023 fastigio
1563 1952 1747 2008 laudes

166 2045 372 2101 Christo
402 2045 610 2100 debitas
639 2045 970 2100 redditurus.

151 2131 159 2196 ἶ
235 2140 284 2191 5.
327 2137 416 2191 llla
465 2152 679 2208 quoque
728 2152 916 2207 precor
954 2139 1210 2192 virtutum
1252 2137 1509 2194 beneﬁcia
1539 2137 1742 2191 sanita-

164 2239 380 2301 tumque
409 2231 668 2297 remedia,
700 2246 819 2301 qua:
847 2232 928 2286 vel
981 2231 1034 2284 in
1073 2231 1303 2299 itinere,
1348 2232 1432 2285 vel
1475 2231 1560 2285 hic
1606 2229 1746 2299 apud

164 2321 404 2390 ejusdem
429 2321 723 2378 beatissimi
746 2322 921 2377 Patris
943 2324 1260 2377 memoriam
1288 2322 1465 2376 divina
1488 2330 1612 2375 sunt
1632 2336 1748 2390 per-

165 2421 276 2466 acta
306 2413 525 2480 virtute,
561 2413 799 2483 digneris
828 2413 1153 2478 adnectere;
1185 2427 1306 2482 quae
1335 2414 1588 2481 quoniam
1619 2412 1747 2466 fide.

163 2503 227 2558 lis
270 2505 493 2573 portitor
549 2505 687 2558 filius
733 2514 910 2560 vester
955 2506 1269 2575 Deogratias
1319 2506 1517 2574 optimc
1564 2507 1743 2572 novit,

171 2599 336 2652 verbo
364 2598 803 2654 commendamus
846 2598 1165 2667 intimanda,
1199 2611 1478 2669 sperantes
1519 2616 1614 2656 nos
1651 2600 1747 2656 ba-

161 2688 263 2757 jnli
294 2705 489 2746 nomen
528 2691 689 2747 etiam
729 2692 796 2747 de
827 2694 902 2748 tui
947 2695 1125 2763 operis
1173 2695 1507 2764 perfectione
1547 2695 1747 2766 jugiter

158 2797 279 2838 esse
307 2783 575 2851 dicturos;
611 2795 671 2840 ut
696 2785 790 2841 Dei
822 2783 1170 2841 fidelissimus
1195 2786 1426 2843 famulus
1453 2790 1612 2844 tantis
1637 2789 1748 2843 vir-

158 2873 365 2929 tutibus
397 2866 686 2944 opulentus
711 2919 725 2942 ,
757 2878 896 2932 sicut
943 2878 1008 2933 ad
1040 2888 1346 2934 sanctorum
1379 2881 1602 2950 gloriam
1633 2882 1747 2937 suis

155 2980 256 3036 per
283 2967 482 3022 Christi
527 2970 755 3038 gratiam
804 2971 1011 3026 meritis
1039 2971 1307 3039 evehitur,
1351 2974 1427 3028 sic
1454 2975 1518 3028 ad
1559 2974 1748 3028 huma-

153 3075 278 3114 nam
307 3063 620 3118 memoriam
654 3065 762 3119 tuis
794 3065 988 3121 litteris
1010 3076 1380 3122 consecretur.
1411 3068 1554 3124 Sane
1577 3070 1745 3138 patria

153 3153 224 3208 de
255 3169 357 3224 qua
389 3154 485 3210 fuit
515 3157 772 3212 oriundus
805 3159 1034 3215 fortasse
1067 3161 1383 3216 necessario
1415 3177 1444 3215 a
1475 3161 1632 3217 nobis
1660 3177 1746 3216 re-

152 3244 406 3313 quiritur,
435 3257 489 3302 ut
521 3248 672 3314 inde,
700 3251 837 3305 sicut
865 3250 1031 3305 moris
1065 3260 1168 3319 est,
1207 3252 1447 3307 texendzn
1487 3254 1610 3306 vitae
1657 3267 1745 3307 su-

117 3346 335 3400 ,matur
359 3339 664 3394 exordium.
700 3342 776 3396 De
805 3356 907 3411 qua
938 3342 1064 3396 licet
1090 3359 1173 3396 me
1203 3342 1376 3397 fatear
1400 3343 1607 3399 nullum
1633 3344 1745 3398 evi-
1773 3375 1822 3438 Ο

151 3428 290 3483 dens
319 3429 518 3484 habere
547 3431 954 3499 documentum,
988 3444 1166 3488 tamen
1199 3435 1328 3503 quid
1373 3434 1499 3488 hinc
1541 3433 1749 3490 haben-

152 3521 306 3588 dum,
343 3531 396 3576 et
425 3537 454 3577 a
485 3531 536 3577 te
565 3526 933 3592 cognoverim,
963 3539 1068 3578 non
1098 3524 1306 3579 tacebo.

228 3615 282 3667 4.
324 3613 456 3668 Cum
489 3615 640 3670 multi
673 3615 834 3686 igitur
856 3616 1164 3671 sacerdotes
1202 3627 1255 3672 et
1284 3617 1591 3687 spirituales
1618 3620 1747 3686 viri,

151 3719 257 3762 nec
293 3719 397 3759 non
427 3716 483 3761 et
511 3706 630 3761 laici
661 3707 871 3763 nobiles
903 3717 956 3763 et
980 3707 1212 3777 religiosi
1239 3710 1326 3764 vel
1351 3709 1638 3781 indigenae,
1666 3712 1749 3766 vel

159 3797 232 3852 de
264 3797 568 3868 longinquis
596 3800 661 3853 ad
687 3815 808 3854 eum
839 3800 1149 3870 regionibus
1171 3801 1525 3872 confluentes,
1552 3805 1750 3875 saepius

151 3893 474 3948 litesitarent
498 3894 638 3948 inter
681 3909 741 3950 se
785 3905 1121 3965 qurerentes,
1153 3896 1307 3967 cujus
1337 3897 1569 3952 nationis
1602 3907 1752 3954 esset

157 3983 265 4043 vir,
302 3997 462 4049 quem
507 3985 669 4038 tantis
709 3996 998 4040 cernerent
1045 3987 1250 4057 fulgere
1293 3990 1577 4044 virtutibus
1603 4034 1619 4060 ,
1651 4006 1751 4046 nec

153 4072 301 4127 ullus
352 4072 561 4142 penitus
610 4074 678 4127 ab
724 4089 790 4130 eo
837 4075 1061 4130 auderet
1103 4078 1422 4146 inquirere;
1491 4081 1704 4134 tandem
1732 4083 1747 4111 ¹

151 4163 468 4219 Pirmenius
495 4163 714 4235 quidam
747 4167 1033 4236 presbyter
1061 4166 1249 4232 ltalize,
1280 4169 1478 4225 nobilis
1508 4179 1561 4226 et
1585 4173 1751 4228 totius

152 4253 496 4308 auctoritatis
525 4255 624 4319 vir,
647 4256 732 4324 qui
759 4256 825 4310 ad
866 4271 988 4311 cum
1020 4257 1334 4329 confugerat
1362 4269 1602 4330 tempore
1645 4278 1751 4333 quo

150 4345 420 4415 patricius
442 4348 460 4376 '
489 4347 707 4401 OreStes
750 4348 933 4419 inique
970 4360 1277 4420 peremptus
1305 4363 1406 4419 est,
1437 4354 1747 4410 interfecto-

149 4452 247 4494 res
301 4439 418 4506 ejus
463 4447 705 4496 metuens
732 4481 746 4506 ,
802 4456 868 4495 eo
908 4443 1049 4511 quod
1099 4444 1364 4499 interfecti
1409 4445 1556 4500 velut
1602 4457 1752 4516 pater

146 4529 328 4586 fuisse
374 4531 674 4599 diceretur;
724 4544 846 4603 post
898 4536 1094 4591 multos
1146 4539 1326 4607 itaque
1377 4539 1752 4597 familiaritatis

149 4622 374 4691 adeptae
403 4623 540 4688 dies,
569 4627 742 4696 erupit
770 4627 922 4696 quasi
947 4643 1044 4698 pro
1069 4631 1338 4697 omnibus,
1369 4641 1424 4687 et
1451 4633 1524 4687 ita
1563 4633 1748 4688 scisci-

1847 651 1940 714 sis,
1976 667 2096 706 cum
2146 651 2299 707 fuero
2329 655 2637 722 requisitus,
2681 653 2894 710 offerre.
2938 655 3029 710 llis
3076 655 3242 711 talia'
3275 657 3420 714 serio

1845 742 2136 811 subjiciens
2167 761 2290 798 mox
2320 763 2332 796 :
2358 744 2493 812 Quid
2525 745 2769 814 prodest,
2801 747 3002 816 inquit,
3033 762 3189 803 servo
3219 749 3310 804 Dei
3345 751 3424 804 si-

1846 834 2110 902 gnificatio
2139 837 2270 906 loci,
2297 838 2376 892 vel
2403 838 2621 906 generis
2645 839 2755 905 sui,
2781 853 2901 893 cum
2933 839 3103 911 possit
3122 839 3174 895 id
3200 843 3424 899 tacendo

1846 927 2080 982 sanctius
2108 928 2280 985 vitare
2303 932 2633 998 jactantiam,
2660 941 2844 1002 utpote
2883 933 3179 1002 sinistram,
3209 949 3316 1005 qua
3333 951 3429 991 ne-

1849 1021 2073 1086 sciente,
2105 1023 2262 1092 cupio
2318 1039 2454 1093 opus
2499 1025 2698 1080 bonum
2737 1025 2957 1082 Christo
2985 1023 3238 1083 donante
3269 1030 3431 1098 perfi-

1847 1125 1992 1178 cere,
2022 1129 2128 1184 quo
2171 1129 2383 1170 merear
2421 1117 2664 1172 dextera:
2700 1119 2878 1174 socius
2921 1119 3039 1175 fieri
3084 1130 3138 1176 et
3177 1135 3426 1190 supernae

1848 1205 2034 1274 patria:
2059 1207 2192 1261 civis
2213 1207 2447 1263 ascribi?
2469 1209 2637 1276 Quam
2672 1211 2717 1264 si
2748 1226 2833 1266 me
2858 1211 3136 1280 indignum
3166 1212 3428 1268 veraciter

1849 1296 2160 1354 desiderare
2190 1301 2470 1367 cognoscis
2491 1341 2504 1364 ,
2538 1300 2661 1371 quid
2708 1311 2760 1358 te
2801 1317 3022 1359 necesse
3049 1312 3131 1358 est
3162 1311 3430 1358 terrenam

1849 1403 2191 1458 cognoscere,
2226 1407 2384 1460 quam
2416 1393 2680 1462 requiris?
2710 1394 3094 1451 Verumtamen
3133 1396 3271 1450 scito
3302 1396 3427 1466 quia

1851 1482 2016 1548 Deus,
2043 1484 2136 1553 qui
2165 1494 2217 1539 te
2239 1483 2574 1541 sacerdotem
2603 1485 2717 1540 fieri
2745 1488 3013 1556 prtestitit,
3049 1489 3164 1558 ipse
3190 1503 3275 1544 me
3300 1502 3435 1558 quo-

1849 1589 1954 1645 que
2009 1576 2430 1645 periclitantibus
2471 1577 2553 1632 his
2585 1578 2890 1635 hominibus
2936 1579 3199 1636 interesse
3228 1595 3434 1650 praece-

1850 1671 1948 1738 pit.
1984 1669 2050 1724 Et
2082 1670 2170 1724 tali
2196 1679 2536 1726 memoratus
2568 1671 2854 1742 presbyter
2886 1674 3237 1745 responsione
3266 1673 3438 1728 conti-

1849 1761 1984 1828 cuit,
2015 1776 2114 1816 nec
2159 1762 2442 1834 quisquam
2487 1770 2614 1816 ante
2651 1762 2738 1818 vel
2781 1772 2961 1832 postea
2999 1764 3219 1820 beatum
3258 1765 3434 1819 virum

1853 1867 2018 1924 super
2043 1855 2142 1910 hac
2167 1863 2319 1923 parte
2352 1857 2653 1924 percontari
2699 1859 3063 1928 praesumpsit.
3095 1857 3332 1928 Loquela
3359 1866 3438 1913 ta-

1775 1986 1825 2047 Β
1854 1960 1978 2000 men
2008 1945 2178 2015 ipsius
2200 1946 2222 1976 ‘
2270 1947 2569 2002 testabatur
2597 1946 2870 2003 hominem
2914 1947 3134 2004 omnino
3173 1950 3393 2004 latinum
3420 1965 3434 2002 :

1849 2053 2010 2109 quem
2045 2046 2257 2093 constat
2287 2038 2354 2092 ad
2385 2038 2673 2108 quamdam
2698 2039 2934 2094 Orientis
2959 2039 3306 2095 solitudinem
3337 2038 3444 2095 fer-

1851 2143 1983 2184 vore
2013 2130 2352 2199 perfectioris
2387 2132 2511 2185 vitm
2551 2130 2718 2186 fuisse
2747 2130 3042 2199 profectum
3069 2149 3083 2197 ;
3114 2139 3275 2200 atque
3315 2129 3439 2184 inde

1851 2230 1973 2290 post
2016 2219 2127 2273 ad“
2176 2219 2355 2273 Norici
2398 2220 2647 2289 Ripensis
2683 2219 2903 2289 oppida,
2948 2221 3242 2275 Pannoniae
3279 2235 3440 2290 supe-

1851 2314 1980 2367 riori
2026 2313 2225 2379 vicina,
2258 2327 2376 2381 quae
2413 2313 2762 2369 barbarorum
2806 2314 3011 2370 crebris
3058 2314 3442 2384 premebantur

1855 2405 2167 2460 incursibus
2193 2445 2208 2471 ,
2239 2405 2420 2460 divina
2471 2408 2805 2476 compulsum
2849 2409 3183 2464 revelatione
3203 2407 3437 2475 venisse,

1852 2498 1990 2554 sicut
2018 2498 2131 2568 ipse
2155 2498 2175 2528 ‘
2214 2512 2374 2554 causa
2400 2503 2712 2565 secretiore,
2742 2511 2996 2571 tanquam
3023 2501 3092 2556 de
3114 2501 3221 2555 alio
3249 2501 3431 2570 loque-

1854 2598 2022 2658 retur,
2057 2589 2202 2645 ferre
2251 2592 2441 2647 solitus
2485 2603 2623 2659 erat,
2672 2593 2959 2648 nonnullas
3000 2593 3236 2648 Orientis
3281 2592 3442 2647 urbes

1801 2698 1806 2702 ‘
1852 2685 2160 2753 nominans,
2189 2695 2243 2740 et
2267 2687 2478 2741 itineris
2505 2686 2757 2742 immensi
2781 2687 3016 2757 pericula
3038 2701 3097 2742 se
3120 2685 3441 2740 mirabiliter

1852 2776 2112 2832 transisse
2142 2777 2471 2847 significans.
2520 2777 2647 2834 Haec
2689 2779 2850 2848 igitur
2876 2779 3030 2844 sola,
3069 2793 3190 2850 qua:
3237 2779 3436 2847 retuli,

1851 2869 2060 2939 quoties
2127 2869 2194 2924 de
2238 2870 2298 2924 Β.
2344 2871 2588 2926 Severini
2647 2872 2817 2941 patria
2879 2885 3058 2926 sermo
3118 2879 3270 2926 ortus
3322 2879 3439 2937 est,

1853 2961 2013 3014 etiam
2057 2960 2173 3031 ipso
2218 2963 2530 3031 superstite,
2561 2977 2776 3031 semper
2821 2963 3020 3018 audivi.
3062 2962 3266 3018 indicia
3307 2976 3438 3017 vero

1853 3050 2121 3106 mirabilis
2151 3053 2272 3106 vitae
2311 3053 2428 3123 ejus
2460 3054 2584 3109 huic
2610 3055 2852 3125 epistolae
2882 3055 3172 3124 conjuncta
3204 3054 3443 3125 praelatis

1852 3143 2101 3211 capitulis
2126 3146 2634 3200 commemoratorio
2661 3145 2946 3212 recensita,
2969 3144 3121 3210 fient,
3146 3155 3204 3200 ut
3233 3145 3442 3214 rogavi,

1851 3233 1972 3288 libri
2021 3238 2187 3290 vestri
2245 3238 2557 3307 magisterio
2601 3238 2850 3294 clariora.
2895 3235 3157 3307 Superest
3216 3243 3276 3291 ut
3322 3235 3440 3305 ejus

1850 3328 2188 3382 orationibus
2223 3337 2344 3382 tuas
2389 3329 2602 3383 sociare
2631 3343 2739 3383 non
2786 3328 3002 3383 desinas
3023 3368 3037 3392 ,
3064 3337 3118 3382 et
3152 3326 3439 3396 indulgen-

1853 3417 1983 3471 tiam
2013 3417 2142 3472 mihi
2170 3433 2398 3486 poscere
2415 3425 2532 3474 ‘non
2565 3420 2813 3475 desistas.

2013 3552 2439 3692 Incipit
2531 3553 2797 3658 Vita.
2870 3557 3245 3661 sancti

2363 3691 2926 3802 Severini.

2376 3877 2604 3934 CAPUT
2643 3878 2930 3935 PRIMUM.

1857 3993 2082 4049 Sanctus
2133 3992 2408 4046 Severinus
2442 3992 2498 4044 in
2551 3991 2745 4044 Norico
2802 3994 2944 4045 varia
2983 3994 3258 4062 praedicit;
3294 3997 3439 4053 labo-

2396 4062 2629 4115 rantibus
2659 4064 2908 4119 subvenit.

1927 4180 1981 4234 7.
2011 4177 2275 4245 Tempore
2326 4190 2432 4244 quo
2461 4176 2481 4205 ’⁷
2521 4175 2689 4230 Attila
2713 4190 2809 4230 rex
2835 4175 3147 4232 Hunnorum
3163 4178 3445 4237 defunctus

1854 4281 1959 4337 est,
1994 4279 2220 4339 utraque
2255 4269 2552 4337 Pannonia,
2581 4279 2885 4339 cmteraque
2905 4271 3135 4326 confinia
3177 4273 3443 4329 8Danubii

1856 4362 2020 4418 rebus
2060 4361 2420 4414 turbabantur
2464 4359 2748 4430 ambiguis,
2776 4375 2839 4415 ac
2873 4361 3103 4430 primum
3142 4363 3281 4418 inter
3307 4365 3447 4420 filios

1855 4455 1974 4522 ejus
2002 4453 2072 4508 de
2121 4452 2414 4509 obtinendo
2454 4467 2623 4523 regno
2660 4469 2847 4522 magna
2879 4463 3002 4508 sunt
3043 4465 3230 4510 exorta
3272 4468 3448 4512 certa-

1858 4548 2025 4615 mina,
2060 4547 2163 4618 qui,
2193 4544 2384 4600 morbo
2414 4545 2607 4615 iniqua:
2639 4546 3018 4601 dominationis
3056 4548 3248 4615 inflati,
3277 4558 3449 4605 mate-

1855 4643 1992 4698 riam
2041 4643 2121 4696 sui
2177 4641 2397 4696 sceleris
2438 4654 2696 4710 accepere
2741 4640 2910 4711 patris
2954 4641 3252 4697 interitum.
3298 4642 3448 4698 Tunc

145 4719 307 4767 tatus
339 4723 420 4768 est
451 4715 634 4770 dicens
663 4735 673 4768 :
699 4717 924 4773 Domine
968 4731 1182 4786 sancte,
1226 4720 1292 4776 de
1323 4736 1427 4791 qua
1477 4724 1747 4792 provincia

1857 4735 2039 4806 itaque
2079 4733 2451 4788 sanctissimus
2480 4734 2572 4787 Dei
2616 4732 2848 4788 famulus
2893 4732 3185 4789 Severinus
3224 4734 3292 4790 de
3328 4748 3448 4805 par-

145 4805 306 4860 Deus
339 4806 420 4860 his
451 4808 755 4877 regionibus
787 4811 891 4866 tale
913 4812 1093 4867 lumen
1115 4813 1318 4869 donare
1345 4815 1592 4885 dignatus
1620 4825 1704 4873 est
1729 4820 1751 4871 ’Β

145 4897 257 4953 Cui
293 4899 375 4953 vir
418 4899 514 4954 Dei
559 4899 731 4968 faceta
776 4904 1002 4971 primum
1046 4905 1315 4964 hilaritate
1354 4910 1750 4979 respondit:Si

215 5044 270 5106 ,¹
297 5041 429 5113 Bclf.
462 5041 798 5113 Pygmenius.
841 5043 1100 5102 Brattncr.
1139 5047 1454 5102 Primem’us.

234 5115 256 5145 ²
301 5112 395 5166 llic
455 5112 567 5189 Dux
619 5116 846 5169 militum
895 5132 922 5169 a
976 5118 1120 5173 Julio
1162 5119 1366 5186 Nepote
1416 5120 1748 5189 lmperatore

143 5193 416 5258 creatus,
448 5185 705 5240 adversus
748 5201 869 5241 eum
917 5189 1199 5244 rebellavit
1222 5185 1546 5258 ,ifiliumqu'e
1591 5207 1748 5248 suum

142 5254 620 5330 Murnyllum,_qui
662 5267 715 5312 et
744 5261 1091 5327 Augustulus,
1140 5254 1315 5330 pridie
1361 5254 1588 5318 Kalend.
1632 5263 1748 5317 No-

141 5324 344 5381 vemb.
379 5324 482 5375 4Ἱὸ
510 5324 888 5395 imperatorem
920 5324 1215 5386 constituit.
1247 5330 1490 5388 Odoacer
1519 5334 1588 5387 ab
1613 5333 1746 5390 Ore-

140 5398 260 5474 stis
310 5395 523 5474 aemulis
560 5397 850 5474 advocatus
890 5402 940 5455 in
990 5404 1216 5469 italiam,
1261 5418 1384 5456 eum
1421 5404 1746 5474 fratremque

139 5469 290 5543 cjus_
313 5465 539 5520 Paulum
561 5469 777 5543 occidit,
811 5474 1162 5543 Augustulum
1202 5465 1464 5543 relegavit
1503 5475 1555 5529 in
1587 5465 1743 5530 Cain-

144 5537 408 5621 papiam,
439 5552 529 5620 an.
563 5537 692 5621 4⁵76ξ
719 5537 974 5621 Basilisco
1000 5546 1044 5598 ll
1086 5553 1140 5599 et
1169 5537 1390 5600 Armaio
1415 5546 1568 5601 Coss.

230 5609 253 5681 ἦ
301 5607 563 5681 Daronius
585 5612 753 5664 senior
779 5611 922 5681 legit.

231 5679 261 5712 ⁴
303 5678 878 5762 EditioHen_._Canjsiin
895 5683 1262 5762 higinterjicit
1282 5689 1601 5762 Africanum,
1627 5707 1748 5762 qua}

146 5766 272 5808 vox
319 5751 504 5824 aberat
549 5769 579 5806 a
619 5753 717 5809 Ms.
760 5753 997 5810 Belfortii
1033 5767 1086 5811 et
1132 5751 1374 5824 Baronii,
1408 5778 1502 5816 nec
1540 5751 1751 5818 videtur

153 5820 520 5899 necessaria.
546 5825 850 5899 Draunerus
888 5826 1178 5882 Romanum
1227 5820 1522 5899 διιδρὶρίιιυτ
1562 5850 1577 5886 :
1610 5835 1753 5888 favet

153 5891 458 5950 Baronins.
488 5894 668 5965 Africa
697 5899 971 5953 oriundum
993 5899 1177 5956 scribit
1202 5891 1510 5972 Aventinus,
1539 5913 1594 5961 ut
1621 5908 1751 5964 dixi-

154 5977 315 6025 IDUS.

1861 4825 2002 4880 tibus
2032 4824 2268 4879 Orientis
2296 4823 2608 4889 adveniens,
2645 4825 2696 4879 in
2737 4823 2928 4880 vicinis
2970 4824 3149 4880 Norici
3195 4824 3448 4895 Ripensis

1861 4925 1919 4975 et
1959 4917 2356 4974 Pannoniorum
2400 4917 2675 4988 partibus,
2722 4917 2864 4987 quod
2904 4921 2926 4951 '
2969 4918 3182 4974 Asturis
3229 4917 3444 4986 dicitur,

1935 5055 1955 5084 ⁸
1997 5054 2248 5109 Noricum
2283 5053 2520 5121 Ripense
2560 5063 2664 5122 est,
2702 5055 2957 5124 quidquid
2985 5052 3053 5105 ab
3089 5052 3261 5118 (Eno,
3291 5052 3443 5109 Rhe-

1857 5125 2053 5179 tiarum
2085 5134 2141 5179 et
2166 5125 2477 5180 Vindelicis:
2503 5125 2752 5193 termino,
2783 5127 2848 5178 ad
2882 5126 3162 5178 Pannones
3190 5138 3362 5193 usque
3385 5127 3439 5180 in

1858 5196 2086 5251 Danubii
2118 5196 2235 5265 ripa
2262 5196 2422 5265 jacet.
2453 5195 2647 5249 Velser.
2689 5197 2757 5248 ad
2784 5212 2880 5264 cap

1931 5268 1952 5296 δ
1991 5266 2215 5332 Baron.,
2245 5267 2437 5323 clauso
2457 5280 2728 5323 sermone.

1930 5339 1948 5368 ⁷
1979 5340 2134 5392 Anno
2165 5336 2292 5392 454.

1930 5410 1949 5440 ⁸
1981 5408 2239 5474 Quarum,
2299 5416 2357 5464 ut
2397 5408 2694 5464 Jornandes
2734 5408 2801 5462 de
2853 5408 3035 5464 Rebus
3063 5407 3286 5472 Geticis,
3319 5420 3443 5474 cap.

1856 5478 1952 5561 ἕο..
1973 5480 2181 5545 scribit,
2208 5497 2305 5561 per
2341 5479 2620 5561 licentium
2649 5479 2876 5561 libidinis
2909 5479 3294 5561 ρεηε-ρορᾳιμε
3325 5478 3444 5547 fuit.

1849 5550 2020 5619 Major
2067 5549 2367 5605 nattrEllac
2417 5551 2713 5615 dicebatur,
2747 5549 2962 5606 Chabas.
2992 5549 3144 5616 aliis;
3191 5549 3276 5604 hic
3321 5563 3443 5602 cum

1852 5623 2130 5676 Aladart‘co
2163 5622 2325 5676 fratre
2366 5622 2548 5691 praelio
2584 5623 2921 5677 memorabili
2960 5633 3302 5691 congressus.
3334 5634 3442 5689 quo

1856 5693 2167 5749 Hunnorum
2243 5689 2461 5747 omnino
2523 5691 2707 5747 fractae
2761 5694 2924 5749 vires.
2982 5689 3192 5748 Velser.
3245 5689 3344 5745 lib.
3405 5705 3440 5743 ll

1859 5765 1984 5818 lter.
2011 5765 2160 5820 Boic.

1927 5839 1946 5867 ⁰
1987 5837 2376 5902 Sur.,liaron.,
2418 5835 2570 5900 llar.,
2605 5835 3088 5902 Casturis.Lazins,
3118 5833 3359 5902 (Iastuns,
3389 5840 3444 5886 et

1864 5906 2114 5971 Casturis,
2148 5907 2198 5961 id
2228 5916 2328 5971 est,
2371 5915 2428 5959 ut
2463 5907 2558 5968 ait,
2591 5907 2784 5960 Castris
2806 5901 3280 5975 Augustigandagi
3316 5916 3449 5954 con-
3480 5957 3482 5960 ,

1859 5970 2177 6048 jectura,ut
2206 5970 2460 6033 VelScrus
2492 5988 2695 6034 censet.
2730 5970 2965 6035 l‘etrfde
2997 5979 3116 6037 Nat.
3142 5984 3198 6033 et
3224 5970 3448 6028 Ferrato
