4010 6382
561 394 694 450 1171

1850 389 2010 444 νιτΑ
2050 385 2107 441 S.
2149 381 2492 446 SEVERINI.

3687 380 3818 440 1172

562 505 759 577 oppido
789 506 1119 570 morabatur,
1149 505 1335 557 vivens
1361 501 1506 572 iuxta
1537 503 1900 571 evangelieam
1928 511 2145 572 aposto-
2169 496 2227 562 Α
2251 504 2408 551 terra:
2437 505 2607 563 motu,
2651 496 2722 550 ita
2773 504 2896 551 sunt
2923 494 3138 554 barbari
3174 493 3500 556 intrinsecus
3527 492 3815 557 habitantes

564 603 832 672 licatnque
854 603 1179 664 doctrinam,
1203 598 1348 652 omni
1383 597 1582 666 pietate
1607 610 1660 652 et
1685 600 1930 653 castitate
1957 598 2150 668 praedi-

563 706 668 764 tus,
701 698 754 751 in
786 695 1123 751 confessione
1155 694 1435 750 catholica:
1471 693 1595 748 ﬁdei
1624 694 1927 749 venerabile
1955 707 2148 766 propo-

482 845 483 848 η
560 791 718 846 situm
743 789 942 843 sanctis
970 788 1221 856 cperibus
1252 787 1603 857 adimplebat.
1631 786 1766 841 Dum
1793 802 1924 860 ergo
1953 786 2148 844 talibus

558 883 829 941 exercitiis
857 883 1141 938 roboratus
1190 881 1421 950 palmam
1464 896 1714 952 supernae
1745 882 2039 937 vocationis
2066 881 2147 936 in-

561 993 729 1034 nocue
750 987 1087 1048 sequeretur,
1112 977 1340 1048 quadam
1372 974 1462 1032 die
1482 975 1548 1028 ad
1576 975 1859 1031 ecclesiam
1888 975 2149 1044 processit

556 1085 623 1127 ex
655 1085 805 1126 more
831 1089 843 1124 :
873 1081 996 1128 tunc
1043 1070 1380 1146 presbytero,
1413 1069 1562 1123 clero
1592 1077 1644 1123 et
1685 1068 1889 1124 civibus
1921 1065 2148 1136 requisi-

558 1163 653 1232 tis,
684 1164 851 1233 ctepit
897 1172 1007 1219 tota
1040 1165 1232 1219 mentis
1273 1163 1572 1218 humilitate
1621 1161 1913 1233 przedicere
1943 1170 2000 1218 ut
2047 1161 2144 1216 ho-

558 1257 723 1311 stium
773 1257 997 1313 insidias
1045 1258 1385 1313 imminentes
1441 1255 1774 1312 orationibus
1819 1271 1885 1310 ac
1926 1255 2146 1326 jejuniis

558 1358 614 1405 et
673 1350 1061 1406 misericordiae
1117 1351 1380 1407 fructibus
1439 1349 1762 1408 inhiberent.
1820 1349 1926 1410 Sed
1978 1349 2145 1410 animi

556 1452 901 1499 contumaces
942 1459 1005 1500 ac
1037 1443 1318 1499 desideriis
1357 1444 1659 1502 carnalibus
1699 1442 1960 1512 inclinati,
2004 1458 2144 1514 pra:-

555 1536 788 1592 dicentis
819 1540 1034 1593 oracula
1089 1538 1425 1594 inﬁdelitatis
1462 1553 1572 1595 sua:
1599 1537 1910 1594 discrimine
1953 1536 2145 1608 proba-

555 1641 770 1684 verunt.
806 1631 1058 1688 Famulus
1100 1641 1278 1689 autem
1317 1631 1410 1688 Dei
1453 1646 1702 1689 reversus
1739 1630 1804 1686 ad
1851 1630 2142 1700 hospitium

555 1735 662 1790 quo
691 1721 759 1776 ab
785 1723 1032 1780 ecclesiae
1079 1723 1252 1780 fuerat
1287 1723 1509 1780 custode
1562 1732 1867 1794 susceptus,
1909 1723 2050 1784 diem
2089 1730 2146 1780 et

556 1808 747 1867 horam
796 1813 1126 1870 imminentis
1156 1814 1351 1870 excidii
1399 1815 1654 1888 prodens,
1705 1815 1778 1873 De
1817 1815 2140 1886 contumaci,

2254 587 2520 656 exterriti,
2556 594 2615 640 ut
2661 596 2840 656 portas
2869 586 2972 644 sibi
3015 585 3288 644 Romanos
3322 595 3580 660 cogerent
3624 591 3813 658 aperire

2252 680 2532 735 velociter.
2608 680 2880 735 Exeuntes
2958 679 3119 750 igitur
3166 680 3186 710 '
3229 680 3409 735 cuncti
3469 678 3815 749 diﬁugeruut,

2251 775 2581 829 aestimantes
2625 788 2685 828 se
2722 788 2880 843 quam
2929 773 3227 830 vicinorum
3277 773 3515 834 hostium
3561 775 3815 835 obsidioni

2252 868 2502 935 vallatos,
2531 876 2794 938 auctoque
2822 875 3028 926 terrore
3057 865 3344 936 divinitus,
3366 875 3422 922 et
3449 868 3624 923 noctis
3649 884 3811 926 error:

2250 963 2482 1031 confusi,
2511 963 2710 1020 mutuis
2734 977 2794 1020 se
2824 961 3016 1033 gladiis
3043 961 3423 1020 conciderunt.
3447 961 3567 1018 Tali
3591 977 3710 1034 ergo
3737 979 3775 1018 at
3794 995 3810 1006 -

2253 1057 2505 1113 versariis
2535 1054 2903 1112 internecione
2933 1055 3288 1126 consumptis,
3330 1053 3518 1110 divino
3552 1055 3697 1126 plebs
3718 1071 3809 1112 set-

2249 1159 2368 1205 vata
2405 1150 2678 1224 praesidio,
2711 1165 2810 1222 per
2840 1158 3083 1208 sanctum
3111 1149 3287 1206 virum
3327 1149 3496 1205 armis
3521 1148 3702 1205 didicit
3739 1166 3811 1221 pu«

2249 1257 2418 1315 gnate
2441 1244 2776 1302 coelestibus.

2322 1336 2377 1392 9.
2423 1336 2626 1394 Eodem
2702 1345 2945 1412 tempore
3002 1336 3275 1394 civitatem
3335 1336 3562 1393 nomine
3595 1338 3618 1369 ⁸
3658 1337 3808 1394 Γπίια

2247 1436 2332 1490 nis
2378 1448 2518 1490 saeva
2549 1433 2720 1492 fames
2747 1443 3094 1506 oppresserat
3122 1452 3138 1490 :
3167 1435 3325 1504 huius
3354 1434 3690 1493 habitatores
3719 1438 3813 1492 uni-

2259 1542 2381 1584 cum
2421 1528 2522 1586 sibi
2554 1527 2851 1588 remedium
2879 1527 3047 1588 altore
3088 1527 3462 1597 crediderunt,
3495 1528 3544 1585 si
3567 1545 3628 1586 ex
3657 1545 3808 1601 supra-

2249 1621 2394 1678 dicto
2416 1621 2615 1694 oppido
2652 1619 2972 1692 Comagenis
2998 1621 3268 1680 hominem
3299 1621 3395 1677 Dei
3428 1622 3687 1694 religiosis
3713 1640 3804 1694 ρης

2247 1716 2402 1774 cibus
2431 1716 2740 1776 invitarent.
2781 1714 2926 1785 Quos
2951 1714 3042 1772 ille
3069 1714 3136 1775 ad
3156 1729 3216 1771 se
3244 1725 3472 1774 ventum
3520 1717 3595 1772 ire
3634 1733 3804 1787 pretio-

2247 1822 2429 1878 scens,
2457 1822 2579 1866 cum
2622 1807 2901 1867 haesitaret
2935 1817 3112 1866 utrum
3142 1816 3392 1880 pergeret
3416 1823 3542 1864 cum
3567 1812 3641 1866 eis
3668 1827 3800 1868 necne

556 1903 652 1970 ait,
686 1904 884 1976 oppido
911 1916 966 1962 et
995 1907 1151 1963 citius
1194 1909 1432 1979 perituro
1463 1908 1689 1968 festinus
1734 1909 1989 1969 abscedo.
2017 1908 2148 1965 inde
2175 1906 2224 1968 B
2252 1918 2282 1959 a
2328 1903 2556 1964 Domino
2592 1911 2651 1959 ιιι
2685 1916 2807 1958 cum
2855 1901 2937 1962 eis
2989 1912 3238 1974 pergeret
3285 1913 3670 1960 ωωωοιιειιιτο
3706 1903 3798 1971 000

557 1996 626 2051 ad
696 1997 997 2067 proximum
1069 1999 1212 2070 quod
1267 2003 1280 2031 ί
1332 2000 1709 2072 Commagenis
1779 2000 2150 2074 appellabatur

557 2090 814 2161 oppidum
877 2091 1184 2150 declinavit.
1247 2094 1360 2151 Hoc
1418 2094 1764 2152 barbarorum
1826 2095 2151 2152 intrinsecus

559 2185 996 2252 consistentium,
1047 2187 1136 2260 qui
1185 2201 1306 2242 cum
1363 2187 1619 2243 Romanis
1669 2186 1846 2243 foedus
1895 2186 2147 2252 inierant,

558 2277 805 2334 custodia
833 2263 1151 2335 servabatur
1192 2279 1517 2347 arctissima,
1549 2279 1785 2349 nullique
1817 2278 2152 2351 ingrediendi

558 2376 652 2424 aut
695 2369 1006 2440 egrediendi
1056 2371 1228 2426 facilis
1279 2371 1490 2428 licentia
1533 2371 1905 2440 praestabatur.
1951 2372 1994 2426 A
2035 2371 2153 2442 qui-

559 2462 662 2515 bus
709 2470 886 2518 tamen
947 2461 1040 2517 Dei
1101 2462 1353 2530 famulus,
1392 2477 1514 2518 cum
1575 2471 1718 2520 esset
1774 2464 2011 2534 ignotus,
2055 2476 2154 2519 nec

559 2554 918 2625 interrogatus
941 2564 1046 2632 est,
1079 2571 1179 2612 nec
1206 2556 1473 2630 repulsus.
1503 2556 1686 2628 itaque
1730 2570 1855 2612 mox
1879 2557 2156 2627 ingressus

561 2646 877 2714 ecclesiam,
926 2655 1152 2702 cunctos
1197 2646 1266 2704 de
1305 2647 1478 2703 salute
1524 2648 1740 2724 propria
1779 2648 2152 2718 desperantes,

560 2737 762 2808 jejunio
807 2747 863 2794 et
909 2739 1242 2795 orationibus
1284 2748 1446 2811 atque
1501 2741 1862 2812 eleemosynis
1911 2741 2157 2796 hortatur

561 2830 782 2898 armari,
813 2848 1124 2906 proponens
1155 2835 1392 2906 antiqute
1437 2834 1626 2892 salutis
1655 2836 1920 2904 exempla,
1963 2835 2156 2906 quibus

562 2921 743 2977 divina
799 2923 1062 2992 protectio
1115 2926 1371 2995 populum
1418 2939 1574 2981 suum
1623 2936 1810 2982 contra
1851 2926 2156 2996 opinionem

561 3016 802 3072 omnium
871 3017 1191 3074 mirabiliter
1262 3017 1571 3078 liberasset.
1627 3016 1866 3090 Cumque
1929 3019 2155 3074 salutem

565 3107 806 3162 omnium
874 3111 927 3164 in
994 3111 1111 3182 ipso
1159 3110 1488 3168 discriminis
1541 3111 1773 3166 articulo
1823 3109 2158 3179 promittenti

565 3201 788 3256 credere
842 3203 1169 3266 dubitarent,
1224 3217 1414 3272 senex,
1463 3203 1552 3271 qui
1600 3201 1800 3260 dudum
1852 3204 1904 3256 in
1945 3201 2158 3260 Asturis

2253 2012 2376 2054 cum
2402 1997 2662 2062 venisset,
2691 1994 2857 2065 coepit
2884 1993 3091 2050 civibus
3117 1994 3351 2054 suadere
3379 1994 3560 2052 dicens
3586 2015 3597 2049 :
3626 1997 3795 2052 Poteri-

2253 2091 2321 2147 tis
2345 2089 2681 2161 poenitentiae
2710 2087 2972 2148 fructibus
3003 2102 3034 2144 a
3077 2096 3223 2144 tanta
3263 2089 3420 2145 famis
3452 2090 3664 2160 pernicie
3688 2090 3797 2145 libe-

2253 2185 2384 2242 rari.
2415 2184 2518 2250 Qui
2545 2198 2670 2240 cum
2704 2181 2904 2240 talibus
2937 2181 3260 2251 proﬁcerent
3289 2183 3554 2249 institutis,
3585 2185 3794 2240 beatissi-

2256 2290 2376 2332 mus
2428 2273 2723 2331 Severinus
2769 2273 2953 2330 divina
3004 2273 3334 2330 revelatione
3365 2276 3590 2345 cognovit
3621 2290 3783 2344 quam-

2255 2367 2379 2424 dam
2439 2367 2653 2425 viduam
2718 2365 2940 2422 nomine
2995 2366 3279 2424 Proculam
3342 2366 3508 2436 fruges
3558 2366 3782 2436 plurimas

2257 2458 2576 2522 occultasse,
2602 2471 2760 2529 quam
2788 2457 3103 2528 productam
3134 2459 3186 2514 in
3225 2457 3460 2514 medium
3481 2458 3634 2529 arguit
3656 2458 3792 2513 vehe-

2258 2562 2488 2610 menter.
2519 2552 2647 2622 Cur,
2682 2551 2874 2620 inquit,
2904 2551 3254 2608 nobilissimis
3278 2563 3396 2608 orta
3426 2553 3686 2617 natalibus,
3719 2568 3795 2607 cu-

2259 2647 2498 2717 piditatis
2522 2655 2575 2703 te
2603 2646 2812 2718 praebes
2833 2645 3108 2711 ancillam,
3139 2652 3195 2702 et
3224 2655 3410 2706 exstas
3436 2647 3653 2701 avaritia
3678 2660 3793 2700 tuan-

2259 2741 2480 2812 cipium,
2513 2753 2632 2808 quae
2659 2745 2762 2806 est,
2807 2737 3038 2794 docente
3074 2737 3358 2808 Apostolo,
3410 2737 3630 2792 servitus
3666 2736 3792 2792 idolo-

2259 2833 2416 2890 rum?
2446 2833 2587 2888 Ecce
2615 2829 2844 2888 Domino
2873 2830 3091 2888 famulis
3117 2830 3232 2886 suis
3262 2831 3668 2888 misericorditer
3694 2843 3785 2884 eon-

2260 2927 2495 2992 sulente,
2532 2936 2587 2980 tu
2615 2923 2744 2995 quid
2774 2922 2844 2980 de
2875 2924 3016 2984 male
3047 2923 3216 2992 partis
3261 2923 3436 2980 facias
3485 2937 3584 2979 non
3608 2922 3783 2986 habebis,

2262 3020 2364 3076 nisi
2395 3019 2534 3074 forte
2555 3017 2837 3089 ,frumenta
2864 3015 2970 3072 dici
3008 3016 3272 3087 denegata
3302 3016 3364 3073 in
3397 3016 3622 3072 Danubii
3645 3016 3782 3070 ﬂuenta

2265 3110 2577 3180 projiciens,
2636 3107 3026 3166 humanitatem
3078 3106 3317 3178 piscibus
3366 3107 3638 3171 exhibeas,
3671 3119 3775 3176 quam

2263 3203 2574 3258 hominibus
2627 3202 2925 3272 denegasti.
2969 3201 3332 3269 Quamobrem
3383 3201 3764 3266 subveniente-

566 3291 700 3346 tanti
752 3292 982 3364 hospitis
1035 3304 1320 3364 susceptor
1368 3295 1672 3360 exstiterat,
1718 3295 1886 3362 venit,
1929 3303 2087 3365 atque
2127 3310 2161 3356 a
2187 3297 2237 3362 C
2266 3296 2374 3352 tius
2413 3309 2576 3364 quain
2605 3293 2955 3364 pauperibus,
2987 3307 3055 3348 ex
3087 3294 3167 3350 his
3193 3308 3316 3363 qua
3339 3295 3538 3351 adhuc
3562 3292 3759 3349 uestina

567 3394 846 3454 portarum
878 3385 1192 3441 custodibus
1232 3386 1459 3444 sollicita
1506 3385 1926 3457 interrogatione
1954 3387 2164 3443 discus-

567 3493 690 3547 sus,
753 3481 1026 3535 interitum
1079 3482 1161 3536 sui
1210 3481 1394 3551 oppidi
1447 3481 1630 3536 habitu
1692 3481 1962 3551 verboque
2013 3496 2167 3536 mon-

566 3570 778 3636 stravit,
806 3570 1072 3646 adjieiens
1111 3573 1303 3634 eadem
1335 3571 1424 3629 die
1453 3589 1556 3644 qua
1603 3572 1822 3643 quidam
1866 3572 2031 3632 homo
2067 3572 2166 3628 Dei

567 3663 899 3734 praedixerat
949 3666 1304 3721 barbarorum
1351 3667 1651 3724 vastatione
1698 3667 1863 3722 fuisse
1903 3667 2165 3723 deletum.

571 3755 690 3821 Quo
717 3754 903 3808 audito
940 3755 1159 3810 solliciti
1201 3755 1599 3826 responderunt
1627 3775 1640 3810 :
1669 3759 1902 3814 Putasne
1945 3760 2059 3828 ipse
2085 3766 2170 3814 est

569 3847 666 3915 qui
703 3847 1005 3914 desperatis
1046 3848 1208 3903 rebus
1247 3847 1344 3903 Dei
1389 3849 1545 3904 nobis
1575 3850 1816 3905 subsidia
1856 3851 2168 3921 pollicetur}

569 3937 692 3992 Mox
731 3937 894 4008 igitur
928 3936 984 3992 in
1027 3939 1256 3994 ecclesia
1307 3942 1583 4012 recognito
1632 3941 1725 3998 Dei
1757 3943 1980 4012 famulo,
2004 3959 2168 4000 senex

570 4031 689 4101 ejus
721 4031 946 4104 pedibus
989 4041 1292 4104 prostratus
1331 4035 1532 4106 aiebat,
1570 4037 1740 4106 ipsius
1766 4052 1828 4094 se
1856 4038 2064 4093 meritis
2109 4039 2172 4094 li-

571 4127 844 4194 beratum,
875 4141 942 4183 ne
985 4142 1108 4182 cum
1157 4128 1371 4185 caeteris
1413 4129 1736 4201 oppidaneis
1784 4130 1989 4187 subiret
2026 4131 2173 4188 exci-

573 4220 744 4276 dium.

645 4312 700 4366 8.
735 4311 837 4368 His
865 4313 1066 4369 auditis
1106 4315 1438 4372 habitatores
1467 4315 1652 4388 oppidi
1683 4319 1965 4378 memorati
1997 4319 2176 4378 incre-

573 4405 789 4460 dulitati
819 4409 1031 4462 veniam
1063 4409 1419 4480 postulantes,
1464 4410 1687 4465 monitis
1716 4410 1817 4467 viri
1852 4412 1942 4467 Dei
1974 4413 2176 4473 sanctis

575 4499 831 4569 operibus
856 4511 1172 4572 paruerunt,
1197 4503 1522 4576 jejuniisque
1549 4505 1715 4562 dediti
1739 4507 1793 4564 in
1820 4508 2048 4564 ecclesia
2080 4523 2176 4582 per

577 4592 818 4648 triduum
872 4597 1220 4671 congregati,
1273 4609 1448 4654 errata
1509 4601 1789 4672 praeterita
1841 4602 2179 4674 castigabant

577 4683 868 4755 gemitibus
898 4696 953 4742 et
982 4688 1252 4747 lamentis.
1287 4691 1382 4748 Die
1412 4701 1594 4750 autem
1643 4695 1824 4765 tertia,
1855 4711 1978 4752 cum
2008 4698 2178 4756 sacri-
2201 4681 2259 4754 Ι)

576 4777 688 4835 ﬁcii
729 4783 1024 4850 vespertini
1073 4785 1386 4841 solemnitas
1435 4787 1770 4859 impleretur,
1819 4790 1961 4848 facto
1995 4792 2179 4851 subito

577 4922 814 4987 Asteris;
863 4922 914 4975 in
943 4920 1141 4976 Notitia
1184 4922 1398 4993 imperil
1432 4925 1535 4980 sub
1563 4925 1702 4981 duce
1734 4928 2022 4983 Pannoniae
2059 4928 2083 4982 1
2118 4937 2174 4986 et

576 4995 755 5050 Norici
792 4993 1040 5062 Ripensis
1071 5001 1253 5047 exstat
1284 4997 1523 5051 Austuris
1550 5013 1567 5050 :
1594 4999 1827 5056 Ortelius
1855 5001 2048 5054 Astura
2079 5016 2176 5057 vo-

577 5063 1019 5139 cat.iAventinus
1064 5065 1158 5139 lib.
1199 5079 1235 5118 tt
1268 5068 1501 5139 AAnna_l.,
1549 5070 1796 5124 Asturam
1830 5072 2077 5139 oppidum
2119 5073 2174 5126 in

577 5138 799 5215 confinio
840 5135 1021 5215 Norici
1065 5135 1301 5215 Ripensis
1331 5147 1378 5190 et
1411 5137 1698 5215 ﬂamonia:
1731 5135 1902 5211 periit,
1948 5142 2032 5215 his
2071 5145 2177 5198 sci—

580 5208 706 5262 licet
751 5207 1397 5280 Severiniﬂtemporibus.
1437 5207 1796 5280 Cuspinianus
1845 5207 1896 5267 in
1945 5214 2175 5270 AUSlfitB

582 5277 872 5346 Descript.,
907 5279 958 5330 in
997 5279 1113 5332 Vita
1145 5281 1204 5336 S.
1237 5277 1564 5335 Colomanni
1597 5287 1708 5338 vult
1737 5284 1998 5339 Sto/cerato
2032 5299 2173 5340 esse.

581 5350 786 5426 Cnidus
816 5349 1458 5426 Panciroluscomment.
1499 5353 1550 5407 in
1592 5355 1757 5410 Notit.
1805 5356 1963 5426 lmp.,
2005 5370 2056 5411 c.
2084 5359 2176 5425 85,

583 5422 768 5495 Mysig
815 5421 1070 5489 oppidum
1122 5421 1269 5495 facit.
1310 5421 1587 5493 Stephano
1629 5426 1813 5482 Asutas
1848 5421 2074 5495 dictum,
2122 5421 2181 5484 ut

581 5495 674 5579 ait.
726 5492 864 5579 Eam.
896 5505 1095 5579 ‘vocem
1143 5494 1200 5578 in_
1240 5492 1519 5579 Stephano
1564 5513 1670 5579 non
1712 5501 2034 5579 reperimus,
2062 5492 2176 5556 sed

581 5563 782 5690 animi:
817 5573 871 5618 et
896 5563 1126 5641 ’Ἄσυρον
1152 5563 1427 5622 civitatem
1472 5567 1652 5640 Mysia:
1699 5563 1950 5625 Asiatica:
1988 5563 2176 5630 versus

634 5652 724 5690 roa
767 5649 872 5689 em.

634 5649 869 5691 roadenL

695 5711 710 5782 ἕ
757 5710 945 5763 Petrus
1014 5710 1082 5764 de
1128 5709 1253 5782 Eat:
1293 5711 1670 5782 Commagonis.
1715 5713 1924 5767 Vclser.
1981 5713 2171 5768 Coma-

535 5783 542 5788 '
588 5781 750 5848 genis,
777 5791 917 5848 lputa
949 5781 1168 5842 castris,
1221 5781 1529 5850 Comaqenas
1580 5786 1737 5838 habet
1772 5785 2072 5838 Antoninus
2119 5785 2171 5840 in

583 5851 886 5924 'l_t_inerario.
931 5851 1286 5922 Cuspiniaaus
1349 5854 1633 5924 Kaumberg
1681 5857 1784 5911 dici
1836 5858 1941 5922 ait,
1985 5856 2177 5911 Lazius

593 5922 914 5990 llulcttbttt'g.
975 5924 1086 5980 lloc
1115 5925 1368 5995 oppidum
1401 5922 1680 5983 Ferrarius
1709 5937 1836 5986 tunc
1864 5927 2047 5985 hostili
2078 5928 2175 5986 ob-

2268 3384 2486 3442 Cliristo
2545 3384 2819 3446 esuriente
2868 3398 3108 3439 servare.
3158 3383 3371 3450 Quibus
3424 3386 3610 3440 auditis
3648 3390 3774 3447 natm

2269 3477 2464 3534 mulier
2509 3491 2708 3547 pavore
2785 3477 3109 3547 perterrita,
3159 3476 3330 3546 cmpit
3376 3486 3593 3533 servata
3631 3473 3786 3529 libenter

2267 3587 2495 3646 erogare
2543 3568 2897 3644 pauperibus.
2947 3569 3114 3641 Igitur
3162 3584 3269 3630 non
3318 3571 3498 3628 multo
3541 3579 3648 3641 post
3692 3574 3794 3623 rates

2270 3667 2514 3738 plurimae
2557 3664 2629 3720 de
2675 3663 2919 3735 partibus
2958 3661 3315 3730 Rbtetiarum,
3347 3664 3610 3738 met-girus
3644 3665 3807 3714 onusta

2270 3737 2432 3828 quam
2467 3755 2736 3828 plurimis,
2781 3754 3054 3826 insperate
3083 3753 3331 3812 videntur
3367 3755 3416 3808 in
3443 3737 3615 3808 litore
3662 3751 3813 3808 Danu-

2272 3851 2383 3920 bii,
2467 3863 2586 3920 quae
2667 3847 2851 3906 multis
2905 3845 3098 3904 diebus
3153 3860 3324 3902 crassa
3369 3845 3389 3874 ⁸
3433 3844 3529 3899 Eni
3595 3838 3815 3896 ﬂuminis

2279 3943 2446 4016 glacie
2511 3942 2724 4000 fuerant
2763 3941 2785 3972 ⁸
2813 3940 3109 4009 congelatas
3137 3960 3153 3996 :
3183 3955 3304 4013 qua;
3335 3939 3422 3998 Dei
3443 3937 3660 4008 imperio
3705 3947 3822 3990 mox

2274 4037 2488 4106 solum,
2539 4035 2783 4092 ciborum
2824 4035 3010 4104 copias
3051 4032 3196 4090 fame
3250 4031 3606 4089 laborantibus
3645 4026 3826 4086 detule-

2275 4139 2424 4188 runt.
2459 4130 2610 4186 Tunc
2641 4137 2928 4200 coeperunt
2957 4143 3148 4186 omnes
3178 4127 3350 4184 Deum
3395 4126 3644 4198 insperati
3683 4137 3825 4180 reme-

2275 4225 2350 4280 dii
2400 4225 2708 4296 largitorem
2757 4224 3067 4280 continuata
3118 4222 3417 4280 devotione
3474 4221 3710 4284 laudare,
3755 4212 3828 4287 qui

2277 4319 2422 4380 maio
2468 4319 2740 4374 diuturna:
2790 4317 2949 4376 famis
2977 4316 3202 4373 interire
3227 4315 3602 4383 crediderant,
3646 4314 3828 4368 fatentes

2277 4423 2426 4471 rates
2473 4423 2630 4470 extra
2678 4411 2981 4482 legitimum
3023 4423 3236 4482 tempus
3287 4425 3316 4465 a
3367 4410 3573 4482 glaciei
3616 4405 3830 4465 resolutas

2280 4509 2481 4581 frigore
2508 4505 2657 4566 servi
2688 4504 2785 4562 Dei
2821 4506 3069 4575 precibus
3100 4505 3408 4562 advenisse.

2912 4596 3139 4656 CAPUT
3175 4598 3239 4654 ll.

2490 4693 2771 4750 Victoriam
2797 4692 3006 4764 aliaque
3031 4693 3266 4766 prwdicit
3290 4702 3383 4748 aut
3403 4693 3682 4762 impetrat.

2355 4792 2446 4850 10.
2482 4793 2585 4851 Per
2615 4789 2756 4848 idem
2783 4796 2996 4859 tempus
3032 4787 3305 4858 inopinata
3354 4787 3709 4859 surreptione
3739 4792 3841 4853 pta-

2281 4929 2493 4984 sidione
2536 4926 2768 4982 cinctum
2819 4923 2984 4981 fuisse
3033 4923 3251 4989 scribit;
3303 4938 3635 4993 perperam,
3673 4929 3726 4975 ut
3764 4917 3846 4972 hinc

2323 5008 2452 5055 alet.

2288 5016 2518 5124 paleas.
2565 5067 2696 5126 Belf.
2738 5068 2953 5124 Conciti.
2979 5069 3284 5123 Braunerus
3315 5074 3481 5136 putat
3516 5066 3619 5124 hos
3647 5063 3854 5120 barbaras

2283 5142 2540 5211 reiiquias
2569 5140 2736 5211 fuisse
2764 5141 3036 5211 exercitus
3068 5141 3265 5204 Attilae,
3297 5139 3388 5211 alii
3421 5139 3622 5194 Boios.
3834 5201 3841 5210 ,

2353 5213 2374 5243 ⁸
2403 5208 2622 5280 Cuspin.
2685 5209 2930 5268 Flat'abis
2988 5208 3206 5265 Gothico
3247 5210 3508 5266 vocabulo
3549 5208 3862 5280 dictam_scri-

2285 5284 2382 5350 bit,
2417 5295 2471 5340 ut
2518 5277 2758 5351 ‘Batabis,
2789 5298 2904 5354 quis
2933 5298 3070 5336 nunc
3119 5281 3355 5354 Britania.
3389 5281 3695 5354 Veiserus,
3727 5277 3863 5354 Cestri!

2288 5347 2529 5411 Fabiana
2559 5371 2588 5410 a
2635 5347 2857 5411 cohorte
2907 5353 3149 5410 fortassis
3189 5351 3350 5408 Fabia
3398 5363 3509 5412 aut
3561 5353 3804 5408 Fabiana.
3838 5347 3865 5398 Α

2282 5427 2568 5494 Fabianis,
2617 5427 2876 5497 truncatis
2923 5425 3179 5497 extremis
3228 5425 3496 5497 utrinque
3560 5424 3794 5497 syllabas.
3832 5427 3870 5469 ei

2284 5501 2329 5554 A
2359 5501 2408 5553 in
2445 5500 2486 5552 E
2519 5491 2720 5554 mutata
2750 5496 3014 5553 deﬂexum
3051 5495 3227 5559 Wien,
3251 5511 3352 5565 qua
3388 5491 3537 5551 alias
3579 5491 3868 5549 Tiridatem.

2285 5571 2517 5627 Austris:
2541 5585 2683 5625 nunc
2713 5568 3047 5637 metr0polis.
3073 5568 3334 5638 Georgius
3359 5568 3622 5633 Brunus,
3651 5569 3707 5622 in
3737 5566 3759 5615 'l
3777 5565 3875 5638 her

2286 5653 2369 5696 tro
2421 5643 2633 5697 urbium
2686 5643 2740 5697 id
2772 5633 3122 5713 non-probat,
3171 5633 3372 5713 se'dinil
3419 5641 3650 5713 certius
3683 5633 3874 5713 proicite

2353 5714 2375 5743 ⁸
2403 5713 2626 5780 Quidam
2656 5713 2800 5778 rEni,
2829 5706 3021 5781 melius
3049 5711 3202 5766 αῖηὶ.
3235 5711 3461 5766 Rhmtos
3512 5729 3546 5764 a
3595 5710 3794 5766 Noricis
3811 5706 3882 5781 dio

2282 5775 2525 5855 stinguit,
2572 5796 2625 5838 et
2655 5787 2719 5840 ad
2745 5775 2939 5840 Batava
2981 5775 3242 5842 miscetur
3278 5782 3565 5843 Danubio.
3605 5783 3773 5846 Veis,
3803 5775 3883 5830 bis.

2283 5857 2415 5912 Bell.
2449 5856 2637 5922 Rheni,
2677 5857 2950 5914 mendose.

2354 5926 2377 5958 ⁸
2401 5928 2487 5984 Al.
2515 5927 2801 5999 Col’v'gatw.
