4010 6382
251 366 390 427 1175

1527 361 1686 423 νιΤΑ
1722 362 1782 420 S.
1820 361 2166 428 SEVERINI.

3386 371 3531 438 “7‘

248 486 420 542 dones
458 480 673 538 barbari
726 493 1060 552 quaecunque
1106 485 1260 534 extra
1307 490 1491 534 muros
1552 475 1832 536 hominum
1857 483 1916 550 Α
1937 479 2079 537 rium
2102 479 2246 538 haud
2271 480 2509 550 procula
2531 480 2751 548 civitate
2774 490 3138 556 construeret,
3152 484 3244 542 ubi
3266 449 3546 557 plurimos}

250 574 620 646 pecudumque
650 581 962 644 repererant
989 572 1190 627 duxere
1213 570 1440 640 captiva.
1495 567 1688 642 Sicque
1715 571 1832 644 plu-

247 684 335 730 res
393 669 462 726 de
497 668 707 726 civibus
751 666 819 724 ad
873 666 1045 724 virum
1085 664 1178 722 Dei
1229 677 1351 724 cum
1388 662 1640 736 lacrymis
1698 678 1829 720 con-

245 763 472 820 ﬂuentes
501 763 662 818 illata:
701 759 1027 818 calamitatis
1048 759 1273 816 exitium
1308 757 1629 825 retulerunt,
1671 759 1835 820 simul

245 859 591 916 ostendentes
643 857 836 916 indicia
878 855 1172 912 recentium
1215 853 1543 923 rapinarum.
1575 852 1674 910 Ille
1703 867 1834 912 vero

251 953 624 1011 Mamertinum
656 960 998 1022 percontatus
1027 957 1130 1005 est.
1162 948 1314 1004 Tunc
1342 949 1357 979 ¹
1386 947 1682 1008 Tribunum
1703 948 1723 977 '
1743 945 1834 1018 qui

246 1056 368 1116 post
395 1045 673 1106 ordinatus
711 1054 793 1100 est
822 1043 1138 1113 Episcopus,
1188 1049 1366 1097 utrum
1399 1039 1607 1107 aliquos
1645 1053 1833 1100 secum

247 1139 474 1194 haberet
502 1147 773 1203 aratos,
814 1151 938 1192 cum
969 1133 1161 1205 quibus
1202 1130 1532 1188 latrunculos
1571 1144 1834 1200 sequere-

245 1237 332 1288 tur
363 1227 666 1288 instantius.
697 1227 798 1295 Qui
824 1224 1100 1296 respondit
1131 1241 1144 1276 :
1177 1223 1372 1282 Milites
1403 1220 1617 1294 quidem
1661 1221 1833 1278 habeo

246 1322 620 1393 paucissimos,
661 1329 715 1374 et
756 1319 878 1378 ideo
910 1331 1018 1377 non
1059 1315 1232 1374 audeo
1262 1329 1382 1374 cum
1413 1322 1558 1370 tanta
1599 1311 1832 1376 hostium

244 1415 594 1472 multitudine
620 1414 932 1484 conﬂigere.
977 1411 1135 1481 Quod
1165 1411 1211 1468 si
1259 1419 1346 1470 tua
1377 1408 1654 1468 veneratio
1693 1422 1835 1479 prte-

249 1512 400 1580 cipit,
433 1512 678 1582 quamvis
723 1509 981 1568 auxilium
1022 1508 1178 1566 nobis
1203 1508 1345 1565 desit
1384 1522 1682 1574 armorum,
1711 1520 1833 1564 cre-

243 1602 423 1662 dimus
454 1612 542 1658 tua
579 1617 677 1659 nos
706 1602 821 1661 ﬁeri
848 1602 1093 1658 oratiouna
1117 1602 1368 1658 victores.
1394 1599 1462 1657 Et
1480 1600 1574 1660 Dei
1597 1597 1834 1658 famulus

243 1696 320 1750 ait
349 1712 364 1749 :
394 1695 618 1752 Etiamsi
645 1695 882 1752 inermes
911 1703 1039 1752 sunt
1060 1693 1281 1758 milites,
1313 1708 1454 1750 nunc
1482 1708 1552 1750 ex
1581 1693 1831 1752 hostibus

243 1789 598 1844 armabuntur
630 1807 644 1843 :
675 1803 776 1845 nec
810 1790 955 1844 enim
1005 1802 1260 1846 numerus
1299 1795 1394 1846 aut
1432 1786 1692 1846 fortitudo
1735 1787 1835 1846 hu-

1943 584 2136 633 sancto
2190 574 2360 645 coepit
2420 573 2716 634 informare
2766 577 3082 652 proposito,
3146 577 3302 634 factis
3356 580 3526 654 magis

1939 680 2099 736 quam
2126 665 2308 724 verbis
2330 666 2537 724 animas
2567 667 2845 726 instruens
2876 667 3206 724 auditorum.
3247 669 3370 741 Ipse
3397 685 3527 730 vero

1933 759 2002 814 ad
2041 767 2309 818 secretum
2339 759 2731 834 habitaculum,
2773 761 2917 836 quod
2948 762 2970 794 ⁵
2997 763 3232 834 Purgum
3269 763 3530 836 Oppidum

1936 850 2240 920 appellatur
2296 850 2365 910 ab
2404 851 2637 918 accolis,
2678 853 2916 927 quinque
2954 868 2986 909 a
3023 853 3275 912 Favianis
3324 852 3534 912 distans

1937 942 2230 1014 milliariis,
2259 945 2458 1018 saepius
2483 945 2812 1016 accedebat,
2845 953 2906 1002 ut
2939 946 3214 1008 hominum
3261 947 3534 1006 declinata

1937 1034 2266 1104 frequentia,
2297 1052 2416 1112 qua:
2440 1038 2506 1096 ad
2537 1052 2660 1100 cum
2686 1039 2871 1098 venire
2889 1051 3267 1112 consueverat,
3287 1040 3536 1100 oratione

1937 1128 2198 1188 continua
2241 1128 2352 1186 Deo
2383 1128 2628 1204 protinus
2661 1129 2972 1188 inhaereret.
3032 1131 3141 1192 Sed
3171 1141 3374 1204 quanto
3412 1129 3537 1190 soli-

1938 1220 2177 1280 tudinem
2210 1220 2451 1284 incnlere
2475 1221 2748 1294 Cupiebat,
2790 1233 2939 1281 tanto
2963 1224 3208 1282 crebrius
3237 1224 3529 1282 revelatio-

1937 1309 2093 1368 nibus
2119 1310 2460 1384 monebatur,
2483 1327 2550 1372 ne
2573 1313 2919 1382 praesentiam
2946 1329 3098 1372 suam
3123 1314 3338 1390 populis
3366 1314 3532 1372 dene-

1936 1417 2088 1477 garet
2136 1406 2381 1468 afﬂictis.
2427 1406 2753 1470 Proﬁcichat
2789 1411 2968 1486 itaque
3009 1425 3103 1480 per
3138 1410 3378 1485 singulos
3416 1409 3536 1467 dies

1939 1500 2055 1572 ejus
2098 1501 2394 1569 meritum,
2449 1500 2836 1576 crescebatque
2885 1502 3027 1564 fama
3075 1505 3374 1570 virtutum,
3427 1517 3538 1574 qua

1937 1593 2097 1667 longe
2122 1595 2334 1668 lateque
2364 1594 2697 1667 discurrens,
2721 1597 2958 1663 cmlestis
2984 1598 3174 1670 gratiae
3202 1598 3256 1654 in
3284 1612 3351 1660 eo
3378 1595 3538 1668 signa

1937 1690 2229 1761 pandebat.
2278 1689 2532 1752 Nesciunt
2589 1691 2736 1758 enim
2793 1692 2962 1760 latere
3012 1707 3134 1768 quae
3185 1692 3325 1749 bona
3381 1698 3534 1760 sunt,

1939 1796 2086 1851 cum,
2125 1784 2278 1858 juxta
2316 1788 2640 1854 sententiam
2670 1786 2990 1854 salvatoris,
3018 1801 3120 1844 nec
3162 1786 3381 1844 lucerna
3428 1783 3534 1840 sub

249 1895 410 1935 mana
454 1881 768 1950 requiritur,
811 1881 900 1936 ubi
935 1890 1298 1950 propugnator
1343 1879 1481 1940 Deus
1527 1894 1620 1950 per
1655 1880 1835 1938 omnia
1863 1869 1914 1942 Β
1942 1874 2124 1932 modio
2165 1878 2400 1950 contegi.
2443 1892 2546 1940 nec
2591 1878 2647 1942 in
2695 1887 2880 1942 monte
2930 1878 3106 1950 posita
3149 1877 3339 1934 civitas
3367 1873 3540 1946 possit

246 1975 665 2044 comprobatur:
694 1983 899 2030 tantum
920 1974 973 2030 in
994 1977 1212 2033 nomine
1245 1975 1336 2031 Dei
1369 1988 1532 2045 perge
1554 1975 1832 2043 velociter,

247 2081 411 2136 perge
473 2066 734 2133 fidenter,
788 2082 910 2125 nam
952 2065 1179 2124 Domino
1226 2065 1646 2124 misericorditer
1683 2080 1832 2135 prae-

244 2169 432 2226 eunte,
452 2159 645 2216 debilis
667 2161 893 2230 quisque
914 2158 1238 2218 fortissimus
1259 2159 1558 2228 apparebit;
1574 2157 1837 2216 Dominus

255 2268 352 2323 pro
389 2253 540 2308 vobis
590 2254 877 2323 pugnabit,
939 2262 992 2308 et
1043 2266 1140 2307 vos
1191 2251 1458 2308 tacebitis.
1518 2249 1662 2304 Vade
1709 2264 1839 2318 ergo

251 2347 501 2411 festinus,
546 2346 648 2401 hoc
679 2361 843 2402 unum
873 2354 1000 2400 ante
1027 2345 1207 2400 omnia
1235 2351 1548 2400 servaturos
1577 2351 1634 2400 ut
1658 2341 1725 2396 ad
1753 2356 1841 2397 me

256 2452 392 2507 quos
411 2452 476 2492 ex
501 2437 744 2496 barbaris
765 2438 976 2506 ceperis
999 2437 1259 2506 perducas
1279 2438 1596 2494 incolumes.
1619 2437 1833 2494 Exeun-

257 2539 340 2586 tes
371 2529 532 2598 igitur
561 2529 612 2584 in
641 2529 880 2584 secundo
925 2529 1176 2585 milliario
1215 2544 1380 2598 super
1408 2529 1584 2590 rivum
1612 2531 1705 2600 qui
1736 2545 1837 2587 vo-

250 2629 405 2676 catur
428 2620 450 2658 ³
470 2621 710 2680 Dicuntia
734 2621 1019 2691 praedictos
1051 2621 1291 2678 latrones
1318 2622 1620 2692 inveniunt,
1645 2623 1842 2695 quibus

249 2715 303 2768 in
348 2713 525 2783 fugam
561 2721 784 2782 repente
810 2712 1113 2778 conversis,
1145 2725 1294 2770 artua
1323 2714 1565 2772 omnium
1606 2714 1840 2774 sustule-

249 2815 410 2872 runt;
455 2815 680 2863 caeteros
700 2819 830 2864 vero
855 2805 1061 2863 vinctos
1089 2805 1157 2866 ad
1187 2805 1280 2862 Dei
1311 2805 1594 2873 famulum,
1619 2813 1678 2862 ut
1705 2821 1840 2878 prte-

248 2909 488 2968 ceperat,
517 2898 858 2956 adduxerunt
879 2898 1145 2967 captivos.
1194 2898 1341 2967 Quos
1367 2897 1643 2954 absolutos
1664 2897 1844 2960 vincu-

248 2991 348 3056 lis,
397 2990 520 3048 cibo
559 3001 795 3062 potuquc
839 2990 1105 3058 refectos,
1152 2991 1338 3058 paucis
1375 2990 1708 3060 alloquitur:
1741 2989 1842 3059 lte,

247 3093 304 3139 et
332 3083 526 3142 vostris
555 3083 866 3140 denuntiato
897 3082 1274 3152 complicibus,
1317 3098 1387 3138 ne
1407 3083 1664 3140 aviditate
1701 3099 1844 3156 prae-

247 3172 407 3227 dandi
449 3173 590 3227 ultra
635 3173 738 3228 huc
766 3172 1004 3228 audeant
1035 3175 1428 3244 propinquare;
1481 3188 1604 3229 nam
1651 3174 1837 3230 statim

1939 1965 2218 2026 abscondi.
2251 1966 2396 2036 Inter
2419 1978 2615 2032 caetera
2640 1970 2782 2030 enim
2805 1969 3070 2042 magnalia
3099 1983 3219 2038 quae
3243 1967 3317 2024 illi
3346 1966 3534 2024 Salva-

1941 2065 2025 2111 tor
2054 2054 2375 2130 indulserat,
2414 2061 2748 2134 praecipuum
2781 2061 3122 2120 abstinentiae
3161 2075 3356 2117 munus
3386 2061 3534 2118 acci-

1943 2153 2124 2224 piens,
2180 2167 2398 2216 carnem
2455 2170 2608 2216 suam
2659 2155 2907 2228 plurimis
2951 2154 3272 2226 subjugabat
3309 2153 3539 2223 inediis,

1940 2244 2142 2300 docens
2161 2259 2384 2316 corpus,
2413 2247 2557 2318 quod
2582 2246 2718 2306 cibis
2738 2244 3217 2302 abundantioribus
3240 2246 3538 2306 enutritur.

1942 2336 2136 2392 animae
2167 2336 2446 2398 interitum
2494 2339 2736 2409 protinus
2789 2337 3102 2399 allaturum.
3152 2335 3538 2396 Calceamento

1943 2428 2091 2484 nullo
2121 2429 2336 2499 penitus
2359 2429 2604 2500 indutus,
2636 2431 2710 2486 ita
2733 2428 2910 2486 media
2940 2429 3155 2502 hyeme,
3187 2443 3307 2500 quae
3337 2427 3393 2482 in
3423 2427 3534 2494 illis

1945 2519 2257 2592 regionibus
2310 2521 2544 2578 saeviore
2580 2521 2704 2593 gelu
2759 2521 3036 2593 torpescit,
3093 2517 3254 2574 nudis
3308 2516 3538 2589 pedibus

1943 2628 2159 2686 semper
2206 2615 2484 2674 ambulare
2534 2623 2862 2683 contentus,
2924 2611 3197 2684 singulare
3253 2610 3535 2682 patientia:

1945 2708 2106 2765 dabat
2165 2707 2445 2772 indicium.
2513 2708 2596 2764 Ad
2656 2707 2811 2780 cujus
2876 2707 3266 2770 immanitatem
3322 2703 3541 2778 frigoris

1944 2801 2429 2876 comprobandam,
2486 2810 2681 2860 testem
2711 2809 2926 2864 constat
2952 2814 3076 2864 esse
3108 2799 3429 2864 Danubium,
3462 2797 3542 2857 ita

1945 2908 2090 2964 saepe
2117 2895 2334 2967 glaciali
2381 2895 2660 2954 nimietate
2687 2904 3025 2961 concretum,
3077 2902 3136 2954 ut
3164 2893 3326 2951 etiam
3358 2891 3543 2963 plaus-

1948 2989 2050 3046 tris
2078 2987 2310 3048 solidum
2344 2990 2626 3050 transitum
2655 2988 3048 3050 subministrat.
3081 2987 3182 3058 Qui
3213 2997 3392 3044 tamen
3420 2981 3542 3048 tali-

1944 3082 2045 3139 bus
2075 3098 2171 3155 per
2210 3083 2303 3140 Dei
2332 3085 2560 3156 gratiam
2586 3081 2871 3144 virtutibus
2900 3082 3221 3140 sublimatus
3241 3118 3257 3147 ,
3290 3078 3540 3138 intimam

1945 3175 2300 3234 humilitatem
2327 3175 2592 3234 fatebatur
2621 3174 2808 3242 dicens
2836 3191 2851 3230 :
2879 3173 2960 3232 Ne
2988 3173 3189 3248 putetis
3221 3172 3328 3230 mei
3360 3169 3544 3228 meriti

244 3264 482 3320 caelestis
521 3265 767 3319 vindictae
813 3265 1017 3334 judicio
1058 3266 1371 3338 punientur,
1431 3265 1542 3320 Deo
1581 3282 1678 3336 pro
1723 3267 1836 3322 suis
1863 3270 1910 3342 Ω
1945 3285 2068 3336 esse
2104 3269 2248 3338 quod
2278 3269 2534 3336 cernitis,
2566 3279 2763 3326 vestra:
2808 3275 2893 3325 est
2930 3269 3109 3340 potius
3135 3267 3325 3323 salutis
3353 3279 3540 3324 exem-

245 3356 461 3411 famulis
493 3357 811 3424 dimicante,
844 3372 977 3426 quos
1006 3357 1076 3410 ita
1107 3359 1386 3411 consuevit
1423 3357 1604 3411 divina
1635 3359 1832 3413 virtute

243 3458 548 3519 protegere,
576 3457 633 3501 ut
660 3447 764 3501 tela
795 3449 1027 3502 hostium
1056 3461 1162 3500 non
1193 3445 1274 3501 eis
1318 3445 1555 3500 inferant
1583 3447 1832 3514 vuluer,

243 3544 338 3602 sed
374 3555 520 3596 arma
552 3539 730 3610 potius
754 3537 1194 3593 subministrent.
1225 3537 1471 3592 Dimissis
1499 3539 1680 3610 itaque
1711 3538 1838 3593 bar-

242 3635 410 3703 baris,
444 3635 559 3704 ipse
588 3633 655 3688 do
682 3631 883 3686 Christi
930 3630 1205 3686 miraculis
1233 3631 1553 3702 gratulatur,
1594 3631 1660 3688 de
1684 3632 1838 3704 cujus

244 3725 681 3784 miserationibus
734 3723 1001 3798 promittit
1059 3739 1335 3796 nunquam
1390 3725 1528 3782 illud
1582 3725 1836 3798 oppidum

243 3821 478 3878 hostium
506 3819 714 3892 praedas
737 3817 964 3874 ulterius
986 3827 1357 3889 experturum,
1382 3821 1428 3876 si
1453 3820 1598 3875 cives
1629 3830 1838 3878 tantum

244 3915 314 3969 ab
362 3928 526 3984 opere
568 3910 666 3968 Dei
712 3926 814 3968 nec
868 3925 1130 3986 prospera
1174 3927 1278 3968 nec
1324 3912 1550 3969 adversa
1592 3913 1837 3970 retrahe-

245 4010 386 4060 rent.

319 4096 406 4151 ll.
440 4092 646 4152 Deinde
673 4090 735 4148 Β.
765 4092 1057 4150 Severinus
1090 4093 1143 4148 in
1170 4093 1347 4149 locum
1376 4095 1720 4153 remotiorem
1751 4112 1839 4155 sc-

244 4187 445 4246 cedens
464 4187 558 4258 qui
579 4185 603 4218 ‘
631 4187 697 4242 ad
727 4185 928 4242 Vincas
955 4186 1266 4256 vocabatur,
1306 4188 1501 4245 cellula
1529 4206 1692 4260 parva
1720 4208 1839 4250 con-

247 4290 450 4348 tentus,
483 4278 550 4334 ad
581 4279 893 4350 prazdictum
921 4279 1177 4352 Oppidum
1199 4294 1444 4337 remeare
1473 4283 1654 4337 divina
1685 4298 1837 4342 reve-

245 4373 445 4430 latione
460 4371 837 4444 compellitur;
864 4371 936 4427 ita
960 4382 1017 4426 ut
1040 4372 1285 4443 quamvis
1307 4387 1427 4429 eum
1453 4374 1602 4446 quies
1625 4374 1834 4431 cellula:

243 4466 561 4533 delectaret,
593 4463 690 4520 Dei
714 4472 890 4520 tamen
919 4463 1084 4540 jussis
1108 4463 1525 4537 obtemperans,
1559 4474 1835 4521 monaste-

1943 3361 2112 3430 plum.
2155 3359 2344 3414 Cesset
2385 3358 2494 3430 jam
2536 3358 2767 3420 humana
2817 3359 3120 3426 temeritas,
3170 3356 3422 3413 elationis
3447 3347 3545 3414 su-‘

1945 3448 2226 3521 percilium
2276 3449 2693 3518 comprimatur,
2737 3457 2796 3504 ut
2839 3446 3037 3524 aliquid
3083 3447 3211 3504 boni
3242 3446 3532 3518 possimus,

1947 3539 2235 3610 eligimur,
2293 3537 2505 3595 dicente
2561 3538 2821 3609 Apostolo
2854 3555 2865 3591 :
2901 3537 3004 3606 Qui
3067 3539 3218 3611 elegit
3276 3555 3367 3594 nos
3417 3550 3538 3598 ante

1948 3630 2364 3687 constitutionem
2416 3628 2623 3698 mundi,
2673 3639 2728 3684 ut
2755 3646 2975 3688 essemus
3005 3632 3170 3689 sancti
3215 3640 3262 3690 et
3291 3633 3542 3686 immacu-

1949 3724 2041 3780 ιαιὶ
2068 3726 2121 3784 in
2147 3733 2418 3795 conspectu
2455 3725 2591 3796 ejus.
2631 3723 2793 3786 Orate
2821 3725 2931 3782 imo
2961 3739 3060 3795 pro
3086 3740 3193 3794 me.
3245 3735 3304 3784 ut
3333 3742 3438 3786 nou
3469 3729 3540 3788 ad

1948 3816 2418 3874 condemnationis
2475 3817 2796 3886 cumulum,
2853 3817 2953 3882 sed
3014 3821 3081 3886 ad
3133 3819 3541 3889 iustiﬁcatiouis

1947 3919 2316 3979 augmentum,
2371 3903 2667 3964 Salvatoris
2699 3908 2832 3970 mihi
2871 3909 3013 3970 dona
3064 3911 3366 3980 proficiant.
3410 3913 3542 3972 Haec

1945 4010 1999 4056 et
2048 4001 2131 4054 his
2160 4001 2358 4055 similia
2405 4000 2614 4057 solebat
2654 4000 2902 4074 proferre
2953 4015 3074 4056 cum
3114 4002 3351 4068 ﬂetibus,
3401 4005 3541 4060 tniro

1947 4094 2201 4154 erudiens
2225 4093 2469 4162 homines
2500 4093 2817 4154 humilitatis
2835 4095 3107 4164 exemplo,
3138 4091 3537 4166 cujus‘virtutis

1944 4190 2290 4250 fundamento
2320 4189 2584 4262 munitus,
2633 4196 2781 4246 tanta
2812 4188 2977 4248 divini
3006 4189 3245 4246 muneris
3288 4190 3534 4248 claritate

1941 4281 2220 4356 fulgebat,
2267 4291 2326 4336 ut
2353 4281 2458 4352 ipsi
2481 4296 2695 4356 quoque
2727 4281 2912 4342 hostes
2942 4281 3182 4342 haeretici
3209 4284 3534 4340 reverentis-

1939 4372 2094 4428 simis
2119 4387 2242 4431 eum
2269 4370 2463 4436 officiis
2502 4373 2853 4444 honorareut.

2012 4465 2101 4524 1'2.
2148 4464 2172 4498 ⁸
2218 4466 2495 4542 Rugorum
2537 4469 2588 4527 si
2623 4469 2841 4544 quidem
2888 4485 3004 4541 rex,
3066 4486 3286 4530 nomine
3325 4469 3504 4528 Flacci

316 4613 334 4646 ¹
357 4611 643 4668 Praesidem
673 4608 802 4665 facit
821 4609 1119 4667 Aventinus
1144 4626 1156 4663 :
1181 4609 1454 4681 improbat
1477 4610 1674 4666 merito
1695 4609 1829 4670 Vel-
1855 4611 1911 4674 Ι)
1937 4608 2218 4666 Ferrarius
2249 4611 2354 4666 hoc
2383 4609 2779 4667 monasterium
2809 4607 2872 4665 8.
2907 4607 3152 4665 Seuerino
3181 4623 3210 4663 a
3255 4609 3526 4680 Rugorum

315 4760 334 4790 ²
355 4759 593 4815 Abel-ant
608 4758 724 4813 haec
747 4769 777 4812 a
797 4753 982 4825 codice
1007 4752 1170 4812 Surii.
1191 4753 1439 4825 Velserus
1458 4753 1727 4825 glossema
1755 4768 1836 4810 su-

241 4831 504 4911 spicatur,
529 4826 670 4911 quod
697 4825 885 4908 eodem
911 4824 1023 4911 fere
1050 4823 1832 4911 tempore.llam_ér_t.usViennm

293 4903 429 4955 allia:
480 4897 762 4968 episcopus
809 4897 1004 4968 vixerit
1053 4898 1125 4968 de
1168 4911 1274 4966 quo
1323 4911 1361 4951 ll
1415 4898 1534 4951 Maii
1587 4903 1828 4967 agemus.

244 4966 614 5028 lamminunr
663 4970 887 5025 Vienna:
948 4966 1179 5022 Austriae
1219 4968 1463 5039 primum
1513 4966 1828 5039 episcopum

242 5045 383 5102 eruit
403 5041 956 5114 Larius,7vetcrisqu_e
977 5037 1233 5097 Chronici
1264 5040 1367 5098 title
1397 5037 1716 5108 conﬁrmati
1737 5056 1830 5114 pa-

241 5131 359 5173 rum
383 5114 574 5173 solide.
602 5112 825 5168 Vclscro
842 5110 1042 5173 judice.

841 5155 1297 5256 iis—Iiivbyguntia.
1352 5179 1549 5240 Radcr.
1580 5179 1833 5256 Jaguntia

240 5260 348 5314 seu
379 5253 640 5309 Dicuntia;
671 5256 842 5312 Staib.
873 5253 1165 5322 Tiguntius.

315 5329 338 5360 δ
365 5326 501 5383 Dclf.
528 5327 609 5380 Ad
633 5325 849 5398 luncas.
873 5326 1034 5380 Cella:
1080 5325 1276 5382 rudera
1305 5325 1355 5380 in
1381 5340 1516 5396 pago
1561 5325 1832 5398 Siferinga

242 5408 457 5456 exstare
479 5407 709 5454 testatur
731 5397 923 5452 Larius
949 5405 1002 5452 et
1027 5411 1161 5467 pago
1203 5410 1400 5451 nomen
1428 5413 1548 5452 esse
1577 5413 1605 5451 a
1633 5399 1693 5454 S.
1729 5397 1829 5454 Se-

241 5474 438 5526 uerino.
495 5467 857 5539 Cuspinianus
886 5467 1039 5539 isthic
1065 5469 1268 5533 villam,
1300 5468 1391 5522 ubi
1418 5469 1571 5525 cellae
1597 5469 1830 5525 Severini

242 5544 488 5613 vestigia,
512 5541 582 5596 ob
602 5537 718 5612 ejus
741 5537 1055 5613 memoriam
1079 5541 1274 5613 emisse
1299 5555 1354 5596 se
1386 5547 1630 5595 testatur.
1657 5539 1832 5598 Distat

245 5610 441 5684 magno
490 5610 702 5667 milliari
745 5628 779 5684 7a
820 5610 1050 5684 Vienna.
1084 5611 1172 5684 At
1204 5614 1605 5684 monasterium
1657 5614 1829 5683 majus

243 5681 408 5741 fuisse
428 5688 501 5740 ait
524 5684 710 5738 Lazius
742 5683 794 5736 in
819 5682 939 5736 loco
969 5683 1055 5751 qui
1076 5681 1366 5752 Heyligslat
1397 5685 1614 5750 dicitur,
1648 5685 1698 5739 id
1725 5681 1831 5751 est,

247 5760 388 5811 locus
416 5767 620 5810 sanctus
647 5797 660 5822 ,
693 5770 722 5809 a
772 5764 1077 5809 sanctorum
1107 5755 1260 5806 isthic
1307 5755 1652 5811 habitatione.
1704 5757 1830 5811 Inde

248 5843 375 5882 saxa
404 5827 626 5882 abstulit
654 5828 710 5882 S.
758 5825 1059 5893 Lcopoldus
1091 5825 1155 5878 ad
1205 5827 1492 5893 Mulrutrgii
1525 5829 1829 5883 claustralis

249 5899 676 5965 mdiﬁcationcm,
706 5908 761 5954 ut
794 5899 859 5954 15
889 5896 1224 5970 Novctnb._in
1255 5897 1371 5966 ejus
1407 5898 1520 5952 Vita
1563 5900 1828 5956 dicemus.

1941 4695 2074 4752 rege
2091 4691 2468 4740 constructum
2486 4682 2698 4740 scribit.

2013 4771 2038 4812 ⁵
2088 4772 2476 4842 Bnrckenadorf
2542 4773 2926 4841 interpretatur
2973 4772 3336 4843 Cuspinianus
3381 4772 3525 4828 :scd

1936 4843 2084 4925 quod
2128 4844 2496 4925 Flaccitlteum
2527 4843 2801 4925 [iugorum
2849 4859 3030 4925 regem
3063 4843 3324 4925 ist_hic_a_it
3358 4843 3527 4925 babi-

1938 4924 2109 4990 tasse,
2144 4932 2253 4972 non
2283 4918 2496 4990 probat.
2529 4915 2816 4974 Staibanus
2854 4915 3209 4990 etIEngcnyts
3240 4915 3326 4969 hic
3357 4916 3528 4990 inso-

1937 4987 2218 5042 litudinem
2267 4983 2470 5042 abiisse
2510 4995 2754 5043 sanctum
2825 4983 3066 5044 scribunt
3118 4983 3352 5056 Burgum
3408 4985 3528 5042 dic-

1935 5068 2067 5114 tam.
2351 5088 2354 5090 ·

2012 5151 2033 5185 ⁸
2061 5149 2188 5205 Sur.
2234 5150 2546 5221 liniantur,
2577 5153 2721 5223 quod
2771 5151 2940 5222 magis
2977 5149 3179 5223 arridet
3219 5150 3458 5223 Velscro.
3487 5149 3530 5206 Ii

1939 5223 2215 5294 regionem
2263 5223 2496 5281 coluisse
2541 5221 2949 5292 videntur,quze
2976 5221 3177 5277 Viadro
3224 5236 3287 5276 ac
3330 5221 3526 5289 Vipera

1938 5293 2250 5351 ﬂuminibus
2277 5296 2590 5354 continetur
2635 5298 2687 5352 in
2737 5293 3068 5350 Pomeraniae
3108 5294 3302 5347 ducatu
3337 5310 3349 5345 :
3383 5294 3527 5348 unde

1939 5363 2195 5438 profectae
2242 5368 2488 5437 quadam
2543 5381 2728 5422 eorum
2785 5366 2954 5438 copiae
3008 5378 3172 5438 prope
3220 5363 3525 5438 Danubium

1936 5435 2322 5496 consederunt.
2345 5440 2544 5498 Paulus
2570 5439 2789 5495 Diacon.
2834 5436 2926 5490 lib.
2957 5452 2972 5490 t
3007 5437 3073 5489 de
3101 5435 3279 5491 Gestis
3311 5437 3525 5503 Longo-

1938 5511 2091 5568 bard.
2129 5509 2388 5566 ditionem
2413 5525 2572 5581 quam
2606 5507 3330 5581 [eletheusﬂugoruntrex
3378 5507 3527 5560 inco-

1937 5584 2105 5656 lebat,
2122 5600 2298 5656 θυαμ,
2322 5577 2511 5650 inquit,
2537 5597 2568 5634 a
2592 5579 2783 5656 orici
2803 5579 2990 5656 ﬁnibus
3007 5577 3279 5656 Danubius
3300 5588 3528 5656 separat,

1936 5649 2405 5724 vocat'Iiugiland,
2442 5667 2558 5721 qua:
2582 5651 2768 5724 Latino
2811 5649 3009 5724 eloquio
3044 5651 3307 5724 [iugorum
3335 5651 3526 5724 ⁸ραινηι

1937 5730 2144 5785 dicitur.
2167 5720 2408 5782 Raderus
2432 5720 2582 5798 putat
2607 5739 2636 5776 τι
2653 5722 2842 5798 Gothis
2873 5721 3202 5786 infestatutn,
3229 5720 3529 5798 ριν-φεραῃο

1935 5805 2234 5873 profugum,
2258 5811 2350 5852 eas
2381 5792 2502 5850 oras
2531 5795 2826 5873 insedisse;
2852 5809 2982 5873 cum
3010 5803 3193 5873 contra
3228 5795 3277 5846 in
3309 5794 3373 5846 iis
3394 5792 3530 5869 ipsi;

1936 5865 2065 5939 oris,
2092 5865 2259 5928 "bello
2305 5867 2656 5936 occupatis,a
2703 5865 2893 5921 Gothis
2928 5865 3117 5921 vicinis
3171 5865 3528 5942 premeretur:
3584 5935 3601 5950 μ
