4010 6382
536 394 692 458 ,11⁵15

1842 378 2001 434 VITA
2040 375 2097 432 S.
2138 372 2478 433 SEVERINI.

3702 376 3823 437 "76

549 522 675 571 teus
704 514 745 581 ‘,
786 511 839 566 in
885 510 1013 581 ipsis
1040 510 1189 581 regni
1243 507 1326 564 sui
1363 508 1526 578 erepit
1577 514 1766 562 nutare
1800 503 2133 577 primordiis,
2167 499 2446 563 Aviribus
2497 486 2803 570 largiretur.
2856 496 2948 554 Illa
3002 496 3136 554 nihil
3191 505 3421 564 morata,
3476 505 3687 553 vestem
3734 516 3823 571 qua

546 605 760 662 habens
789 605 810 635 ¹
840 602 1044 658 Gothos
1085 616 1155 657 ex
1186 599 1440 655 inferiore
1468 598 1741 653 Pannonia
1790 596 2139 652 vehementer

549 699 813 764 infensos,
839 708 1063 765 quorum
1106 693 1385 748 innumera
1426 690 1775 745 multitudine
1816 687 2135 744 terrebatur.

548 790 603 847 1s
653 803 780 858 ergo
825 786 1190 842 beatissimum
1234 781 1551 840 Severinum
1619 781 1673 835 in
1726 781 1839 835 suis
1886 779 2141 850 periculis

554 896 809 954 tanquam
857 880 1081 938 caeleste
1123 878 1437 936 consulebat
1484 874 1783 932 oraculum.
1822 873 1907 929 Ad
1952 887 2137 944 quem,

550 979 680 1035 dum
710 974 1186 1032 vehementissime
1215 972 1544 1038 turbaretur,
1575 970 1894 1038 adveuiens,
1908 968 2141 1026 deﬂebat

546 1084 609 1126 se
638 1084 665 1124 a
690 1068 988 1124 Gothorum
1018 1067 1344 1136 principibus
1377 1064 1445 1120 ad
1480 1064 1684 1119 Italiam
1710 1056 1995 1139 trausitum
2037 1077 2139 1133 po-

546 1162 804 1227 stulasse,
827 1177 857 1215 a
881 1161 1074 1231 quibus
1101 1176 1161 1216 se
1175 1175 1279 1215 non
1303 1158 1606 1226 dubitabat,
1628 1159 1752 1229 quia
1776 1150 1881 1213 hoc
1901 1158 1952 1213 ei
1976 1156 2141 1213 dene-
2165 1182 2173 1191 -

545 1263 730 1326 gatum
756 1252 948 1319 fuerat,
981 1250 1354 1306 occidendum.
1376 1250 1530 1305 Tunc
1558 1264 1692 1321 ergo
1725 1247 1891 1303 aviro
1910 1249 2003 1305 Dei
2037 1248 2141 1305 hoc

544 1360 869 1415 responsum
926 1342 1215 1413 praedictus
1243 1343 1450 1413 accepit
1478 1359 1493 1397 :
1526 1341 1584 1397 Si
1613 1355 1716 1397 nos
1745 1355 1852 1396 una
1875 1339 2141 1397 catholica

545 1438 684 1494 ﬁdes
713 1442 1044 1505 annecteret,
1078 1436 1249 1507 magis
1272 1450 1362 1491 me
1398 1435 1467 1491 de
1494 1435 1620 1489 vitae
1647 1434 2008 1505 perpetuitate
2038 1433 2134 1490 de-

542 1527 711 1587 buisti
762 1529 1080 1593 consulere;
1130 1527 1227 1583 sed
1261 1526 1391 1599 quia
1420 1527 1489 1583 de
1516 1525 1772 1597 praesenti
1812 1534 2018 1582 tantum
2056 1542 2142 1585 sa-

548 1621 664 1677 lute
690 1620 973 1683 sollicitus,
1015 1634 1134 1690 quae
1164 1618 1321 1674 nobis
1348 1625 1433 1674 est
1456 1619 1783 1686 communis,
1816 1617 2138 1688 interrogas,

2244 596 2427 652 induta
2455 603 2576 649 erat
2604 607 2665 649 se
2696 592 2953 649 velociter
2976 606 3203 660 exuens,
3235 590 3419 661 egenis
3446 590 3689 647 dividere
3712 609 3822 664 pro-

2243 687 2489 760 perabat.
2518 685 2636 752 Quo
2665 684 2848 740 audito
2871 684 2957 739 vir
2982 683 3098 750 Dei,
3117 682 3381 738 fervorem
3396 682 3519 753 ejus
3541 682 3817 751 admirans,

2244 778 2438 835 iterum
2467 777 2689 834 mandat
2712 785 2771 833 ut
2796 776 2904 832 suis
2935 774 3238 846 operiretur
3267 773 3579 840 amictibus,
3612 773 3816 831 dicens:

2241 869 2377 928 Cum
2419 879 2543 926 tuus
2583 869 2725 925 ﬁlius
2767 877 2940 924 tecum
2989 868 3216 923 Domino
3244 872 3469 920 sanante
3522 865 3820 935 perrexerit,

2244 978 2411 1037 opere
2436 975 2559 1021 vota
2593 962 2890 1034 supplebis.
2908 960 3298 1033 lgiturindicto
3316 972 3621 1030 paucorum
3641 958 3819 1015 dierum

2244 1057 2315 1115 de
2344 1072 2495 1114 more
2514 1055 2748 1127 jejunio,
2777 1056 2908 1111 fusis
2929 1055 2993 1110 ad
3013 1054 3182 1109 Deum
3203 1051 3482 1124 precibus,
3518 1051 3666 1106 illico
3692 1066 3821 1106 sana-

2244 1152 2325 1207 vit
2355 1150 2649 1216 intirrnum,
2682 1157 2844 1219 atque
2866 1147 3186 1202 incolumem
3217 1145 3329 1200 suis
3353 1142 3645 1214 gressibus
3667 1142 3822 1199 ambu-

2246 1245 2446 1302 lantem
2482 1242 2693 1300 remisit
2719 1242 2785 1297 ad
2814 1240 3047 1312 propria.
3077 1238 3181 1307 Qui
3209 1253 3333 1293 cum
3360 1247 3556 1308 postea
3588 1238 3812 1292 nundinis

2246 1337 2620 1407 frequentibus
2667 1337 2986 1402 interesset,
3012 1333 3338 1402 stupendum
3366 1331 3693 1387 miraculum
3714 1346 3818 1387 cun-

2244 1430 2346 1486 ctis
2372 1430 2676 1486 videntibus
2705 1426 3002 1484 exhibebat
3047 1442 3061 1481 :
3097 1424 3337 1481 nonnulli
3366 1424 3523 1479 enim
3573 1422 3818 1491 dicebant,

2252 1524 2393 1580 Ecce
2416 1523 2506 1579 ille
2531 1523 2621 1593 qui
2651 1521 2825 1578 fuerat
2864 1520 3105 1590 corporis
3136 1518 3423 1587 putredine
3454 1516 3665 1572 fractus
3692 1532 3706 1571 :
3730 1518 3819 1573 aliis

2246 1623 2449 1681 autem,
2495 1613 2636 1685 quod
2680 1612 2795 1681 ipse
2823 1620 2989 1679 esset,
3022 1609 3240 1665 omnino
3290 1607 3649 1679 negantibus,
3696 1616 3815 1678 grata

542 1714 895 1772 instruendus
924 1715 1190 1771 ausculta.
1241 1713 1543 1769 Gothorum
1589 1729 1691 1771 nec
1718 1715 1871 1786 cupia
1901 1730 2004 1771 nec
2039 1716 2140 1771 ad-

2247 1706 2520 1763 contentio
2549 1704 2886 1761 nascebatur.
2920 1702 3003 1757 Ex
3035 1700 3128 1755 illo
3152 1700 3303 1756 enim
3348 1706 3598 1768 tempore
3622 1713 3721 1770 quo
3744 1708 3811 1755 est

542 1809 804 1865 versitate
831 1810 1155 1874 turbaberis,
1187 1809 1313 1878 quia
1343 1808 1451 1864 cito
1476 1822 1723 1879 securus,
1754 1809 1836 1865 eis
1858 1809 2143 1866 disceden-

2248 1799 2461 1856 reddita
2484 1796 2689 1854 sanitas
2714 1797 3020 1866 desperato,
3052 1792 3306 1848 universa
3332 1791 3612 1860 Rugorum
3636 1791 3813 1860 geasad

544 1900 714 1963 tibus.
757 1910 815 1956 tu
861 1900 1165 1956 desiderata
1203 1900 1565 1971 prosperitate
1613 1902 1907 1972 regnabis:
1936 1912 2141 1959 tantum

2250 1892 2348 1949 Dei
2393 1891 2653 1947 famulum
2704 1888 3050 1958 frequentans
3079 1886 3248 1957 coepit
3282 1883 3659 1955 gratulationis
3694 1882 3812 1939 obsc-

2248 1986 2434 2057 quinm
2466 1982 2695 2039 reddere
2735 1989 2791 2037 et
2816 1993 2972 2049 opem
3016 1977 3129 2033 suis
3176 1976 3455 2047 postulem
3483 1975 3810 2045 languoribus.

2251 2078 2329 2134 De
2359 2077 2481 2132 aliis
2510 2075 2674 2132 etiam
2698 2073 2948 2145 gentibus
2988 2072 3056 2127 ad
3097 2085 3236 2143 quas
3261 2070 3397 2126 tanti
3442 2070 3672 2126 miraculi
3694 2069 3810 2125 fama

2248 2180 2615 2246 pervenerat,
2678 2169 2831 2225 multi
2880 2167 3082 2224 Christi
3131 2166 3358 2223 militem
3436 2164 3610 2221 videre
3653 2162 3809 2234 cupie-

2248 2267 2397 2324 bant.

2322 2360 2411 2416 H.
2440 2358 2553 2426 Qua
2582 2355 2869 2413 devotione
2897 2353 3063 2411 etiam
3093 2359 3225 2408 ante
3253 2349 3348 2405 hoc
3374 2348 3569 2405 factum
3590 2347 3791 2416 quidam

2251 2452 2470 2510 barbari
2515 2464 2639 2505 cum
2708 2447 2775 2503 ad
2840 2446 3045 2503 Italiam
3094 2452 3422 2515 pergerent,
3465 2439 3807 2512 promerendae

2248 2542 2639 2603 benedictionis
2662 2540 2727 2595 ad
2750 2554 2872 2595 eum
2920 2537 3115 2592 intuitu
3136 2536 3473 2591 diverteruut
3506 2551 3519 2587 :
3542 2532 3665 2588 inter
3688 2545 3803 2602 quos

2249 2656 2305 2698 et
2334 2640 2357 2673 ³
2378 2638 2717 2703 Odovachar,
2746 2636 2838 2707 qui
2864 2643 3047 2706 postea
3076 2632 3328 2704 regnavit
3366 2630 3551 2697 Italia,
3574 2629 3796 2685 vilissimo

2248 2742 2379 2790 tunc
2424 2731 2651 2798 habitu,
2709 2727 2923 2798 juvenis
2972 2732 3177 2781 statura
3224 2738 3487 2794 procerus
3544 2721 3796 2778 advenerat-

2256 2827 2359 2897 ριιί
2389 2826 2515 2882 dum
2547 2838 2630 2893 se,
2660 2837 2729 2877 ne
2774 2820 2975 2876 humile
3014 2828 3214 2875 tectum
3258 2816 3483 2874 cellulae.
3522 2830 3611 2871 suo
3642 2814 3792 2870 vertice

2247 2920 2617 2990 contingeret,
2647 2915 2981 2979 inclinasset,
3006 2926 3038 2965 a
3065 2914 3181 2968 viro
3205 2911 3301 2967 Dei
3336 2910 3628 2982 gloriosum
3646 2922 3691 2963 se
3708 2906 3794 2961 lore

2240 2992 2522 3085 cognovit.
2576 3010 2673 3067 Cui
2702 3009 2863 3066 etiam
2920 3006 3237 3063 valedicenti
3265 3047 3280 3072 ,
3316 3005 3481 3063 Vade
3506 3048 3523 3072 ,
3553 3000 3789 3073 inquit,ad

2250 3106 2495 3172 Italiam,
2548 3102 2725 3169 vade,
2753 3099 3026 3157 vilissimis
3076 3114 3220 3155 nunc
3248 3098 3501 3169 pellibus
3538 3105 3775 3168 coepe-tm,

2250 3198 2347 3255 sed
2375 3197 2558 3253 multis
2595 3196 2703 3252 cito
2734 3194 2967 3267 plurima
3005 3192 3319 3263 largiturus.

546 2006 621 2049 ne
676 1992 994 2047 humilitatis
1044 2007 1180 2047 mete
1226 1994 1431 2049 monita
1482 1996 1886 2065 praetermittas.
1932 1996 2048 2051 Non
2096 2007 2147 2053 te

542 2083 730 2153 itaque
761 2086 937 2154 pigeat
978 2099 1163 2155 pacem
1204 2094 1463 2156 appetere
1492 2087 1654 2143 etiam
1684 2088 2062 2157 minimarum,
2093 2102 2148 2148 et

546 2188 824 2245 nunquam
873 2176 1109 2245 propriis
1158 2176 1445 2232 virtutibus
1492 2176 1761 2235 innitaris.
1806 2178 2143 2251 Maledictus,

544 2269 724 2340 inquit
751 2269 1049 2341 Scriptura,
1082 2271 1171 2341 qui
1196 2272 1411 2340 conﬁdit
1439 2274 1493 2327 in
1521 2272 1748 2344 homine,
1776 2284 1824 2329 et
1853 2278 1997 2346 ponit
2032 2293 2148 2331 car-

545 2378 668 2415 nem
705 2360 973 2416 brachium
1002 2378 1177 2431 suum,
1219 2372 1268 2417 et
1316 2379 1348 2417 a
1391 2362 1613 2421 Domino
1654 2367 1845 2420 recedit
1876 2383 1964 2421 cor
2010 2369 2142 2437 ejus.

545 2452 710 2510 Disce
741 2453 901 2525 igitur
936 2453 1162 2509 insidias
1192 2469 1410 2521 cavere,
1456 2471 1563 2513 non
1590 2472 1826 2528 ponere;
1860 2459 1914 2515 in
1944 2460 2145 2518 lectulo

546 2544 747 2616 quippe
776 2556 867 2601 tuo
899 2545 1123 2617 paciﬂco
1154 2546 1261 2603 fine
1299 2548 1575 2603 transibis.
1624 2550 1726 2615 Qui
1768 2565 1891 2606 cum
1930 2552 2023 2607 tali
2049 2553 2147 2609 ad-

545 2637 791 2693 monitus
814 2639 1034 2694 oraculo
1064 2638 1222 2693 laetus
1254 2640 1593 2707 abscederet,
1625 2641 1833 2709 perlato
1860 2643 1964 2699 sibi
1995 2646 2140 2715 quod

546 2728 708 2785 turba
737 2730 1172 2787 latrocinantinm
1202 2740 1259 2788 et
1299 2732 1511 2788 barbari
1548 2733 1758 2806 aliquos
1783 2738 2147 2807 captivassent

548 2834 617 2875 ex
649 2819 840 2892 Rugis,
861 2822 931 2878 ad
958 2823 1135 2879 virum
1159 2824 1253 2880 Dei
1277 2826 1426 2881 misit
1447 2826 1697 2897 protinus
1725 2830 2140 2890 consulendum.

545 2913 651 2982 Qui
683 2915 887 2972 sanctis
915 2930 1037 2971 eum
1069 2916 1358 2985 mandatis,
1390 2933 1461 2975 ne
1489 2921 1775 2990 praedones
1803 2935 2142 2997 sequeretur,

542 3007 777 3064 Domino
815 3008 919 3065 sibi
954 3011 1250 3077 revelante,
1302 3014 1648 3081 praemonuit,
1700 3015 1886 3071 dicens
1916 3034 1929 3070 :
1963 3019 2020 3073 Si
2050 3034 2144 3075 eos

547 3114 769 3159 secutus
811 3105 998 3171 fueris,
1029 3106 1295 3162 occideris
1320 3124 1335 3172 ;
1377 3122 1508 3164 cave
1532 3123 1601 3163 ne
1629 3123 1843 3165 amnem
1874 3119 2141 3182 transeas,

549 3206 607 3252 et
638 3198 846 3253 insidiis
875 3213 994 3267 quae
1038 3198 1133 3252 tibi
1177 3199 1349 3254 tribus
1372 3200 1505 3255 locis
1526 3209 1729 3270 parata:
1768 3210 1895 3257 sunt
1940 3204 2144 3274 impro-

546 3288 672 3344 vida
728 3299 911 3345 mente
958 3290 1319 3347 succumbas:
1350 3306 1475 3347 nam
1532 3291 1641 3349 cito
1694 3295 1917 3351 nuntius
1968 3296 2141 3355 ﬁdelis
2169 3280 2220 3346 ε
2876 3306 3103 3365 CAPUT
3141 3306 3232 3362 lll.

546 3382 1070 3497 i‘li‘imf’f’ﬂf‘fif
1090 3384 1801 3497 dilf'sfﬁfﬁcm
1834 3390 2146 3497 “fore?
2245 3425 2577 3497 Contemmus
2619 3423 2943 3491 vindicatur;
2999 3421 3250 3497 reliquias
3294 3422 3593 3492 conquirit,
3630 3418 3779 3473 honora

542 3472 703 3528 Tunc
738 3476 1075 3545 captivorum
1117 3476 1227 3532 dno
1256 3477 1325 3532 ab
1368 3477 1505 3547 ipsis
1543 3478 1784 3536 hostium
1814 3482 2038 3539 sedibus
2064 3482 2150 3540 fu-
2251 3472 2575 3497 "mm'w
2923 3472 3157 3565 ’τεγξιῇἷίζ

550 3566 785 3637 (ﬂentes,
824 3580 893 3623 ea
930 3583 1030 3638 Per
1068 3569 1313 3625 ordinem
1357 3570 1679 3641 "memmi
1726 3587 1847 3643 αυω
1878 3589 1911 3630 ³
1942 3576 2145 3632 δθδῐῖδο
2321 3587 2412 3644 15.
2441 3588 2463 3617 ⁸
2492 3587 2775 3643 Felecteus
2802 3597 3017 3657 quOQue
3039 3599 3158 3652 rex,
3184 3584 3353 3654 quiet
3384 3586 3544 3650 Fara,
3569 3577 3796 3638 memorati

547 3660 690 3751 simo
728 3660 865 3751 viro,
902 3658 1119 3716 Christo
1158 3661 1260 3716 sibi
1308 3663 1609 3734 revelante,
1665 3674 1822 3720 erant
1866 3668 2144 3737 praedicta.
2249 3681 2392 3736 filius
2422 3680 2685 3748 Flacitei,
2718 3688 3001 3751 paternam
3047 3690 3271 3736 secutus
3320 3679 3666 3741 industriam,
3704 3691 3804 3730 san-

550 3749 721 3819 lgitur
771 3750 1042 3807 frustratis
1099 3752 1310 3808 insidiis
1364 3753 1786 3825 adversantium,
1843 3758 2147 3818 Flacciteus

554 3845 907 3901 incrementis
953 3847 1152 3906 {auctus
1217 3848 1678 3919 prosperioribus,
1758 3851 1923 3908 vitam
1985 3855 2147 3911 rebus

526 4012 529 4016 ι
554 3935 1017 4004 tranquillissimis
1046 3938 1373 3994 terminavit.

525 4034 530 4045 '
631 4031 717 4085 15.
740 4031 869 4086 Post
898 4031 1016 4088 haec
1057 4041 1238 4089 autem
1284 4035 1500 4105 quidam
1548 4034 1733 4108 Rugus
1780 4053 2000 4109 genere,
2050 4057 2149 4114 per

551 4135 726 4175 annos
756 4120 1035 4177 duodecim
1064 4123 1365 4181 incredibili
1409 4126 1612 4182 ossium
1648 4128 1837 4186 dolore
1861 4131 2143 4197 contritus,

552 4214 705 4268 omni
735 4223 986 4270 caruerat
1015 4215 1387 4274 incolumitate
1409 4220 1811 4291 membrorum;
1840 4223 1995 4293 cujus
2025 4239 2149 4280 cru-

555 4308 728 4360 ciatus
759 4308 1110 4365 intolerabilis
1149 4311 1567 4383 circumquaque
1590 4314 1783 4372 vicinis
1831 4317 2002 4376 factus
2032 4330 2148 4377 erat
2222 4318 2225 4321 ’

555 4396 675 4463 ipsa
708 4397 1060 4455 diuturnitate
1092 4401 1424 4460 netissimus.
1459 4405 1642 4475 Itaque
1670 4408 1803 4463 nihil
1835 4412 2149 4480 proficiente

558 4486 872 4589 d_iv"5im‘_’
892 4489 1161 4589 eufedi‘i}
1192 4493 1407 4550 ‘andem
1424 4497 1583 4551 Vidua
1607 4507 1779 4555 mater
1807 4501 1877 4557 ad
1903 4514 2146 4562 sanetum
2254 4514 2419 4569 nubio
2466 4513 2689 4584 jubebat
2741 4486 2962 4570 abduci.
3012 4514 3144 4572 Nam
3382 4516 3625 4584 quadam
3667 4512 3736 4566 die
3770 4509 3813 4562 in

554 4581 731 4682 virum
782 4581 1032 4638 vehiculo
1077 4584 1243 4640 filium
1292 4586 1513 4645 deduxit
1541 4591 1886 4664 impositum,
1936 4607 1990 4653 et
2019 4609 2144 4656 ante
2252 4581 2506 4679 proximo
2555 4622 2585 4662 a
2633 4604 2883 4663 Favianis
2929 4607 3048 4663 vico
3098 4608 3352 4675 veniens,
3399 4581 3634 4679 aliquos
3675 4603 3731 4659 ad
3770 4614 3816 4656 se

550 4679 777 4775 εἶξίηξξδέξξ
801 4679 1429 4775 ωοηθῗίξτίξρτοὶῖρίθηε
1458 4683 1833 4755 ἀθερθηιυω,
1866 4693 2149 4749 continua-
2176 4682 2538 4756 Dtransferri
2590 4698 2833 4754 Danubio
2905 4699 3290 4770 praecepisset,
3347 4700 3615 4756 vilissimi
3662 4697 3821 4753 scilicet

556 4763 628 4869 fis
651 4763 862 4869 nem)“:
896 4767 1045 4869 τςάίέί
1074 4771 1177 4869 in)?
1204 4772 1423 4869 υηίθιιξη
1451 4775 1619 4832 ﬁlium
1648 4780 1970 4847 Precabatur
1999 4784 2149 4843 inco-
2218 4788 2223 4791 ⁷
2257 4790 2546 4849 ministerii
2585 4790 2847 4846 servitute
2868 4763 3226 4859 damnandos,
3250 4763 3508 4863 dirigens
3539 4794 3611 4849 ad
3636 4806 3741 4850 eam
3764 4788 3825 4843 vir

556 4852 793 4963 {fidlem-1
830 4854 938 4911 Sed
958 4857 1051 4963 ⁸νίν
1074 4858 1201 4963 Dei,
1240 4863 1545 4963 sentiensa
1586 4880 1646 4922 se
1678 4884 1870 4963 magna
1899 4873 2140 4945 deposci,
2254 4882 2393 4949 Dei,
2436 4892 2495 4937 ut
2520 4896 2616 4939 eos
2642 4882 2935 4939 dimitteret
2982 4852 3308 4954 postulabat.
3350 4852 3572 4944 {ferum
3596 4886 3684 4942 illa
3722 4882 3824 4937 iaci-

554 4945 684 5052 ξῙίξξυ
720 4950 1264 5052 ξοξξτωοωεβίθδθι
1304 4972 1317 5009 τ
1367 4957 1505 5025 Ωιιίά
1564 4962 1840 5052 Qpprimor
1896 4968 2146 5035 opinione
2252 4975 2354 5031 bus
2401 4972 2620 5032 feminei
2657 4975 2854 5032 furoris
2895 4945 3239 5047 exaestuans,
3284 4980 3559 5036 mandata
3608 4973 3830 5049 reportati

554 5038 776 5144 fallaci?
807 5040 914 5097 Cur
963 5043 1205 5099 mstimor
1260 5060 1418 5115 P0888
1460 5050 1601 5119 quod
1632 5067 1842 5124 nequeo
1866 5056 2033 5113 tNon
2064 5070 2149 5116 est
2249 5064 2410 5136 jussit
2435 5067 2730 5136 asperrima
2758 5084 2771 5119 :
2817 5067 2923 5123 Ora
2948 5110 2964 5135 ,
2996 5068 3189 5139 inquit,
3220 5038 3315 5124 tibi
3347 5084 3525 5126 serve
3570 5038 3736 5126 Dei'in
3762 5076 3831 5121 tua

553 5141 768 5225 virtutis
793 5148 925 5190 meas
954 5146 1213 5206 praestare
1234 5146 1340 5193 tam
1359 5143 1621 5209 grandia:
1651 5149 1934 5205 consilium
1962 5160 2146 5210 tamen
2255 5157 2447 5212 cellula
2495 5158 2860 5225 delitescens;
2912 5160 3072 5217 liceat
3120 5161 3276 5217 nobis
3308 5161 3376 5217 de
3424 5166 3624 5221 servis
3673 5158 3837 5220 nostris

557 5223 630 5323 £0
662 5267 677 5292 ,
712 5234 963 5323 t1""!!!an
995 5229 1418 5323 misericordiam
1460 5246 1787 5313 consecutus
1821 5255 1851 5295 a
1892 5242 2142 5300 Domino.
2252 5248 2506 5306 ordinare
2535 5250 2679 5319 quod
2733 5223 3000 5307 volumus.
3050 5252 3179 5307 Haec
3220 5253 3383 5323 igitur
3407 5256 3660 5313 audiens
3710 5255 3837 5307 homo

559 5316 710 5373 Tunc
732 5320 952 5374 mandat
981 5321 1193 5377 mulieri
1239 5331 1298 5378 ut
1326 5327 1651 5394 pauperibus
1680 5331 2013 5405 aliquidpro
2032 5337 2145 5393 suis
2255 5340 2371 5405 Dei,
2393 5316 2620 5398 Conﬁdo
2643 5385 2658 5411 ,
2689 5342 2861 5414 inquit
2886 5350 2915 5411 ,‘
2937 5343 2990 5397 in
3023 5316 3408 5399 Domino'Jesu
3438 5345 3682 5403 Christo
3704 5386 3719 5413 ,
3741 5342 3843 5416 quia

556 5432 965 5526 Staibasnusait
979 5437 1426 5526 ‘eumgvictoriam
1472 5440 1540 5497 de
1568 5440 1759 5499 Gothis
1804 5448 2058 5506 retulisse
2104 5466 2137 5507 a
2242 5454 2401 5526 vulgo
2431 5455 2686 5523 Odoacer,
2720 5456 2811 5526 qui
2838 5472 2929 5512 an.
2958 5454 3067 5514 476
3101 5472 3195 5513 rex
3221 5457 3391 5512 Italia:
3423 5458 3639 5515 factus.

562 5503 830 5630 ὃθίνὲςῇξιο
859 5506 1189 5587 praedictam.
1706 5587 1718 5599 _
2107 5503 2137 5507 “
2255 5503 2811 5583 ’ἸθᾹιίῐνῖῑὲῐὲίιιὲιῖἑ
2833 5503 3062 5595 aiant};
3082 5503 3669 5601 ἑῖῖεῐὴῖὖίείἓῖῖί,
3702 5545 3750 5585 c.
3776 5528 3844 5582 ιι).

742 5591 803 5630 ns
831 5576 1186 5630 Flaccttheus.
1217 5578 1511 5630 nucum-
1572 5583 1901 5630 Flamihmu-
1931 5592 2133 5630 lmnrnn
2248 5594 2517 5630 minas...
2563 5608 2615 5630 η.
2668 5598 2799 5630 nu..-
2854 5600 3060 5630 ιυηιοη..
3134 5608 3185 5630 ι..
3232 5599 3422 5630 r...:...
3471 5602 3485 5630 Ι
3569 5618 3644 5630 ....
3710 5602 3827 5630 ωλι

742 5576 1186 5671 iigflaccitheus,
1217 5578 1513 5654 Flactteus,
1566 5583 1901 5656 Flacitlteus;
1931 5592 2134 5650 Irenico
2237 5576 2803 5671 ξειέῡίὲεὶείεῖἳέἱιᾶ
2836 5576 3513 5671 ἶῧὲῐξὲῖξᾷῐῐᾷιῖυὲξῖῖ
3550 5576 3669 5658 Et}:
3705 5576 3844 5671 Ξεὲρζ

560 5641 839 5701 Flactitetu
878 5688 889 5702 .
1173 5641 1182 5646 ⁷
1486 5641 1512 5654 τ
1829 5641 1855 5642 Ὗ
1880 5641 1897 5656 ’
1931 5641 1968 5646 ﬂ
1987 5641 2130 5650 wn"

556 5725 567 5734 ’
630 5718 651 5747 ³
674 5719 706 5770 Ii
741 5666 871 5770 nos:
895 5719 1071 5770 Alma!
1101 5733 1326 5770 mortem
1364 5740 1393 5770 ξι
1422 5726 1680 5770 ananic
1728 5731 1885 5770 enim:
1913 5734 1963 5770 in
1994 5733 2134 5770 Dan“

2247 5641 2636 5770 aereae.
2660 5641 2869 5770 feni
2884 5641 2905 5737 ί

676 5687 889 5730 amni...
990 5720 1000 5732 .
1636 5730 1648 5743 .
2238 5687 2396 5724 nom.
2440 5687 2623 5723 reuna
2663 5687 2711 5725 le
2752 5687 2899 5743 unt);
2939 5687 3058 5725 alllS
3106 5687 3372 5736 reoanus,
3407 5687 3719 5739 “tunsus,
3751 5687 3844 5725 Νι·

676 5719 714 5809 li
740 5729 861 5809 post
876 5719 1327 5809 Attilae‘morte‘m
1364 5726 1700 5809 {Romanis
1728 5731 1886 5809 sedes
1913 5734 1963 5787 in
1994 5733 2134 5809 Pan~
2241 5741 2341 5805 via,
2373 5740 2657 5805 Favianus,
2701 5687 2909 5797 ιᾷειεειιδ
2928 5759 2949 5808 ;
2983 5742 3112 5797 Beli.
3148 5742 3303 5809 Seva,
3359 5743 3667 5799 Braunero
3703 5744 3849 5800 etiam

482 5846 491 5862 ,
560 5791 721 5871 notua
748 5806 1023 5871 accepere.
1055 5791 1354 5871 Jornandes
1397 5799 1464 5871 de
1503 5804 1621 5855 reb.
1662 5799 1832 5858 Getic.
1886 5819 2003 5870 cap.
2040 5808 2128 5861 50.
2242 5791 3848 5871 Faba.had."vi'efctitsvibetfde.Dia-tti‘euhai-Staibri;

517 5914 529 5925 ,
563 5924 594 5978 b
636 5856 655 5884 ³
685 5858 813 5954 Ιξριῑ.
868 5862 1153 5918 Odovacar.
1184 5865 1440 5947 Jornanld.
1495 5856 2133 5954 OdovacerfAlibiIOr'tb;
2242 5856 2419 5951 faxis"
2444 5856 3787 5955 ὲ“ι“έὲιᾶιςῑέ;“ὲῖΙῖίὲᾞὲὄὼὧ-ὶξ

599 5942 711 5978 aaut
753 5971 765 5978 .
799 5942 850 5978 et
904 5932 1128 5978 U‘mdmr
1160 5953 1171 5963 '
1207 5935 1464 5978 Avnnlmn
1505 5942 1762 5978 “tinam...
1804 5954 1858 5978 nl
1911 5946 2109 5978 Imm”...
2806 5976 2809 5977 ν

538 5932 722 6013 pago"
752 5971 765 5994 ν
799 5942 850 5988 ει
904 5932 1171 6002 maduit;
1203 5935 1464 5995 Aventino
1505 5942 1762 6014 Udagriu,
1804 5954 1859 6001 ει
1910 5946 2130 6018 Udam.’
2343 5932 2419 5951 *ττι
2450 5932 2760 5953 "ww-ww,
2788 5932 2809 5977 ε

2250 3782 2399 3829 ctum
2430 3775 2607 3828 virum
2631 3773 2798 3842 coepit
2818 3787 2918 3844 pro
2947 3773 3102 3845 regni
3133 3773 3217 3828 sui
3250 3772 3571 3841 frequentem
3592 3769 3808 3837 primor-

2249 3868 2377 3924 diis.
2410 3867 2565 3922 Hunc
2612 3866 2811 3937 conjux
2857 3867 3041 3923 feralis
3094 3876 3150 3923 et
3205 3866 3350 3922 noxia
3378 3910 3392 3936 ,
3422 3865 3625 3919 nomine
3664 3860 3803 3925 Gisa,

2249 3974 2472 4028 semper
2501 3975 2530 4014 a
2558 3960 2860 4015 clementiae
2890 3959 3147 4016 remediis
3187 3958 3508 4015 retrahebat.
3553 3956 3673 4011 llaec
3696 3967 3811 4023 ergo

2249 4054 2391 4110 inter
2421 4062 2618 4110 caetera
2650 4054 2951 4124 iniquitatis
2979 4068 3092 4109 sua:
3117 4055 3389 4125 contagia,
3420 4052 3580 4110 etiam
3608 4047 3813 4117 rebapti-

2250 4161 2375 4203 zare
2403 4148 2662 4217 quosdam
2708 4155 2793 4202 est
2839 4156 3030 4202 conata
3061 4147 3363 4203 catholicos
3391 4190 3405 4213 ,
3439 4146 3533 4202 sed
3572 4145 3640 4200 ob
3669 4127 3810 4197 saneti

2249 4242 2605 4295 reverentiam
2634 4238 2893 4302 Severini,
2922 4253 3031 4294 non
3060 4240 3436 4295 consentiente
3464 4240 3598 4303 viro,
3624 4253 3650 4291 a
3676 4235 3813 4291 sacri-

2249 4330 2369 4401 lega
2403 4330 2723 4403 quantocius
2774 4328 3075 4386 intentione
3102 4330 3321 4387 defecit.
3369 4331 3641 4386 Romanos
3671 4338 3813 4382 tamen

2250 4422 2399 4477 duris
2428 4419 2829 4478 conditionibus
2860 4421 3183 4492 aggravabat
3203 4464 3220 4490 ,
3249 4420 3525 4492 quosdam
3556 4422 3703 4476 etiam
3733 4416 3813 4471 Da-
