4010 6382
173 397 301 452 1177

1483 389 1642 450 νιτΑ
1680 393 1738 450 S.
1777 393 2126 454 SEVEBINI.

3310 414 3444 471 “78

174 511 479 570 necessitate
509 510 862 580 compelletur
906 513 1122 583 explere
1166 513 1308 583 quod
1355 526 1517 583 prava
1548 513 1738 570 volun-
1765 515 1814 578 Α
1846 530 2064 586 possum
2102 516 2348 575 invenire
2376 516 2651 576 hominem
2682 521 2775 592 qui
2813 535 2902 578 me
2924 523 2991 578 ad
3021 524 3194 581 virum
3222 526 3317 584 Dei
3349 544 3445 586 cu-

175 614 272 662 tate
297 606 561 675 despexit.
596 605 765 660 Velox
799 608 978 678 itaque
1001 617 1185 664 secuta
1207 609 1479 678 correptio
1503 608 1738 664 animum

175 699 446 767 prostravit
477 700 817 769 arrogantis:
855 700 1114 770 quosdam
1135 701 1277 756 enim
1300 703 1546 757 auriﬁces
1577 703 1591 733 ‘
1618 702 1743 758 bar-

115 783 117 785 ’
172 791 321 846 baros
349 834 363 858 ,
394 805 492 861 pro
547 791 872 847 fabricandis
913 793 1185 864 regalibus
1231 795 1565 851 ornamentis
1594 796 1741 852 clau-

171 893 470 942 seratarcta
516 887 781 942 custodia.
832 886 915 941 Ad
963 887 1061 941 bos
1107 888 1248 942 ﬁlius
1293 890 1576 945 memorati
1601 891 1742 962 regis

173 975 445 1031 admodum
476 977 749 1046 parvulus,
781 978 997 1033 nomine
1041 977 1350 1036 Fridericus
1373 1020 1390 1046 ,
1435 981 1624 1036 eodem
1655 981 1741 1038 die

165 1085 266 1140 quo
307 1070 490 1142 regina
538 1085 754 1126 servum
800 1070 896 1126 Dei
927 1080 1324 1142 contempserat
1371 1073 1561 1141 puerili
1591 1084 1740 1132 motu

165 1162 398 1219 concitus
448 1163 704 1218 introivit.
759 1163 913 1218 Tunc
955 1165 1206 1220 auriﬁces
1262 1165 1478 1221 infantis
1535 1168 1742 1236 pectori

159 1255 386 1327 gladium
409 1254 713 1324 imposuere
734 1255 974 1312 dicentes
997 1257 1139 1327 quod
1164 1256 1209 1311 si
1234 1257 1352 1327 quis
1381 1257 1448 1312 ad
1477 1272 1571 1314 eos
1618 1258 1742 1314 abs-

164 1363 264 1418 que
287 1347 574 1417 juramenti
605 1349 626 1379 ⁶
675 1348 896 1416 praeﬁxo
925 1348 1131 1419 ingredi
1175 1358 1503 1416 conaretur,
1546 1366 1741 1419 parvu-

165 1438 269 1495 lum
316 1439 517 1510 regium
566 1439 814 1511 primitus
870 1442 1264 1510 transfigerent,
1316 1451 1368 1497 et
1419 1443 1739 1513 semetipsos

161 1543 335 1606 postea
386 1535 744 1602 trucidarent;
778 1536 976 1606 quippe
1025 1552 1147 1593 cum
1197 1537 1301 1592 sibi
1331 1538 1531 1594 nullam
1587 1554 1737 1610 spem

162 1631 276 1684 vitae
305 1629 699 1698 promitterent,
733 1633 986 1688 macerati
1016 1633 1286 1689 diuturnis
1316 1635 1618 1705 ergastulis.
1647 1636 1740 1690 llis

157 1723 348 1778 auditis
403 1723 587 1793 regina
632 1725 866 1781 crudelis
921 1736 976 1782 et
1024 1727 1224 1797 impia,
1275 1729 1510 1784 vestibus
1556 1728 1739 1785 dolore

153 1815 465 1881 conscissis,
498 1815 623 1870 talia
645 1816 911 1872 clamabat
938 1836 950 1871 :
976 1818 1021 1874 Ο
1043 1833 1198 1876 serve
1230 1820 1320 1876 Dei
1349 1820 1627 1888 Severine,
1661 1822 1738 1877 sic

1849 609 1935 680 jus
1962 611 2157 682 ubique
2201 611 2343 670 fama
2387 613 2723 684 diﬁ‘unditur,
2769 632 2874 687 qua
2914 619 3148 677 voluerit
3192 626 3444 683 mercede

1844 702 2134 770 perducat?
2161 703 2254 803 diu
2281 713 2365 803 est
2387 707 2530 762 enim
2552 706 2867 803 quodips‘os
2893 720 3108 768 sanctos
3139 724 3429 786 martyres,
3492 727 3519 803 ς.

1844 808 2072 865 quorum
2111 797 2368 868 reliquias
2399 799 2539 867 fero,
2561 801 2879 872 suppliciter
2901 805 3213 876 interpello,
3241 807 3316 878 {ut
3345 811 3442 867 tali

1846 891 2151 948 ministerio
2189 895 2406 950 tandem
2437 896 2726 966 aliquando
2766 899 2948 956 solvar
2987 900 3262 974 indignus,
3293 905 3442 976 quod

1843 1003 2015 1059 usque
2051 1003 2159 1045 non
2206 991 2489 1047 temeraria
2535 994 2994 1064 praesumptione,
3038 996 3134 1053 sed
3187 997 3439 1070 religiosa

1844 1081 2166 1137 necessitate
2205 1085 2455 1140 sustinui.
2487 1085 2639 1141 Tunc
2681 1088 2900 1143 nuntius
2928 1087 3159 1144 hominis
3180 1089 3279 1146 Dei
3321 1091 3438 1162 ejus

1841 1170 1992 1228 illum
2014 1174 2316 1243 aspectibus
2339 1178 2701 1246 prtesentavit,
2735 1178 2826 1248 qui
2852 1179 3034 1236 debito
3069 1179 3092 1211 ⁸
3121 1190 3433 1239 sanctorum

1843 1263 2087 1320 Gervasii
2117 1274 2170 1320 et
2201 1263 2431 1321 Protasii
2463 1276 2758 1340 martyrum
2785 1271 3039 1340 reliquias
3073 1271 3282 1329 honore
3312 1288 3437 1330 sus-

1845 1358 2052 1427 cipiens
2106 1356 2159 1411 in
2192 1356 2435 1427 basilica,
2472 1373 2630 1429 quam
2664 1361 2720 1416 in
2749 1363 3078 1419 monasterio
3119 1374 3438 1422 construxe-

1844 1461 1950 1518 rat,
1984 1450 2266 1506 collocavit
2305 1451 2486 1507 ol'ﬁcio
2518 1454 2882 1510 sacerdotum.
2909 1456 3028 1522 Quo
3058 1458 3112 1512 in
3143 1459 3264 1514 loco
3293 1472 3436 1513 mar-

1843 1556 2021 1616 tyrum
2053 1545 2398 1615 congregavit
2441 1548 2743 1602 sanctuaria
2789 1548 3164 1618 plurimorum,
3195 1565 3315 1620 qua:
3352 1558 3433 1605 ta-

1843 1652 1967 1692 men
2002 1647 2277 1706 prteeunte
2306 1650 2521 1707 semper
2543 1639 2874 1696 revelatione
2901 1641 3221 1712 promeruit,
3257 1642 3434 1698 sciens

1845 1729 2212 1786 adversarium
2237 1743 2383 1799 saepe
2411 1731 2704 1800 subrepere
2731 1733 2830 1788 sub
2859 1733 3076 1790 nomine
3106 1735 3431 1792 sanctitatis.

1918 1826 2003 1878 17.
2047 1825 2348 1893 Episcopus
2386 1839 2598 1894 quoque
2625 1825 2886 1881 honorem
2916 1836 2974 1882 ut
3002 1828 3305 1898 susciperet
3331 1843 3432 1898 po-

153 1925 185 1964 a
211 1909 317 1965 Deo
350 1919 441 1965 tuo
465 1910 625 1965 illatae
654 1911 996 1967 vindicantur
1023 1913 1234 1983 injuria:
1263 1915 1286 1967 ?
1315 1915 1462 1969 Hanc
1486 1915 1591 1970 mei
1610 1929 1740 1970 con-
1768 1908 1820 1972 B
1843 1917 2128 1986 stulatus',
2160 1919 2422 1989 praeﬁnita
2470 1920 2826 1990 responsione
2872 1920 3155 1988 conclusit,
3181 1923 3432 1979 sufficere

155 2011 384 2074 temptus
406 2005 660 2060 ultionem
716 2005 901 2061 eﬂ‘usis
931 2008 1181 2077 precibus
1234 2011 1554 2079 postulasti,
1599 2021 1656 2068 ut
1686 2014 1739 2070 in

155 2110 271 2152 mea
302 2097 504 2152 viscera
535 2099 875 2154 vindicares?
906 2101 1088 2171 Itaque
1112 2101 1393 2172 multiplici
1417 2105 1739 2163 contritione

151 2207 214 2250 ac
243 2193 532 2249 miserabili
580 2195 970 2252 lamentatione
1000 2196 1332 2265 discurrens,
1366 2198 1634 2255 fatebatur
1678 2215 1738 2258 se

149 2297 248 2356 pro
283 2285 489 2341 scelere
516 2295 855 2356 contemptus
884 2329 900 2356 ,
931 2289 1073 2358 quod
1120 2290 1174 2343 in
1204 2305 1418 2344 servum
1452 2290 1544 2346 Dei
1592 2307 1740 2347 com-

149 2379 386 2445 miserat,
423 2380 592 2450 plagae
621 2382 900 2450 praesentis
926 2382 1129 2436 ultione
1159 2384 1404 2451 percelli,
1429 2384 1739 2440 confestim-

151 2483 254 2537 que
296 2470 518 2522 directis
543 2471 813 2539 equitibus
861 2471 1071 2526 veniam
1101 2473 1356 2542 petitura,
1386 2483 1440 2528 et
1468 2474 1737 2532 Romanos

151 2573 285 2629 quos
330 2574 392 2613 ea
423 2559 510 2614 die
537 2562 772 2626 tulerat,
822 2575 920 2631 pro
947 2563 1142 2632 quibus
1172 2573 1450 2635 rogantem
1497 2578 1739 2624 contem-

149 2659 327 2721 pserat
353 2653 652 2706 transmisit
681 2693 695 2718 ,
726 2661 784 2708 et
834 2653 1083 2709 auriﬁces
1115 2656 1358 2724 protinus
1405 2659 1736 2728 accipientes

147 2754 548 2800 sacramentum
579 2760 644 2799 ac
688 2745 1024 2801 dimittentes
1052 2746 1371 2802 infantulum
1399 2790 1415 2814 ,
1462 2752 1662 2820 pariter
1683 2760 1737 2807 et

146 2839 251 2909 ipsi
277 2839 486 2894 dimissi
517 2849 663 2894 sunt.
687 2839 781 2894 His
810 2839 1008 2894 auditis
1036 2842 1502 2897 reverentissimus
1531 2843 1734 2899 Christi

144 2946 338 2986 servus
367 2933 569 3002 gratias
612 2933 855 2988 Creatori
885 2934 1160 2990 referebat
1198 2935 1516 3006 immensas,
1545 2938 1638 3007 qui
1664 2938 1735 2993 ob

138 3024 244 3081 hoc
276 3027 542 3082 interdum
572 3027 753 3082 diﬁ‘ert
777 3038 903 3082 vota
934 3029 1235 3098 petentium
1264 3039 1322 3085 ut
1362 3031 1490 3098 ﬁde,
1535 3047 1633 3102 spc
1681 3041 1736 3088 et

133 3117 402 3174 charitate
426 3130 705 3176 crescente
728 3161 745 3187 ,
776 3119 902 3175 dum
945 3121 1153 3176 minora
1197 3131 1452 3192 petuntur
1480 3165 1496 3191 ,
1528 3110 1733 3194 majora

134 3211 424 3266 concedat.
458 3213 516 3267 id
572 3227 804 3284 namque
851 3214 959 3284 egit
1005 3215 1178 3272 virtus
1223 3216 1620 3287 Omnipotentis
1667 3233 1731 3273 ac

135 3301 442 3359 Salvatoris
472 3345 488 3370 ,
538 3314 596 3359 ut
641 3304 770 3360 dum
818 3307 1018 3364 liberos
1067 3323 1213 3364 saeva
1259 3310 1454 3366 mulier
1500 3292 1808 3382 subjecitc

133 3394 429 3462 servituti,
480 3396 778 3452 servientes
837 3409 1122 3468 cogeretur
1192 3402 1419 3456 reddere
1471 3403 1727 3458 libertati.

133 3485 344 3551 Quibus
376 3483 698 3540 mirabiliter
729 3487 1050 3558 impetratis,
1086 3492 1270 3560 regina
1298 3493 1477 3546 statim
1508 3493 1574 3547 ad
1619 3508 1734 3547 ser-

136 3595 267 3635 vum
297 3579 392 3634 Dei
441 3593 736 3648 properans
787 3594 908 3634 cum
955 3581 1150 3637 marito
1179 3623 1196 3650 ,
1244 3593 1509 3639 monstrat
1537 3585 1730 3654 ﬁlium,

131 3692 299 3747 quem
329 3674 602 3730 fatebatur
628 3675 772 3730 illius
802 3676 1137 3733 orationibus
1163 3679 1232 3733 de
1273 3680 1464 3736 mortis
1496 3681 1732 3738 conﬁnio

131 3773 448 3841 liberatum,
483 3771 804 3842 promittens
836 3787 897 3829 se
922 3773 1041 3844 ejus
1065 3789 1403 3846 nequaquam
1443 3776 1579 3833 ultra
1613 3778 1734 3849 jus-

132 3865 385 3922 sionibus
428 3864 669 3920 obviare.

209 3979 300 4031 to.
342 3977 529 4044 Magna
575 3995 787 4048 quoque
831 3980 923 4035 Dei
974 3981 1172 4037 famulo
1215 3985 1514 4054 prophetiae
1559 3989 1732 4058 gratia

130 4067 386 4140 praedito,
419 4069 472 4123 in
518 4069 846 4126 redimendis
885 4083 1002 4128 erat
1029 4075 1256 4144 captivis
1299 4077 1580 4132 industria.
1612 4081 1734 4136 Stu-

140 4161 353 4216 diosius
381 4161 577 4216 etenim
610 4161 890 4218 insistebat
911 4164 1261 4223 barbarorum
1291 4170 1494 4226 ditione
1514 4182 1733 4230 vexatos

129 4252 385 4323 genuina:
435 4253 724 4310 restituere
770 4255 1024 4312 libertati.
1082 4259 1286 4316 Interea
1343 4263 1558 4332 quidam
1611 4281 1730 4321 cum

125 4348 365 4418 conjuge
406 4348 695 4418 liberisque
732 4352 1034 4422 redempto,
1082 4359 1338 4426 praecepit
1383 4361 1730 4417 transvadere

135 4439 471 4509 Danubium,
508 4449 566 4496 ut
597 4442 866 4499 hominem
902 4446 1136 4516 ignotum
1165 4447 1216 4502 in
1242 4451 1265 4481 ⁸
1293 4451 1545 4507 nundinis
1581 4469 1732 4524 quae-

127 4542 288 4589 reret
342 4533 732 4605 barbarorum,
774 4551 932 4606 quem
983 4538 1037 4592 in
1087 4548 1294 4596 tantum
1342 4543 1521 4597 divina
1577 4561 1732 4602 reve-

1842 2011 1943 2066 sihi
1989 2011 2174 2067 dicens
2204 2012 2345 2082 quod
2384 2011 2678 2068 solitudine
2721 2012 3022 2069 desiderata
3053 2014 3311 2084 privatus,
3360 2013 3428 2069 ad

1840 2105 1986 2161 illam
2016 2105 2271 2160 divinitus
2300 2106 2536 2161 venisset
2566 2106 2917 2175 provinciam,
2953 2114 3010 2160 ut
3052 2105 3221 2161 turbis
3262 2107 3432 2162 tribu-

1842 2190 2067 2254 lantium
2091 2199 2462 2268 frequentibus
2484 2201 2791 2255 interesset.
2818 2199 3052 2255 Daturus
3084 2199 3431 2256 nihilominus

1840 2292 2118 2349 monachis
2161 2291 2424 2357 formam,
2471 2292 2754 2347 sollicitior
2779 2293 3102 2349 admonebat
3149 2292 3428 2349 beatorum

1841 2396 2055 2458 patrum
2082 2385 2323 2457 vestigiis
2359 2387 2646 2453 inhaerere,
2680 2387 2872 2457 quibus
2917 2395 3117 2440 sancta:
3141 2400 3432 2442 conversa-

1841 2481 2002 2536 tionis
2048 2479 2419 2549 acquireretur
2451 2480 2756 2547 instructio,
2795 2481 3261 2551 adhibendamque
3303 2496 3432 2551 ope-

1839 2587 1955 2628 ram
1982 2588 2051 2628 ne
2077 2573 2124 2627 is
2158 2573 2247 2642 qui
2281 2581 2531 2642 parentes
2560 2574 2777 2644 reliquit
2822 2583 2878 2630 et
2906 2575 3183 2642 saeculum,
3223 2587 3434 2644 pompa:

1839 2665 2118 2721 saecularis
2164 2666 2448 2721 illecebras
2494 2676 2790 2722 retrorsum
2831 2665 3172 2736 respiciendo
3209 2677 3434 2736 cuperet

1839 2773 1972 2829 quas
2031 2758 2311 2825 vitaverat,
2368 2767 2424 2813 et
2471 2759 2542 2814 ob
2589 2760 2691 2814 hoc
2736 2759 2919 2814 uxoris
2954 2759 3088 2814 Loth
3123 2760 3428 2828 exemplum

1846 2847 2088 2904 terribile
2131 2849 2486 2920 proponebat.
2533 2851 2867 2906 Memorabat
2905 2849 3070 2906 etiam
3117 2850 3309 2906 timore
3337 2851 3435 2906 Dei

1839 2941 2219 2998 mortiﬁcanda
2245 2957 2367 2998 esse
2389 2944 2658 2999 incentiva
2695 2944 3004 3010 libidinum,
3041 2959 3142 3000 nec
3172 2943 3328 2999 aliter
3351 2957 3436 2998 su-

1838 3035 2080 3106 peranda
2127 3035 2428 3106 corporalis
2458 3036 2836 3093 delectationis
2885 3038 3118 3094 asseruit
3162 3036 3433 3103 incendia,

1837 3126 1944 3182 nisi
1976 3125 2208 3183 fuissent
2253 3141 2350 3198 per
2380 3127 2480 3184 Dei
2513 3129 2738 3198 gratiam
2782 3129 3140 3198 lacrymarum
3168 3129 3317 3186 fonte
3351 3145 3437 3185 re-

1837 3217 2056 3274 stincta.
2401 3236 2404 3240 '
3058 3209 3076 3214 ’

2456 3309 2686 3367 CAPUT
2723 3312 2816 3367 ιν.

1837 3423 1846 3427 ’
1945 3426 2192 3495 Captivos
2223 3435 2270 3479 et
2298 3425 2523 3495 afﬂictas
2542 3428 2726 3496 juvat;
2761 3428 3038 3498 sacrilegos
3064 3429 3320 3484 emendat.

1918 3538 2006 3596 18.
2051 3539 2276 3607 Quidam
2309 3554 2462 3606 vero,
2495 3542 2710 3597 nomine
2731 3541 2963 3610 Maurus,
2991 3543 3227 3599 basilicae
3248 3559 3434 3600 mona-

1836 3630 1989 3686 sterii
2027 3629 2128 3685 fuit
2157 3630 2409 3700 aedituus,
2443 3646 2601 3701 quem
2652 3634 2840 3688 beatus
2869 3634 3160 3690 Severinus
3188 3637 3435 3692 redeme-

1837 3733 1922 3782 rat
1947 3724 2014 3781 de
2044 3727 2294 3782 manibus
2335 3727 2713 3783 barbarorum.
2762 3729 2895 3786 lluic
2919 3730 3147 3800 quadam
3184 3730 3273 3785 die
3303 3747 3430 3802 prae-

1835 3820 1981 3890 cepit
2009 3819 2090 3875 vir
2138 3821 2233 3876 Dei
2261 3821 2663 3878 dicens:Cavc
2711 3838 2779 3879 ne
2827 3823 2988 3879 hodie
3021 3823 3436 3894 transgrediaris

1835 3912 2063 3979 alicubi;
2117 3913 2356 3983 alioquin
2413 3914 2712 3970 imminenti
2761 3915 2995 3985 periculo
3051 3931 3156 3970 non
3201 3917 3433 3972 carebis.

1838 4003 1942 4059 llic
1986 4019 2115 4074 ergo
2144 4015 2330 4059 contra
2363 4015 2694 4075 praeceptum
2747 4007 2876 4060 tanti
2926 4007 3125 4074 Patris,
3158 4008 3434 4063 saecularis

1837 4096 2120 4166 cujusdam
2171 4097 2407 4152 hominis
2453 4114 2734 4168 persuasu,
2762 4099 2984 4154 meridie
3028 4100 3095 4155 ad
3133 4100 3433 4168 colligenda

1836 4201 1995 4257 poma
2026 4190 2078 4242 in
2109 4190 2346 4244 secundo
2387 4205 2414 4243 a
2447 4191 2695 4246 Favianis
2725 4192 2976 4245 milliario
3006 4206 3276 4262 egressus,
3306 4207 3430 4247 mox

1835 4295 1865 4334 a
1900 4281 2147 4336 barbaris
2176 4282 2420 4338 Danubio
2452 4293 2788 4340 transvectus
2818 4294 2899 4340 est
2925 4300 3046 4340 cum
3085 4301 3184 4340 suo
3208 4299 3430 4354 persua-

1839 4388 1965 4428 sore
1994 4377 2254 4444 captivus.
2289 4374 2346 4429 In
2380 4377 2467 4430 illa
2503 4376 2634 4431 hora
2665 4379 2746 4432 vir
2792 4377 2887 4432 Dei
2908 4377 3032 4431 dum
3062 4377 3114 4431 in
3139 4376 3328 4432 cellula
3353 4379 3428 4432 lc—

1837 4478 2010 4542 geret,
2054 4470 2236 4524 clauso
2281 4481 2505 4539 repente
2532 4473 2739 4539 codice,
2774 4473 3040 4538 Maurum,
3076 4473 3170 4538 ait,
3204 4472 3310 4527 cito
3339 4488 3429 4528 re-

1834 4561 2032 4632 quirite
2061 4580 2072 4614 :
2099 4577 2206 4632 quo
2235 4577 2494 4633 nusquam
2534 4575 2771 4634 reperto,
2818 4567 2931 4633 ipse
2959 4565 3278 4633 quantocius
3304 4564 3425 4619 lstri

118 4626 344 4734 latione
369 4625 652 4734 didicerat,
679 4637 738 4682 ut
765 4630 924 4734 etiam
956 4632 1106 4700 signa
1132 4642 1351 4690 staturae
1377 4636 1730 4703 capillorum-
1754 4673 1807 4734 Β
1833 4625 2032 4709 ﬂuenta
2071 4625 2477 4724 ρξεοιετηιέθηε,
2522 4625 2768 4711 lal'mes'
2803 4625 3150 4725 ρί-ορεξειηιοιι
3179 4655 3424 4724 insequi.

109 4733 233 4789 quc
260 4719 523 4784 colorem,
556 4720 735 4775 vultus
774 4721 891 4791 ejus
920 4738 980 4777 ac
1007 4727 1175 4781 vestis
1205 4726 1416 4783 habitus
1439 4731 1722 4800 iudicaret,

105 4811 266 4866 etin
315 4825 419 4879 qua
461 4821 613 4880 parte
656 4815 1017 4870 nundinarum
1063 4829 1376 4887 reperturus
1423 4838 1544 4878 eum
1588 4827 1726 4883 foret

105 4903 466 4971 ostenderet,
517 4905 719 4961 addens
764 4916 822 4962 ut
861 4911 1121 4980 quidquid
1165 4926 1378 4984 reperta
1429 4919 1477 4972 ei
1519 4921 1727 4978 diceret

102 5011 388 5068 persona,
414 5011 661 5053 reversus
688 4999 790 5055 sibi
835 5005 1095 5059 maturius
1122 5006 1418 5067 intimaret.
1447 5010 1725 5072 Profectus

99 5093 315 5159 itaque
343 5099 561 5158 cuncta,
591 5091 730 5148 sicut
768 5093 852 5148 vir
882 5095 978 5150 Dei
1000 5098 1341 5168 praedixerat,
1375 5107 1598 5161 miratus
1636 5109 1722 5163 in-

98 5186 298 5242 venit.
343 5186 392 5240 ls
416 5201 541 5256 ergo
567 5188 635 5244 ab
678 5190 868 5245 eodem
912 5192 1128 5250 homine
1149 5212 1307 5266 quem
1351 5203 1617 5270 reperisse
1663 5220 1723 5262 se

97 5283 467 5348 mirabatur,
513 5282 873 5356 interrogatus
920 5289 1122 5346 audivit
1169 5291 1382 5350 dicente
1434 5297 1718 5358 :Putasne

191 5466 208 5496 ¹
237 5461 541 5554 Aventinus
581 5462 737 5554 solita
771 5471 1115 5554 ‘temeritate.
1175 5475 1424 5554 Auri/tces
1475 5489 1539 5554 et”
1564 5481 1726 5554 Phry-

96 5535 593 5610 gionesRontanos
636 5544 822 5602 vocat;
855 5554 950 5606 pro
981 5541 1063 5596 his
1098 5535 1468 5605 intercessisse
1508 5535 1725 5610 Severi-

96 5606 374 5696 ‘pum‘ait,
400 5608 590 5689 morbo
615 5613 873 5662 tentatum
896 5611 1035 5666 Gisze
1066 5615 1253 5683 ﬁlium,
1278 5606 1719 5696 sanatumpreci-

96 5682 225 5737 bus
259 5677 528 5733 Severini.

190 5747 374 5822 ?B_elf.
399 5749 676 5822 etuBaron.
710 5755 970 5822 prwsidio.

191 5821 213 5911 ξ
238 5820 423 5911 monet
450 5819 951 5911 Yelserus'hic‘non
976 5829 1178 5910 publici
1208 5846 1475 5911 mercatus
1509 5839 1705 5911 locmn,

90 5890 214 5952 sed
248 5892 428 5946 vicum
457 5906 720 5964 paganum
767 5890 1012 5972 intelligi,
1043 5890 1712 5976 utrumquectideiti'Ce-r1

1836 4752 1942 4811 tur,
1973 4760 2107 4814 quos
2135 4746 2360 4815 vulgus“
2390 4747 2674 4801 Scamaros
2703 4745 3033 4815 appellabat.
3064 4745 3228 4814 Cujus
3254 4760 3424 4799 vene-

1834 4841 2057 4895 randam
2100 4841 2444 4911 praesentiam
2495 4856 2600 4895 non
2653 4842 2906 4911 ferentes,
2960 4840 3230 4911 supplices
3289 4853 3425 4908 quos

1833 4942 2093 5001 ceperant
2124 4933 2407 4988 reddidere
2434 4934 2699 5002 captivos.

1833 5061 1871 5093 ςλ
1908 5023 1995 5080 19.
2034 5026 2168 5081 Cum
2199 5026 2372 5081 adhuc
2412 5026 2589 5081 Norici
2623 5026 2869 5098 Bipensis
2919 5025 3112 5095 Oppida
3142 5023 3422 5093 superiora

1831 5126 2163 5187 constarent,
2199 5127 2255 5173 et
2279 5133 2417 5188 pene
2463 5120 2667 5175 nullum
2710 5120 2987 5176 castellum
3020 5118 3369 5172 barbarorum
3400 5122 3418 5152 ⁷

1831 5215 2027 5269 vitaret
2085 5214 2356 5277 incursus,
2401 5222 2507 5268 tam
2563 5215 2914 5270 celeberrima
2962 5213 3132 5267 sancti
3179 5212 3420 5267 Severini

1829 5306 2088 5378 ﬂagrabat
2110 5308 2291 5380 opinio
2311 5348 2326 5373 ,
2355 5315 2413 5364 ut
2452 5310 2698 5366 certatim
2725 5323 2846 5363 eum
2877 5307 2945 5363 ad
2966 5323 3024 5363 se
3052 5306 3269 5363 castella
3311 5309 3422 5363 sin-

1840 5489 2050 5544 manica
2083 5505 2214 5547 voce
2253 5493 2455 5549 Marckt
2490 5495 2686 5549 eﬁ‘erri.

1909 5560 2210 5636 fColuntur
2239 5565 2303 5619 19
2328 5566 2492 5636 Junii.
3466 5574 3494 5636 ξ,

1908 5632 1927 5661 ⁵
1949 5631 2165 5718 Staiban
2196 5635 2548 5718 et_Engenius
2576 5638 2654 5718 ab
2673 5637 2914 5718 Odoacre
2939 5642 2990 5697 ei
3018 5642 3257 5699 oblatum
3296 5649 3414 5718 epi-

1835 5715 2114 5772 scopatum
2147 5708 2410 5761 scribunt.
2441 5708 2573 5774 Quis
2603 5709 2656 5762 id
2691 5711 2886 5765 tradit?

1875 5776 2086 5857 [βω.
2137 5778 2424 5832 Scameras.
2447 5779 2708 5861 "Velserus
2741 5798 2847 5837 non
2879 5786 3081 5855 gentis,
3123 5788 3218 5843 sed
3248 5789 3411 5846 latro-

1835 5850 1963 5902 nicii
1993 5863 2186 5902 nomen
2207 5863 2328 5904 esse
2355 5850 2559 5905 scribit.

1816 5974 1826 5983 ,
1899 5920 1918 5949 ⁷
1941 5919 2062 5976 Sur.
2098 5918 2354 5989 Intraret,
2386 5936 2485 5978 nec
2513 5924 2729 5981 omnino
2759 5925 2976 5984 damnat
3012 5929 3276 5988 V’elscrus.
