4010 6382
615 359 757 426 “79
1942 358 2103 424 VITA
2139 360 2200 420 8.
2237 357 2580 421 BEVERINL
3726 371 3838 432 “80

613 485 737 559 gula
796 496 894 556 pro
943 482 1058 540 suis
1102 470 1490 538 munitionibus
1536 477 1857 548 invitarent,
1911 478 2200 538 credentes
2227 477 2602 544 Avetiturus,
2632 491 2702 534 ne
2727 475 2903 534 divina
2945 477 3182 549 amplius
3209 478 3507 551 indignatio
3542 495 3834 552 provocetur.

611 580 759 652 quod
789 580 906 651 ejus
933 577 1216 647 praesentia
1249 576 1382 632 nihil
1410 576 1492 632 eis
1513 575 1726 632 adversi
1755 577 2017 631 eveniret.
2043 569 2200 642 Quod
2303 567 2412 626 Nec
2434 584 2585 626 mora
2611 585 2626 636 ;
2655 584 2786 642 ergo
2831 569 3082 627 omnibus
3124 572 3178 628 in
3201 573 3483 629 ecclesiam
3527 584 3835 651 congregatis,

614 682 723 731 non
752 675 870 732 sine
899 673 1067 746 gratia
1113 672 1276 728 divini
1309 673 1550 728 muneris
1595 673 1876 743 agebatur,
1911 679 1968 726 ut
2008 683 2199 726 omnes
2301 661 2666 734 unusquisoue
2704 663 2758 717 in
2800 664 2990 720 ordine
3018 678 3118 719 suo
3158 665 3420 736 psallebat
3458 681 3527 721 ex
3556 683 3709 725 more.
3733 674 3830 729 0m-

611 768 732 840 ejus
759 766 1001 831 monitis,
1031 766 1185 838 quasi
1230 765 1542 823 cteleslibus
1573 772 1906 821 terrerentur
1941 764 2196 828 oraculis,
2303 756 2387 811 nis
2418 766 2549 812 mtas
2585 765 2642 813 et
2668 771 2830 813 sexus
2854 773 2972 828 quae
3003 761 3164 818 etiam
3197 773 3328 815 voce
3355 775 3464 816 non
3493 771 3716 833 poterat,
3742 783 3835 836 prc-

611 859 968 930 eremploque
1013 859 1154 916 illius
1206 857 1366 915 bonis
1413 858 1666 930 operibus
1721 857 2084 914 erudirentur.
2141 855 2198 909 in
2301 865 2419 908 cem
2469 850 2580 906 Deo
2625 850 2840 907 ﬂetibus
2867 851 3164 918 oiferebat;
3221 853 3586 925 eleemosyna:
3621 858 3719 912 fieri
3757 875 3832 917 nos

607 943 890 1007 castellum
915 965 1149 1023 quoque,
1180 953 1268 1010 cui
1306 952 1455 1008 erat‘
1485 951 1711 1008 cucullis
1737 949 2078 1013 vocabulum,
2105 947 2202 1002 de-
2300 945 2606 1012 cessabant,
2640 944 2895 1016 quidquid
2923 946 3187 1001 bonorum
3203 961 3428 1018 operum
3453 961 3680 1017 praesens
3693 965 3831 1007 ueras-

609 1041 920 1100 votionlbus
948 1045 1255 1101 accolarum
1285 1045 1368 1100 vir
1392 1052 1612 1101 sanctus
1632 1052 1856 1099 venerat
1883 1042 2199 1106 advocatus,
2301 1040 2433 1096 sitas
2451 1039 2720 1110 exigebat,
2751 1039 2894 1095 sicut
2935 1039 3032 1095 Dei
3060 1040 3292 1097 famulus
3321 1054 3667 1112 prmeeperat,
3694 1046 3834 1114 imple-

608 1136 701 1193 ubl
723 1137 919 1193 factum
950 1137 1157 1209 grande
1194 1138 1510 1194 miraculum
1538 1151 1745 1208 nequeo
1783 1132 2197 1206 reticere:quod
2302 1133 2480 1190 batur.
2511 1134 2773 1190 Omnibus
2797 1147 2928 1205 ergo
2957 1133 3328 1206 hujuscemodi
3373 1135 3574 1191 studiis
3599 1141 3832 1205 occupatis,

614 1240 794 1289 tamen
821 1235 841 1266 '
873 1233 1127 1288 Marciani
1158 1243 1278 1303 post
1307 1232 1606 1304 presbyteri
1639 1231 1836 1296 nostri,
1866 1230 2019 1301 cujus
2054 1233 2200 1300 ejus-
2301 1225 2517 1298 quidam
2569 1226 2939 1297 pauperrimus
2966 1241 3104 1298 opus
3134 1228 3227 1284 Dei
3256 1237 3502 1299 emptum
3527 1229 3768 1299 deserens,
3785 1233 3832 1294 ad

610 1326 734 1384 dem
769 1325 872 1382 loci
918 1327 1182 1397 stupenda
1226 1326 1485 1382 miracula
1533 1325 1794 1380 relatione
1821 1323 2194 1392 cognovimus.
2303 1333 2487 1389 agrum
2508 1319 3268 1390 proprtmsegetisinvisenda
3287 1336 3608 1393 causa,qua
3623 1339 3830 1395 perpetva

611 1420 746 1476 Pars
789 1418 952 1492 igitur
981 1415 1155 1490 plebis
1185 1416 1238 1474 in
1285 1419 1516 1489 quodam
1560 1416 1677 1471 loco
1708 1413 1954 1470 nefandis
1993 1412 2198 1469 sacriﬁ-
2302 1408 2444 1466 inter
2494 1411 2719 1467 aliorum
2771 1421 2888 1468 sata
2942 1411 3181 1481 iacebat,
3213 1428 3470 1485 egressus
3520 1426 3626 1483 est,
3669 1426 3828 1488 totaque

611 1511 710 1569 ciis
763 1511 1080 1569 inhaerebat.
1115 1511 1234 1580 Quo
1282 1510 1568 1580 sacrilegio
1611 1517 1912 1578 comperto,
1951 1505 2035 1560 vir
2078 1505 2200 1572 Dei,
2301 1505 2494 1562 anxius
2514 1506 2603 1562 die
2632 1507 2959 1564 locustarum
2987 1510 3184 1567 nubem
3217 1511 3625 1581 impendentem
3641 1526 3728 1582 qua
3758 1527 3826 1582 ρο·

613 1603 800 1659 multis
839 1602 1052 1674 plebem
1093 1600 1435 1658 sermonibus
1477 1599 1763 1665 allocutus,
1790 1595 2056 1668 jejunium
2104 1593 2201 1649 tri-
2304 1597 2405 1652 tuit
2425 1600 2732 1655 exturbavit
2754 1599 3038 1668 industria,
3076 1616 3308 1672 moxque
3333 1603 3621 1658 ecclesiam
3640 1620 3825 1660 commu-

608 1696 845 1753 duanum
888 1711 984 1767 per
1014 1696 1387 1767 presbyterum
1431 1693 1533 1749 loci
1579 1693 1751 1748 suasit
1781 1691 1966 1759 indici,
2011 1705 2074 1746 ac
2104 1705 2202 1762 per
2305 1689 2581 1746 nicaturus
2611 1691 2863 1758 intravit;
2895 1693 2992 1750 sed
3021 1703 3262 1765 segetem
3291 1693 3409 1764 ejus
3439 1696 3693 1766 exiguam,
3724 1698 3826 1752 mul-

607 1793 848 1864 singulas
875 1791 1068 1848 domos
1120 1803 1307 1846 cereos
1355 1788 1549 1844 afferre
1585 1786 1858 1858 praecepit,
1910 1799 2047 1856 quos
2077 1798 2200 1855 pro-
2308 1783 2379 1838 tis
2444 1783 2744 1840 vicinorum
2802 1785 3189 1842 circumdatam
3237 1785 3488 1859 frugibus
3515 1827 3531 1854 ,
3573 1789 3825 1847 locustarum

611 1886 721 1956 pria
760 1903 922 1943 manu
976 1885 1344 1956 unusquisque
1392 1883 1687 1954 parietibus
1714 1880 1884 1938 afﬂxlt
1930 1879 2193 1936 ecclesiae.
2225 1879 2277 1952 Β
2301 1874 2539 1931 densitas
2559 1875 2855 1932 devoravit.
2871 1875 3076 1944 Quibus
3098 1892 3160 1934 ea
3182 1887 3340 1935 nocte
3367 1880 3440 1935 ab
3478 1881 3580 1936 illis
3623 1882 3771 1938 ﬁnibus
3808 1881 3825 1914 ³

647 1903 721 1943 l'la
760 1903 922 1943 manu
976 1901 1344 1956 unusquisque
1392 1901 1687 1954 parletlDuS
1714 1901 1884 1938 IIII!“
1930 1901 2193 1936 eculeum.
2225 1901 2277 1952 Β
2301 1901 2539 1931 taurulus
2559 1901 2855 1932 ussvuravu.
2871 1901 3076 1944 ultum!
3098 1901 3160 1934 ea
3182 1901 3340 1935 uuae
3367 1901 3440 1935 an
3478 1901 3580 1936 llus
3623 1901 3771 1938 umens
3808 1901 3823 1914 '

606 1901 761 2036 guno
791 1978 1045 2048 psalterio
1076 1991 1142 2032 ex
1173 1991 1323 2032 more
1352 1977 1598 2040 decurso,
1632 1975 1695 2029 ad
1728 1974 1911 2030 horam
1943 1970 2198 2027 sacriﬁcii
2302 1968 2577 2024 exterritis
2614 1969 2842 2039 imperio
2865 1970 3073 2036 divino,
3107 1971 3392 2040 probatum
3421 1981 3514 2029 est
3531 1987 3740 2044 quantum
3767 1988 3823 2031 va-

608 2069 981 2141 presbyterum
1007 2077 1061 2125 et
1082 2067 1367 2124 diaconum
1393 2067 1474 2122 vir
1492 2066 1587 2121 Dei
1614 2065 1930 2120 adhortatus
1952 2073 2056 2130 est,
2088 2070 2199 2120 tota
2298 2063 2407 2121 leat
2437 2061 2612 2118 ﬁdelis
2641 2064 2838 2124 oratio.
2867 2063 3024 2120 Mane
3051 2064 3248 2135 quippe
3262 2066 3433 2120 sancti
3463 2068 3627 2138 operis
3646 2079 3820 2122 temera-

610 2162 791 2221 cordis
811 2162 1088 2218 alacritate
1117 2175 1302 2217 secum
1323 2173 1663 2216 communem
1695 2157 1982 2212 Dominum
2003 2156 2198 2226 depre-
2299 2168 2386 2216 tor
2411 2170 2572 2231 atque
2591 2168 2949 2232 contemptor,
2974 2173 3164 2216 rursus
3179 2160 3248 2215 ad
3259 2175 3447 2231 agrum
3467 2176 3606 2217 suum
3621 2163 3736 2217 male
3749 2177 3820 2217 se-

609 2252 743 2322 cari,
791 2267 1058 2323 quatenus
1098 2254 1182 2333 .ad
1229 2253 1520 2323 sacrilegos
1574 2250 1960 2306 discernendos
2012 2248 2196 2310 lumen
2299 2267 2462 2309 curus
2490 2254 2798 2326 egrediens,
2837 2269 2961 2310 eum
2993 2255 3327 2312 locustarum
3371 2257 3590 2324 pernicie
3621 2253 3816 2312 funditus

607 2357 720 2400 sua;
748 2347 1074 2418 cognitionis
1122 2346 1452 2404 ostenderet.
1498 2343 1680 2414 Itaque
1718 2356 1843 2398 cum
1880 2340 2066 2398 multis
2097 2342 2198 2396 lar-
2302 2346 2516 2403 invenit
2537 2348 2812 2414 abrasum,
2837 2355 2894 2404 et
2919 2347 3162 2402 omnium
3184 2348 3575 2418 circumquaque
3614 2346 3812 2404 sationes

608 2436 844 2506 gissimis
890 2439 1124 2508 fletibus,
1171 2451 1400 2507 cumque
1442 2435 1565 2491 illis
1610 2434 1835 2506 genibus
1860 2442 2192 2503 precaretur,

609 2545 736 2601 pars
762 2533 994 2588 maxima
1019 2545 1300 2588 cereorum
1327 2544 1464 2601 quos
1487 2529 1675 2584 ﬁdeles
1701 2527 1993 2585 attulerant
2017 2524 2195 2584 subito

609 2632 693 2678 est
717 2637 941 2680 accensa
963 2625 1239 2691 divinitus,
1271 2623 1481 2695 reliqua
1506 2635 1637 2678 vero
1659 2633 1844 2677 eorum
1875 2621 1967 2692 qui
1999 2618 2195 2690 prtedie

609 2717 711 2772 ctis
738 2717 1038 2789 sacrilegiis
1067 2716 1249 2772 infecti
1275 2715 1491 2772 fuerant
1522 2714 1875 2784 volentesque
1902 2713 2069 2769 latere
2099 2727 2195 2769 ne.

2299 2440 2537 2513 integras
2559 2440 2912 2498 vehementer
2939 2441 3236 2509 admirans,
3281 2441 3351 2497 ad
3377 2441 3632 2500 castellum
3653 2442 3820 2498 lamen-

2297 2543 2416 2590 ωσι
2443 2531 2824 2590 vociferatione
2847 2534 3169 2600 revertitur;
3199 2549 3429 2605 cumque
3477 2534 3533 2590 id
3570 2536 3686 2604 quod
3711 2536 3821 2590 acci-

2295 2624 2456 2680 derat
2487 2624 2814 2691 indicasset,
2846 2626 2914 2682 ad
2960 2626 3335 2696 hujuscemodi
3388 2627 3653 2682 videndum
3688 2628 3818 2683 cuncti

2298 2718 2482 2773 exiere
2534 2718 2876 2785 miraculum,
2929 2717 3022 2774 ubi
3066 2721 3219 2789 quasi
3248 2720 3316 2774 ad
3347 2720 3547 2775 linea
3590 2723 3816 2791 regularem

611 2820 887 2884 gaverant,
945 2814 1230 2868 inaccensa
1261 2811 1578 2884 permansit.
1628 2809 1780 2866 Tunc
1823 2824 1954 2882 ergo
1978 2808 2067 2881 qui
2098 2820 2193 2866 eos

607 2911 902 2973 posuerant
930 2902 1113 2959 divino
1142 2903 1403 2959 declarari
1431 2901 1700 2968 examine,
1739 2899 1985 2972 protinus
2012 2901 2193 2955 exclae

609 3005 818 3052 mantus
846 3004 1052 3052 secreta
1078 2996 1313 3068 pectoris
1333 2992 1788 3050 satisfactionibus
1815 2992 2188 3064 prodiderunt,

607 3094 664 3142 et
701 3101 921 3145 suorum
973 3086 1282 3144 testlmonio
1327 3099 1613 3144 ceruorum
1659 3083 1938 3143 manifesta
1975 3085 2192 3140 confess

606 3176 760 3231 sione
805 3177 984 3231 cuncti
1030 3175 1242 3245 propria
1291 3172 1569 3242 sacrilegia
1617 3170 1970 3226 testabantur.
1999 3169 2190 3226 Ocleo.

2297 2811 2632 2866 contumacis
2670 2809 2908 2866 hominis
2936 2819 3176 2880 segetem
3224 2812 3557 2868 locustarum
3582 2828 3740 2868 morsus
3759 2827 3808 2867 os

2302 2902 2609 2960 tenderent.
2643 2900 2797 2958 Tunc
2815 2903 3052 2958 omnium
3082 2905 3325 2975 vestigiis
3356 2907 3674 2975 provolutus,
3697 2909 3810 2961 inter-

2299 2993 2643 3050 cessionibus
2667 3009 2856 3051 eorum
2903 2995 3088 3051 delicti
3118 2996 3203 3053 sui
3229 2999 3451 3053 veniam
3488 2999 3597 3054 fusa
3631 2998 3806 3052 lamenta-

2295 3087 2450 3151 tione
2470 3088 2745 3155 poscebat.
2779 3088 2861 3146 0b
2889 3103 3050 3159 quam
3093 3105 3206 3145 rem
3253 3091 3528 3148 monendi
3565 3091 3799 3148 messim

2300 3178 2466 3236 homo
2493 3179 2589 3237 Dei
2618 3182 2922 3252 reperiens,
2947 3182 3177 3240 docebat
3207 3186 3508 3243 universos
3557 3195 3606 3242 ut
3638 3185 3785 3250 amnip-

605 3281 761 3322 mcns
822 3267 1059 3336 potentia
1121 3264 1423 3321 Croatorisl
1483 3268 1673 3319 cereos
1727 3261 2043 3332 animosque
2108 3261 2188 3317 in-

2303 3271 2437 3330 tenti
2463 3273 2573 3329 Deo
2593 3273 2866 3332 discerent
2893 3275 3134 3343 obedire,
3165 3277 3319 3347 cujus
3347 3277 3782 3348 imperiumst-

607 3358 910 3428 ﬂammans,
943 3372 1201 3424 accensus
1230 3351 1368 3428 ignis
1397 3355 1447 3414 in
1468 3353 1643 3422 cereis
1674 3351 1883 3416 refulsit
1907 3360 1962 3426 ιιι
1989 3351 2044 3412 in
2064 3364 2192 3422 sen-

608 3452 779 3510 sibus.
819 3452 1056 3508 Visibilis
1086 3453 1173 3514 lux
1202 3449 1439 3522 liquabat
1467 3461 1618 3504 ceras
1647 3446 1700 3502 in
1731 3444 1992 3512 ﬂammas,
2021 3460 2087 3508 ac
2111 3446 2192 3503 in-

603 3544 830 3616 visibilis
863 3546 1023 3602 corda
1054 3543 1333 3604 fatentium
1365 3545 1607 3602 solvebat
1647 3544 1699 3600 in
1748 3545 2034 3618 lacrymas.
2063 3546 2194 3618 Quis

602 3636 788 3696 credat
811 3640 1043 3714 amplius
1073 3654 1168 3697 eos
1196 3655 1331 3714 quos
1362 3639 1660 3714 sacrilegus
1686 3654 1840 3696 error
1870 3638 2190 3716 involverat,

603 3739 793 3820 postea
837 3732 1099 3802 claruisse
1127 3734 1283 3791 bonis
1317 3733 1593 3810 operibus,
1636 3747 1799 3820 quam
1835 3746 1928 3796 eos
1964 3747 2192 3806 quorum

605 3816 751 3876 cerei
784 3820 991 3877 fuerant
1018 3825 1229 3879 accensi
1259 3825 1555 3880 divinitus?

2293 3373 2420 3421 rant
2446 3375 2503 3421 et
2531 3365 2771 3424 locusta.
2802 3368 3012 3440 Pauper
3035 3385 3166 3428 vero
3193 3371 3507 3439 pradictus
3536 3372 3712 3428 ﬂebiliter
3741 3364 3790 3418 tl-

2295 3459 2529 3527 legebat,
2553 3473 2714 3530 posse
2741 3475 2800 3517 se
2822 3462 3090 3520 mandatis
3113 3463 3343 3520 obedire
3367 3465 3440 3519 de
3471 3475 3671 3529 calere,
3692 3455 3805 3513 uella

2293 3561 2426 3621 spes
2453 3565 2558 3622 qua
2586 3553 2792 3609 viveret
2821 3554 2926 3612 sibi
2951 3556 3329 3611 remansisset.
3362 3556 3518 3612 Tunc
3537 3569 3649 3626 ergo
3669 3553 3727 3606 vir
3749 3546 3813 3603 Dei

2293 3653 2523 3702 saturos
2551 3645 2837 3711 allocutus,
2867 3647 3076 3703 Justum
3102 3656 3207 3714 est,
3240 3648 3434 3719 inquit,
3472 3648 3629 3717 utqui
3657 3638 3823 3715 proprio

2295 3738 2562 3809 mplicio
2593 3739 2908 3797 humilitatis
2936 3740 3090 3804 vobis
3108 3753 3164 3798 et
3192 3741 3505 3799 obedientia
3522 3739 3657 3795 dedit
3677 3749 3828 3792 exem-

2296 3829 2464 3899 plum,
2518 3831 2841 3889 liberalitate
2885 3843 3060 3888 vestra
3117 3836 3244 3890 anni
3289 3831 3552 3903 praesentis
3601 3829 3838 3883 alimenta

671 3914 762 3972 20.
797 3916 918 3973 Alio
933 3932 1119 3976 rursus
1141 3927 1382 4002 tempore
1409 3920 1462 3976 in
1487 3919 1681 3977 ﬁnibus
1699 3921 1940 3996 ejusdem
1960 3921 2192 3988 castelli,

597 4014 824 4070 locusm
853 4008 1061 4081 frugum
1089 4012 1514 4084 consumptrices
1564 4013 1797 4084 copiosae
1845 4012 2190 4082 insederant,

599 4102 773 4162 noxiis
823 4104 1094 4174 morsibus
1138 4114 1330 4162 cuncta
1373 4116 1669 4166 vastantes.
1723 4107 1836 4163 Tali
1882 4123 2010 4182 ergo
2041 4119 2192 4182 peste

596 4196 828 4268 perculsi
872 4212 1000 4256 mox
1051 4197 1349 4268 presbyteri
1401 4199 1690 4272 celerique
1718 4214 1997 4256 mansores
2028 4214 2190 4257 sanc-

596 4297 708 4344 tum
736 4289 1053 4358 Severinum
1073 4290 1300 4360 summis
1321 4293 1572 4364 precibus
1599 4293 1871 4364 adierunt,
1901 4293 2146 4352 dicentes
2173 4314 2186 4351 :

595 4379 665 4437 Ut
695 4391 856 4437 tantae
884 4383 1055 4456 plagae
1101 4384 1377 4450 auferatur
1407 4386 1686 4459 atrocitas,
1720 4387 2025 4452 orationum
2072 4398 2191 4455 tua-

592 4483 711 4526 rum
742 4463 960 4544 experta
978 4475 1230 4546 suffragia
1259 4476 1595 4550 postulamus
1614 4493 1738 4552 qua:
1763 4493 1958 4550 magno
1984 4479 2186 4538 dudum

2725 4461 2887 4518 Varia
2914 4464 3022 4521 alia
3051 4464 3156 4519 edit
3186 4461 3466 4518 miracula.

595 4561 850 4627 miraculo
871 4565 1369 4633 inaccensiscereis
1392 4569 1617 4638 multum
1631 4571 1771 4646 apud
1794 4571 2184 4644 Dominumjva-
2214 4647 2250 4652 _
2365 4575 2457 4636 21.
2491 4576 2625 4642 item
2653 4576 2805 4650 juxta
2852 4578 3113 4652 oppidum
3157 4576 3298 4650 quod
3331 4577 3354 4607 ‘
3379 4576 3533 4641 Juba
3580 4574 3840 4649 appellatur,

591 4654 1122 4727 iernconspeximus.
1152 4660 1299 4734 Quos
1327 4662 1416 4719 ille
1432 4662 1740 4735 religiosius
1768 4665 2186 4732 allocutus,Non
2213 4647 2269 4712 Ῑ)
2300 4683 2422 4726 cum
2453 4647 2682 4740 quadam
2713 4669 2803 4726 die
2851 4647 3116 4728 intrantes
3158 4647 3446 4734 basilicam
3467 4674 3498 4738 ,‘
3541 4647 3727 4728 aestatis
3751 4677 3842 4719 tear

592 4745 819 4842 legistis,
837 4748 932 4818 ait,
951 4750 1380 4842 quidauctoritas
1393 4752 1571 4808 divina
1588 4757 1832 4829 peccanti
1849 4759 2042 4828 populo
2054 4774 2198 4842 prm-_
2297 4779 2429 4836 pore
2459 4764 2858 4830 solemnitatem
2882 4779 3106 4836 vespere
3131 4763 3420 4832 reddituri,
3457 4765 3535 4824 ad
3565 4757 3845 4823 accendenda

590 4840 793 4910 ceperit
840 4855 937 4910 per
965 4839 1314 4912 prophetam,
1345 4843 1532 4900 dicens
1566 4861 1580 4900 :
1616 4843 1982 4903 Converlimini
2005 4837 2073 4904 ad
2109 4836 2203 4907 me‘
2293 4857 2579 4924 luminaria
2608 4857 2785 4930 ignem
2816 4857 3041 4915 minime
3065 4859 3430 4930 reperissent,
3468 4861 3736 4918 ﬂammam
3758 4866 3846 4909 con-

2295 3928 2580 4003 perCipiat.
2608 3929 2907 3992 Collatione
2936 3930 3119 4003 itaque
3145 3931 3372 3990 ﬁdelium
3395 3937 3665 3998 correptus
3690 3923 3836 3977 homo

2295 4023 2676 4093 pauperrimus
2701 4034 2758 4080 et
2775 4023 2994 4092 ditatus,
3014 4025 3206 4084 didicit
3230 4035 3484 4098 quantum
3509 4019 3752 4091 diSpeudii
3777 4019 3837 4073 in-

2294 4115 2585 4180 credulitas
2610 4116 2827 4186 inl'eral,
2875 4129 3249 4192 quantumque
3284 4119 3531 4182 beneﬁcii
3577 4117 3682 4178 suis
3704 4114 3834 4173 culto-

2295 4208 2450 4280 ribus
2473 4209 2652 4278 divina
2682 4210 2926 4274 conferat
2953 4213 3189 4284 largitio.

2931 4347 3161 4405 CAPUT
3189 4348 3253 4402 Ὗ.

590 4932 645 4986 in
675 4941 781 5001 toto
797 4935 953 4998 corde
980 4943 1170 5006 vestro,
1198 4936 1253 4990 in
1274 4938 1482 5012 jejunio
1502 4948 1551 4993 et
1569 4941 1734 5008 ﬂetu?
1755 4941 1822 4996 Et
1842 4952 1964 5014 post
1990 4959 2188 5013 pauca:

588 5025 943 5100 Sanctiﬁcate,
978 5025 1172 5114 inquit,
1208 5031 1491 5108 jejunium,
1524 5041 1699 5087 uocate
1737 5045 1942 5103 emtum,
1974 5053 2187 5110 congre-

589 5127 707 5188 gate
743 5120 1012 5192 populum,
1063 5121 1384 5192 sanctiﬁcata
1411 5121 1722 5196 Ecclesium,
1761 5137 1814 5183 ct
1843 5137 2038 5184 caetera
2063 5146 2184 5202 quae

588 5219 905 5282 sequuntur.
938 5213 1062 5269 Haec
1081 5213 1312 5299 esplete,
1353 5221 1408 5269 ut
1431 5214 1606 5296 digqis
1636 5217 1890 5287 operibus
1921 5221 2182 5282 malitiam

591 5307 873 5374 praesentis
906 5309 1160 5378 temporis
1187 5308 1342 5364 facile
1383 5309 1624 5367 evadatis
1657 5328 1672 5364 :
1706 5313 1882 5369 nullus
1928 5331 1957 5368 a
2000 5330 2087 5371 me
2115 5317 2182 5373 ad

590 5411 776 5468 agrum
827 5408 1012 5467 exeat,
1057 5401 1212 5471 quasi
1260 5402 1493 5460 humana
1540 5402 1906 5470 sollicitudine
1950 5407 2184 5468 locustae

664 5543 684 5616 ξ
709 5540 835 5616 Sur.
854 5538 1100 5616 Cocullis.
1127 5541 1243 5616 Pet.
1267 5543 1483 5616 degNat.
1514 5543 1748 5616 Cocuillo,
1775 5544 1897 5599 Laz.
1924 5543 2180 5616 Catullus,

588 5614 678 5690 qui
708 5612 1121 5690 Tulnagshodie
1150 5613 1251 5668 dici
1285 5615 1594 5690 arbitratur.
1629 5615 1870 5670 Staiban.
1905 5625 1959 5670 et
2003 5612 2180 5690 Euge;

591 5683 710 5739 nius
745 5686 842 5740 hoc
864 5683 1123 5756 Eabianis
1152 5697 1360 5756 gestum
1383 5689 1647 5742 scribunt.

657 5756 796 5828 'Al.
851 5755 1114 5827 Majoram'
1160 5755 1212 5810 et
1244 5757 1547 5827 Maioriani.
1598 5757 1788 5814 Merito
1831 5762 2178 5828 reprehendit

2294 4949 2468 5006 cussis
2519 4965 2587 5010 ex
2634 4965 2785 5008 more
2833 4949 3102 5021 lapidibus
3155 4950 3355 5014 elicere
3401 4953 3775 5026 nequiverunt,
3808 4944 3849 5000 ia

2294 5049 2499 5096 tantum
2529 5040 2789 5104 alterutra
2819 5041 2948 5100 ferri
2978 5056 3042 5100 ac
3069 5051 3238 5114 petrae
3264 5043 3574 5112 collisione
3608 5043 3849 5102 tardantes.

2291 5142 2351 5188 ut
2399 5142 2607 5206 tempus
2647 5136 2970 5204 vespertina:
3001 5133 3359 5194 solemnitatis
3403 5137 3695 5199 efﬂueret.
3725 5131 3851 5191 Atti!

2287 5225 2382 5282 Dei
2405 5225 2630 5298 genibus
2653 5225 2799 5282 humi
2827 5226 2947 5284 ﬁxis
2968 5227 3160 5283 orabat
3181 5228 3471 5286 attentius.
3510 5230 3637 5285 Mox
3664 5228 3802 5300 igitur
3819 5224 3854 5274 is

2290 5328 2582 5389 conspectu
2610 5319 2769 5374 trium
2808 5319 3190 5390 spiritualium,
3221 5322 3314 5392 qui
3357 5321 3610 5380 aderant
3651 5333 3783 5388 tunc,
3806 5317 3860 5368 εἰ·

2292 5428 2499 5480 roruni,
2537 5427 2748 5481 cereus,
2779 5427 2938 5484 quem
2969 5412 3110 5474 idem
3139 5414 3436 5474 Severinus
3470 5430 3712 5476 sanctus
3740 5425 3864 5470 nun-3

2291 5567 2513 5623 sceptim
2547 5552 2787 5622 proxime
2811 5560 2931 5621 post
2958 5549 3330 5606 Mamertinum
3357 5554 3755 5610 constitutum.

2362 5624 2381 5655 ³
2414 5624 2510 5678 Ms.
2546 5623 2677 5678 Bell.
2712 5623 3081 5676 exterminatis.

2361 5695 2381 5725 ‘
2413 5696 2509 5749 Ms.
2564 5695 2721 5764 Bclf.,
2767 5694 2956 5749 Juvao.
3014 5695 3220 5762 Larius,
3273 5693 3482 5750 Juvavo
3529 5707 3592 5754 et
3632 5693 3877 5754 laturiam

2288 5768 2733 5838 interpretantur,
2759 5767 3094 5838 improbante
3123 5765 3372 5824 Velsero.
3416 5765 3553 5834 Pet.
3602 5771 3676 5828 de
3705 5767 3819 5824 Nat.
3843 5773 3881 5816 el

589 5827 810 5898 Lazium
833 5828 1086 5884 Velserus
1110 5871 1124 5893 ,
1159 5831 1301 5897 quod
1334 5831 1456 5884 hinc
1500 5839 1707 5886 asserat
1747 5827 2075 5885 Marcianum
2109 5849 2177 5888 ex
2283 5827 2722 5898 διθῇδζοιουίαεοζ

588 5897 852 5954 monacho
879 5899 1114 5954 cocnobii
1144 5899 1330 5955 Sancti
1351 5901 1598 5958 Severini
1620 5900 2034 5961 Fabianensium
2061 5907 2175 5975 cpi-
