4010 6382
579 398 716 458 H83

1896 393 2057 450 VlTA
2095 394 2154 451 S.
2196 391 2533 452 SEVERINI.

3704 398 3825 462 “8‘

578 530 686 579 tem
734 534 854 593 ejus
902 534 1009 577 non
1056 519 1317 591 potuisset
1360 518 1601 589 agnosci.
1655 517 1769 588 Ego
1816 524 1994 571 tamen
2045 514 2161 570 haec
2187 514 2245 576 Ιι
2269 514 2477 586 frugum
2502 515 2740 571 decimas
2770 516 3088 587 pauperibus
3114 516 3682 585 distulerant.Quibus
3706 519 3826 578 fame

579 627 703 687 qua:
759 616 913 672 retuli
966 615 1129 670 Marci
1187 613 1498 670 snbdiaconi
1543 620 1597 668 et
1647 610 1870 665 Materni
1916 608 2165 679 ianitoris

581 707 845 764 relatione
876 708 1127 776 cognovi.
1180 706 1312 761 Nam
1342 706 1630 776 presbyter
1660 712 1715 759 et
1744 703 2002 759 diaconus
2031 702 2167 757 tanti

581 807 744 856 testes
773 800 1034 869 miraculi,
1077 810 1198 856 ante
1226 809 1472 857 sanctum
1500 799 1701 867 virum,
1731 799 1816 853 cui
1843 798 2165 867 juraverant

581 893 712 949 nulli
741 908 800 949 se
824 894 967 963 quod
990 894 1234 951 viderant
1255 894 1585 966 prodituros,
1613 892 1813 949 obiisse
1835 899 2158 948 noscuntur.

1195 1028 1419 1086 CAPUT
1458 1028 1546 1083 Vl.

881 1143 1139 1216 Captivos,
1168 1162 1441 1217 pauperes,
1469 1145 1693 1216 afﬂictos
1712 1145 1881 1214 juvat.

645 1260 736 1316 25.
775 1259 994 1316 Talibus
1040 1261 1200 1330 igitur
1246 1262 1433 1316 beatus
1481 1261 1771 1317 Severinus
1817 1275 1913 1331 per
1962 1257 2164 1313 Christi

575 1353 801 1423 gratiam
849 1352 1134 1423 opulentus
1189 1352 1498 1407 muneribus
1528 1395 1543 1420 ,
1617 1354 1950 1422 captivorum
2000 1353 2163 1407 etiam

574 1463 978 1521 egenorumque
1009 1457 1207 1505 tantam
1233 1463 1416 1503 curam
1441 1449 1673 1517 ingenita
1700 1449 1801 1503 sibi
1826 1452 2020 1517 pietate
2043 1463 2164 1502 sus-

574 1552 822 1611 ceperat,
867 1553 924 1597 ut
967 1558 1102 1613 pene
1152 1559 1341 1599 omnes
1391 1558 1485 1613 per
1530 1543 1786 1598 universa
1838 1541 2036 1612 Oppida
2075 1541 2161 1597 vel

573 1634 793 1688 castella
814 1648 1102 1704 pauperes,
1134 1635 1300 1703 ipsius
1332 1636 1592 1689 industria
1629 1642 2013 1705 pascerentur:
2039 1633 2158 1701 qui.

552 1724 675 1780 -bus
724 1736 828 1780 tam
872 1726 990 1780 lzeta
1043 1727 1409 1782 sollicitudine
1449 1727 1807 1789 ministrabat,
1843 1734 1899 1779 ut
1930 1735 2057 1780 tunc
2101 1739 2161 1778 se

572 1818 820 1873 crederet
868 1819 1238 1873 tantummodo
1278 1819 1527 1885 saturari,
1581 1818 1662 1872 vel
1695 1816 1967 1873 abundare
2006 1814 2160 1870 bonis

2278 609 2607 675 constrictis,
2628 609 2737 679 jam
2786 612 3089 664 maturitate
3134 612 3385 667 messium
3419 611 3735 669 flavescente
3758 618 3824 669 vi-

2268 699 2389 754 cina
2432 701 2669 754 subsidia
2716 703 3175 756 monstrabantur.
3206 705 3275 757 At
3317 703 3409 757 ubi
3451 703 3716 773 rubiginis
3743 709 3821 759 int-

2268 794 2494 863 provisae
2549 796 2820 864 corruptio
2873 797 3110 864 frugibus
3164 798 3452 852 nociturna
3509 802 3819 868 comparuit,

2266 899 2390 939 mox
2424 886 2488 939 ad
2523 886 2691 955 ipsum
2721 902 3021 942 convenere
3049 888 3327 957 prostrati,
3364 903 3557 958 ptenas
3590 904 3695 943 sua:
3713 906 3819 945 con-

2267 978 2517 1031 tumacia:
2549 977 2885 1032 conﬁtcntes.
2918 979 3065 1034 Miles
3093 994 3223 1033 vero
3249 979 3452 1035 Christi
3475 978 3653 1035 fessos
3675 984 3820 1037 verbis

2266 1071 2632 1140 spiritualibus
2672 1072 2937 1126 allevabat
2964 1073 3147 1127 dicens
3175 1092 3187 1127 :
3215 1074 3275 1128 Si
3304 1075 3554 1129 decimas
3576 1076 3833 1145 obtulisse:

2266 1163 2336 1218 tis
2366 1164 2711 1233 pauperibus,
2746 1181 2853 1219 non
2893 1166 3066 1219 solum
3113 1177 3315 1221 aeterna
3348 1169 3609 1223 mercede
3651 1169 3817 1226 fruere-

2266 1256 2417 1323 mini,
2448 1273 2627 1312 verum
2661 1261 2822 1313 etiam
2852 1261 3133 1315 commode
3155 1262 3385 1329 possetis
3416 1263 3693 1317 abundare
3716 1280 3819 1333 pne-

2266 1350 2525 1404 sentibus.
2553 1349 2663 1405 Sed
2687 1351 2806 1420 quia
2837 1352 3044 1420 culpam
3078 1351 3417 1407 confessione
3443 1357 3664 1422 propria
3693 1360 3818 1410 casti-

2264 1442 2423 1512 gatis,
2459 1443 2526 1499 de
2559 1445 2770 1499 Domini
2810 1446 3006 1514 pietate
3036 1446 3291 1516 polliceor
3320 1447 3465 1516 quod
3500 1448 3688 1519 rubigo
3709 1466 3814 1519 pra-

2265 1550 2390 1590 sens
2424 1546 2526 1590 tam
2571 1538 2745 1591 valide
2785 1539 2997 1608 penitus
3043 1555 3147 1593 non
3200 1540 3449 1604 nocebit;
3483 1549 3687 1596 tantum
3712 1544 3813 1599 lides

2264 1636 2443 1681 vestra
2484 1628 2708 1684 ulterius
2740 1644 2841 1683 non
2870 1630 3102 1683 vacillet.
3143 1630 3338 1684 Verum
3368 1632 3521 1685 cives
3563 1634 3625 1686 ad
3653 1636 3812 1703 persol-

2264 1720 2465 1773 vendas
2515 1735 2579 1776 ex
2614 1720 2700 1774 illa
2744 1721 2831 1775 die
2885 1722 3121 1776 decimas
3156 1723 3271 1777 haec
3302 1726 3594 1791 promissio
3624 1728 3810 1783 reddidit

2265 1812 2648 1879 promptiores.
2679 1811 2849 1878 Tune,
2904 1824 2963 1867 ut
3005 1815 3232 1881 solebat,
3286 1816 3538 1873 hortatus
3581 1829 3653 1874 est
3686 1822 3808 1875 indici

570 1910 820 1966 omnibus
851 1911 1063 1982 quando
1104 1911 1318 1966 videbat
1356 1912 1629 1981 egentium
1675 1925 1902 1980 corpora
1944 1921 2156 1963 susten-
2187 1911 2234 1971 Β
2259 1902 2523 1972 jejunium
2557 1920 2699 1974 :quo
2743 1906 2983 1975 expleto,
3030 1907 3273 1977 placidus
3329 1909 3505 1964 imber
3562 1912 3806 1983 desperata:

576 2003 701 2058 tari.
733 2003 939 2057 Etcum
965 2003 1080 2072 ipse
1102 2003 1557 2058 hebdomadarum
1586 2003 1909 2058 continuatis
1936 2001 2158 2072 jejuniis

574 2096 798 2149 minime
841 2094 1202 2165 frangeretur,
1264 2104 1442 2151 tamen
1497 2096 1675 2151 esurie
1734 2094 2049 2149 miserorum
2100 2107 2158 2148 se

572 2185 824 2242 credebat
861 2186 1140 2244 afflictum.
1176 2186 1342 2257 Cujus
1383 2189 1723 2258 largitionem
1772 2199 1879 2241 tam
1925 2186 2069 2257 piam
2104 2188 2158 2239 in

573 2292 835 2348 pauperes
867 2279 1093 2349 plurimi
1136 2281 1586 2350 contemplantes,
1626 2282 1872 2350 quamvis
1916 2294 1982 2334 ex
2023 2279 2159 2332 duro

570 2372 922 2428 barbarorum
975 2375 1200 2444 imperio
1261 2374 1417 2430 famis
1475 2376 1747 2446 angustias
1796 2376 2155 2443 sustinerent,

571 2465 917 2523 devotissime
966 2480 1139 2523 tamen
1181 2469 1389 2536 frugum
1438 2483 1653 2524 suarum
1684 2470 1917 2524 decimas
1960 2484 2159 2538 paupe-

573 2558 723 2615 ribus
752 2560 1153 2631 impendebant.
1184 2562 1335 2628 Quod
1361 2563 1667 2617 mandatum
1701 2564 1823 2619 licet
1850 2565 2055 2619 cunctis
2091 2580 2157 2618 ex

573 2649 692 2719 lege
716 2652 1051 2706 notissimum
1076 2655 1167 2719 sit,
1202 2663 1377 2709 tamen
1411 2656 1563 2725 quasi
1596 2670 1659 2709 ex
1692 2671 1785 2711 ore
1825 2658 1998 2726 angeli
2024 2671 2159 2729 prac-

575 2743 745 2797 sentis
779 2744 1043 2811 audirent,
1087 2745 1309 2814 gratiam
1364 2747 1655 2803 dev0tione
1697 2749 2001 2805 servabant.
2036 2750 2158 2804 Fri-

572 2848 671 2904 gus
708 2850 919 2906 quoque
958 2837 1041 2891 vir
1100 2837 1192 2891 Dei
1236 2847 1444 2893 tantum
1486 2840 1538 2894 in
1586 2841 1825 2896 nuditate
1862 2856 2157 2913 pauperum

572 2931 1164 3002 sentiebatzsiquidem
1210 2935 1514 3004 specialiter
1562 2950 1593 2989 a
1635 2935 1746 2990 Deo
1789 2946 2152 3007 perceperat,

574 3033 632 3079 ut
664 3027 713 3079 in
743 3024 1083 3097 frigidissima
1114 3027 1358 3097 regione,
1385 3029 1614 3084 mirabili
1644 3030 1965 3085 abstinentia
1997 3031 2159 3086 casti-

577 3127 754 3187 gatus,
785 3119 937 3172 fortis
969 3128 1023 3173 et
1060 3119 1239 3174 alacer
1271 3131 1632 3187 permaneret.
1666 3121 1771 3175 Pro
1811 3123 2032 3177 decimis
2071 3139 2158 3177 au-

578 3217 710 3273 tem,
754 3216 812 3261 ut
840 3208 1093 3273 diximus,
1142 3210 1356 3277 dandis,
1389 3211 1583 3281 quibus
1628 3228 1892 3282 pauperes
1940 3215 2157 3269 aleren-

2262 1998 2454 2051 messis
2482 2000 2781 2068 amputavit
2817 2000 3179 2055 incommoda.

2330 2090 2421 2143 ‘27.
2462 2090 2712 2146 'Patavis
2769 2094 3067 2162 appellatur
3116 2094 3576 2163 oppidum,'inter
3614 2107 3801 2168 utraque

2266 2181 2485 2238 ﬂumina
2510 2224 2524 2249 ,
2575 2184 2787 2239 OEuum
2817 2184 3067 2239 videlicet
3098 2197 3257 2257 atque
3308 2188 3593 2242 Danubium
3631 2191 3799 2244 consti-

2264 2285 2463 2341 tutum,
2510 2276 2597 2331 ubi
2630 2279 2818 2333 beatus
2850 2277 3140 2334 Severinus
3171 2280 3405 2335 cellulam
3451 2283 3619 2349 paucis
3650 2282 3787 2336 solito

2261 2386 2412 2425 more
2439 2371 2789 2438 fundaverat;
2822 2388 2889 2428 eo
2921 2374 3061 2443 quod
3092 2374 3208 2442 ipse
3239 2374 3363 2429 illuc
3390 2376 3573 2443 saepius
3603 2387 3792 2445 rogatus

2262 2481 2292 2520 a
2324 2466 2532 2521 civibus
2577 2467 2897 2532 adveniret,
2948 2469 3181 2523 maxime
3227 2477 3446 2538 propter
3472 2468 3491 2497 ’³
3523 2470 3797 2524 Alamanno-

2262 2576 2381 2614 rum
2445 2561 2697 2615 ineursus
2751 2560 3036 2629 assiduos,
3106 2576 3335 2629 quorum
3395 2562 3533 2617 rex'
3585 2561 3799 2616 Gibuldus

2262 2668 2468 2707 summa
2510 2669 2630 2707 eum
2660 2654 2960 2708 reverentia
2989 2653 3268 2723 diligebat.
3302 2656 3406 2721 Qui
3429 2655 3584 2709 etiam
3609 2655 3795 2725 quodam

2263 2753 2507 2815 tempore
2554 2746 2619 2800 ad
2662 2761 2785 2800 eum
2819 2746 3106 2800 videndum
3133 2746 3155 2777 ⁸
3186 2747 3564 2803 desideranter
3596 2751 3789 2813 occurrit,

2261 2839 2345 2893 cui
2378 2847 2590 2893 sanctus
2620 2838 2852 2906 obviam,
2888 2854 2954 2893 ne
3002 2840 3233 2894 adventu
3265 2855 3365 2894 suo
3417 2857 3541 2896 eam
3584 2843 3785 2895 civitatem

2261 2940 2652 3000 praegravaret,
2704 2945 2955 3002 egressus
3000 2941 3103 2996 est,
3128 2940 3388 3002 tantaque
3441 2935 3785 2988 constantiam-

2262 3036 2383 3092 gent
2408 3024 2669 3079 allocutus
2693 3033 2797 3089 est,
2834 3033 2888 3078 ut
2914 3033 3148 3080 tremere
3168 3039 3352 3079 coram
3384 3041 3458 3081 eo
3492 3028 3781 3082 vehementius

2264 3120 2531 3185 cmperit;
2585 3116 2680 3169 sed
2724 3124 2780 3171 et
2810 3127 2993 3185 postea
3048 3118 3158 3171 suis
3200 3119 3543 3174 exercitibus
3588 3118 3771 3177 indicavit

2264 3222 2539 3277 nunquam
2586 3223 2645 3262 se
2689 3223 2787 3262 nec
2828 3224 2886 3262 re
2931 3208 3121 3263 bellica
3169 3224 3266 3264 nec
3313 3212 3514 3281 aliqua
3560 3210 3756 3269 formamet

576 3310 682 3368 tur,
704 3302 719 3332 ί
752 3299 926 3356 Norici
966 3303 1217 3371 quoque’
1250 3302 1591 3372 presbyteros
1616 3304 1798 3357 missis
1834 3302 2154 3359 exhortaba-
2184 3310 2231 3376 (ζ
2266 3310 2417 3357 tanto
2462 3310 2698 3356 tremore
2739 3301 2906 3356 fuisse
2953 3316 3295 3358 concussum.
3357 3302 3595 3376 Cumque
3628 3304 3688 3357 De
3712 3301 3761 3353 b-

573 3403 661 3449 tur
689 3383 951 3462 e'pistolis.
983 3394 1060 3451 Ex
1105 3409 1205 3464 qua
1237 3395 1627 3451 consuetudine
1669 3410 1791 3451 cum
1844 3398 2156 3452 nonnullam

571 3487 638 3543 ad
684 3502 805 3543 eum
859 3488 1250 3558 erogandarum
1284 3487 1510 3542 vestium
1551 3489 1761 3558 copiam
1809 3490 2154 3559 direxissent,

579 3583 927 3653 interrogavit
954 3597 1050 3639 eos
1079 3583 1169 3653 qui
1201 3592 1480 3650 venerant,
1516 3585 1560 3638 si
1582 3598 1646 3638 ex
1671 3584 1885 3639 civitate
1906 3585 2158 3657 quoquea

576 3675 831 3730 Tiburnia
853 3675 1043 3731 similis
1072 3676 1288 3731 collatio
1315 3676 1658 3731 mitteretur?
1690 3676 2159 3747 ReSpondentibus

572 3770 736 3825 etiam
785 3769 910 3822 inde
950 3770 1197 3837 protinus
1242 3768 1523 3835 all‘uturos,
1556 3769 1638 3824 vir
1676 3770 1769 3824 Dei
1820 3785 2157 3840 nequaquam

573 3874 670 3915 eos
698 3859 884 3914 venire
925 3860 1176 3931 signavit,
1210 3860 1303 3915 sed
1335 3860 1553 3915 dilatam
1585 3864 1785 3928 feorum
1829 3864 2155 3921 oblationem

573 3952 822 4023 praedixit
849 3952 1092 4007 barbaris
1120 3949 1687 4023 oll'erendamJtaque
1717 3969 1823 4010 non
1851 3956 2018 4011 multo
2039 3967 2159 4027 post

573 4047 727 4101 cives
754 4046 1047 4113 Tiburnize,
1082 4048 1234 4102 vario
1256 4062 1377 4102 cum
1419 4047 1787 4103 obsidentibus
1818 4050 2007 4105 Gothis
2035 4064 2156 4105 cer-

574 4141 776 4196 tamine
804 4139 1146 4206 dimicantes,
1190 4142 1278 4195 vix
1306 4141 1433 4194 inita
1475 4140 1694 4196 hederis
1717 4144 1985 4210 pactione,
2019 4144 2159 4199 inter

573 4245 768 4290 czetcra
811 4236 969 4289 etiam
1023 4235 1361 4307 largitionem
1399 4235 1508 4304 jam
1571 4236 1624 4289 in
1678 4250 1834 4290 unam
1884 4236 2155 4304 collatam,

573 4342 732 4397 quam
785 4329 1001 4382 mittere
1047 4327 1249 4381 famulo
1294 4327 1389 4381 Dei
1419 4327 1765 4397 sustulerant,
1800 4327 2067 4398 hostibus,
2100 4338 2159 4383 ut

571 4418 914 4486 praedixerat,
949 4418 1281 4473 obtulerunt.

646 4511 738 4564 26.
778 4511 932 4567 Cives
985 4527 1198 4583 quoque
1240 4527 1306 4566 ex
1355 4512 1597 4583 oppido‘
1646 4512 1925 4579 Lauriaco,
1971 4513 2158 4569 crebra

572 4604 840 4674 quondam
894 4604 1066 4659 sancti
1109 4604 1353 4659 Severini
1401 4602 1787 4659 exhortatione
1824 4605 2156 4670 commoniti,

2264 3394 2411 3450 mulo
2442 3394 2595 3450 daret
2616 3395 2889 3465 optionem
2922 3394 3247 3464 impetrandi
3277 3410 3404 3464 qua:
3440 3398 3613 3461 vellet,
3638 3392 3780 3462 rigavit

2261 3488 2454 3545 doctor
2476 3489 2751 3559 piissimus
2782 3497 2839 3542 ut
2880 3488 2982 3541 sibi
3030 3486 3208 3555 potius
3241 3498 3609 3552 prtestaturus,
3632 3494 3787 3557 gentem

2264 3597 2419 3637 suam
2470 3596 2500 3635 a
2529 3582 2769 3636 Romana
2817 3580 3118 3635 vastatione
3178 3580 3478 3647 cohiberet,
3524 3591 3573 3636 et
3609 3582 3797 3649 captivos

2261 3689 2396 3742 quos
2425 3674 2507 3729 sui
2549 3682 2854 3741 tenuerant,
2897 3680 3173 3743 gratanter
3205 3672 3527 3727 absolveret.
3563 3672 3698 3725 Tune
3734 3685 3807 3724 rex

2262 3765 2613 3821 constituerat
2642 3775 2700 3820 ut
2729 3780 2795 3820 ex
2823 3766 2934 3820 suis
2965 3764 3205 3834 aliquem
3242 3765 3479 3834 dirigeret
3520 3764 3588 3815 ad
3612 3763 3664 3814 id
3692 3775 3813 3828 opus

2263 3860 2525 3914 maturius
2556 3858 2995 3927 exsequendum;
3031 3858 3305 3928 statimque
3327 3857 3514 3909 missus
3550 3852 3813 3906 Amantius

2262 3950 2558 4020 diaconus,
2600 3965 2631 4006 e
2680 3950 2904 4020 vestigio
2958 3966 3142 4021 regem
3198 3948 3565 4018 subsequitur,
3612 3946 3819 4014 eiusque

2264 4058 2363 4113 pro
2411 4042 2615 4098 foribus
2672 4043 2973 4108 excubans,
3039 4042 3223 4097 multis
3276 4042 3466 4095 diebus
3517 4054 3621 4094 non
3669 4038 3817 4107 poruit

2262 4137 2521 4192 nuntiari.
2584 4132 2682 4190 Cui
2741 4150 2834 4204 re,
2890 4149 2988 4204 pro
3040 4149 3143 4205 qua
3185 4134 3425 4189 directus
3484 4131 3679 4195 fuerat,
3734 4144 3816 4182 non

2266 4238 2503 4299 peracta,
2538 4228 2846 4283 tristissimo
2875 4228 3164 4282 revertenti
3208 4226 3460 4297 apparuit
3498 4224 3702 4295 quidam
3730 4218 3819 4277 eli:-

2262 4321 2401 4392 giem
2434 4323 2603 4376 sancti
2635 4319 2925 4390 praeferens
2956 4319 3220 4383 Severini,
3254 4319 3345 4386 qui
3368 4333 3502 4371 eum
3549 4318 3725 4370 minaci
3749 4330 3819 4381 ap-

2262 4413 2552 4482 pellatione
2602 4411 2942 4480 perterritum
2983 4409 3139 4478 sequi
3182 4424 3242 4463 se
3280 4409 3471 4477 jussit.
3506 4406 3730 4477 Cumque
3752 4419 3820 4473 pa-

2261 4521 2416 4573 vens,
2446 4514 2607 4573 atque
2633 4505 2878 4559 concitus
2908 4509 3245 4571 sequeretur,
3270 4501 3535 4570 pervenit
3562 4500 3624 4553 ad
3650 4500 3820 4568 ianuam

2262 4601 2428 4670 regis,
2450 4598 2737 4667 statimque
2765 4596 2872 4651 dux
2914 4596 3005 4651 ille
3038 4595 3265 4666 praevius
3295 4609 3361 4649 ex
3400 4596 3591 4650 oculis
3631 4589 3827 4648 mirantis

647 4722 663 4752 ²
684 4719 940 4775 Noricum
1001 4722 1428 4777 mediterraneum
1476 4722 1858 4791 interpretatur
1888 4720 2159 4788 Velserus,
2187 4720 2241 4782 D
2267 4717 2575 4791 etiamnum
2607 4715 2832 4791 nomine
2852 4701 2858 4710 ’
2876 4713 3091 4791 Ιιονρβι.⁸
3120 4712 3360 4791 _Lau_riaci
3404 4711 3828 4791 meminitﬁaato-

574 4794 783 4862 quoties
810 4806 927 4862 non
950 4792 1162 4847 additur
1191 4794 1435 4861 Ripense.

642 4863 782 4918 ’Ms.
814 4861 971 4925 Belf.,
1004 4865 1239 4931 papulas.

642 4936 663 4966 ³
685 4936 833 4997 Sun,
880 4932 1151 5003 Tigurina,
1194 4935 1379 4999 Lazio,
1410 4934 1656 4989 Tiberina
1692 4944 1746 4991 et
1776 4935 2001 5002 Tiberia,
2041 4935 2157 5004 qui-

568 5006 693 5061 dam
717 5006 1086 5078 Ratispﬁonﬁarn,
1111 5006 1227 5059 sive
1258 5005 1671 5078 Reginoburgum
1702 5010 2150 5074 interpretantur;

570 5092 760 5147 parum
791 5075 1162 5147 probabiliter,
1195 5091 1314 5131 cum
1343 5075 1567 5147 Eugypit
1587 5088 1743 5134 aetate
1771 5078 2020 5132 Tiburnia
2051 5078 2155 5132 No-

569 5148 670 5203 rici
727 5148 1043 5217 metrOpolis
1095 5156 1278 5214 esset,
1332 5147 1751 5219 Eeginoburgum
1805 5149 2011 5204 Rhetiae
2070 5164 2152 5203 see

568 5221 758 5274 cunda:
778 5220 991 5274 civitas.
1015 5218 1313 5273 Aventinus
1343 5218 1527 5273 Sancti
1557 5218 1663 5274 Viti
1692 5223 1746 5274 in
1769 5219 2037 5275 Carinthia
2057 5235 2153 5288 op-

572 5291 753 5360 pidnm
788 5289 933 5361 facit,
972 5291 1155 5359 aitque
1182 5290 1341 5345 isthic
1371 5288 1636 5361 Tiburnia:
1663 5293 1886 5361 vestigia
1916 5301 2149 5347 exstare.

570 5362 727 5438 Apud
756 5360 1117 5438 Ptolomaeunl
1135 5362 1322 5438 civitas
1363 5360 1933 5438 Noriciestjreoopota;
1965 5364 2153 5438 fortas-

569 5434 642 5505 sis
662 5432 929 5505 Τεουρτια,
959 5444 1057 5505 pro
1076 5429 1351 5505 Tebugnia,
1374 5432 1460 5488 vel
1476 5433 1721 5488 Tiburnia
1750 5429 2003 5499 scriptum
2032 5433 2150 5487 fuit.

580 5503 800 5557 Vitlach'
815 5503 1069 5571 Oppidum
1111 5504 1177 5558 ad
1208 5504 1440 5559 Dravum
1482 5519 1603 5561 esse
1632 5515 1817 5559 censet
1852 5505 2148 5559 Cluverius.

573 5574 829 5630 Velserus
858 5587 1046 5645 vocem
1077 5572 1117 5626 Τ
1120 5574 1325 5629 iburnia
1353 5585 1658 5645 suspectam
1686 5575 1876 5637 habet;
1911 5577 2153 5630 exstabat

573 5660 637 5701 ea
679 5651 730 5701 in
764 5645 861 5700 Ms.
892 5644 1152 5714 Bellortii,
1198 5656 1252 5701 et
1286 5644 1547 5703 retinetur
1590 5663 1619 5701 a
1649 5647 1944 5703 Braunero.
1986 5646 2153 5701 Teur-

569 5718 829 5839 :iaqi‘nter
856 5715 1056 5786 oppida
1080 5714 1255 5800 l‘jorici
1285 5730 1616 5785 recensetur,
1641 5727 1695 5774 et
1718 5733 1749 5772 a
1776 5718 1931 5772 Linio
1962 5716 2052 5771 lib.
2072 5732 2148 5782 tu,

568 5801 619 5841 c.
651 5801 740 5843 ‘14.

641 5858 787 5913 ‘Alii
832 5859 1159 5914 Laureacum
1199 5860 1461 5917 scribunt.
1485 5861 1649 5917 Vicus
1691 5876 1832 5917 nunc
1870 5876 1988 5916 esse
2037 5862 2150 5915 exi-

568 5942 706 6001 guus
760 5931 957 5985 dicitur
1009 5930 1111 5987 sub
1173 5932 1419 5986 manibus
1468 5933 1616 5989 Ensii
1666 5935 1889 6002 oppidi,
1941 5942 2148 5989 vetusto

2266 4789 2426 4844 ninus
2456 4789 2507 4841 in
2558 4785 2837 4840 ltinerario
2880 4794 2933 4839 et
2974 4785 3169 4840 Notitia
3223 4785 3472 4850 imperii,
3515 4798 3641 4854 qua)
3680 4781 3832 4849 Pref:-

2264 4867 2405 4913 ctum
2433 4859 2644 4930 legionis
2690 4860 2927 4930 secundm
2954 4855 3111 4930 isthic
3154 4854 3410 4930 collocat,
3444 4871 3538 4930 _ac
3590 4854 3765 4930 deinde
3796 4860 3831 4903 et

2260 4926 2557 5001 prrefectum
2584 4929 2761 4983 classis
2788 4928 3120 4981 lauriacensis
3143 4926 3406 5001 nominat.
3442 4927 3539 5001 ΒΙέ
3554 4926 3749 5001 Aurelii
3766 4931 3830 4973 aut

2260 4996 2435 5071 pOIius
2466 5000 2734 5055 Aureliani
2767 5014 2917 5071 Opus;
2939 5007 3121 5053 censet
3150 4996 3358 5071 V’elser.
3403 4998 3645 5071 uniter.
3673 4996 3835 5071 Baiter.

2333 5074 2351 5102 ⁵
2376 5071 2451 5126 De
2474 5136 2477 5137 ν
2504 5087 2569 5126 eo
2599 5065 2863 5138 egimus?
2895 5069 3115 5122 Januar.
3148 5067 3211 5120 ad
3253 5071 3426 5120 sancti
3480 5068 3739 5122 Valentini
3763 5065 3838 5138 AV;-

2259 5151 2398 5208 tam;
2436 5136 2867 5203 rectiuszatava,
2894 5140 3091 5194 Notitia
3125 5142 3320 5207 lmper.
3345 5152 3534 5208 super
3562 5142 3701 5195 duce
3724 5136 3841 5191 Rha:-

2259 5215 2380 5272 tim:
2418 5213 2670 5266 Tribunus
2690 5212 2909 5265 cohortis
2933 5224 3074 5264 nova:
3104 5209 3427 5261 Batavorum
3468 5211 3711 5265 Batavis.

2334 5285 2355 5316 °
2378 5286 2570 5339 Eorum
2597 5296 2719 5338 tunc
2742 5283 2929 5337 valida:
2955 5297 3040 5336 res
3063 5281 3697 5355 in‘Germaniaimagna,
3721 5297 3749 5335 e
3769 5296 3845 5355 τε»)

2258 5357 2311 5412 in
2340 5356 2599 5410 Rhtetiam
2626 5368 2837 5424 quoque
2878 5352 3163 5424 progressi,
3187 5351 3296 5424 imo
3342 5360 3397 5424 et
3434 5354 3752 5424 Belgicam,
3785 5352 3847 5401 tif:

2258 5428 2595 5482 memorabili
2644 5420 2835 5493 praelio
2878 5420 3036 5493 paulo
3085 5432 3203 5489 pOSt
3245 5420 3445 5476 domiti
3504 5420 3849 5478 a'Clodovau;

2260 5500 2588 5553 Francorum
2653 5500 2785 5566 rege‘
2848 5496 2916 5550 ad
2992 5493 3306 5563 Tolpiacum
3388 5496 3683 5564 Oppidum
3745 5509 3849 5546 ann.

2257 5571 2455 5625 Christ.
2498 5566 2621 5623 496.

2330 5654 2349 5681 ⁷
2374 5650 2604 5718 Radero,
2640 5648 2914 5704 Cibaldus.

2328 5732 2504 5785 'llinc
2545 5731 2763 5799 colligas
2794 5728 3042 5783 Aventini
3087 5720 3281 5799 malam
3316 5720 3523 5794 fidem,
3576 5745 3673 5799 qui
3719 5718 3861 5782 simu-

2255 5804 2396 5858 lasse
2426 5802 2597 5875 solum
2638 5798 2696 5858 se
2728 5800 2967 5875 Severini
2996 5798 3204 5855 visendi
3231 5812 3398 5855 causa
3442 5798 3662 5859 venire
3696 5802 3863 5855 Cibo?-

2254 5876 2378 5931 dum
2408 5872 2609 5930 scribit.
