4010 6382
566 306 706 364 “87

1883 311 2046 371 vm
2084 312 2144 372 s.
2185 286 2531 374 serumst.

3700 321 3814 384 “83

565 422 791 483 nubium
818 468 834 496 ,
883 425 1162 486 inveniunt
1208 425 1480 483 hominem
1524 422 1894 481 considentem
1933 426 1985 480 in
2037 425 2156 497 ripa
2180 429 2235 491 Α
2259 436 2342 487 tas
2369 429 2629 487 adversus
2657 428 2891 487 hostium
2919 429 3173 488 ferociam
3221 429 3453 492 fidenter
3516 448 3810 498 armaverat.
3843 439 3855 492 ί

570 514 832 576 uitet-ivre
866 519 1133 588 numinis,
1169 536 1230 574 ac
1255 518 1437 575 multis
1475 534 1569 576 eos
1599 517 1849 590 precibus
1887 519 2159 590 postulan-

573 603 710 674 tem,
739 620 796 666 ut
822 611 886 668 ad
919 629 1137 668 servum
1170 598 1284 678 Dei,
1314 612 1377 666 ad
1402 626 1558 683 quem
1587 613 1724 666 fama
1757 613 2003 682 vuigante
2029 610 2157 666 olim

575 705 762 760 venire
810 712 1068 774 cuperet,
1114 701 1419 759 duceretur.
1478 699 1598 758 Mox
1641 704 1819 772 itaque
1862 703 1912 757 ei
1959 701 2160 760 Christi

581 812 738 853 scrvo
764 795 1162 864 demonstrato,
1192 795 1505 868 suppliciter
1534 796 1703 850 sancti
1729 794 1949 851 Joannis
1977 796 2158 866 Bapti-

575 897 671 946 stae
701 888 956 961 reliquias
983 889 1197 956 obtulit,
1229 889 1410 944 multis
1439 887 1575 957 apud
1605 903 1663 943 se
1690 897 1928 943 servatas
1953 895 2160 958 tempo-

569 981 736 1037 ribus.
769 981 914 1048 Quas
939 981 1030 1036 Dei
1058 995 1247 1037 servus
1271 977 1448 1036 debita
1473 981 1813 1035 veneratione
1834 979 2152 1050 suscipiens,

572 1079 845 1134 basilicam
876 1079 1045 1135 sancti
1079 1079 1323 1142 Joannis,
1357 1078 1493 1132 sicut
1521 1078 1867 1146 prmdixerat,
1913 1076 2154 1134 ultronea

566 1169 942 1227 benedictione
967 1165 1183 1235 collata,
1220 1170 1446 1226 sacravit
1473 1167 1650 1224 ofﬁcio
1681 1165 2044 1226 sacerdotum.

638 1259 725 1315 52.
767 1260 848 1317 Ad
881 1261 1208 1317 habitatores
1248 1269 1503 1332 praeterea
1560 1261 1740 1332 oppidi
1787 1263 1926 1332 quod
1958 1260 1974 1294 ¹
2003 1262 2156 1334 Jopia

567 1353 882 1425 vocabatur,
915 1355 934 1387 ‘
974 1355 1304 1426 septuaginta
1347 1366 1401 1410 et
1443 1355 1673 1425 amplius
1703 1370 1731 1408 a
1763 1355 1975 1411 Batavis
1998 1355 2155 1412 milii-

570 1447 671 1506 bus
699 1449 1027 1521 disparatum
1054 1491 1070 1518 ,
1118 1450 1277 1506 solita
1324 1450 1403 1504 vir
1435 1449 1528 1504 Dei
1559 1449 1884 1505 revelatione
1909 1463 2149 1508 commo-

568 1541 736 1610 nitus,
766 1540 1096 1598 Moderatum
1125 1543 1344 1598 nomine
1363 1585 1376 1607 ,
1409 1550 1684 1597 cautorem
1717 1541 1960 1599 ecclesia:
1989 1543 2154 1599 desti-

563 1635 744 1704 navit,
784 1635 1104 1706 przecipiens
1144 1645 1199 1691 ut
1238 1633 1622 1691 habitationem
1657 1635 1757 1690 loci
1790 1636 1932 1692 illius
1962 1653 2152 1696 omnes

563 1728 682 1782 sine
727 1729 1070 1783 cunctatione
1115 1727 1517 1797 relinquerent,
1565 1743 1685 1780 mox
1716 1727 1860 1782 enim
1889 1727 2153 1798 perituros

2849 565 3082 622 CAPUT
3122 565 3259 624 VIII.

2501 676 2938 750 Perietitantibus,
2964 679 3138 754 agris,
3167 682 3336 755 egenis
3357 683 3607 739 subruit.

2332 792 2425 849 3‘.
2464 793 2595 850 Post
2631 793 2748 852 haec
2778 794 3022 866 leprosos
3048 794 3266 865 quidam
3297 795 3709 855 Mediolanebsis
3733 813 3816 859 ter-
3846 829 3857 842 -

2260 884 2438 941 ritorii
2464 885 2531 942 ad
2581 896 2825 944 sanctum
2856 887 3201 956 Severinum,
3249 888 3392 944 fama
3420 889 3546 960 ejus
3574 889 3813 962 invitante,

2263 991 2610 1048 perrexerat:
2670 981 2812 1038 hunc
2857 983 3144 1039 sanitatum
3195 983 3438 1041 remedia
3474 985 3815 1055 implorantem

2259 1072 2602 1142 suppliciter,
2646 1075 2921 1130 monachis
2961 1077 3071 1132 sui
3099 1076 3302 1133 indicto
3331 1075 3549 1148 jejunio
3589 1093 3815 1136 commen-

2261 1165 2431 1233 davit,
2457 1170 2547 1238 qui
2573 1170 2828 1225 continuo
2843 1169 2934 1225 Dei
2959 1171 3127 1242 gratia
3149 1171 3439 1228 mundatus
3461 1180 3578 1229 est.
3619 1173 3815 1246 Cumque

2261 1270 2483 1332 recepta
2511 1264 2745 1320 sanitate
2773 1264 2954 1321 redire
2978 1265 3296 1322 suaderetur
3323 1265 3392 1322 ad
3415 1267 3649 1335 patriam
3676 1283 3813 1339 suam,

2263 1355 2552 1422 prostravit
2580 1371 2640 1412 se
2672 1355 2896 1425 pedibus
2933 1355 3107 1413 sancti
3133 1358 3275 1424 viri,
3317 1366 3514 1427 petens
3547 1369 3614 1416 ne
3636 1360 3814 1418 ulterius

2262 1443 2327 1498 ad
2352 1459 2445 1499 sua
2497 1446 2674 1502 redire
2702 1456 3008 1518 cogeretur,
3057 1448 3283 1520 cupiens
3317 1451 3537 1507 scilicet
3568 1462 3622 1507 ut
3650 1454 3812 1524 iepram

2261 1547 2476 1604 quoque
2505 1545 2874 1606 peccatorum,
2900 1537 3042 1594 sicut
3063 1540 3266 1607 carnis,
3294 1540 3813 1615 eﬁugeret,vitamque

2260 1624 2315 1679 in
2347 1627 2536 1682 eodem
2567 1627 2688 1686 loco
2720 1631 2827 1688 line
2872 1629 3128 1686 laudabili
3157 1630 3494 1689 terminaret.
3551 1633 3700 1705 Cujus
3721 1640 3809 1693 ani-

2261 1733 2406 1773 mum
2438 1721 2750 1792 religiosum
2781 1724 2862 1779 vir
2891 1725 2985 1781 Dei
3016 1725 3367 1782 vehementer
3393 1727 3682 1797 admirans,
3709 1747 3805 1803 pau-

564 1818 679 1874 fore
710 1819 752 1874 si
789 1825 1202 1874 contemnerent
1254 1813 1534 1886 imperata.
1595 1815 1727 1872 Aliis
1757 1833 1884 1888 ergo
1913 1819 1976 1873 de
2007 1827 2156 1875 tanto
2185 1828 2235 1892 Β
2263 1811 2340 1868 cis
2370 1809 2648 1872 monachis
2671 1827 2890 1886 paterna
2908 1817 3153 1890 jussione
3180 1822 3458 1890 praecepit,
3492 1823 3802 1894 frequentatis

568 1913 832 1983 praesagio
863 1910 1252 1980 dubitantibus,
1279 1910 1396 1964 aliis
1420 1926 1523 1964 non
1546 1909 1888 1980 credentibus
1916 1927 2154 1981 prorsus,

562 1995 756 2058 iterum
789 2003 933 2056 misit
962 2001 981 2033 ³
1012 2003 1350 2067 Quiutasium
1381 2000 1700 2072 quemdam,
1730 2002 1813 2056 cui
1849 2001 2157 2073 iacrymans

563 2095 638 2150 ait
667 2113 681 2150 :
733 2093 898 2165 Perge
945 2094 1212 2165 velocius,
1244 2094 1564 2150 denuntians
1596 2096 1642 2149 ei
1665 2135 1680 2162 ,
1712 2096 1753 2150 si
1788 2094 1839 2150 in
1866 2095 1967 2151 hac
2000 2107 2157 2153 nocte

562 2188 960 2256 remanserint,
1030 2189 1148 2245 sine
1197 2185 1455 2244 dilatione
1510 2188 1810 2258 capientur.
1891 2187 2148 2244 Sanctum

571 2295 786 2350 quoque
836 2278 857 2311 ⁸
904 2279 1192 2335 Maximum
1252 2280 1541 2351 spiritualis
1591 2279 1710 2335 vitae
1758 2280 2153 2352 presbyterum,

565 2371 851 2427 instantius
880 2371 1107 2442 imperat
1137 2372 1413 2428 admoneri
1434 2414 1448 2438 ,
1498 2379 1555 2428 ut
1577 2371 1765 2428 saltem
1789 2374 1902 2443 ipse
1929 2383 2158 2430 contem-

567 2461 808 2534 ptoribus
839 2464 1112 2520 derelictis
1150 2471 1464 2535 prOperaret
1489 2479 1518 2519 a
1545 2463 1750 2520 caelesti
1783 2465 2154 2522 misericordia

565 2555 811 2622 liberari;
857 2559 924 2614 de
969 2571 1076 2630 quo
1119 2557 1221 2614 sibi
1262 2558 1355 2613 Dei
1397 2557 1626 2613 famulus
1656 2573 1903 2629 magnam
1944 2555 2156 2615 dicebat

563 2650 741 2706 inesse
775 2643 1081 2705 maestitiam
1109 2695 1123 2719 ,
1178 2657 1245 2705 ne
1300 2645 1439 2706 forte
1482 2649 1814 2705 salutiferum
1854 2647 2154 2706 diﬂerendo

566 2741 875 2801 mandatum
919 2741 1216 2800 imminenti
1257 2741 1557 2814 subjaceret
1594 2744 1782 2800 exitio.
1856 2741 2152 2800 Prmdictus

569 2835 750 2905 Itaque
788 2849 1014 2907 pergens
1064 2837 1324 2906 imperata
1369 2836 1670 2907 Supplevit,
1708 2845 1761 2892 et
1796 2836 2021 2908 reliquis
2059 2837 2145 2892 in-

563 2927 882 2984 credulitate
927 2928 1270 2996 nutantlbus,
1315 2931 1534 2986 nuntius
1571 2929 1676 2986 viri
1707 2927 1803 2987 Dei
1832 2929 2150 3003 presbytero

567 3019 820 3077 retinenti
847 3035 904 3077 se
941 3030 1100 3090 atque
1131 3017 1553 3091 hospitalitatem
1609 3019 1850 3092 praebere
1891 3020 2148 3093 cupienti,

570 3109 876 3164 nullatenus
922 3109 1208 3179 acquievit.
1267 3110 1383 3177 Qua
1419 3117 1577 3165 nocte
1607 3107 1628 3140 '
1656 3109 1842 3166 Heruli
1882 3111 2152 3180 insperate

2257 1915 2380 1961 cum
2410 1921 2476 1963 eo
2499 1907 2720 1978 jejuniis
2748 1910 2801 1966 in
2826 1913 3069 1969 oratione
3104 1914 3360 1970 continua
3404 1931 3702 1983 permanere
3723 1961 3737 1989 ,
3761 1927 3806 1974 ut

2259 1995 2517 2054 Dominus
2547 1999 2598 2055 ei
2629 2015 2748 2070 qua:
2775 2005 2960 2059 essent
2986 2014 3290 2076 opportuna
3315 2009 3654 2065 concederet.
3687 2011 3802 2065 Tan-

2258 2087 2328 2143 tis
2353 2088 2534 2161 itaque
2560 2091 2817 2149 remediis
2845 2097 3202 2164 pramunitus
3219 2135 3238 2164 ,
3266 2097 3409 2153 intra
3439 2098 3654 2156 duorum
3677 2117 3799 2156 meu-

2261 2180 2402 2236 sium
2446 2183 2677 2252 spatium
2723 2185 2848 2242 vita
2893 2187 3138 2245 mortalis
3167 2197 3254 2246 est
3297 2189 3628 2260 compedibus
3662 2193 3796 2248 abso-

2258 2269 2422 2328 Iutus.

2328 2360 2418 2418 as.
2465 2362 2666 2421 Eodem
2704 2373 2950 2436 tempore
2988 2383 3272 2428 mansores
3307 2369 3474 2444 oppidi
3497 2371 3790 2440 Quintanen-

2256 2457 2367 2523 sis,
2418 2459 2766 2516 creberrimis
2811 2461 3238 2521 Almannorum
3272 2466 3568 2524 incursibus
3607 2463 3794 2535 defessi,

2256 2548 2416 2605 sedes
2446 2551 2692 2622 proprias
2720 2554 3106 2626 relinquentes,
3129 2558 3182 2613 in
3215 2556 3431 2614 Batavis
3461 2558 3693 2630 oppidum
3718 2558 3799 2614 mi-

2258 2656 2572 2713 graverunt.
2632 2646 2739 2703 Sed
2789 2663 2895 2704 non
2923 2650 3081 2706 latuit
3124 2651 3344 2708 eosdem
3377 2649 3630 2725 barbaros
3650 2649 3798 2708 conlu-

2255 2735 2400 2805 gium
2466 2737 2882 2808 pmdiotorum;
2951 2753 3057 2812 qua
3130 2755 3292 2800 causa
3357 2745 3483 2816 plus
3539 2745 3796 2801 inﬂammati

2260 2839 2409 2900 sunt,
2439 2833 2724 2891 credentes
2752 2834 2982 2891 duorum
3012 2839 3238 2908 populos
3265 2839 3590 2910 Oppidorum
3615 2855 3703 2896 uno
3721 2841 3789 2894 im-

2258 2935 2385 2996 petu
2431 2929 2821 2998 praedarentur.
2885 2928 2994 2987 Sed
3040 2929 3227 2988 beatus
3273 2931 3578 2990 Severinus
3619 2933 3788 2990 orationi

2257 3019 2455 3078 fortius
2502 3021 2784 3088 incubans,
2863 3022 3133 3080 Romanos
3191 3025 3473 3096 exemplis
3539 3025 3784 3082 salutaribus

2258 3111 2634 3183 multipliciter
2666 3112 3003 3182 hortabatur,
3031 3117 3399 3185 praenuntiant;
3429 3116 3611 3174 hostes
3630 3115 3777 3188 quidem

572 3201 816 3270 protinus
844 3203 1128 3266 irruentes,
1158 3201 1519 3272 oppidumque
1557 3207 1859 3270 vastantes,
1894 3199 2156 3272 plurimos
2180 3210 2231 3277 ο
2261 3207 2544 3275 praesentis
2565 3205 2659 3262 Dei
2686 3207 2889 3263 auxilio
2910 3208 3270 3278 superandos;
3299 3210 3406 3266 sed
3436 3219 3563 3282 post
3583 3212 3760 3266 rictum

563 3297 767 3353 duxere
795 3295 1065 3367 captivos,
1099 3297 1472 3369 presbyterum
1502 3303 1632 3353 vero
1658 3305 2012 3353 memoratum
2047 3313 2145 3368 pa-

563 3389 733 3446 tibulo
764 3391 1176 3460 suspenderunt.
1206 3387 1226 3422 ⁸
1268 3391 1385 3458 Quo
1422 3389 1604 3446 audito
1642 3405 1828 3450 servus
1860 3385 1953 3450 Dei
1981 3393 2158 3464 gravi-

573 3491 654 3539 ter
684 3481 859 3538 doluit
887 3483 1230 3553 prmmonitos
1260 3493 1364 3537 non
1394 3493 1632 3538 curasse.

637 3575 727 3631 55.
770 3575 970 3631 Deinde
999 3572 1213 3642 quidam
1245 3575 1312 3630 de
1349 3567 1595 3644 Norico,’
1627 3571 1950 3631 Maximinus
1981 3575 2156 3633 nomi-

569 3685 657 3738 ne,
681 3685 895 3728 servum
926 3669 1018 3726 Del
1042 3669 1383 3740 frequentare
1410 3667 1600 3724 solitus
1632 3676 1770 3725 erat.
1812 3667 1881 3726 Et
1908 3686 2030 3726 cum
2056 3686 2156 3742 pro

571 3765 932 3821 familiaritate
980 3775 1138 3835 quam
1190 3771 1472 3819 monuerat
1519 3763 1571 3818 in
1622 3765 1953 3822 monasterio
1980 3766 2154 3822 sancti

569 3861 672 3917 viri
702 3858 892 3915 diebus
923 3859 1122 3929 aliquot
1151 3867 1470 3927 moraretur,
1494 3857 1611 3928 ejus
1640 3857 1959 3913 informatur
1982 3859 2155 3918 oculis

569 3953 801 4028 patriam
831 3968 982 4009 suam
1013 3967 1172 4024 grave
1194 3960 1416 4023 repente
1441 3951 1663 4009 exitium
1692 3949 2009 4008 subituram.
2047 3951 2151 4022 Qui

567 4047 803 4119 acceptis
848 4047 1042 4103 litteris
1101 4045 1167 4101 ad
1215 4049 1458 4102 sanctum
1509 4043 1790 4102 Paulinum
1841 4047 2152 4118 episcopum

567 4143 879 4214 designatis.
910 4141 1168 4198 remeavit
1194 4139 1500 4195 instantius.
1518 4138 1684 4210 Igitur
1712 4149 2038 4195 memoratus
2064 4155 2157 4196 an-

568 4233 722 4294 tistes
751 4227 1049 4289 litterarum
1090 4240 1277 4288 tenore
1318 4239 1679 4301 perstructus,
1711 4233 1989 4288 universas
2019 4232 2158 4288 dim-

568 4339 723 4383 ceses
750 4325 866 4380 sive
897 4325 1146 4388 castella,
1178 4321 1393 4391 scriptis
1423 4322 1652 4393 propriis
1684 4320 2032 4379 vehementer
2057 4321 2153 4378 ad-

569 4415 772 4472 monuit
798 4459 812 4483 ,
866 4423 924 4469 ut
963 4413 1210 4469 triduano
1252 4411 1479 4483 jejunio,
1523 4411 1666 4482 quod
1703 4412 1896 4468 litterae
1923 4414 2022 4469 viri
2055 4414 2153 4470 Dei

569 4504 1114 4578 signaveran1,exitio
1155 4513 1396 4561 venturae
1423 4503 1589 4560 cladis
1618 4515 1984 4560 occurrerent.
2025 4505 2157 4575 Qui-

2261 3310 2357 3352 eos
2383 3295 2473 3366 qui
2502 3307 2912 3356 contemnerent
2947 3300 3067 3370 ejus
3103 3302 3306 3357 monita
3340 3304 3621 3372 perituros.
3653 3301 3762 3372 igitur

2262 3387 2489 3445 Romani
2520 3405 2710 3447 omnes
2750 3392 2923 3450 sancti
2967 3380 3077 3449 viri
3123 3393 3485 3463 pradictione
3517 3395 3780 3460 firmati,spe

2261 3483 2542 3553 promissae
2596 3484 2838 3542 victoriae
2888 3485 3145 3542 adversus
3200 3485 3537 3544 Alamanos
3582 3488 3789 3542 instruxe-

2258 3583 2385 3636 runt
2409 3575 2580 3631 aciem
2611 3589 2716 3631 non
2746 3585 2852 3631 tam
2881 3575 3244 3638 materiaiibus
3265 3579 3458 3645 armis,
3493 3592 3640 3648 quam
3667 3573 3798 3628 sancti

2259 3665 2363 3721 viri
2393 3667 2732 3725 orationibus
2763 3668 3088 3739 prmmuniti.
3131 3669 3247 3736 Qua
3281 3669 3653 3742 congressione
3677 3665 3804 3720 victis

2259 3774 2325 3816 ac
2352 3759 2685 3831 fugientibus
2735 3761 3081 3828 Alamannis,
3112 3763 3197 3817 vir
3226 3762 3316 3818 Dei
3347 3763 3412 3815 ita
3443 3763 3664 3814 victores
3688 3758 3811 3812 alio-

2259 3853 2478 3921 quitur:
2513 3853 2673 3920 Filii,
2724 3869 2793 3908 ne
2841 3855 3034 3910 vestris
3070 3854 3270 3911 viribus
3294 3853 3506 3923 palmam
3537 3850 3806 3921 prasentis

2259 3944 2568 4000 certaminis
2610 3943 2886 4017 imputetis
2907 3983 2922 4012 ,
2972 3947 3207 4002 scientes
3245 3959 3336 4002 vos
3359 3945 3454 4000 Dei
3477 3956 3618 3998 nunc
3640 3941 3817 4014 presi-

2261 4038 2351 4095 dio
2402 4040 2705 4108 liberatos,
2761 4049 2820 4097 ut
2859 4040 2982 4098 hinc
3035 4056 3201 4110 parvo
3251 4040 3529 4096 intervallo
3558 4037 3815 4108 temporis,

2261 4132 2417 4202 quasi
2442 4131 2768 4202 quibusdam
2798 4133 3074 4188 concessis
3097 4132 3352 4198 induciis,
3379 4130 3684 4188 discedatis.
3726 4127 3816 4182 Ie-

2259 4240 2382 4280 cum
2438 4225 2614 4296 itaque
2660 4224 2725 4280 ad
2768 4225 3022 4294 Oppidum
3071 4224 3389 4281 Lauriacum
3419 4218 3821 4294 congregation-

2261 4316 2526 4372 scendite.
2575 4314 2703 4372 Haec
2728 4315 2890 4371 homo
2926 4316 3014 4372 Dei
3045 4315 3233 4385 plenus
3272 4316 3477 4386 pietate
3504 4311 3820 4370 eonnnonuit.

2261 4407 2369 4464 Sed
2402 4409 2675 4464 Batavinis
2708 4408 2939 4479 genitale
2980 4409 3152 4464 solum
3203 4409 3526 4479 relinquere
3571 4404 3824 4464 dubitanti-

2259 4500 2382 4569 bus,
2413 4502 2490 4557 sic
2517 4501 2749 4571 adjecit:
2783 4502 3039 4569 Quamvis
3063 4511 3121 4558 et
3151 4502 3278 4556 illud
3309 4502 3587 4571 oppidum
3617 4517 3714 4572 quo
3731 4512 3826 4567 per-

570 4601 668 4656 bus
698 4599 843 4668 jussa
888 4593 1305 4667 complentihus,
1331 4597 1613 4652 terminato
1646 4595 1854 4667 jejunio
1876 4613 2001 4654 ecce
2029 4597 2156 4653 Ala-
2181 4610 2236 4674 ι)
2259 4594 2432 4664 gimus
2459 4636 2474 4661 ,
2506 4595 2788 4665 ingruente
2822 4595 3074 4650 barbarie
3096 4597 3167 4650 sit
3191 4598 3533 4666 quantocius
3563 4597 3832 4664 relinquen-

570 4705 888 4749 rnannorum
932 4689 1299 4759 cupiosissima
1348 4683 1632 4744 multitudo
1683 4689 1917 4744 feraliter
1962 4700 2152 4746 cuncta

571 4784 840 4849 vastavit,
888 4783 1111 4838 castella
1159 4795 1288 4838 vero
1333 4781 1540 4838 nullum
1578 4794 1798 4837 sensere
1827 4783 2149 4854 periculum,

572 4889 693 4948 quae
741 4875 907 4932 lorica
938 4872 1107 4929 fidelis
1133 4873 1322 4945 jejunii
1364 4881 1419 4931 et
1445 4873 1709 4929 laudanda
1736 4871 1912 4930 cordis
1943 4874 2153 4932 humili-

575 4999 681 5053 uus
705 5014 718 5050 ε
751 4993 848 5050 Abi
873 5007 1000 5049 sane
1022 4992 1225 5062 quovis
1248 4991 1705 5062 gentium,lnquit,
1729 5003 1849 5044 nam
1874 4990 2147 5062 sidiutius

576 5069 656 5122 hic
704 5067 972 5134 manseris,
1015 5061 1187 5118 inedia
1231 5064 1462 5118 untrtibtts
1499 5061 1662 5129 nobis,
1715 5061 2148 5134 quemadmodum

573 5139 847 5205 minitaris,
869 5136 1181 5202 pereundum
1199 5143 1295 5189 est.

647 5213 663 5243 ⁸
705 5203 1014 5272 Aventinus,
1040 5207 1279 5262 Hundius
1309 5203 1504 5274 aliique
1531 5205 1753 5260 Juvavia
1785 5205 1998 5276 legunt,
2020 5215 2142 5276 qua:

576 5297 717 5339 nunc
737 5278 1126 5348 Salisburgum.
1153 5282 1249 5332 Ms.
1277 5276 1408 5333 Beif.
1433 5276 1742 5333 Labienum.
1767 5276 1930 5346 Rad.,
1961 5275 2147 5347 Topin.

645 5359 667 5388 ¹
706 5353 803 5408 Ms.
838 5351 994 5415 Deiﬁ,
1030 5350 1245 5422 Viginti.

647 5425 667 5457 ‘
710 5424 839 5478 Beli.
874 5423 1216 5490 Quintarium.

650 5497 672 5529 ⁸
711 5495 870 5558 Beii'.,
914 5492 1315 5547 Maximianum.
1359 5490 1549 5546 Lanius
1591 5497 1646 5544 et
1687 5490 2005 5558 Aventinus,
2037 5492 2154 5548 sine

577 5565 772 5624 tabulis
800 5577 856 5621 et
885 5565 1131 5628 testibus,
1156 5565 1464 5634 episcopum
1485 5561 1705 5634 faciunt.
1747 5561 1989 5618 Raderus
2015 5570 2150 5618 tom.

578 5642 598 5698 I
631 5639 864 5694 Bavarina
891 5645 1109 5706 sanctae,
1142 5632 1391 5690 Sanctum
1422 5643 1476 5688 et
1501 5632 1786 5706 Martyrem
1816 5637 1991 5706 vocat.

650 5714 670 5744 ⁵
711 5708 901 5764 Lanius
957 5701 1103 5762 hanc,
1156 5707 1508 5774 irruptionem
1574 5701 1757 5759 tribuit
1821 5701 2155 5772 Alemannis,

580 5783 874 5839 Aventinus
904 5779 1131 5844 iierulis,
1151 5775 1737 5846 Alemannis,7aiiisque
1763 5774 2157 5846 Germanorum

583 5852 907 5908 nationibus.
961 5849 1199 5906 Meminit
1244 5847 1440 5904 Paulus
1486 5844 1721 5904 Diac.‘i.
1753 5861 1795 5916 ι,
1837 5861 1888 5905 c.
1921 5844 2011 5902 20.
2054 5845 2162 5904 ito-

2262 4687 2433 4754 dum,
2486 4685 2608 4742 hinc
2653 4696 2833 4743 tamen
2877 4702 3019 4743 nunc
3065 4687 3267 4757 pariter
3295 4687 3682 4746 discedamus.
3717 4685 3833 4740 Talia

2263 4790 2694 4839 commonentem
2742 4781 2913 4837 secuti
2963 4791 3088 4837 sunt
3118 4782 3369 4853 plurimi;
3399 4787 3648 4854 quidam
3674 4777 3839 4852 reperti

2262 4884 2386 4932 sunt
2430 4886 2774 4932 contumaces
2822 4889 2922 4931 nec
2949 4873 3120 4930 defuit
3146 4878 3643 4946 contemptor-ibus
3668 4874 3838 4948 gladius

2255 4989 2384 5065 du_lIi
2416 4989 2732 5046 iieruiurum
2765 4989 2996 5065 regis,et
3021 5005 3140 5065 cap.
3168 4990 3227 5058 9,
3251 4991 3390 5065 inter
3427 4995 3680 5065 populos
3706 4992 3843 5065 Odoa-

2256 5062 2332 5118 cri
2362 5071 2643 5146 parentes”
2662 5059 3201 5146 recensetdi‘erulos:
3255 5059 3591 5146 Braurieriss
3624 5068 3756 5123 bane
3776 5063 3846 5116 ia-

2256 5125 2426 5204 vavia;
2453 5132 2807 5204 direptionem
2839 5133 2938 5204 ipsi
2972 5125 3200 5188 Odoacri
3225 5131 3482 5198 ascribit.

2333 5203 2357 5238 ⁸
2395 5199 2881 5279 Addit—Aventinus
2913 5220 2927 5257 :
2975 5204 3211 5279 Amplius
3231 5207 3641 5279 quinquaginta
3665 5211 3853 5279 quisqus

2258 5292 2376 5330 cum
2402 5276 2512 5348 ipso
2544 5275 2849 5349 Symmistas
2889 5273 3274 5349 contrucidatis,
3333 5294 3360 5330 ε
3412 5273 3752 5349 ripam
3789 5293 3852 5330 ra-

2259 5345 2446 5422 cemis,
2483 5361 2583 5416 quo
2623 5345 2897 5422 fugerant,
2941 5346 3267 5422 sicutndltue
3288 5345 3854 5422 "constratas-{prosi-

2255 5420 2384 5488 pites
2413 5415 2592 5489 agunt.
2626 5415 2853 5489 H’umaﬁti
2881 5433 2986 5489 esse
3011 5418 3307 5488 referuntur
3341 5421 3393 5475 in
3423 5425 3556 5483 ade
3592 5415 3666 5482 ολ
3692 5415 3856 5476 Anton-

2260 5483 2334 5563 i_ii,
2367 5483 2482 5563 qua:
2515 5495 2755 5563 nunc_est
2791 5488 2859 5563 ρ.
2897 5483 3218 5563 Margaritw.
3259 5489 3385 5562 Agit
3415 5495 3494 5550 de
3529 5495 3626 5550 his
3666 5504 3859 5563 quoque

2261 5558 2554 5631 Bruschius
2578 5561 2630 5615 in
2658 5558 2897 5631 Patavia,
2920 5558 3096 5631 aitque
3118 5558 3376 5619 cavernas
3401 5565 3541 5622 illas
3577 5558 3863 5624 etiamnum

2259 5630 2556 5701 Salisburgi
2605 5630 2745 5702 apud
2777 5629 3030 5702 Sanctum
3061 5629 3277 5702 Petrum
3307 5636 3575 5694 ostendi.
3630 5637 3861 5694 Consen-

2259 5703 2331 5760 sit
2361 5701 2686 5767 Braunerus,
2717 5709 2958 5771 utsupra
2987 5701 3238 5758 diximus.

2331 5773 2353 5806 '
2392 5773 2535 5830 idem
2565 5772 2704 5830 intra
2733 5768 2999 5831 Maximus
3023 5771 3337 5847 appellatur.
