4010 6382
170 284 306 346 “89

1479 281 1641 340 VITA
1679 279 1740 341 Β.
1779 275 2116 342 SEVERINL

3299 281 3441 351 1190

173 400 383 461 inimici.
443 397 761 469 Quicunque
818 397 962 455 enim
1027 395 1229 454 ibidem
1272 399 1462 452 contra
1513 395 1748 452 hominis
1775 399 1914 462 Aac
1943 397 2209 453 dicentem
2258 394 2358 451 sibi
2393 401 2407 450 ε
2438 391 2616 454 Nolite
2656 394 2868 466 timere,
2907 397 3112 474 pergite
3137 404 3244 474 quo
3272 405 3442 475 coepi-

174 496 261 552 Dei
306 494 648 551 interdictum
695 493 1056 549 manserunt‘
1084 490 1377 560 Thuringis
1418 489 1748 546 irruentibus

171 588 222 645 in
269 587 451 644 eadem
494 586 834 644 hebdomade
861 627 876 653 ,
905 586 994 642 alii
1018 585 1236 657 quidem
1267 584 1542 654 trucidati,
1566 584 1660 640 alii
1693 584 1748 639 in

173 681 525 750 captivitatem
556 679 794 746 deducti,
828 693 1014 750 poenas
1039 679 1237 736 dedere
1265 687 1630 749 contemptus.

239 775 322 831 36.
367 775 533 844 igitur
578 784 700 844 post
743 774 1012 829 excidium
1041 773 1362 844 oppidorum
1390 773 1444 830 in
1469 774 1752 844 superiore

173 876 314 939 parte
355 866 625 936 Danubii,
669 875 882 924 Omnem
915 867 1168 937 populum
1214 867 1271 922 in
1303 867 1627 923 Lauriacum
1655 879 1753 936 op-

171 961 344 1029 pidum
377 961 847 1030 transmigrantem
872 991 890 1025 ,
934 960 1026 1030 qui
1054 962 1227 1016 sancti
1253 960 1502 1017 Severini
1534 961 1753 1017 monitis

172 1064 476 1124 parueraut,
502 1055 732 1110 assiduis
761 1053 1156 1111 hortationihus
1188 1053 1563 1125 praestruebat,
1594 1067 1660 1112 ne
1697 1055 1751 1111 in

171 1163 262 1202 sua
292 1147 486 1203 virtute
512 1147 857 1204 considerent
879 1185 895 1212 ,
946 1147 1040 1204 sed
1087 1148 1423 1204 orationibus
1454 1157 1509 1204 et
1535 1147 1753 1220 jejuniis

173 1251 326 1311 atque
363 1238 723 1310 eieemosyuis
756 1238 1068 1296 insistentes
1099 1240 1265 1295 armis
1295 1240 1475 1310 potius
1503 1240 1754 1311 spiritua-

175 1333 311 1389 libus
339 1332 695 1395 munirentur.
726 1331 991 1392 Praeterea
1021 1331 1104 1388 vir
1129 1331 1224 1389 Dei
1255 1332 1487 1403 quadam
1505 1333 1594 1390 die
1621 1346 1752 1390 cun.

168 1436 282 1482 ctos
322 1441 588 1497 pauperes
633 1426 686 1482 in
746 1439 848 1480 una
901 1424 1122 1481 basilica
1172 1425 1360 1481 statuit
1403 1424 1748 1496 congregari,

171 1523 342 1578 oleum
383 1529 543 1590 prout
593 1521 848 1589 poscebat
897 1520 1034 1574 ratio
1083 1518 1404 1590 largiturus;
1434 1532 1596 1590 quam
1629 1531 1754 1588 spe.

170 1618 303 1670 ciem
336 1617 387 1669 in
421 1614 528 1670 illis
555 1613 688 1669 locis
717 1611 1092 1669 difficillimam
1124 1613 1516 1681 negotiatorum
1545 1619 1753 1668 tantum

170 1705 441 1762 deferebat
492 1703 760 1760 advectio.
837 1702 1002 1774 Igitur
1050 1711 1302 1772 tanquam
1366 1702 1756 1758 benedictionis

1850 491 1970 546 stis.
2001 491 2109 546 liae
2132 504 2261 546 vero
2285 490 2614 549 revelatione
2639 494 2883 564 pretinns
2912 495 3154 564 animati,
3177 496 3298 552 eum
3322 503 3439 554 coe-

1852 581 2060 651 pissent
2080 584 2242 638 etiam
2275 581 2380 639 fide
2416 585 2588 657 magis
2631 599 2790 656 quam
2819 585 3096 658 gressibus
3142 585 3440 660 proficisci,

1853 672 2034 729 subito
2065 673 2252 730 divino
2282 684 2411 731 nutu
2435 677 2666 749 ingentis
2696 679 2886 735 formae
2907 689 3066 738 ursus
3095 693 3128 737 e
3154 677 3326 738 latere
3347 695 3441 740 ve-

1853 770 2010 824 niens
2041 771 2181 824 viam
2230 779 2630 827 monstraturus
2678 773 2944 843 apparuit,
2975 771 3070 846 qui
3111 789 3172 832 se
3203 777 3446 847 tempore

1855 857 2064 931 hyemis
2107 862 2384 931 speluncis
2430 863 2673 920 sbditare
2717 865 3018 935 consuevit,
3052 872 3108 922 et
3143 877 3268 923 mox
3295 866 3446 937 cupi-

1855 960 1967 1007 tum
2000 962 2210 1009 reserat
2238 955 2375 1021 iter;
2408 963 2464 1012 et
2510 970 2604 1026 per
2631 955 2862 1014 ducenta
2904 959 3016 1015 fere
3051 958 3218 1017 millia
3246 971 3350 1017 non
3375 959 3444 1018 ad

1854 1045 2130 1100 sinistram
2179 1046 2426 1115 devians,
2462 1063 2567 1104 non
2606 1049 2671 1104 ad
2698 1050 2998 1120 dexteram,
3027 1053 3165 1109 viam
3216 1051 3444 1110 demon-

1854 1138 2047 1194 stravit
2065 1140 2378 1209 optabilem.
2405 1141 2576 1197 Tanta
2602 1142 2745 1199 enim
2776 1159 2870 1202 eos
2893 1143 3294 1218 intercapedine
3317 1161 3447 1220 prat-

1853 1230 2101 1298 cedebat,
2147 1241 2345 1303 quanta
2400 1245 2621 1306 regente
2645 1235 2669 1268 ⁸
2689 1238 2918 1309 vestigio
2948 1241 3198 1296 semitam
3231 1251 3444 1314 praapa-

1857 1339 2025 1390 reret.
2054 1329 2239 1402 itaque
2287 1333 2636 1402 progrediens
2668 1335 2836 1392 bestia
2881 1349 2977 1408 per
3016 1336 3184 1395 eremi
3215 1339 3440 1395 vastita-

1857 1424 2154 1491 tem,viros
2180 1425 2269 1495 qui
2299 1425 2482 1496 egenis
2512 1426 2821 1484 deferebant
2852 1423 3042 1484 solatia
3074 1437 3180 1486 non
3202 1427 3445 1500 reliquit,

1857 1516 1954 1575 sed
1981 1530 2150 1587 usque
2181 1517 2246 1573 ad
2278 1515 2580 1573 habitacula
2616 1519 2890 1576 hominum
2922 1535 3023 1593 qua
3059 1521 3233 1591 potuit
3260 1521 3450 1578 huma-

1860 1614 2029 1669 nitate
2058 1612 2326 1682 perduxit,
2373 1622 2427 1668 et
2468 1628 2590 1668 mox
2637 1614 2691 1668 in
2722 1629 2879 1669 unam
2913 1625 3121 1686 partem
3153 1614 3333 1671 officio
3363 1616 3449 1672 di-

1859 1703 2022 1758 vertit
2051 1701 2304 1773 expleto:
2337 1702 2629 1758 ostendens
2658 1711 2807 1758 tanto
2835 1704 3063 1760 ducatus
3089 1703 3290 1769 officio,
3320 1705 3450 1775 quid

169 1799 491 1870 accipienda:
521 1799 693 1868 gratia
722 1797 897 1866 major
945 1811 1240 1868 egenorum
1275 1796 1429 1852 turba
1459 1794 1753 1861 confluxit;
1785 1798 1836 1864 ι
1860 1797 2109 1853 homines
2155 1795 2462 1852 hominibus
2493 1803 2755 1866 praestare
2800 1795 3052 1864 debeant,
3085 1806 3450 1871 quantumque

171 1892 460 1963 pretiosum
493 1891 692 1960 quippe
741 1888 940 1948 ibidem
978 1888 1138 1957 hujus
1187 1887 1410 1958 liquoris
1438 1888 1754 1942 alimentum

168 1985 316 2041 auxit
344 1985 572 2050 turbam,
600 1998 988 2054 numerumque
1017 1983 1372 2052 poscentium.
1392 1983 1540 2037 Tunc
1569 1983 1758 2038 beatus

170 2079 415 2133 oratione
465 2077 730 2147 completa
774 2077 1035 2146 signoque
1093 2076 1266 2130 crucis
1321 2088 1598 2143 expresso,
1630 2074 1758 2129 solis

173 2177 280 2224 tum
304 2169 406 2225 sibi
431 2168 724 2238 Scriptura:
750 2176 950 2226 sanctta
973 2170 1277 2223 sermonem
1298 2168 1506 2223 cunctis
1537 2170 1758 2223 audieti-

172 2261 308 2316 tibus
342 2260 651 2330 exprimens
681 2258 759 2313 ait
783 2275 794 2311 :
822 2258 904 2315 Sit
933 2273 1126 2314 nomen
1151 2258 1361 2314 Domini
1389 2258 1752 2314 benedictum.

174 2353 322 2406 Tunc
358 2353 520 2419 coepit
550 2351 725 2405 oleum
771 2351 984 2420 propria
1023 2365 1182 2405 manu
1228 2351 1490 2406 ministris
1531 2351 1756 2421 implere

177 2442 512 2512 portantibus
542 2441 805 2497 .lmitatus
835 2451 1024 2497 servos
1056 2442 1229 2498 lidelis
1256 2442 1542 2498 Dominum
1575 2459 1754 2512 suum,

172 2533 261 2604 qui
287 2543 391 2588 non
443 2533 736 2588 ministrari
785 2539 1044 2602 venerat,
1078 2534 1172 2590 sed
1205 2535 1378 2603 potius
1403 2536 1711 2602 ministrare
1737 2579 1754 2606 ,

171 2639 506 2695 sequensque
536 2627 758 2698 vestigia
791 2627 1110 2694 Salvatoris,
1141 2627 1611 2700 gaudebataugeri
1643 2643 1756 2685 ma-

172 2718 382 2784 teriam,
421 2733 580 2789 quam
611 2718 788 2778 officio
817 2719 1056 2777 dextera:
1084 2721 1304 2776 sinistra
1335 2720 1612 2778 nesciente
1633 2721 1755 2777 fun-

167 2810 353 2868 debat.
393 2809 687 2882 Completis
733 2813 917 2882 itaque
962 2815 1197 2870 vasculis
1244 2828 1536 2885 pauperum
1564 2857 1577 2880 ,
1620 2814 1753 2872 nihil

166 2902 510 2957 minuebatur
540 2904 592 2957 in
624 2903 871 2960 manibus
898 2903 1343 2961 ministrantium.
1380 2906 1612 2962 Tantum
1655 2908 1756 2979 igi-

164 3001 253 3048 tur
283 2994 376 3049 Dei
405 2995 724 3052 beneﬁcium
770 2996 896 3054 dum
936 2997 1350 3054 circumstantes
1390 3001 1554 3057 tacite
1593 3001 1756 3056 mira-5

163 3095 388 3152 rentur,
423 3101 559 3142 unus
580 3101 764 3146 eorum
788 3088 873 3146 cui
904 3104 1100 3148 nomen
1125 3100 1243 3147 erat
1273 3093 1292 3124 ⁸
1315 3091 1602 3163 Biennius,
1635 3105 1753 3151 ma-

1858 1891 2140 1946 charitatis
2167 1889 2501 1959 impendere,
2537 1901 2657 1946 cum
2703 1889 3115 1959 desperantibus
3145 1893 3248 1947 iter
3277 1891 3450 1949 bestia

1859 1995 2001 2039 saeva
2030 1985 2433 2039 monstraverit.
2466 1983 2632 2053 Igitur
2660 1997 2782 2040 cum
2807 1997 2968 2040 servo
2999 1981 3094 2041 Dei
3138 1986 3452 2040 nuntiaren-

1860 2081 1951 2132 tur
1971 2077 2062 2146 qui
2093 2075 2808 2147 venerant,ait:Sitnomen
2842 2076 3052 2132 Domini
3085 2076 3448 2134 benedictum.

1860 2169 2238 2241 ingrediantur
2258 2170 2452 2242 quibus
2471 2169 2614 2224 viam
2639 2181 2744 2238 qua
2765 2168 3020 2225 venirent
3041 2183 3199 2224 ursus
3219 2167 3449 2238 aperuit.

1859 2262 1979 2329 Quo
2007 2261 2189 2316 audito
2220 2261 2296 2316 illi
2325 2269 2547 2331 stupore
2583 2259 2800 2330 repleti,
2828 2260 3163 2316 mirabantur
3203 2263 3345 2315 enim
3376 2260 3453 2316 vi-

1862 2369 1980 2413 rum
2010 2355 2105 2414 Dei
2125 2358 2329 2414 referre
2358 2355 2412 2412 id
2437 2353 2581 2427 quod
2612 2354 2664 2410 in
2697 2353 2943 2411 absentia
2972 2361 3317 2425 provenerat.

2489 2489 2718 2548 CAPUT
2743 2490 2834 2547 IX.

1861 2599 2044 2657 Multis
2065 2612 2244 2659 contra
2269 2602 2441 2662 hostes
2466 2605 2710 2676 prasidio
2736 2615 2845 2670 est;
2873 2605 3104 2662 barbaris
3128 2606 3448 2666 venerabilis.

1932 2714 2021 2772 88.
2074 2712 2234 2770 Cives
2288 2712 2419 2772 item
2468 2717 2654 2787 oppidi
2705 2716 2948 2775 Lanriaci
2998 2723 3051 2774 et
3105 2723 3446 2790 superiorum

1859 2806 2148 2876 transfugas
2178 2807 2524 2864 castellorum
2563 2809 2628 2864 ad
2651 2819 2898 2881 suspecta
2924 2810 3040 2868 loca
3082 2810 3448 2883 exploratori-

1858 2897 1959 2954 bus
1979 2899 2283 2970 destinatis,
2313 2901 2497 2958 hostes
2517 2911 2773 2973 quantum
2804 2911 3054 2976 poterant
3081 2907 3312 2964 humana
3337 2909 3450 2964 sol-

1861 2991 2148 3052 licitudine
2197 2998 2592 3064 praecavebant.
2623 2997 2771 3065 Quos
2817 3011 3005 3057 servus
3032 2999 3126 3057 Dei
3156 3000 3450 3060 divinitatis

1858 3083 2117 3142 instinctu
2167 3088 2553 3155 commonitus,
2606 3101 2843 3160 prasaga
2897 3099 3081 3147 mente
3109 3095 3449 3164 priestruxit,

161 3192 272 3249 gno
315 3178 504 3234 timore
542 3181 882 3250 perterritus,
927 3183 1248 3240 exclamavit
1272 3184 1497 3244 dicens:
1531 3187 1753 3246 Domine

1862 3187 1921 3234 ut
1944 3192 2163 3236 omnem
2194 3180 2524 3250 paupertatis
2563 3192 2675 3237 suae
2699 3180 3078 3238 sufficientiam
3106 3184 3243 3239 intra
3270 3197 3452 3242 muros

162 3268 263 3338 mi,
293 3270 488 3328 crescit
514 3272 600 3330 hic
618 3273 846 3330 cacabus
875 3274 980 3333 olei
1001 3287 1054 3332 et
1077 3277 1127 3332 in
1153 3277 1370 3333 modum
1399 3278 1561 3336 fontis
1584 3295 1757 3337 exun-

160 3363 278 3417 dat.
319 3363 408 3420 Sic
438 3365 612 3434 liquor
642 3365 734 3422 ille
759 3367 1118 3437 gratissimus,
1147 3371 1356 3437 prodita
1379 3373 1598 3439 virtute,
1629 3374 1758 3428 sub.

163 3462 372 3512 tractus
415 3464 518 3514 est.
558 3454 658 3512 Cui
705 3459 887 3514 statim
929 3457 1129 3514 Christi
1177 3459 1411 3516 famulus
1447 3463 1755 3521 exclamans

161 3549 240 3604 ait
269 3566 282 3604 :
313 3550 450 3619 Quid
481 3550 653 3607 fecisti
681 3590 698 3617 ,
739 3552 939 3620 frater?
967 3553 1292 3610 Obstruaisti
1329 3557 1611 3612 commoda
1635 3559 1754 3628 pln-e

162 3642 462 3710 rimorum;
506 3645 754 3713 ignoscat
817 3643 914 3702 tibi
974 3646 1235 3703 Dominus
1280 3648 1440 3705 Iesus
1482 3649 1752 3708 Christus.

163 3731 259 3788 Sic
297 3732 586 3804 aliquando
627 3736 818 3794 mulier
864 3737 1024 3795 vidua
1071 3738 1268 3796 debitis
1308 3750 1551 3810 onerata,
1575 3743 1758 3801 Elisasl

161 3825 441 3896 prophetas
474 3827 641 3897 jussis
689 3830 996 3898 instruitur,
1043 3846 1110 3887 ex
1154 3833 1258 3890 olei
1289 3834 1432 3892 stilla
1462 3851 1624 3907 quam
1655 3836 1753 3893 he-

157 3918 326 3976 bebat
347 3933 474 3974 vasa
494 3921 704 3988 replere
729 3936 889 3991 quam
915 3923 1162 3992 plurima.
1190 3926 1342 3994 Quod
1371 3941 1491 3982 cum
1515 3928 1754 3998 fecisset,

163 4018 220 4066 et
244 4010 423 4068 adhuc
461 4027 588 4068 vasa
629 4013 774 4072 filius
821 4015 1161 4084 deposceret,
1221 4018 1309 4072 ubi
1339 4020 1541 4076 audivit
1567 4036 1758 4080 nume-

158 4120 286 4160 rum
309 4104 571 4163 defecisse
600 4121 870 4175 vasorum,
896 4123 1024 4164 moa
1055 4110 1206 4166 stetit
1233 4111 1433 4170 oleum.

238 4195 330 4252 37.
362 4197 462 4254 Per
487 4199 629 4258 idem
676 4207 888 4270 tempus
933 4202 1201 4259 Maximus
1233 4203 1566 4274 Noricensis,
1595 4209 1753 4280 cujus

156 4291 387 4349 fecimus
411 4293 660 4363 superius
689 4295 1036 4364 mentionem,
1062 4296 1185 4352 fidei
1219 4299 1403 4355 calore
1439 4311 1752 4372 succensus,

156 4383 341 4440 media
390 4385 606 4457 hyeme,
629 4402 733 4457 qua
781 4389 1021 4460 regionis
1065 4389 1210 4446 illius
1261 4392 1449 4448 itinera
1479 4394 1601 4464 gelu
1634 4403 1752 4450 tor-

157 4486 329 4546 pente
357 4478 704 4542 clauduntur,
735 4481 803 4535 ad
846 4481 1059 4537 beatum
1108 4483 1424 4539 Severinum
1456 4487 1645 4542 audaci
1673 4498 1754 4544 too

1860 3273 2264 3339 concluderent,
2297 3285 2559 3342 quatenus
2601 3276 2940 3331 inimicorum
2973 3277 3155 3334 feralis
3184 3279 3448 3348 incursio,

1860 3365 1995 3420 nihil
2047 3367 2396 3421 humanitatis
2442 3367 2742 3434 inveniens,
2772 3369 2954 3424 statim
3003 3368 3147 3426 fame
3175 3373 3451 3442 compulsa

1859 3455 2110 3511 immania
2141 3456 2473 3513 crudelitatis
2487 3469 2662 3528 erepta
2687 3460 2984 3518 desereret.
3016 3459 3140 3519 Haec
3169 3477 3266 3535 per
3345 3465 3449 3522 tri-

1859 3546 2023 3602 duum
2070 3556 2441 3616 contestatus,
2508 3550 2991 3622 advesperaseente
3032 3555 3143 3626 jam
3184 3556 3293 3624 die,
3335 3553 3446 3613 Va-

1859 3637 2056 3695 lentem
2086 3642 2301 3697 nomine
2323 3643 2643 3699 monachum
2672 3646 2891 3703 mittens
2916 3647 2980 3703 ad
3012 3657 3256 3706 sanctum
3285 3647 3449 3709 Cons-

1861 3734 2122 3791 tantinum
2144 3734 2386 3806 ejusdem
2409 3736 2530 3794 loco
2552 3739 2856 3809 pontificem
2881 3747 2936 3798 et
2956 3741 3023 3799 ad
3048 3752 3276 3802 caeteros
3301 3753 3451 3803 com-

1857 3836 2138 3884 manentes
2173 3845 2184 3881 :
2216 3829 2348 3896 fise,
2381 3831 2574 3902 inquit,
2609 3839 2766 3890 nocte
2810 3833 3089 3906 dispositis
3137 3852 3235 3909 per
3263 3853 3448 3896 muros

1857 3935 1931 3977 ex
1957 3935 2108 3977 more
2145 3923 2347 3992 vigiliis
2367 3925 2668 3981 districtius
2693 3928 2981 3995 excubate,
3015 3931 3450 4000 supervenientis

1861 4013 2036 4069 hostis
2058 4021 2311 4070 caventes
2335 4016 2578 4073 insidias.
2611 4017 2682 4074 At
2713 4019 2790 4074 illi
2819 4020 2953 4076 nihil
2983 4022 3193 4077 adversi
3224 4037 3321 4094 per
3354 4039 3450 4081 ex-

1857 4105 2156 4177 ploratores
2182 4113 2382 4163 sentire
2403 4123 2462 4165 se
2490 4111 2701 4180 penitus
2729 4113 3085 4170 affirmabant.
3110 4114 3218 4171 Sed
3245 4116 3446 4175 Christi

1858 4215 2040 4273 praeco
2084 4214 2417 4275 praemonere
2461 4221 2570 4263 non
2599 4207 2872 4279 desinens,
2906 4209 3268 4268 dubitantibus
3315 4227 3451 4269 voce

1857 4309 2054 4365 magna
2081 4296 2367 4364 clamabat,
2399 4298 2588 4354 eadem
2634 4309 2790 4356 nocte
2819 4316 2913 4357 eos
2944 4315 3195 4359 asserens
3224 4304 3448 4374 capien-

1856 4386 1977 4452 dos,
2012 4388 2115 4443 nisi
2161 4388 2402 4459 imperiis
2449 4389 2685 4446 fideliter
2714 4391 3017 4460 obedirent,
3061 4395 3259 4466 saepius
3290 4409 3448 4466 repea

1856 4490 2012 4537 iens:
2045 4481 2148 4549 Me,
2182 4483 2372 4553 inquit,
2407 4485 2660 4555 lapidato,
2694 4487 2740 4541 sl
2770 4488 3026 4544 mentitus
3050 4488 3224 4544 fuero.
3254 4489 3442 4561 itaque

153 4570 434 4638 meritare,
470 4571 553 4629 γει
585 4573 778 4644 magis,
804 4585 862 4632 ιιι
901 4585 1087 4644 postea
1115 4577 1331 4643 οιαιιυίι,
1366 4578 1627 4650 intrepida
1655 4579 1750 4639 de-
1778 4576 1831 4637 Ι)
1857 4574 2070 4628 tandem
2099 4575 2390 4646 aliquando
2421 4578 2589 4633 muris
2623 4577 2898 4647 invigilare
2925 4581 3209 4651 compulsi,
3228 4583 3444 4654 expleta

152 4664 380 4722 votione
428 4669 612 4728 venire
665 4671 977 4737 contendit;
1031 4673 1314 4729 conductis
1370 4675 1613 4744 plurimis
1660 4689 1754 4732 co-

149 4759 414 4830 mitibus,
441 4760 531 4831 qui
571 4762 711 4818 collo
737 4778 838 4822 suo
865 4773 1047 4822 vestes
1081 4767 1312 4837 captivis
1333 4773 1388 4821 et
1431 4768 1754 4838 pauperibus

149 4851 473 4922 profuturas
489 4869 621 4926 quas
647 4854 962 4913 Noricorum
992 4857 1242 4930 religiosa
1275 4859 1496 4915 collatio
1525 4875 1750 4932 congre«

149 4952 423 5016 gaverat,
463 4944 800 5016 bajularent;
857 4949 1038 5018 itaque
1083 4953 1318 5020 provecti
1368 4952 1388 4984 ³
1427 4951 1494 5006 ad
1540 4965 1749 5008 summa

150 5036 381 5106 Alpium
411 5041 690 5097 cacumina
717 5053 1095 5111 pervenerunt,
1116 5045 1204 5100 ubi
1232 5059 1328 5116 per
1347 5053 1513 5101 totam
1538 5056 1750 5103 noctem

147 5129 256 5186 nix
285 5137 434 5184 tanta
455 5133 735 5203 confluxit,
769 5143 824 5191 ut
850 5149 945 5192 eos
963 5149 1169 5206 magnas
1193 5136 1401 5194 arboris
1423 5139 1754 5207 protectiono

148 5220 421 5289 vallatus,
449 5222 597 5277 velut
625 5225 813 5295 ingens
842 5227 992 5284 fovea
1026 5227 1306 5286 demersos
1336 5230 1656 5286 includeret.
1686 5231 1756 5288 Et

145 5325 286 5366 cum
333 5312 401 5368 de
426 5312 530 5367 vita
580 5327 675 5369 sua
724 5317 936 5384 penitus
977 5317 1352 5390 desperarent,
1381 5319 1515 5376 vidit
1560 5322 1753 5379 ductor

143 5402 420 5461 comitum
453 5420 549 5475 per
591 5420 837 5476 soporem
869 5410 922 5465 in
952 5411 1128 5482 effigie
1171 5415 1344 5470 virum
1392 5413 1485 5470 Dei
1516 5423 1748 5473 stantem

236 5525 252 5606 ξ
288 5522 907 5606 velserusuTur-citingis
932 5531 1152 5599 mavult,
1180 5533 1274 5604 qui
1298 5531 1438 5591 haud
1473 5532 1599 5593 inde
1630 5545 1755 5606 pro-

150 5595 251 5670 cul
276 5594 543 5670 colebant,
569 5597 797 5654 Odoacri
825 5594 1091 5670 parentes.

231 5667 254 5741 ξ
288 5666 386 5741 his.
412 5667 548 5723 Belf.
580 5666 1005 5741 sapientissimus.

231 5736 254 5768 ⁸
292 5736 446 5817 {line
475 5754 604 5817 sane
640 5736 798 5817 'pate_t
846 5741 1149 5817 Pastinum,
1181 5745 1339 5817 hujus
1365 5747 1603 5816 Maximi,
1635 5749 1750 5806 sive

151 5806 466 5878 Maximini,
484 5812 574 5882 qui
597 5806 744 5869 num.
761 5815 830 5872 '55
851 5814 1065 5883 dicitur,
1096 5806 1427 5888 episcopum,
1448 5838 1552 5877 non
1582 5806 1749 5878 fuisse

1857 4669 2099 4724 consueti
2148 4669 2330 4739 operis
2362 4671 2415 4725 in
2442 4672 2619 4726 noctis
2663 4672 2928 4743 principio
2973 4675 3289 4744 psalmodis,
3319 4689 3444 4734 cum

1856 4761 2209 4817 celeberrimo
2229 4763 2522 4832 coepissent
2541 4763 2766 4835 vigilare
2785 4777 3074 4835 concursu,
3091 4781 3317 4826 acervus
3335 4769 3443 4825 feni

1857 4854 2101 4911 cominus
2132 4856 2360 4926 positus,
2393 4871 2461 4912 ex
2491 4856 2661 4912 facula
2685 4857 2851 4929 bajuli
2891 4861 3124 4917 nolentis
3159 4875 3440 4931 accensus,

1858 4951 2035 5004 iumen
2059 4963 2164 5004 non
2189 4950 2493 5007 incendium
2517 4949 2751 5006 reddidit
2767 4952 2993 5009 civitati.
3021 4953 3135 5021 Qua
3155 4953 3442 5012 occasione

1857 5039 2275 5097 vociferantibus
2324 5042 2550 5111 cunctis,
2587 5042 2768 5099 hostes
2793 5045 3061 5116 sylvarum
3086 5045 3446 5104 occultatione

1855 5142 2152 5201 morantes,
2195 5133 2377 5189 subito
2423 5133 2710 5205 splendore
2757 5135 3100 5207 clamoreque
3146 5140 3439 5211 perterriti,

1855 5235 2105 5296 putantes
2129 5241 2189 5282 se
2218 5226 2598 5297 praecognitos,
2649 5227 2969 5300 quieverunt
3011 5243 3076 5285 ac
3104 5241 3264 5286 mane
3301 5231 3443 5288 facto

1852 5320 2250 5378 circumdantes
2286 5321 2562 5379 civitatem
2591 5331 2649 5378 et
2680 5317 2878 5392 ubique
2903 5323 3286 5395 discurrentes,
3317 5337 3443 5382 cum

1855 5415 1993 5472 nihil
2023 5415 2337 5471 victualium
2365 5416 2716 5486 reperissent,
2756 5415 3094 5486 diripuerunt
3127 5420 3439 5475 animalium

1856 5533 2402 5608 reginoburgensem;
2459 5537 2558 5590 nec
2616 5527 2916 5590 leurniam
2954 5543 3075 5594 esse
3119 5527 3440 5608 Reginobttr-

1855 5617 1997 5678 aut":

1927 5676 1948 5746 ξ
1979 5675 2139 5746 Belf.,
2171 5679 2380 5735 recenti.

1924 5745 1947 5781 '
1969 5747 2070 5806 Ms.
2105 5741 2269 5816 Belf.,
2302 5741 2660 5819 quatriduum
