4010 6382
560 279 721 376 ἰιθί

1890 309 2055 370 VITA
2097 310 2157 370 S.
2197 311 2539 371 SEVERINI.

3704 319 3822 378 H9!

567 443 785 502 gregem
814 426 1091 499 cujusdam
1129 422 1386 490 hominis,
1404 421 1496 494 qui
1524 435 1681 478 servo
1709 419 1805 478 Dei
1835 423 2163 492 praedicente
2188 429 2240 491 Α
2266 426 2456 484 dentes
2503 425 2571 482 de
2597 424 2858 483 Lauriaco
2902 426 3140 497 pacificis
3188 411 3654 498 dispositionibus.
3683 434 3824 492 bene-

565 536 855 580 contumax
905 538 1001 579 sua
1049 520 1211 577 tutari
1263 527 1683 590 contempserat,
1711 526 1765 574 et
1792 527 2152 574 recesserunt.

565 618 678 676 illis
702 629 882 675 autem
905 614 1227 672 abeuntihus
1249 614 1393 670 cives
1419 613 1592 684 portis
1615 611 1840 684 egressi,
1871 610 2010 667 haud
2035 626 2158 681 pro—

568 715 658 770 cui
685 729 716 769 a
743 712 910 770 muris
950 711 1126 767 scalas
1147 710 1390 780 jacentes
1421 709 1722 773 inveniunt,
1753 722 1886 777 quas
1915 708 1980 761 ad
2008 707 2157 762 urbis

565 807 833 862 excidium
884 813 1212 874 praeparatas
1263 802 1476 859 barbari
1537 801 1871 872 vigilantium
1920 800 2156 856 clamore

567 900 768 954 turbati
806 899 859 954 in
891 906 1048 954 nocte
1090 898 1444 967 jactaverant.
1490 895 1828 966 Quapropter
1876 892 2156 950 memorati

565 994 718 1047 cives
747 992 962 1046 veniam
985 1005 1015 1046 a
1053 988 1257 1048 Christi
1285 989 1486 1044 [amulo
1535 988 1896 1058 precabantur
1942 985 2158 1041 humili-

567 1091 671 1149 ter,
704 1084 1024 1138 conlitentes
1070 1081 1240 1138 corda
1285 1096 1380 1136 sua
1432 1080 1698 1150 lapidibus
1746 1095 1866 1136 esse
1910 1079 2152 1147 duriora,

564 1177 655 1247 qui
710 1178 870 1232 rebus
917 1178 1274 1248 praesentibus
1334 1187 1666 1246 agnoverunt
1705 1175 1758 1230 in
1807 1183 1994 1230 sancto
2041 1173 2158 1229 viro

567 1270 794 1341 gratiam
843 1270 1074 1340 viguisse
1105 1267 1505 1338 prepheticam;
1549 1275 1710 1336 atque
1740 1265 1793 1320 in
1824 1281 1930 1320 uno
1979 1266 2157 1334 impe-

566 1349 618 1415 in
656 1363 784 1416 isset
804 1360 956 1431 plebs
1003 1359 1318 1415 inobediens
1359 1359 1609 1414 universa
1639 1357 1872 1427 captiva,
1904 1356 2008 1411 nisi
2034 1370 2154 1411 eam

563 1452 784 1508 liberam
827 1452 928 1506 viri
969 1451 1066 1507 Dei
1117 1458 1372 1507 consueta
1427 1457 1802 1504 conservasset
1829 1447 2026 1514 oratio,
2066 1446 2155 1502 Jac

563 1545 700 1599 cobo
745 1543 985 1613 apostolo
1037 1549 1391 1613 protestante,
1437 1540 1700 1608 Multum,
1754 1537 1965 1610 inquit,
2015 1538 2158 1596 valet

563 1638 872 1708 deprecatio
907 1637 1039 1707 justi
1071 1636 1305 1692 assidua.

635 1735 725 1789 59.
759 1733 1047 1789 Feletheus
1077 1731 1349 1802 [iugorum
1382 1745 1497 1797 rex,
1529 1729 1619 1800 qui
1658 1736 1712 1786 et
1737 1728 1902 1794 Fava,
1931 1725 2154 1782 audiens

2268 519 2387 575 vola
2416 534 2535 574 cum
2560 517 2726 589 Rugis
2761 521 3018 576 societate
3045 522 3311 577 vixerunt.
3342 522 3465 592 lpse
3506 539 3638 581 vero
3663 527 3827 584 l-‘avia-

2266 613 2350 666 nis
2371 613 2570 683 degens
2599 615 2654 668 in
2681 614 2898 684 antiquo
2924 629 3023 670 suo
3055 616 3402 685 monasterio,
3433 633 3535 674 nec
3559 619 3825 679 admonere

2262 706 2510 776 populos,
2556 721 2658 763 nec
2709 707 3004 777 praedicere
3057 708 3234 763 futura
3282 710 3557 778 cessabat,
3606 726 3824 770 asserens

2261 799 2540 856 universos
2581 801 2635 856 in
2676 801 2902 856 Romani
2954 801 3057 857 soli
3109 801 3441 870 provinciam
3493 803 3700 874 absque
3734 808 3822 862 ullo

2259 890 2520 949 libertatis
2540 894 2863 964 migraturos
2897 895 3269 950 incommodo.

2330 987 2419 1042 40.
2449 988 2644 1046 Iisdem
2679 990 3006 1061 temporibus
3029 989 3313 1061 Odobagar
3333 1006 3430 1046 rex
3461 1001 3657 1047 sancto
3683 992 3820 1050 Sere-

2263 1080 2382 1138 rino
2427 1081 2719 1139 familiares
2767 1084 2974 1139 litteras
3014 1083 3284 1156 dirigens,
3329 1087 3379 1140 si
3427 1101 3537 1157 qua
3589 1089 3817 1156 speranda

2259 1174 2496 1241 duceret,
2538 1175 2700 1232 dabat
2745 1178 3058 1248 suppliciter
3107 1179 3406 1248 optionem,
3458 1193 3675 1233 memor
3701 1179 3818 1233 illius

2259 1267 2505 1337 praesagii
2554 1283 2660 1338 quo
2709 1283 2833 1324 eum
2881 1279 3227 1339 expresserat
3277 1270 3560 1340 quondam
3604 1280 3817 1339 regnatu-

2259 1374 2401 1416 rum.
2433 1360 2618 1418 Tantis
2646 1362 2825 1433 itaque
2853 1373 3072 1421 sanctus
3102 1365 3352 1435 alloquiis
3382 1365 3664 1431 invitatus,
3705 1366 3819 1420 Am-

2260 1451 2499 1508 brosium
2543 1455 2831 1522 quemdam
2861 1455 3197 1511 exsulantem
3228 1466 3380 1526 rogat
3410 1456 3642 1512 absolvi.
3683 1455 3817 1524 Cujus

2260 1544 2543 1616 Odobagar
2587 1548 3008 1618 gratulabundus
3037 1551 3213 1619 paruit
3255 1550 3566 1620 imperatis.
3609 1550 3816 1618 Quodam

2260 1640 2419 1694 etiam
2449 1647 2694 1711 tempore
2718 1641 2846 1698 dum
2889 1654 3246 1700 memoratum
3275 1659 3459 1715 regem
3504 1645 3656 1699 multi
3691 1647 3815 1701 nobi-

2263 1730 2340 1788 les
2372 1747 2555 1789 coram
2583 1744 2770 1791 sancto
2799 1735 2918 1792 viro
2947 1735 3205 1803 humana,
3236 1746 3297 1794 ut
3325 1736 3442 1792 fieri
3467 1737 3631 1805 solet,
3662 1737 3814 1793 adula-

565 1837 876 1882 cunctorum
905 1825 1159 1895 reliquias
1182 1824 1526 1894 oppidorum,
1551 1838 1670 1890 quae
1692 1820 2004 1877 barbaricos
2031 1833 2156 1874 eva-

2261 1824 2411 1882 tione
2440 1826 2742 1896 laudarent,
2791 1828 3085 1898 interrogat
3115 1844 3278 1900 quem
3315 1844 3501 1901 regem
3537 1832 3684 1884 tantis
3706 1846 3815 1899 μθ

560 1931 742 1976 serant
768 1919 996 1989 gladios,
1024 1918 1338 1972 Lauriacum
1364 1931 1422 1972 se
1440 1932 1536 1987 per
1559 1916 1654 1971 Dei
1675 1915 1933 1970 famulum
1965 1923 2155 1970 contu-

563 2013 712 2078 lisse,
748 2020 1025 2080 assumpto
1056 2009 1306 2066 veniebat
1348 2009 1610 2076 exercitu,
1641 2008 1883 2077 cogitans
1931 2013 2155 2076 repente

566 2106 815 2161 detentos
842 2103 1129 2170 abducere,
1148 2110 1203 2159 et
1228 2103 1280 2157 in
1307 2101 1519 2172 oppidis
1547 2101 1649 2156 sibi
1681 2098 1975 2155 tributariis
1995 2106 2156 2166 atque

572 2196 764 2253 vicinis
793 2197 884 2267 (ex
912 2196 1105 2266 quibus
1134 2211 1297 2251 unum
1336 2204 1450 2250 erat
1484 2195 1501 2226 ⁸
1528 2193 1799 2263 Favianis)
1829 2208 1948 2264 qua:
1969 2207 1999 2246 a
2039 2191 2148 2245 Ru-

563 2289 644 2362 gis
677 2288 1050 2346 tantummodo
1089 2288 1483 2346 dirimebantur
1537 2286 1807 2355 Danubio,
1859 2286 2151 2342 collocare.

559 2381 921 2450 Quamobrem
965 2383 1200 2453 graviter
1229 2381 1468 2438 universi
1500 2380 1720 2444 turbati,
1766 2387 2017 2435 sanctum
2057 2379 2157 2435 Se-

561 2475 809 2531 verinum
854 2475 1037 2531 adiere
1087 2475 1428 2545 suppliciter,
1462 2482 1521 2529 ut
1571 2475 1626 2529 in
1681 2488 1966 2530 occursum
2017 2474 2158 2544 regis

561 2569 871 2639 egrediens,
901 2569 1017 2639 ejus
1071 2570 1311 2624 animum
1357 2569 1650 2639 mitigaret.
1692 2567 1790 2624 Cui
1837 2578 1948 2624 tota
1999 2576 2158 2623 nocte

570 2661 857 2731 festinans,
887 2663 940 2717 in
971 2663 1230 2719 vicesimo
1263 2663 1330 2717 ab
1379 2661 1512 2719 urbe
1561 2661 1813 2718 milliario
1861 2662 2158 2718 matutinus

559 2753 816 2811 occurrit.
848 2755 960 2810 [lex
983 2769 1114 2826 ergo
1162 2755 1454 2810 adventum
1484 2754 1602 2824 ejus
1640 2753 1884 2824 pratinus
1926 2768 2159 2824 expave-

559 2860 737 2914 scens,
774 2847 1068 2904 testabatur
1097 2847 1241 2903 illius
1269 2863 1330 2903 se
1356 2847 1671 2919 fatigatione
1702 2847 1988 2917 plurimum
2020 2861 2160 2917 pra:-

557 2949 858 3012 gravatum,
890 2956 1104 2997 causam
1130 2944 1425 3013 repentinae
1467 2942 1732 2998 cursionis
1776 2942 2024 3012 inquirit.
2059 2940 2158 2997 Cui

559 3049 748 3089 servus
777 3034 895 3101 Dei,
928 3035 1038 3090 Pax
1069 3034 1188 3100 tibi,
1219 3036 1411 3105 inquit,
1437 3036 1641 3104 optime
1679 3049 1774 3089 rex
1805 3052 1818 3088 :
1852 3033 2058 3093 Christi
2081 3033 2161 3090 le-

559 3136 714 3195 gatus
757 3127 1008 3193 advenio,
1040 3126 1264 3182 subditis
1311 3129 1523 3183 veniam
1572 3136 1912 3196 precaturus.
1958 3126 2159 3182 Recole

2260 1919 2431 1974 coniis
2483 1921 2883 1989 praetulissent?
2942 1921 3416 1992 Respondentibus
3475 1925 3812 1996 Odobagarum

2255 2026 2461 2082 regem,
2513 2012 2819 2085 Odobagar,
2873 2016 3065 2087 inquit,
3099 2017 3308 2089 integer
3337 2019 3477 2074 inter
3506 2019 3741 2076 tredecim
3769 2030 3814 2076 et

2255 2105 2660 2175 quatuordecim
2717 2123 2917 2175 annos,
2974 2109 3226 2166 videlicet
3281 2112 3520 2184 integros
3571 2113 3809 2180 regnabit;

2257 2196 2421 2254 ﬁnem
2451 2214 2581 2256 vero
2611 2200 2763 2270 regni
2795 2200 2910 2270 ejus
2942 2201 3290 2271 signiﬁcans;
3319 2205 3340 2235 ³
3365 2217 3418 2262 et
3444 2205 3528 2261 his
3563 2206 3704 2261 dictis
3727 2207 3811 2259 ads

2253 2289 2405 2360 jecit,
2434 2291 2592 2348 citius
2615 2292 2738 2349 illos
2759 2292 2903 2364 quod
2932 2294 3047 2363 ipse
3077 2295 3393 2365 praedixerat
3416 2296 3728 2367 probaturos.

2893 2429 3120 2488 CAPUT
3147 2431 3219 2489 X.

2341 2545 2416 2601 1E
2422 2547 2705 2618 gritudines
2731 2555 2900 2615 curat,
2932 2548 3161 2619 pericula
3189 2549 3424 2619 praedicit
3448 2555 3496 2604 et
3522 2548 3729 2620 depellit.

2331 2657 2422 2712 41.
2455 2660 2539 2715 Ah
2585 2659 2901 2729 oppidaneis
2948 2660 3470 2734 Comagenensibus,
3520 2663 3652 2736 apud
3696 2674 3804 2734 quos

2261 2750 2495 2823 primum
2520 2752 2789 2821 quondam
2822 2752 3132 2810 innotuerat
3160 2755 3350 2811 beatus
3378 2756 3680 2822 Severinus,
3705 2771 3802 2823 sup-

2261 2843 2472 2914 pliciter
2528 2856 2750 2917 rogatus
2799 2845 3034 2903 advenit.
3084 2847 3248 2920 Cujus
3291 2859 3576 2920 comperta
3617 2841 3798 2920 prasen-

2262 2936 2357 3002 tia,
2391 2951 2531 2992 unus
2559 2950 2624 2992 ex
2659 2937 3006 3006 optimatibus
3046 2937 3291 2995 Felethei
3330 2942 3481 3013 regis
3510 2941 3660 2996 liliqu
3684 2955 3798 2994 suum

2264 3027 2666 3085 adolescentem
2707 3027 2963 3084 diuturno
2999 3029 3258 3098 languore
3286 3041 3577 3098 vexatum,
3624 3031 3690 3084 cui
3720 3030 3798 3096 jam

2265 3123 2491 3194 parabat
2515 3125 2823 3193 exsequias,
2855 3123 3146 3192 transjecto
3187 3122 3471 3192 Danubio,
3497 3123 3688 3193 pedibus
3711 3123 3796 3187 ejus

560 3219 808 3290 gratiam,
857 3219 1038 3273 divina
1089 3219 1348 3274 beneficia
1401 3218 1712 3286 recordare,
1762 3219 1956 3288 quibus
2003 3228 2155 3288 pater
2179 3217 2230 3284 ο
2261 3215 2508 3284 projecit,
2541 3224 2598 3270 et
2628 3216 2934 3287 lacrymans
2964 3234 2975 3268 :
3008 3215 3202 3281 Credo,
3233 3216 3441 3286 inquit,
3475 3215 3618 3271 homo
3639 3213 3722 3277 Dei,
3747 3222 3788 3264 te

560 3321 683 3369 tuus
712 3328 771 3369 se
801 3313 1111 3384 frequenter
1135 3313 1300 3369 sentit
1331 3312 1596 3382 adjutum.
1615 3312 1747 3368 Nam
1772 3312 1978 3368 cunctis
2003 3311 2154 3382 regni

557 3405 642 3462 sui
674 3405 1004 3476 temporibus
1027 3405 1159 3461 nihil
1185 3421 1273 3462 me
1306 3405 1614 3461 inconsulto
1644 3419 1836 3476 gerere
1859 3419 2156 3474 praesume-

557 3501 669 3557 bat.
700 3501 801 3569 Qui
851 3501 1074 3556 monitis
1104 3515 1210 3556 non
1259 3500 1519 3556 resistens
1550 3498 1903 3564 salutaribus,
1947 3497 2154 3554 crebris

557 3591 1008 3663 prosperitatibus
1037 3592 1376 3662 recognovit,
1406 3590 1593 3660 quanti
1619 3591 1825 3646 valeret
1853 3588 2156 3644 obedientis

562 3686 812 3752 animus,
862 3693 1231 3756 quantumque
1280 3682 1764 3753 triumphatoribus
1819 3680 1988 3751 prosit
2041 3680 2155 3735 suis

560 3793 668 3834 non
695 3786 904 3833 tumere
934 3778 1197 3832 victoriis.
1232 3776 1300 3830 Et
1342 3789 1436 3830 rex
1467 3774 1682 3843 inquit:
1718 3772 1869 3829 Hunc
1897 3771 2154 3841 populum

561 3884 662 3940 pro
694 3884 800 3939 quo
830 3869 1126 3925 benevolus
1153 3875 1404 3938 precator
1435 3865 1671 3932 accedis,
1702 3879 1810 3920 non
1833 3864 2002 3935 patiar
2029 3864 2153 3919 Ala-

565 3980 891 4021 mannorum
923 3973 1015 4020 aut
1045 3965 1065 3994 ²
1088 3962 1488 4033 Thuringorum
1537 3959 1843 4030 iniquorum
1889 3971 2034 4013 saeva
2060 3956 2155 4012 de-

566 4059 903 4127 praedatione
931 4057 1150 4123 vastari,
1192 4055 1277 4110 vel
1307 4054 1485 4124 gladio
1528 4050 1802 4118 trucidari,
1835 4057 1928 4104 aut
1956 4048 2011 4103 in
2041 4061 2156 4103 ser-

561 4152 752 4207 vitium
780 4151 972 4222 redigi,
1002 4165 1122 4205 cum
1170 4148 1279 4204 sint
1307 4146 1462 4202 nobis
1505 4144 1701 4216 oppida
1738 4151 1794 4198 et
1837 4140 2057 4198 castella
2084 4139 2154 4208 .in

563 4249 760 4321 quibus
789 4248 1021 4304 debeant
1046 4244 1308 4302 ordinari.
1327 4241 1428 4299 Cui
1457 4254 1646 4297 servus
1674 4237 1876 4294 Christi
1902 4241 2155 4292 constan-

563 4351 648 4399 ter
693 4343 767 4398 ita
810 4339 1132 4411 reapondit:
1166 4337 1416 4408 Nunquid
1467 4350 1595 4390 arcu
1627 4343 1718 4389 tuo
1744 4341 1798 4389 et
1829 4329 2005 4402 gladio
2051 4327 2153 4384 lto-

565 4436 742 4494 mines
772 4436 858 4492 isti
898 4450 931 4490 a
971 4431 1283 4504 praedonum
1314 4429 1613 4485 vastatione
1660 4425 1988 4482 creberrima
2030 4433 2156 4480 sunt

564 4529 755 4599 erepti,
787 4537 842 4584 et
871 4542 978 4583 non
1020 4525 1198 4597 potius
1240 4523 1336 4578 Dei
1385 4535 1632 4588 munere,
1661 4527 1720 4575 ut
1751 4518 1846 4574 tibi
1881 4515 2154 4585 paulisper

2263 3304 2377 3361 filio
2407 3320 2529 3362 meo
2557 3307 2796 3364 velocem
2843 3308 3130 3378 impetrare
3165 3307 3437 3364 divinitus
3471 3323 3607 3378 posse
3635 3303 3785 3360 sanita-

2261 3404 2391 3452 tem.
2421 3397 2572 3455 Tunc
2599 3399 2727 3455 data
2750 3401 3017 3468 oratione,
3049 3401 3139 3470 qui
3179 3399 3486 3456 semivivus
3519 3401 3682 3455 allatus
3703 3396 3787 3449 iue-

2261 3499 2366 3558 rat,
2401 3491 2582 3546 statim
2609 3501 2761 3559 patre
2789 3494 3019 3549 mirante
3049 3495 3306 3561 surrexit,
3332 3503 3386 3551 et
3415 3494 3644 3564 perfecta
3672 3488 3803 3561 proti-

2261 3597 2363 3638 nus
2393 3583 2678 3640 revertitur
2707 3585 2958 3642 sanitate.

2332 3680 2422 3734 42.
2453 3680 2871 3750 Elephantiosus
2899 3680 3145 3752 quidam,
3172 3680 3196 3711 ⁸
3221 3680 3352 3738 Telo
3378 3681 3611 3746 nomine,
3633 3678 3697 3735 de
3714 3678 3814 3732 lon-

2259 3772 2472 3844 ginquis
2503 3771 2820 3843 regionibus
2864 3771 3040 3828 sancti
3071 3771 3316 3829 Severini
3355 3771 3600 3826 invitatus
3630 3769 3824 3822 virtuti-

2261 3865 2363 3920 bus
2391 3865 2560 3932 venit,
2587 3880 2782 3936 rogans
2801 3865 2918 3933 ejus
2957 3864 3279 3921 orationibus
3304 3861 3554 3917 mundari.
3585 3861 3822 3929 Accepto

2259 3958 2444 4029 itaque
2465 3975 2532 4016 ex
2554 3974 2705 4016 more
2726 3967 3020 4030 praecepto,
3043 3958 3264 4030 jubetur
3285 3957 3444 4012 Deum
3463 3954 3631 4011 totius
3651 3954 3829 4024 gratiae

2261 4049 2573 4121 largitorem
2616 4055 2733 4107 sine
2771 4053 3078 4108 cessatione
3130 4049 3547 4122 lacrymabiliter
3596 4061 3826 4104 exorare.

2259 4142 2400 4210 Quid
2430 4143 2581 4212 plura
2607 4143 2630 4197 ‘l
2659 4143 2917 4200 Precibus
2941 4143 3082 4199 beati
3103 4142 3207 4198 viri
3231 4141 3373 4198 idem
3401 4141 3648 4210 leprosus
3675 4139 3826 4194 divina

2259 4236 2618 4306 opitulatione
2645 4237 2959 4305 mundatus,
2982 4236 3112 4292 dum
3133 4242 3434 4291 commutat
3451 4248 3634 4291 mores
3662 4233 3710 4288 in
3737 4245 3827 4286 me-

2259 4328 2386 4397 lius,
2408 4339 2618 4387 mutare
2643 4330 2840 4386 meruit
2867 4338 2923 4386 et
2950 4330 3212 4395 colorem,
3237 4329 3400 4400 Regis
3421 4329 3617 4384 aeterni
3638 4331 3840 4395 magna-'

2258 4425 2330 4482 lia
2353 4434 2460 4482 tam
2486 4427 2598 4484 suis
2623 4443 2782 4498 quam
2812 4426 3162 4498 plurimorum
3190 4424 3419 4481 vocibus
3450 4424 3619 4495 longe
3641 4422 3824 4490 lateque

2258 4520 2606 4578 denuntians.

565 4624 788 4694 obsequi
839 4624 1053 4679 valeant
1095 4618 1387 4676 reservati?
1417 4616 1571 4672 Nunc
1601 4627 1751 4683 ergo,
1784 4626 1879 4668 rex
1927 4610 2150 4681 Optime,
2182 4621 2237 4684 Β
2332 4615 2423 4670 45.
2456 4617 2476 4648 ⁵
2511 4617 2755 4673 Bonosus
2798 4630 3014 4688 quoque
3053 4614 3350 4672 monachus
3399 4614 3563 4672 beati
3605 4608 3833 4672 Severini,

567 4716 848 4772 consilium
871 4728 1050 4770 meum
1075 4727 1143 4768 ne
1167 4725 1415 4781 respuas,
1440 4707 1565 4764 fidei
1593 4721 1724 4762 meae
1748 4707 1848 4760 bos
1869 4703 2149 4760 committe

564 4808 863 4879 subjectos,
895 4822 963 4862 ne
993 4805 1124 4862 tanti
1167 4803 1438 4861 exercitus
1477 4799 1847 4870 compulsione
1875 4804 2154 4851 vastentur

565 4903 743 4973 potius
791 4914 954 4971 quam
1007 4898 1324 4970 migrentur.
1358 4891 1586 4950 Confido
1633 4891 1775 4947 enim
1823 4890 1878 4944 in
1924 4887 2153 4943 Domino

563 5011 710 5063 meo,
741 4993 884 5066 quod
941 4993 1057 5062 ipse
1103 4992 1194 5062 qui
1223 5006 1311 5047 me
1339 4989 1470 5046 fecit
1519 4988 1710 5044 horum
1755 4984 2152 5042 calamitatibus

565 5091 847 5155 interesse,
879 5088 934 5144 in
965 5086 1226 5144 ducendis
1251 5085 1331 5141 eis
1375 5085 1626 5141 idoneum
1651 5080 1813 5138 faciet
1856 5081 2150 5150 promisso-

559 5200 702 5241 rutn.
734 5184 830 5240 llis
860 5183 1080 5250 auditis,
1110 5196 1209 5238 rex
1259 5179 1520 5236 modestis
1569 5177 1978 5248 allegationibus
2007 5174 2152 5232 miti-

563 5290 740 5352 gatus,
769 5296 892 5338 cum
937 5295 1038 5337 suo
1089 5277 1352 5336 remeavit
1404 5275 1663 5332 exercitu.
1708 5273 1873 5344 Igitur
1922 5271 2153 5327 Romani
2191 5306 2198 5311 -

565 5388 702 5446 quos
721 5373 775 5429 in
801 5388 895 5430 sua
923 5380 1142 5430 sanctus
1162 5369 1454 5430 Severinus
1482 5367 1590 5424 fide
1609 5373 1945 5436 susceperat,
1981 5361 2158 5420 disce-

636 5562 798 5625 ‘.Non
840 5569 1019 5616 tamen
1066 5558 1192 5613 hinc
1229 5556 1471 5628 sequitur
1514 5550 1658 5628 quod
1691 5549 1913 5628 scripsit
1951 5548 2150 5628 Larius

561 5621 763 5706 regiam
793 5633 947 5707 isthic
979 5631 1141 5707 fuisse
1170 5621 1483 5707 Rugorum,
1519 5621 1611 5695 qui
1627 5623 1816 5707 adhuc
1856 5632 2021 5707 trans_
2043 5621 2148 5707 Da-

563 5690 783 5764 nubium
814 5703 1146 5776 habitabant,
1171 5690 1287 5776 sed“
1309 5690 1487 5756 Norici
1518 5690 1710 5776 oppida
1735 5693 1911 5776 aliqua
1939 5691 2026 5776 vel
2051 5690 2145 5776 ha-
2172 5718 2175 5720 -

562 5763 762 5834 bebant
801 5775 1098 5839 tributaria,
1132 5763 1227 5829 'vel
1255 5787 1318 5830 ea
1348 5779 1504 5844 pacto
1541 5763 1812 5838 stipendio
1862 5763 2146 5822 tuebantur

560 5856 751 5905 eontra
779 5847 915 5905 alios
943 5846 1222 5904 barbaros.
2153 5878 2156 5881 -

2259 4707 2528 4765 barbarus
2549 4724 2772 4780 genere,
2809 4710 2902 4780 qui
2928 4710 3201 4779 responsis
3222 4709 3339 4778 ejus
3368 4706 3705 4773 inbmrebat,
3734 4717 3833 4756 ocu-

2259 4803 2820 4860 lorumimbecillitate
2846 4805 3132 4875 plurimum
3164 4813 3583 4874 praegravatus,
3613 4797 3838 4856 medelam

2257 4896 2363 4952 sibi
2411 4899 2660 4968 praestari
2707 4898 2827 4968 ejus
2873 4898 3116 4954 oratione
3164 4896 3450 4967 poscebat,
3504 4911 3659 4966 :rgre
3702 4892 3840 4946 ferens

2264 4989 2588 5046 adventitios
2616 4998 2670 5045 et
2693 4999 2946 5047 externos
2977 4990 3235 5046 salutaris
3270 4991 3472 5060 gratim
3507 4988 3721 5045 sentire
3740 4997 3845 5053 pra-

2259 5083 2416 5152 sidia,
2448 5084 2658 5155 sibique
2686 5085 2886 5141 nullam
2918 5083 3279 5141 remediorum
3310 5097 3484 5154 opem
3543 5083 3845 5152 aliquatenui

2260 5177 2525 5233 exhiberi.
2558 5174 2656 5232 Cui
2685 5192 2878 5235 servus
2905 5178 2998 5233 Dei
3033 5196 3046 5232 :
3083 5176 3200 5234 Non
3223 5175 3342 5242 tibi,
3388 5175 3616 5247 inquit,
3651 5167 3850 5241 exp-ed“.

2261 5268 2364 5337 fili,
2414 5273 2691 5341 corporeis
2731 5269 3023 5326 luminibus
3052 5270 3225 5327 aciem
3259 5267 3474 5325 habere
3511 5266 3854 5338 perspicuam.

2265 5372 2321 5420 et
2364 5365 2650 5421 exterioris
2699 5364 2841 5421 oculi
2891 5364 3098 5420 clarum
3149 5361 3411 5435 praeferre
3472 5367 3857 5433 conspectum:

2328 5547 2349 5618 ξ
2373 5544 2626 5602 Velserus
2649 5545 2855 5602 mavult
2874 5545 3313 5618 Turcilingorum.

2330 5615 2350 5648 ³
2382 5618 2480 5673 Hic
2507 5619 2707 5686 aliquid
2737 5618 2929 5676 deesse
2958 5615 3259 5690 suspicatur
3283 5618 3588 5677 Velserus.

2327 5689 2349 5720 ⁸
2377 5689 2530 5757 Sur.,
2565 5688 2776 5760 Thegio.

2327 5762 2347 5792 υ
2367 5728 2870 5832 ἕᾶιῖ.’,ἰῑοὶὶῖ›ἷῖ”ὶ>ει.
2904 5762 2972 5820 de
2991 5761 3189 5832 Natal.,
3213 5761 3408 5821 Bonus.
