4010 6382
179 309 313 366 “95

1500 294 1657 352 VITA
1698 292 1755 352 S.
1797 291 2132 352 SEVERINI.

3315 297 3451 354 1194

177 437 270 482 ora
291 423 462 492 tnagts
485 425 542 474 ut
569 416 785 475 obtutus
811 417 1086 484 vegetetur
1114 405 1352 465 interior.
1384 405 1601 463 Talibus
1627 420 1758 476 ergo
1786 409 1840 470 Α
1865 404 2100 471 nomine,
2161 408 2380 475 repente
2433 401 2687 474 praecepit
2737 402 2805 457 40
2859 400 3066 460 dierum
3115 403 3451 464 districtiore

180 513 400 572 monitis
424 511 759 574 informatus,
777 505 926 562 dedit
949 517 1169 574 operam
1191 501 1357 558 corde
1382 501 1550 570 magis
1574 500 1756 556 videre

181 620 344 676 quam
384 618 632 673 corpore,
666 600 966 667 meruitque
994 597 1194 664 absque
1224 595 1333 649 ullo
1360 593 1572 648 fastidio
1597 593 1758 648 mira-

182 695 363 752 biliter
393 695 446 748 in
487 690 746 747 orationis
778 689 960 758 perfici
985 687 1214 758 jugitate
1244 685 1547 751 continuus,
1583 694 1634 740 et
1664 696 1759 754 per

179 785 531 858 quadraginta
556 784 667 838 fere
692 796 860 837 annos
887 781 938 835 in
967 776 1276 834 monasterii
1300 777 1542 832 excubiis
1572 790 1758 844 perse-

182 892 402 942 verans,
434 875 626 930 eodem
659 888 767 944 quo
803 860 1101 929 conversus
1130 878 1213 928 est
1240 868 1364 926 ﬁdei
1406 867 1585 925 calore
1616 878 1761 924 tran-

177 967 307 1024 sivit
325 968 390 1023 ad
424 968 726 1023 Dominum.

249 1058 342 1114 44.
372 1058 430 1113 1η
460 1058 581 1113 Ioco
608 1060 623 1089 ²
652 1057 835 1111 Boitro
873 1055 1121 1126 superius
1162 1061 1460 1110 memorato
1499 1053 1759 1123 quosdam

177 1157 290 1207 tres
318 1150 608 1204 monachos
639 1149 723 1204 sui
761 1148 1073 1203 monasterii
1107 1147 1294 1202 doctor
1326 1146 1543 1201 humilis
1573 1159 1762 1215 super-

178 1240 284 1296 bia:
329 1240 568 1296 foeditate
605 1254 916 1308 respersos,
949 1240 1076 1294 dum
1117 1253 1214 1308 pro
1252 1239 1362 1292 suis
1393 1236 1633 1308 singulos
1667 1251 1760 1292 ex-

178 1333 424 1389 cessibus
455 1332 780 1401 increpatos,
823 1330 1018 1386 durare
1051 1331 1105 1384 in
1135 1329 1374 1400 pernicie
1411 1327 1760 1398 comprobas-

177 1431 285 1489 set,
317 1424 492 1478 oravit
530 1431 588 1478 ut
621 1438 714 1479 eos
747 1424 1007 1478 Dominus
1038 1423 1096 1478 in
1125 1423 1468 1492 adoptionem
1498 1422 1764 1492 recipiens

178 1519 430 1584 filiorum,
465 1526 684 1588 paterno
708 1521 1019 1590 dignaretur
1042 1519 1252 1590 ﬂagello
1278 1519 1571 1589 corripere.
1609 1518 1765 1575 Prius

177 1626 311 1684 ergo
348 1627 505 1682 quam
551 1611 847 1667 orationem
891 1612 1076 1667 eiIusis
1121 1611 1374 1682 lacrymis
1423 1611 1762 1679 terminaret,

179 1719 291 1760 uno
335 1715 608 1760 momento
654 1705 812 1760 iidem
861 1705 1112 1760 monachi
1156 1706 1403 1762 daemone
1444 1707 1766 1776 corripiente

179 1795 394 1860 vexati,
442 1799 830 1851 contumaciam
879 1811 1030 1851 suam
1069 1798 1408 1867 pectorisque
1439 1798 1656 1865 fastum,
1706 1813 1769 1856 ac

179 1888 491 1957 superbiam
535 1887 712 1942 cordis
733 1929 747 1954 ,
775 1889 1170 1944 miserabilibus
1197 1890 1416 1944 vocibus
1443 1889 1770 1946 fatebantur.

181 1979 341 2036 Absit
369 1990 426 2036 ut
453 1981 702 2051 cuiquam
737 1983 838 2036 hoc
867 1982 1085 2038 crudele
1123 1982 1372 2037 videatur
1400 1992 1492 2037 aut
1521 1985 1768 2052 noxium,

179 2073 308 2144 quia
337 2072 521 2127 traditi
554 2081 679 2127 sunt
701 2072 1232 2142 hujusmodiSatanze
1258 2075 1312 2128 in
1343 2073 1619 2129 interitum
1645 2088 1764 2128 car-

181 2164 288 2228 nis,
314 2164 453 2219 sicut
484 2163 672 2218 beatus
705 2164 864 2218 docet
893 2165 1204 2232 Apostolus,
1240 2172 1295 2217 ut
1326 2163 1549 2232 Spiritus
1591 2163 1771 2219 salvus

183 2256 255 2310 sit
284 2255 336 2308 in
369 2255 456 2310 die
487 2255 702 2309 Domini
733 2255 903 2309 nostri
944 2254 1068 2309 Jesu
1102 2253 1305 2309 Christi
1329 2272 1342 2321 ;
1366 2256 1386 2285 ¹
1418 2269 1539 2310 cum
1586 2254 1774 2310 beatus

185 2347 502 2402 Ambrosius
531 2345 950 2401 Mediolanensis
981 2347 1264 2415 episcopus
1310 2360 1526 2402 servum
1555 2345 1771 2402 Stilico-

195 2444 280 2498 nis
324 2452 597 2497 auctorem
646 2441 901 2496 falsarum
957 2441 1303 2510 epistolarum
1355 2439 1773 2509 deprehensum,

191 2532 391 2589 (ﬁxerit
430 2541 677 2602 eportere
715 2532 850 2587 tradi
876 2531 1108 2596 Satanae,
1150 2546 1218 2587 ne
1257 2531 1379 2586 talia
1419 2530 1473 2585 in
1501 2538 1774 2601 posterum

187 2624 412 2678 auderet
463 2624 785 2692 admittere;
838 2639 996 2694 quem
1037 2624 1230 2680 eodem
1279 2632 1588 2690 momento,
1647 2639 1769 2678 cum

187 2713 365 2770 adhuc
409 2730 592 2770 sermo
633 2725 776 2771 esset
821 2716 872 2770 in
913 2730 1008 2770 ore
1052 2716 1380 2780 sacerdotis,
1413 2713 1630 2783 Spiritus
1675 2715 1777 2768 im-

186 2809 420 2866 mundus
447 2819 718 2877 arreptum
746 2810 911 2878 erepit
930 2807 1284 2878 discerpere.‘
1306 2809 1539 2864 Severus
1566 2820 1776 2878 quoque

186 2901 453 2972 Sulpitius
499 2904 667 2958 refert
721 2919 786 2959 ex
811 2905 1073 2958 relatione
1125 2900 1528 2966 Posthumiani,
1600 2901 1774 2956 virum

186 2995 474 3066 quemdam
501 2997 706 3065 magnis
733 2996 1022 3051 virtutibus
1058 2997 1330 3064 signisque
1357 2993 1676 3060 mirabilem,
1704 2992 1772 3048 ad

185 3087 559 3155 expelle-udam
583 3087 650 3142 de
676 3087 839 3142 corde
869 3102 969 3142 suo
996 3087 1270 3155 jactantiae
1299 3087 1589 3141 vanitatem
1616 3098 1774 3155 quam

184 3179 524 3245 incurrerat,
576 3195 834 3236 exorasse
875 3190 934 3235 ut
975 3181 1240 3250 permissa
1290 3179 1341 3234 in
1391 3194 1450 3234 se
1499 3177 1775 3234 mensibus

183 3271 425 3340 quinque
476 3271 671 3325 diaboli
722 3280 1015 3339 potestate,
1060 3270 1252 3325 similis
1297 3270 1381 3324 his
1436 3267 1591 3324 fieret
1638 3282 1774 3338 quos

185 3361 304 3429 ipse
330 3371 627 3414 curaverat.
664 3361 807 3413 Idem
838 3372 957 3429 post
989 3377 1156 3427 pauca
1184 3379 1195 3411 :
1233 3361 1415 3428 Itaque
1441 3370 1722 3426 correptus
1743 3373 1773 3412 τι

186 3448 459 3512 daemone,
487 3457 664 3501 tentus
706 3449 760 3500 in
790 3449 1036 3512 vinculis,
1078 3448 1254 3502 omnia
1278 3463 1394 3515 quae
1427 3445 1774 3514 energumeni

185 3539 337 3595 ferre
362 3541 539 3594 solent
584 3552 892 3608 perpessus,
926 3538 1114 3607 quinto
1158 3537 1374 3593 demum
1405 3552 1588 3592 mense
1615 3551 1774 3591 cura-

185 3639 278 3686 tus
303 3641 405 3696 est,
461 3647 566 3686 non
614 3639 819 3684 tantum
851 3646 880 3684 a
908 3630 1175 3693 daemone,
1203 3627 1328 3691 sed,
1372 3626 1513 3697 quod
1545 3626 1622 3681 illi
1661 3634 1777 3680 erat

185 3723 376 3778 utilius
407 3733 567 3793 atque
597 3723 852 3794 optatius,
884 3723 952 3778 ab
980 3722 1229 3777 elationis
1252 3721 1510 3774 vanitate.
1537 3718 1774 3774 Prtedic-

187 3824 279 3870 tos
302 3817 482 3885 itaque
524 3816 816 3871 monachos
842 3816 924 3871 vir
958 3815 1050 3870 Dei
1081 3814 1354 3884 delegatos
1391 3811 1649 3867 fratribus
1677 3826 1777 3881 per

183 3904 310 3960 dies
340 3908 692 3976 quadraginta
733 3907 916 3961 arduis
955 3905 1296 3959 abstinentiae
1342 3903 1596 3958 remediis
1626 3916 1776 3956 man-

183 3997 404 4061 cipavit.
441 3997 648 4062 Quibus
686 3996 939 4064 expletis,
972 3995 1094 4049 data
1126 4009 1290 4062 super
1316 4009 1412 4048 eos
1442 3996 1715 4058 oratione,
1746 4007 1776 4048 a

187 4096 460 4156 potestate
489 4086 750 4140 damonis
772 4085 929 4149 eruit,
964 4098 1064 4140 nec
1097 4085 1268 4138 solum
1301 4084 1545 4152 corporis
1577 4084 1780 4138 sanita-

186 4185 326 4243 tem,
375 4175 469 4228 sed
499 4185 552 4230 et
582 4175 775 4229 mentis
815 4173 1073 4242 impertit.
1125 4172 1241 4239 Quo
1273 4169 1416 4227 facto
1444 4181 1633 4226 saneto
1660 4171 1779 4228 viro
1808 4167 1848 4252 ι’

183 4267 508 4321 reverentia:
554 4275 727 4320 terror
773 4264 1039 4332 accrevit,
1072 4271 1128 4320 et
1158 4273 1385 4320 caeteros
1415 4263 1587 4333 major
1614 4262 1779 4319 disci-

187 4355 356 4426 plina:
388 4365 561 4410 metus
586 4355 838 4410 obtinuit.

260 4445 352 4499 45.
401 4448 726 4501 Marcianum
759 4447 1102 4512 monachum,
1157 4445 1246 4515 qui
1279 4452 1464 4514 postea
1496 4443 1778 4516 presbyter

1861 494 2086 565 jejunio,
2135 500 2374 548 venturae
2419 491 2708 547 calamitati
2760 492 3081 550 ahStinentia
3119 493 3364 552 ciborum
3394 508 3451 552 et

1867 585 2117 640 lamentis
2141 597 2448 650 occurrere,
2491 582 2677 640 dicens
2708 600 2721 636 :
2751 582 3004 638 Imminet
3046 583 3140 638 tibi
3171 587 3450 655 corporale

1867 675 2162 744 periculum
2186 717 2200 744 ,
2245 674 2388 744 quod
2428 673 2522 730 Dei
2551 673 2802 743 praasidio
2843 675 2994 743 parvi
3036 676 3190 745 panis
3220 684 3273 731 et
3299 691 3452 748 aqua)

1870 769 2126 824 remediis
2175 767 2434 838 expiabis.
2484 766 2904 838 Quadragesimo
2934 768 3114 839 itaque
3142 769 3228 827 die
3259 773 3456 828 morti-

1868 859 1980 916 fera
2027 860 2221 930 papula
2267 859 2322 914 in
2364 859 2585 913 brachio
2617 857 2907 928 jejunantis
2949 861 3232 930 apparuit,
3291 877 3452 931 quam

1867 967 1991 1008 mox
2046 953 2110 1006 ad
2151 954 2320 1021 ipsum
2363 952 2640 1021 ingressus
2684 950 2997 1021 suppliciter
3043 952 3450 1011 demonstravit.

1867 1042 1963 1100 Cui
1996 1051 2212 1098 sanctus
2251 1045 2344 1101 Dei
2388 1042 2653 1098 famulus:
2683 1042 2801 1097 Noli
2838 1051 3082 1100 metuere
3129 1046 3456 1114 praenuntia-

1870 1143 1978 1190 tum
2013 1134 2107 1190 tibi
2148 1142 2273 1190 ante
2301 1133 2414 1190 dies
2441 1132 2789 1204 quadraginta
2819 1133 3132 1203 discrimen,
3163 1135 3456 1205 statimque

1871 1228 2089 1297 propria
2118 1241 2278 1281 manu
2311 1227 2462 1297 signo
2495 1226 2670 1282 erucis
2703 1225 2962 1293 obducto,
3009 1226 3332 1285 mirantibus
3361 1230 3453 1298 qui

1872 1317 2115 1386 aderant,
2152 1317 2346 1387 papula
2391 1317 2600 1372 lethalis
2648 1318 2881 1373 evanuit.
2919 1318 3029 1374 IIoc
3069 1335 3231 1376 unum
3260 1321 3327 1376 de
3358 1322 3457 1376 do-

1871 1413 2109 1470 mesticis
2139 1411 2456 1467 sanitatibus
2500 1424 2753 1467 narrasse
2797 1411 3051 1477 sufficiat,
3100 1413 3289 1482 prolixi
3321 1428 3456 1482 ope-

1871 1507 1948 1562 ris
1981 1503 2250 1561 fastidium
2275 1501 2621 1559 declinando.
2651 1502 2782 1556 Nam
2811 1503 3008 1570 saepius
3047 1516 3268 1559 suorum
3298 1506 3451 1574 aegri-

1875 1596 2090 1652 tudines
2117 1593 2503 1650 monachorum
2539 1590 2756 1648 Christo
2781 1591 2882 1648 sibi
2910 1593 3180 1648 rcvelante
3207 1609 3456 1664 premun-

1877 1689 2040 1756 tians,
2074 1687 2266 1745 iisdem
2318 1685 2510 1756 quibus
2550 1683 2874 1754 pratvidebat
2919 1685 3227 1742 muneribus
3268 1694 3324 1744 et
3366 1700 3456 1742 sa-

1800 1789 1845 1850 B
1875 1781 2057 1838 nabat.

1948 1853 2037 1934 lt].
2069 1854 2113 1934 ᾼ
2150 1851 2548 1934 discipulorum.
2575 1862 2790 1934 suorum
2825 1865 3040 1934 quoque
3068 1849 3454 1934 cellula__spiri-

1877 1925 2038 1979 tualis
2063 1923 2252 1979 doctor
2281 1921 2385 1978 non
2409 1921 2616 1993 longius
2640 1922 2932 1986 habitabat,
2956 1921 3008 1977 in
3037 1923 3372 1977 orationibus
3397 1934 3456 1978 et

1875 1995 2198 2049 abstinentia
2237 1994 2435 2063 jugiter
2465 2007 2840 2063 perseverans,
2890 2006 3013 2047 cutn
3057 1993 3248 2061 quibus
3276 2002 3457 2048 tamen

1876 2067 2169 2119 matutinas
2217 2066 2488 2119 orationes
2529 2073 2584 2119 et
2640 2064 2912 2132 propriam
2964 2067 3135 2118 noctis
3191 2064 3458 2133 principio

1877 2136 2232 2205 psalmodiam
2279 2134 2594 2191 solemniter
2642 2134 3006 2201 adimplebat;
3073 2135 3274 2203 reliqua
3327 2149 3460 2190 vero

1876 2206 2181 2261 orationum
2202 2215 2446 2274 tempora
2475 2208 2528 2260 in
2549 2218 2710 2273 parvo
2738 2205 3043 2272 complebat
3067 2205 3326 2268 oratorio,
3353 2220 3460 2274 quo

1876 2278 2148 2330 manebat.
2200 2274 2256 2328 In
2305 2276 2496 2342 quibus
2540 2288 2684 2341 smpe
2720 2274 3030 2328 ccelestthus
3072 2275 3462 2332 informabatur

1876 2347 2137 2411 oraculis;
2188 2345 2352 2400 multa
2386 2347 2561 2400 futura
2595 2358 2689 2412 per
2721 2344 2815 2398 Dei
2845 2344 3071 2414 gratiam
3107 2344 3459 2413 prmdicabat,

1876 2418 2162 2472 multorum
2196 2416 2356 2470 etiam
2405 2415 2616 2470 occulta
2661 2427 3012 2483 cognoscens,
3063 2423 3120 2468 ut
3170 2429 3306 2483 opus
3346 2428 3464 2470 erat

1876 2486 2186 2557 proferebat
2237 2485 2289 2539 in
2338 2487 2594 2551 medium,
2620 2492 2674 2557 et
2714 2485 2938 2556 singulis
2987 2484 3270 2557 remedia,
3303 2498 3466 2553 prout

1877 2555 2134 2627 poscebat
2191 2557 2380 2611 modus
2430 2555 2820 2627 aegritudinis,
2854 2555 3186 2627 providebat.
3247 2556 3462 2612 Stratus

1877 2626 1994 2696 ejus
2016 2643 2177 2682 unum
2205 2639 2320 2682 erat
2351 2629 2401 2681 in
2432 2626 2651 2681 oratorii
2685 2629 2992 2694 pavimento
3022 2626 3283 2692 cilicium,
3314 2629 3463 2683 omni

1877 2707 2118 2765 tempore
2169 2701 2287 2769 ipso
2333 2713 2439 2766 quo
2468 2697 2798 2769 vestiebatur
2843 2697 3064 2762 amictu,
3109 2699 3280 2769 etiam
3334 2697 3463 2752 dunt

1875 2767 2207 2838 quiesceret,
2249 2771 2519 2824 utebatur.
2561 2767 2842 2838 Nunquam
2873 2775 2996 2823 ante
3040 2767 3170 2838 solis
3212 2780 3464 2823 occasum

1876 2837 1984 2896 nisi
2016 2850 2162 2896 certa
2192 2841 2351 2895 solvit
2383 2838 2670 2896 festivitate
2711 2837 2993 2907 jejunium.
3031 2837 3467 2906 Quadragesimte

1878 2925 2010 2967 vero
2051 2910 2387 2980 temporibus
2427 2925 2548 2980 una,
2585 2924 2686 2980 per
2716 2907 3140 2980 hebdomadam,
3170 2910 3465 2980 refectione

1877 2979 2186 3049 Contentus,
2230 2982 2425 3050 aequali
2467 2979 2644 3034 vultus
2677 2979 2947 3035 hilaritate
2985 2979 3241 3048 fulgebat.
3275 2979 3466 3035 Aliena

1877 3051 2030 3122 quasi
2061 3052 2275 3122 propria
2307 3061 2484 3108 errata
2523 3050 2750 3119 deflens,
2800 3051 2993 3121 quibus
3022 3058 3234 3120 poterat
3272 3053 3464 3122 ικαὶδὶ-

1800 3156 1848 3222 C
1881 3123 1986 3180 diis
2017 3122 2370 3195 temperabat.
2484 3215 2516 3222 _
2571 3146 2636 3222 -ζ

2476 3213 2703 3273 CAPUT
2753 3214 2843 3272 XI.

1880 3309 2097 3366 Mortem
2126 3325 2274 3367 suam
2303 3310 2558 3378 prxdicit,
2585 3323 2794 3430 magiae
2817 3323 2960 3378 reges
2991 3306 3197 3362 monitis
3225 3307 3455 3377 instruit,

2638 3391 2668 3429 ο
2705 3394 2718 3429 t
2749 3417 2762 3430 .

2638 3391 2762 3432 ουκ.

1948 3467 2040 3526 48.
2084 3468 2289 3524 Deinde
2317 3475 2440 3536 post
2467 3467 2664 3524 multos
2692 3481 2896 3538 agones
2916 3476 2970 3523 et
2995 3467 3246 3525 diuturna
3282 3482 3459 3527 certa-

1879 3541 2044 3606 mina,
2073 3553 2196 3593 cum
2219 3554 2278 3593 se
2300 3539 2487 3593 beatus
2514 3537 2806 3594 Severinus
2829 3539 2896 3594 de
2924 3539 3026 3594 hoc
3057 3543 3257 3596 saeculo
3290 3551 3467 3600 trans-

1881 3610 2080 3662 iturum
2130 3608 2355 3663 Domino
2409 3612 2686 3663 revelante
2751 3611 3044 3678 sensisset,
3106 3622 3464 3668 memoratum

1881 3679 2156 3750 [iugorum
2173 3694 2350 3747 regem
2379 3679 2576 3733 Favam
2598 3693 2720 3732 cum
2741 3695 2907 3734 uxore
2929 3681 3044 3746 ejus
3060 3681 3459 3750 crudelissima,

1879 3751 2095 3803 nomine
2127 3748 2290 3815 Gisa,
2333 3752 2397 3802 ad
2433 3765 2494 3806 se
2531 3751 2718 3805 venire
2753 3753 3105 3806 commonuit.
3139 3752 3308 3819 Quem
3340 3748 3462 3809 cum

1878 3821 2203 3875 Saltttartbus
2227 3822 2543 3875 exhortatus
2570 3828 2715 3875 esset
2741 3820 3016 3887 affatibus,
3042 3823 3112 3877 ita
3138 3835 3194 3878 ut
3213 3838 3337 3878 cum
3361 3825 3462 3880 sibi

1880 3891 2154 3964 subjectis?
2177 3901 2392 3964 ageret,
2433 3906 2542 3964 quo
2578 3907 2638 3945 se
2661 3890 3153 3964 jugitereogitaret
3186 3909 3282 3964 pro
3313 3904 3458 3951 statu

1880 3966 2028 4035 regni
2074 3963 2156 4035 sui
2209 3962 2469 4035 rationem
2521 3961 2748 4035 Domino
2785 3961 3127 4035 redditurum
3157 3961 3197 4032 ,⁷
3238 3964 3466 4035 aliisque

1879 4032 2058 4085 verbis
2100 4031 2364 4105 intrepide
2410 4033 2732 4105 monuisset,
2781 4031 2802 4063 ⁵
2833 4043 3079 4105 protenta
3119 4031 3278 4088 manu
3321 4031 3468 4105 regis

1849 4161 1860 4176 ν
1881 4103 2396 4176 pectusostendens,
2416 4104 2657 4176 reginam
2680 4103 3188 4176 interrogationibus
3209 4103 3466 4174 arguebat

1881 4171 2005 4226 his:
2038 4173 2216 4245 Hane,
2245 4171 2731 4245 inquit,_animam,
2764 4171 2923 4245 Gisa’,
2955 4189 3021 4228 an
3053 4190 3241 4233 aurum
3272 4171 3465 4245 argen-

1883 4250 2100 4311 tumque
2130 4243 2246 4314 plus
2268 4241 2744 4314 diligisiCumque
2772 4244 2863 4298 illa
2895 4245 3142 4300 maritum
3174 4260 3234 4302 se
3259 4241 3466 4302 diceret

1815 4357 1826 4364 .
1880 4315 2088 4386 cunctis
2131 4313 2323 4386 opibus
2360 4313 2627 4386 anteferre
2650 4313 2666 4380 ,
2689 4315 2770 4371 vir
2816 4314 2910 4370 Dei
2940 4315 3210 4385 sapienter
3241 4332 3253 4369 :
3291 4317 3462 4386 Ergo.

1881 4382 2081 4455 inquit,
2131 4382 2322 4438 desine
2368 4384 2684 4440 innocentes
2724 4382 3062 4455 opprimere,
3114 4401 3184 4442 ne
3238 4382 3457 4443 illorum

1879 4452 2103 4507 afflictio
2131 4463 2362 4508 vestram
2395 4456 2564 4524 magis
2599 4452 2827 4524 dissipet
2864 4452 3223 4523 potestatem:
3253 4459 3454 4516 etettitn

185 4547 320 4592 ante
351 4553 446 4592 nos
479 4541 806 4593 monasterio
837 4539 1081 4609 praefuit,
1125 4540 1189 4592 ad
1221 4539 1475 4593 Noricum
1505 4553 1624 4593 cum
1674 4539 1778 4594 Re-
1806 4537 1859 4597 Ι)
1885 4529 2110 4609 ςυνεφρε
2134 4527 2597 4605 ηιωιξυειυίὲίηειη
2623 4525 2759 4595 regis
2781 4527 3066 4609 EOPMHP:
3093 4527 3160 4581 Αι
3191 4527 3277 4609 “'3
3297 4546 3309 4580 ε
3330 4530 3458 4609 βυτ,

189 4637 324 4682 nato
353 4629 516 4683 fratre
545 4629 834 4684 direxerat.
879 4630 1089 4684 Etcum
1121 4631 1234 4685 dies
1259 4629 1449 4684 tertius
1481 4629 1771 4697 laberetur,

181 4721 263 4774 ait
293 4719 577 4774 fratribus:
604 4722 787 4786 Orate,
817 4722 1141 4789 charissimi,
1160 4722 1279 4791 quia
1305 4724 1483 4792 gravis
1511 4724 1611 4777 hac
1641 4724 1774 4778 hora

177 4810 522 4865 Marcianum
547 4810 816 4866 tribulatio
844 4813 1152 4881 comprimit
1179 4826 1230 4867 et
1259 4813 1546 4877 Renatum,
1579 4813 1649 4868 de
1668 4827 1774 4883 qua

177 4911 368 4956 tamen
401 4901 558 4956 citius
587 4902 786 4956 Christi
824 4904 1196 4958 liberabuntur
1224 4905 1443 4959 auxilio.
1478 4905 1627 4960 Tunc
1651 4920 1773 4960 mo-

177 4993 371 5059 nachi,
415 5009 533 5062 qua:
571 4996 637 5048 ab
676 5009 741 5050 eo
782 4996 922 5050 dicta
968 4999 1385 5069 sunt.protinus
1435 5006 1769 5065 annotantes,

176 5085 294 5138 “iis
325 5093 442 5152 post
464 5099 679 5141 menses
708 5087 962 5154 plurimos
992 5086 1360 5153 redeuntibus,
1388 5088 1530 5143 diem
1561 5088 1776 5144 horam-

175 5189 290 5244 que
335 5175 553 5242 periculi
599 5192 701 5245 qua
753 5178 1010 5232 barbaros
1053 5187 1341 5234 evaserant
1383 5179 1770 5250 indicantibus,

175 5268 328 5320 sicut
357 5265 696 5334 signaverant
725 5269 1179 5337 approbaverunt.

253 5353 346 5408 46.
378 5355 508 5409 Item
563 5355 904 5414 beatissimus
952 5361 1245 5418 Severinus
1292 5361 1578 5432 monacho,
1626 5363 1766 5423 Urse

257 5517 276 5590 ξ
307 5517 457 5590 Sura,
487 5517 726 5573 Barotro.
762 5520 917 5586 ΒΘΗ..
953 5522 1174 5590 Bolotlo,
1205 5504 1486 5582 mendose.

253 5587 276 5618 ³
309 5587 489 5665 Refert
541 5590 594 5644 id
637 5591 985 5648 Paulinus.in
1027 5587 1335 5652 Vita'aancti
1381 5597 1680 5665 Ambrosii,
1729 5599 1760 5652 7

173 5655 442 5722 Decemb.

254 5724 275 5757 ³
303 5725 514 5800 Ιὶὶθιοεψ
549 5743 587 5791 ι,
621 5743 740 5800 cap.
797 5732 850 5796 5,
899 5731 1233 5805 referturque
1281 5737 1372 5795 lib.
1421 5757 1471 5793 tv
1515 5739 1582 5794 de
1625 5737 1762 5795 Vitis

467 5819 735 5884 i’t'rnon.
787 5827 984 5886 LXII.

1883 4595 2088 4667 inquit,
2112 4609 2209 4649 nos
2237 4597 2315 4648 sic
2343 4595 2566 4667 accipis,
2597 4611 2750 4667 serve
2780 4597 2909 4652 Dei?
2935 4595 3029 4653 Cui
3050 4596 3200 4667 ipse:
3227 4597 3459 4656 Contes-

1883 4673 1988 4729 tor,
2019 4665 2126 4728 ait,
2155 4679 2250 4718 vos
2284 4679 2382 4732 ego
2405 4666 2619 4720 humilis
2645 4666 2758 4735 jam
2799 4665 3139 4737 profecturus
3169 4668 3238 4724 ad
3278 4669 3459 4726 Douti-

1881 4749 2006 4809 num
2028 4774 2040 4796 ,
2075 4738 2225 4809 ut‘ab
2253 4737 2446 4804 iniquis
2476 4738 2682 4792 actibus
2714 4747 3102 4804 temperantes,
3136 4740 3240 4809 piis
3275 4756 3456 4796 mores

1883 4806 2178 4878 ltoncstetis
2206 4809 2477 4874 operibus.
2502 4809 2542 4863 II
2555 4821 2785 4875 ucusque
2807 4823 3027 4878 regnum
3057 4806 3293 4865 vestrum
3327 4825 3459 4867 auc—

1884 4885 1999 4949 tore
2042 4877 2299 4949 Domino,
2359 4888 2726 4946 prosperatum
2774 4877 2886 4944 est,
2924 4880 3038 4949 jam
3092 4895 3158 4934 ex
3209 4881 3310 4934 hoc
3359 4898 3456 4938 vos

1882 4946 2145 5020 videritis.
2185 4947 2278 5020 llis
2307 4950 2526 5020 monitis
2568 4963 2662 5020 rex
2709 4964 2828 5003 cum
2870 4946 3096 5020 conjuge
3126 4949 3456 5010 sufficienter
3513 4961 3526 4983 τ

1879 5015 2148 5087 instructi,
2181 5018 2540 5075 valedicentes
2570 5019 2618 5071 ei
2649 5023 2868 5087 profecti
2896 5015 3020 5074 sunt

1949 5084 2041 5139 49.
2065 5086 2214 5140 Tunc
2238 5096 2453 5141 sanctus
2474 5104 2576 5143 non
2592 5084 2870 5144 desinebat
2892 5093 2958 5145 de
2987 5104 3096 5144 sum
3116 5089 3453 5150 migrationis

1876 5156 2073 5232 vicinia
2096 5171 2222 5210 suos
2247 5158 2443 5227 alloqui
2459 5159 2738 5232 dulcedine
2758 5161 3056 5232 cltaritatis,
3077 5156 3216 5229 quod
3234 5164 3452 5232 quidem

1874 5226 2346 5304 facere__rtec_ante_
2366 5226 2692 5284 Cessaverat.
2715 5231 2945 5300 Scitote,
2974 5226 3152 5304 inquit
3169 5272 3183 5296 ,
3219 5226 3414 5304 fratres
3434 5280 3449 5304 ,

1872 5299 2010 5373 sicut
2032 5297 2168 5352 filios
2186 5297 2347 5352 Israel
2363 5309 2572 5373 constat
2589 5309 2804 5373 ereptos
2820 5297 2938 5357 esse
2956 5301 3022 5355 de
3046 5297 3182 5359 terra
3207 5297 3449 5373 Egypti,

1870 5367 1937 5423 ita
1965 5377 2214 5426 cunctum
2246 5371 2496 5441 populum
2524 5367 2874 5442 terrae'hujus
2911 5382 3123 5441 oportet
3149 5373 3216 5428 ab
3247 5367 3447 5446 itij'u'sta

2195 5533 2222 5562 l‘.‘

2195 5533 2222 5562 ,.

1870 5529 2272 5677 fﬁ'séiiiinods
2317 5604 2507 5660 scribit
2550 5618 2672 5661 eunt
2725 5604 2926 5676 regina:
2974 5619 3185 5662 manum
3217 5606 3454 5677 prehen-

1869 5672 2032 5741 disse,
2072 5689 2370 5746 perperam,
2405 5686 2460 5729 ut
2492 5683 2658 5746 patet.

2898 5834 2975 5896 38
