4010 6382
264 319 400 377 H97

1564 304 1723 363 Vl'l'A
1761 302 1822 361 S.
1860 302 2199 364 SEVERINI.

3380 303 3519 361 H98

259 434 280 467 ⁸
306 431 616 489 Avicianum
662 425 879 483 nomine
924 422 1182 491 compulit
1230 419 1463 492 diripere
1514 426 1829 476 memorata.
1858 418 1913 482 Α
1938 420 2145 492 ratione
2172 416 2471 492 perductus
2522 426 2643 492 est,
2672 417 2761 489 qui
2790 417 2916 474 dum
2945 419 3001 475 in
3033 420 3362 492 oratorium,
3405 437 3514 492 quo

258 504 358 571 Qui
387 499 631 571 quamvis
653 497 847 551 invitus
879 501 1142 571 praecepta
1173 491 1473 571 perficiens,
1502 506 1626 571 mox
1651 500 1827 545 tamen
1870 516 1879 525 -

259 562 650 628 incessabiliter
670 562 896 622 vexatus
915 562 1150 618 omnium
1176 562 1536 617 membrorum
1567 570 1823 624 tremore,

257 643 524 699 daemonio
542 654 752 710 quoque
770 634 1154 710 corripitur._ls
1176 648 1304 699 ergo
1329 634 1585 687 velociter
1604 632 1829 710 consilio

258 714 487 769 meliore
530 704 772 763 correxit
819 717 1014 761 errata.
1066 706 1323 771 Suscepto
1370 718 1597 766 namque
1629 704 1829 767 profes-

258 784 425 840 sionis
452 791 648 836 sanctae
676 777 979 845 proposito,
1027 778 1078 829 in
1122 776 1310 828 insulm
1356 774 1641 845 solitudine
1664 776 1828 830 armis

257 852 572 909 cmlestibns
600 844 951 913 mancipatus,
971 847 1170 900 militiae
1191 844 1539 899 commutavit
1567 844 1823 900 officium.

258 924 567 980 Fridericus
615 934 793 974 autem
820 960 835 980 ,
870 920 1152 971 immemor
1174 918 1577 970 contestationis
1606 925 1659 969 et
1686 931 1826 982 pra:-

258 996 390 1062 sagii
421 994 588 1047 sancti
608 992 709 1044 viri
736 1036 749 1057 ,
782 990 987 1062 abrasis
1008 987 1255 1062 omnibus
1301 985 1611 1062 monasterii
1642 988 1823 1062 rebus,

257 1058 492 1136 parietes
523 1072 893 1136 tantum,qi_ios
921 1058 1162 1136 Danubio
1180 1073 1282 1136 non
1314 1060 1481 1136 potuit
1514 1060 1823 1136 transferre,

258 1126 479 1191 dimisit.
514 1132 617 1188 Sed
649 1126 852 1184 mox'iti
887 1146 1007 1183 eum
1036 1130 1168 1182 ultio
1198 1129 1504 1182 denuntiata
1536 1126 1777 1195 pervenit
1808 1145 1824 1193 ;

257 1222 380 1261 nam
403 1206 535 1257 intra
567 1203 765 1255 mciisis
792 1200 1018 1270 spatium
1041 1214 1071 1253 a
1096 1200 1369 1253 Friderico
1401 1198 1579 1270 fratris
1612 1199 1719 1251 lilio
1741 1198 1822 1251 in-

256 1276 508 1330 lcrfcctus
534 1274 766 1337 praedam
790 1268 988 1335 pariter
1010 1271 1182 1322 amisit
1203 1279 1255 1323 et
1285 1270 1463 1323 vitam.
1490 1268 1827 1336 Quapropter

252 1360 347 1402 res
375 1342 603 1400 Otachar
633 1344 654 1374 ³
681 1342 843 1409 Rugis
873 1340 1048 1394 intulit
1082 1340 1298 1402 bellum,
1328 1338 1518 1409 quibus
1541 1340 1703 1392 etiam
1733 1342 1826 1394 de—

249 1416 411 1471 Victis
445 1425 501 1468 et
531 1408 806 1466 Friderico
832 1412 1031 1477 fugato,
1061 1420 1211 1479 patre
1236 1424 1448 1479 quoque
1475 1408 1613 1463 Fava
1643 1420 1821 1475 capto,

247 1500 376 1541 eum
406 1485 471 1539 ad
502 1484 702 1537 Italiam
728 1498 850 1537 cum
875 1481 1028 1535 noxia
1056 1481 1280 1551 conjuge
1308 1493 1470 1549 supra
1510 1490 1823 1547 memorata,

246 1556 501 1613 videlicet
525 1553 672 1619 Gisa,
701 1552 1111 1619 transmigravit.

322 1627 413 1683 55.
464 1626 590 1679 Post
635 1624 857 1678 audens
899 1622 1038 1678 idem
1084 1620 1331 1676 Odacbar
1381 1620 1705 1677 Fridericum
1754 1621 1822 1676 ad

246 1698 467 1770 propria
493 1694 1042 1770 revertissetstatim
1065 1690 1279 1770 fratrem
1322 1707 1476 1747 suum
1519 1692 1672 1770 misit
1699 1707 1823 1748 cum

245 1762 432 1825 inultis
460 1765 783 1821 exercitibus
824 1764 845 1797 ³
874 1762 1247 1830 Aoatilphum,
1282 1771 1407 1817 ante
1442 1778 1599 1832 quem
1641 1762 1816 1816 denuo

245 1838 456 1904 fugiens
507 1835 842 1899 Fridericus,
874 1837 939 1888 ad
979 1833 1001 1865 ⁸
1031 1832 1419 1887 Theodoricom
1473 1849 1680 1904 regem,
1724 1835 1813 1902 qui

245 1918 376 1965 tunc
424 1907 561 1969 apud
614 1908 635 1939 '
690 1906 890 1960 Novam
941 1906 1215 1960 civitatem
1270 1904 1563 1973 provincia:
1615 1903 1817 1959 Moesia;

243 1977 583 2042 morabatur,
628 1976 896 2044 profectus
944 1986 1049 2029 est.
1077 1974 1341 2029 Aonullus
1371 1991 1497 2029 vero
1550 1988 1818 2041 praecepto

244 2049 428 2105 fratris
444 2049 766 2115 admonitus,
786 2044 1243 2115 universosjinsit
1270 2045 1335 2098 ad
1362 2047 1561 2099 Italiam
1587 2048 1817 2115 migrare

243 2119 539 2176 Romanos.
589 2118 738 2171 'l‘iinc
779 2133 967 2171 omnes
1014 2116 1203 2171 incola
1247 2124 1496 2183 tanquam
1538 2116 1608 2169 de
1654 2116 1817 2172 domo

241 2190 517 2257 servitutis
542 2187 836 2259 Egyptite,
856 2258 863 2259 ί
886 2188 954 2259 ita
982 2186 1049 2259 de
1074 2184 1384 2259 quotidiana
1430 2186 1675 2259 barbarie
1706 2186 1814 2259 fres

239 2255 623 2330 quentiSsimat
649 2255 1069 2330 depraedationis
1097 2255 1293 2311 educti
1313 2298 1327 2319 ,
1347 2257 1545 2330 sancti
1572 2258 1815 2313 Severini

240 2326 457 2386 oracula
488 2336 873 2398 cognoverunt.
901 2326 1065 2396 Cujus
1107 2326 1359 2398 prmeepti
1389 2341 1494 2380 non
1534 2327 1818 2382 immemor

241 2396 576 2456 venerabilis
601 2409 783 2453 noster
828 2399 1104 2467 presbyter
1133 2396 1385 2467 Lucilius,
1418 2398 1548 2467 dum
1584 2398 1817 2452 universi

242 2484 340 2541 per
382 2470 637 2524 Comitem
668 2470 689 2501 ⁸
718 2469 947 2541 Pieriiim
987 2466 1440 2541 compellerentur
1468 2466 1637 2531 exire,
1665 2482 1817 2541 pne.

240 2538 402 2597 inissa
431 2554 551 2595 cum
588 2540 865 2595 monachis
896 2552 1134 2605 vesperae
1165 2538 1491 2605 psa’modia,
1525 2538 1817 2603 sepultura;

240 2612 415 2666 locum
471 2611 699 2668 imperat
742 2612 958 2675 aperiri.
998 2604 1123 2674 ’Quo
1156 2604 1457 2674 patefacto,
1510 2616 1670 2661 tantae
1718 2625 1818 2666 nos

234 2681 516 2737 suavitatis
566 2679 855 2747 fragrantia
898 2692 1086 2732 omnes
1124 2678 1534 2732 circumstantes
1573 2681 1814 2747 accepit,

237 2762 297 2806 ut
324 2766 431 2818 prtc
462 2751 627 2805 nimio
663 2752 854 2819 gaudio
880 2758 937 2803 et
964 2750 1319 2802 admiratione
1348 2758 1820 2819 prosterneremur

233 2821 291 2879 in
320 2830 535 2875 terram.
568 2818 770 2875 Deinde
800 2820 1100 2873 humaniter
1121 2820 1445 2873 te~tiinaiites
1467 2833 1589 2872 ossa
1611 2818 1816 2875 funeris

232 2893 479 2950 invenire
509 2892 769 2957 disiuncta
801 2894 948 2959 (nam
970 2906 1141 2943 annus
1164 2891 1183 2921 '
1231 2900 1416 2943 sextus
1464 2890 1817 2957 depositionis

231 2962 355 3033 ejiis
374 2960 708 3032 effluxerat),
733 2963 989 3030 integram
1016 2962 1257 3027 corporis
1280 2975 1592 3033 compagem
1614 2963 1818 3030 reperi-

231 3032 377 3089 mus.
403 3033 519 3098 Quo
552 3034 801 3085 miraculo
829 3035 1117 3086 immensas
1155 3032 1352 3099 gratias
1382 3032 1668 3086 retulimus
1690 3048 1814 3085 om-

231 3102 380 3158 nium
420 3102 705 3169 conditoii,
737 3104 856 3170 quia
910 3102 1139 3157 cadaver
1176 3103 1383 3165 sancti,
1428 3102 1479 3154 in
1528 3117 1635 3169 quo
1667 3104 1812 3158 nulla

1936 489 2104 544 sancti
2134 490 2234 565 viri
2264 489 2643 565 corpusculum
2664 503 2827 565 super
2846 505 3057 547 carrum
3079 491 3312 565 positum
3335 489 3511 565 adhuc

1933 561 2307 629 permanebat,
2355 560 2529 616 alacer
2580 561 2945 627 pervenisset,
2992 579 3056 619 ac
3082 560 3185 617 sub
3223 578 3290 617 eo
3328 564 3511 620 clauso

1931 632 2041 683 oris
2072 632 2153 684 sui
2204 632 2345 686 ostio
2372 630 2423 685 in
2452 630 2632 685 cordis
2680 632 2927 686 cubiculo
2971 634 3332 700 supplicaret,
3364 634 3509 689 illico

1933 700 2109 772 lingua
2137 704 2253 771 ejus
2276 705 2325 756 in
2354 703 2651 756 orationem
2685 706 2921 757 resomta
2945 704 3158 759 laudem
3186 703 3317 757 dixit
3349 702 3513 758 Altis-

1930 773 2087 827 simo.
2120 772 2359 839 Cumque
2417 788 2664 827 reversus
2690 774 2753 826 ad
2794 774 3086 839 hospitium
3108 815 3124 839 ,
3156 790 3262 839 quo
3306 774 3511 842 suscipi

1929 854 2303 907 consueverat,
2319 846 2672 911 interrogatus
2696 845 2876 899 fuisset
2903 860 2966 899 ex
2991 861 3159 911 more,
3178 856 3306 899 nutu
3330 846 3511 913 signo.

1931 929 2035 981 que
2059 916 2297 983 pulsatus
2317 956 2331 976 ,
2360 927 2413 968 et
2438 930 2620 969 orasse
2648 931 2707 967 se
2744 925 2795 969 et
2827 917 3035 971 laudem
3066 917 3171 968 Deo
3211 915 3498 983 obtulisse,

1930 985 2072 1038 clara
2100 1002 2229 1041 voce
2251 987 2547 1050 respondit.
2572 988 2686 1049 Ouo
2714 987 2964 1055 loquente
2989 985 3248 1052 pavefacti
3272 985 3357 1052 qui
3378 998 3503 1040 eum

1930 1068 2230 1118 noverant,
2286 1058 2349 1109 ad
2400 1058 2693 1111 oratorium
2739 1072 2858 1109 cum
2910 1058 3143 1110 clamore
3190 1067 3501 1125 currentes,

1929 1136 2113 1208 sancto
2143 1127 2349 1208 Lucilio
2380 1128 2693 1208 presbytero
2745 1128 3012 1208 simulque
3051 1127 3333 1208 ηοῧῖβνξψῖ
3377 1141 3501 1182 cum

1930 1197 2019 1267 illo
2062 1214 2273 1252 eramus
2301 1197 2668 1266 ignorantibus
2706 1200 2829 1267 quid
2870 1208 3125 1252 evenerat
3180 1198 3501 1267 indicarunt.

1929 1266 2079 1320 Tunc
2109 1286 2296 1324 omnes
2318 1270 2645 1322 exsultantes
2662 1269 2713 1322 in
2730 1266 2955 1335 gaudio,
2980 1269 3175 1323 divinat
3203 1266 3505 1324 clementia

1926 1341 2213 1408 gratiarum
2246 1339 2519 1394 retulimus
2543 1342 2805 1394 actiones.
3510 1400 3517 1405 ,

1998 1410 2088 1463 57.
2117 1412 2275 1478 Igitur
2305 1410 2527 1465 illustris
2560 1410 2753 1464 femina
2785 1414 2806 1444 ⁸
2836 1410 3087 1466 Barbaria
3142 1409 3360 1464 beatum
3404 1409 3517 1465 Se-‘

1927 1481 2189 1543 veriniiiu,
2241 1496 2399 1548 quem
2433 1481 2567 1535 fama
2597 1481 2677 1535 vel
2708 1482 2896 1535 litteris
2938 1497 3057 1535 cum
3104 1496 3203 1536 suo
3224 1479 3495 1546 quondam

1920 1552 2314 1635 jugali‘otitime
2342 1547 2600 1635 noverat,
2652 1552 2897 1635 religiosa
2931 1552 3213 1635 devotione
3244 1560 3502 1635 venerata

1925 1622 2027 1679 est.
2060 1622 2191 1687 Qute
2215 1638 2333 1675 cum
2366 1633 2481 1689 post
2511 1623 2712 1676 Oililll'lt
2736 1622 2852 1691 ejus
2871 1624 3093 1677 audiens
3120 1622 3500 1691 corpusculum

1928 1694 2109 1751 Sancti
2144 1694 2194 1746 in
2227 1694 2426 1748 Italiam
2462 1695 2629 1747 multo
2659 1692 2845 1749 labore
2892 1694 3206 1760 perductum
3254 1702 3309 1746 et
3335 1703 3505 1759 usque

1924 1767 1989 1819 ad
2023 1763 2148 1816 illud
2180 1776 2385 1829 tempus
2415 1774 2571 1817 terra:
2600 1765 2894 1819 nullatenus
2923 1763 3379 1824 commendatum,
3406 1776 3505 1815 ve-

1920 1834 2212 1891 nerabilem
2237 1835 2603 1906 presbyterum
2632 1845 2869 1889 nostrum
2894 1836 2936 1866 ¹⁸
2960 1835 3003 1888 Μ
3022 1836 3307 1906 irciaiium,
3328 1831 3420 1906 sed
3446 1838 3506 1885 et

1918 1914 2164 1961 cuni-tam
2196 1903 2661 1975 congregationem
2686 1906 2877 1959 litteris
2906 1904 3268 1975 frequentibus
3299 1903 3505 1975 invita;

1916 1980 2011 2032 vit.
2044 1975 2194 2029 Tunc
2228 1973 2414 2029 sancti
2440 1976 2636 2030 Gelasii
2678 1979 2820 2030 sedis
2862 1977 3017 2030 Rom.
3054 1973 3239 2041 pontif.
3271 1973 3504 2025 auctori-

1920 2055 2027 2102 tate
2089 2056 2144 2100 et
2212 2044 2557 2113 Neapolitano
2628 2049 2823 2114 populo
2865 2047 3134 2115 exsequiis
3193 2042 3504 2115 reverendis

1916 2126 2251 2181 occurrente,
2280 2120 2331 2172 in
2361 2117 2639 2172 castello“
2674 2112 2964 2171 Lucullano
2990 2112 3085 2187 per
3114 2112 3501 2187 manus_san_cti

1921 2188 2149 2244 Victoris
2179 2190 2450 2253 episc0pi,
2485 2188 2775 2251 inausoleo,
2807 2188 2947 2253 quod
2991 2182 3246 2254 praedicta
3298 2182 3497 2239 femina

1917 2257 2157 2315 condidit
2186 2256 2228 2288 "
2255 2273 2319 2311 ex
2355 2267 2504 2321 parte
2533 2258 2850 2312 collocatum
2886 2271 2986 2312 est.

1992 2329 2081 2383 5'8.
2117 2328 2229 2393 Qua
2256 2327 2570 2382 cefeliritate
2594 2330 2741 2381 multi
2778 2327 3120 2395 languoribus
3149 2324 3377 2379 diversis
3412 2322 3500 2377 af-

1919 2399 2067 2463 ﬂicti,
2092 2412 2226 2463 quos
2252 2413 2533 2452 recensere
2559 2400 2768 2467 longum
2793 2409 2899 2461 cst,
2917 2405 3239 2463 receperunt
3258 2396 3502 2467 protinus

1918 2470 2226 2525 sanitatem.
2287 2469 2429 2522 Inter
2474 2483 2607 2539 quos
2652 2464 2896 2534 quaedam
2936 2467 3269 2539 venerabilis
3306 2464 3502 2520 ancilla

1918 2540 2037 2605 Dei,
2074 2539 2325 2593 Processa
2359 2542 2610 2603 nomine,
2635 2541 2764 2592 civis
2790 2540 3132 2601 Neapolitana
3158 2577 3173 2597 ,
3205 2552 3324 2589 cum
3376 2549 3497 2605 grag

1920 2602 2199 2665 vissitnnm
2227 2610 2557 2680 egritudinis
2580 2602 2853 2678 pateretur
2881 2608 3301 2666 incommodum,
3326 2602 3503 2659 sancti

1922 2682 2124 2736 funeris
2156 2690 2442 2749 provocata
2474 2680 2756 2734 virtutibus
2781 2724 2796 2747 ,
2830 2682 2882 2734 in
2932 2681 3123 2733 itinere
3153 2686 3531 2744 properantei"

1919 2753 2179 2812 occurrit,
2202 2752 2441 2821 ingressa
2470 2752 2571 2804 sub
2595 2750 2899 2805 vrbiculum
2932 2765 3037 2817 quo
3052 2764 3251 2821 corpus
3281 2760 3506 2801 veneras-

1920 2822 2028 2947 Bile
2047 2820 2374 2889 portabatur,
2400 2822 2579 2875 statim
2601 2822 2770 2876 caruit
2787 2821 3026 2875 omnium
3048 2820 3304 2889 languore
3332 2830 3505 2873 mem-

1958 2908 2161 2947 rorum.

1958 2908 2161 2947 rorum.

1991 2962 2081 3017 59.
2114 2964 2262 3017 Tunc
2286 2970 2341 3016 et
2370 2962 2413 2994 "
2438 2959 2720 3018 Laodicius
2749 2963 2963 3032 quidam
2995 2975 3193 3017 caecus.
3228 2957 3505 3032 inopinato

1920 3034 2198 3104 psallentis
2256 3032 2435 3104 populi
2481 3036 2715 3087 clamore
2771 3031 3082 3100 perculsus,
3119 3031 3349 3104 sollicite
3374 3042 3504 3104 suos

1903 3099 2048 3173 .quid
2080 3111 2234 3160 esset
2260 3099 2588 3170 interrogat?
2635 3104 3107 3173 Respondentibus
3134 3101 3276 3170 quod
3318 3099 3505 3173 cujus:

230 3167 721 3251 arom_ata_fueran_t,
754 3167 893 3228 nulla
922 3188 1109 3251 manus
1156 3167 1812 3251 acce~serat_co_'ndientis,
1846 3174 1891 3237 C
1922 3167 2044 3251 dam
2068 3174 2234 3228 sancti
2255 3167 2496 3251 Severini
2521 3189 2718 3242 corpus
2747 3167 3031 3251 transiret;
3055 3167 3408 3251 compulimus
3434 3167 3503 3251 ad

234 3257 357 3299 cum
382 3244 543 3297 barba
573 3244 773 3312 pariter
800 3255 852 3298 et
877 3243 1087 3309 capillis
1128 3257 1297 3312 usque
1327 3243 1391 3296 ad
1426 3243 1555 3297 illud
1604 3254 1817 3310 tempus

231 3314 621 3381 permansisset
650 3313 900 3367 illirsum.
926 3313 1355 3367 Linteaminibns
1380 3312 1541 3380 igitur
1562 3314 1818 3368 immuta-

233 3383 329 3443 tis,
384 3382 439 3432 in
470 3381 645 3433 loculo
690 3383 857 3433 multo
898 3382 1008 3447 jam
1064 3392 1307 3444 tempore
1344 3392 1469 3434 ante
1515 3394 1817 3447 pra-parato

235 3448 396 3503 funus
437 3448 747 3511 includitur,
777 3458 1089 3514 carpentum
1130 3450 1465 3501 trahentibus
1504 3452 1656 3516 equis
1692 3465 1817 3506 mox

234 3517 509 3582 evehitur,
540 3519 749 3571 cunctis
770 3519 1047 3572 nobiscum
1084 3516 1500 3586 provincialibus
1532 3518 1671 3572 idem
1717 3522 1819 3576 iter

232 3589 548 3657 agentibus,
592 3589 679 3653 qui
713 3588 924 3657 oppidis
952 3602 1115 3655 super
1145 3590 1314 3655 ripam
1342 3586 1564 3641 Danubii
1593 3589 1816 3656 relictis,

229 3672 331 3730 per
350 3658 591 3730 diversas
609 3659 770 3730 Italia:
791 3658 1037 3730 regiones
1056 3658 1229 3710 varias
1252 3671 1363 3709 suae
1381 3658 1809 3730 permigraiionis

229 3728 409 3784 sortiti
433 3737 555 3781 sunt
577 3728 755 3784 sedes.
780 3729 959 3783 Sancti
991 3728 1168 3794 itaque
1194 3728 1566 3794 corpusculum
1595 3729 1661 3781 ad
1691 3745 1809 3783 cas.

230 3799 415 3853 tellum
462 3799 677 3852 nomine
713 3801 736 3832 ⁸
787 3800 1019 3854 Montem
1066 3799 1302 3855 Feletem
1346 3799 1533 3853 multis
1579 3801 1814 3858 emensis

228 3867 544 3935 regionibus
572 3878 910 3935 apportatum
934 3879 1037 3923 est.

303 3937 395 3993 56.
428 3938 528 3993 Per
557 3938 699 3993 idem
744 3951 955 4009 tempus
997 3940 1177 3994 multis
1220 3940 1384 3994 variis
1411 3938 1660 4009 occupati
1706 3939 1814 3997 lan-

234 4010 492 4082 guoribus
533 4017 601 4082 et
617 4009 857 4082 nonnulli
886 4011 1523 4082 aspiritibusimmundis
1547 4013 1813 4082 oppressi,

230 4078 507 4135 medelam
550 4078 747 4133 divinae
792 4080 978 4149 gratiae
1004 4083 1123 4133 sine
1162 4081 1271 4133 ulla
1314 4095 1462 4135 mora
1506 4078 1813 4138 senserunt.

232 4149 388 4207 Tunc
408 4160 462 4205 et
484 4156 661 4205 mutus
679 4151 894 4220 quidam
919 4150 986 4206 ad
1016 4151 1066 4205 id
1094 4150 1375 4208 castellum
1404 4165 1626 4208 suorum
1653 4155 1817 4211 mise-

305 4268 321 4299 ¹
352 4266 473 4322 Sor.
486 4308 501 4331 ,
533 4266 856 4321 Avicianum.

303 4338 324 4369 ⁸
354 4338 407 4391 ld
464 4336 659 4391 factum
690 4352 778 4391 an.
820 4336 950 4400 487,
973 4336 1155 4391 Boeti'o
1185 4339 1413 4393 consule.
1441 4339 1519 4394 Ex
1558 4339 1626 4395 iis
1653 4353 1816 4400 porro

226 4421 351 4532 ante
370 4407 455 4461 hic
476 4418 764 4461 narrantur
780 4406 1043 4463 refellitur
1066 4407 1325 4473 lrenicus,
1349 4410 1437 4479 qui
1455 4412 1544 4464 lib.
1571 4426 1625 4463 ν.
1645 4406 1813 4481 Exeg.

281 4492 438 4532 erm..
470 4492 520 4532 c.
569 4477 661 4532 14.
691 4477 1000 4531 Feletbeuin
1031 4478 1108 4532 ait
1142 4480 1257 4532 sine
1289 4480 1471 4532 liberis
1504 4482 1811 4532 defunctum

1922 3243 2212 3300 feneSIram
2235 3243 2450 3309 domus,
2480 3243 2531 3296 in
2562 3238 2663 3311 qua
2696 3245 2964 3305 manebat,
2999 3257 3058 3294 se
3084 3238 3203 3294 duci
3230 3246 3402 3311 rogat,
3436 3238 3505 3293 de

1924 3330 2027 3381 qua
2060 3327 2269 3379 peterat
2315 3329 2347 3365 a
2384 3313 2529 3365 sanis
2573 3308 2784 3366 eminus
2829 3312 3111 3366 multitudo
3158 3308 3502 3381 psallentium

1922 3380 2082 3448 atque
2108 3383 2409 3433 vehiculum
2444 3382 2617 3435 sancti
2665 3383 2909 3447 corporis
2939 3380 3314 3442 contemplari.
3342 3382 3504 3432 Cum-

1920 3465 2026 3519 que
2052 3449 2303 3504 fcnestrte
2326 3450 2538 3502 enixius
2567 3450 2903 3505 incumberet
2927 3462 3084 3519 atque
3109 3458 3309 3510 oraret,
3335 3450 3505 3517 proti-

1923 3535 2023 3573 nus
2081 3519 2336 3588 prospicit
2377 3519 2650 3589 sigillatim
2690 3520 3067 3575 demonstrans
3115 3534 3303 3572 omnes
3346 3528 3505 3574 notos

1922 3601 2085 3659 atque
2110 3591 2339 3644 vicinos.
2368 3590 2486 3655 Quo
2512 3589 2679 3655 facto,
2710 3594 2885 3645 cuncti
2916 3592 3003 3657 qui
3036 3590 3348 3655 audierant,
3378 3602 3495 3658 gra-

1925 3660 2024 3715 tias
2052 3660 2160 3730 Deo
2184 3660 2599 3728 lacrymantibus
2619 3661 2826 3730 gaudiis
2858 3661 3177 3715 retulerunt.

1984 3730 2072 3784 60.
2106 3727 2395 3784 u‘Marinus
2410 3727 2983 3799 quoqtie'primicerius
3013 3729 3058 3762 ¹⁸
3088 3736 3289 3783 sancta!
3320 3727 3503 3783 Eccle-

1922 3802 2018 3855 sia:
2048 3800 2430 3868 Neapolitana},
2460 3816 2582 3856 cum
2605 3801 2888 3855 sanitatem
2922 3800 3501 3869 postimmanissimum

1921 3870 2115 3938 capitis
2141 3871 2383 3927 dolorem
2422 3872 2662 3940 recipere
2683 3888 2787 3927 non
2820 3883 3030 3939 posset,
3063 3879 3223 3939 caput
3250 3871 3497 3924 vehiculo

1924 3942 2151 3997 credens
2175 3943 2459 4011 apposuit,
2490 3952 2545 3997 et
2573 3959 2694 3996 mox
2723 3958 2751 3994 a
2793 3943 2978 3997 dolore
3001 3942 3227 3996 liberum
3258 3940 3505 4011 subleva-

1924 4018 2035 4077 vit;
2062 4010 2379 4081 memerque
2409 4014 2552 4066 illius
2584 4013 2861 4075 beneficii,
2893 4027 3106 4079 semper
3144 4013 3197 4064 in
3228 4011 3315 4063 die
3344 4010 3505 4081 depo-

1922 4084 2134 4137 sitionis
2180 4080 2300 4152 ejus
2353 4097 2681 4147 occurrens,
2724 4082 2974 4137 devotum
3026 4082 3345 4152 sacrificium
3390 4080 3502 4152 Deo

1925 4167 2046 4210 cum
2071 4150 2360 4225 gratiarum
2383 4154 2595 4209 actione
2617 4154 2895 4209 reddebat.
2924 4152 3118 4207 Verum
3145 4151 3329 4207 multis
3352 4150 3504 4221 plura

1934 4267 2129 4327 Norico
2154 4271 2206 4326 in
2238 4270 2440 4325 Italiam
2468 4270 2725 4341 migrasse
2772 4271 3041 4341 existimat
3069 4268 3395 4341 Braunerus.

1996 4343 2019 4375 ⁸
2048 4342 2199 4395 Haud
2221 4346 2350 4395 satis
2377 4338 2705 4411 liquet'quod
2733 4341 2783 4394 id
2805 4340 3081 4411 castellum
3107 4340 3297 4411 fuerit,
3318 4340 3410 4411 Est
3437 4338 3493 4395 in

1923 4410 2248 4467 Venetorum
2280 4408 2707 4480 Cartiorumque,
2734 4413 2927 4464 linibus
2952 4409 3239 4469 Fcltria,ad
3272 4408 3498 4480 Planius,

281 4492 438 4555 erm.,
470 4492 520 4532 c.
569 4477 661 4555 ιι,
691 4477 1005 4555 ΙζςεΙθιιιθυιιι
1031 4478 1108 4533 ait
1142 4477 1471 4555 siAne‘liheris
1504 4477 1811 4555 defunctum
1845 4489 1889 4548 ι)
1917 4482 2317 4555 flumen,urbs
2340 4477 2671 4555 episcopalis
2696 4482 2898 4549 antiqui
2945 4481 3199 4555 nominis.
3254 4478 3335 4534 An
3396 4478 3502 4536 huc

226 4547 371 4602 Gisae
401 4547 618 4617 regnum
648 4547 957 4613 reliquisse;
993 4549 1128 4619 lianc
1169 4549 1327 4603 Saba:
1350 4558 1570 4619 nuptam
1601 4551 1813 4607 Hunul-

226 4620 390 4690 phum
420 4620 691 4690 peperisse
711 4627 765 4671 et
791 4618 1078 4690 Odoacrem
1102 4618 1275 4673 Italia:
1298 4618 1488 4690 regem.

302 4686 324 4717 ³
344 4686 769 4760 Siir.,_Braiiiier.
793 4688 1001 4759 Sigon.,
1033 4689 1302 4760 Onulfum.
1332 4686 1608 4759 ﬂventia"
1639 4690 1810 4747 Anul-

224 4754 592 4828 funt._Staib.,
624 4754 868 4826 Mulfum.

302 4824 325 4857 ⁸
351 4825 446 4879 Hic
474 4828 628 4891 paulo
661 4824 797 4895 posit,
825 4842 969 4881 anno
995 4828 1245 4884 nimirum
1269 4830 1395 4895 489.
1428 4831 1631 4889 Italiam
1658 4833 1806 4891 inva-

223 4893 492 4968 sitatque
504 4893 811 4968 ‘Oiloa‘crein
836 4898 1037 4965 aliquot
1061 4903 1257 4968 przeliis
1285 4893 1433 4956 vicit.

303 4966 325 4996 ⁸
338 4965 660 5043 Al.,_1_Vovas.
674 4965 1084 5043 S_tail_).,_g\ionus',
1102 4971 1375 5043 mendose.
1390 4972 1584 5029 Notitia
1600 4973 1811 5043 Imperii

227 5034 409 5105 plures
437 5035 612 5091 Novas
639 5037 721 5091 vel
749 5037 815 5090 ad
847 5036 1023 5091 Novas
1048 5039 1226 5095 habet.
1260 5043 1383 5095 Haec
1412 5043 1478 5097 ad
1512 5034 1810 5103 Danubium

228 5106 331 5160 sita
360 5107 411 5160 in
437 5107 620 5162 Maesia
645 5107 915 5162 inferiore.
941 5108 1154 5162 Credita
1184 5123 1302 5165 erat
1323 5112 1662 5171 Theoderico
1691 5125 1805 5172 tum

228 5175 433 5248 Mtesize
468 5178 733 5231 inferioris
764 5190 813 5248 et
858 5179 1032 5232 Dacize
1064 5180 1306 5246 Hipettsis'
1341 5198 1483 5248 pars.

308 5246 465 5320 fSiir.
485 5248 744 5313 etStaib.,
766 5247 1049 5320 Pigeri'um.
1076 5250 1321 5304 Militaris
1344 5246 1432 5306 hic
1450 5254 1614 5311 fuisse
1627 5270 1811 5313 comes

229 5315 465 5384 videtur,
486 5333 615 5385 non,
646 5328 703 5373 ut
726 5315 1181 5390 vult’Aveutinus,
1205 5321 1511 5380 Vindelicite
1530 5337 1582 5381 ct
1601 5327 1810 5383 Noricis

267 5402 449 5442 Prses.

224 5399 586 5531 ιΪτίρςίῗίζξτειιῑο
615 5458 729 5512 litrc
755 5460 976 5529 contigit
1007 5470 1126 5530 post
1160 5471 1374 5531 captum
1404 5478 1494 5519 θηο
1523 5466 1628 5521 ‘37
1659 5467 1811 5524 Fe'e'

228 5524 586 5606 thetin-{ante
606 5539 829 5606 inlotum
860 5524 976 5606 an._
999 5524 1104 5606 l§9
1136 5549 1177 5606 Διι
1206 5524 1543 5591 Theoderico
1573 5538 1768 5593 bellum
1789 5579 1806 5606 ,

226 5610 357 5664 ergo
370 5596 511 5675 A487,
534 5598 623 5675 vel
667 5600 855 5675 potius
876 5598 999 5675 4358.
1035 5602 1185 5675 Unde
1233 5607 1411 5674 colligi
1445 5617 1619 5675 potest
1653 5596 1808 5665 sane;

229 5677 340 5718 tum
366 5668 675 5723 Severinum
707 5684 797 5725 an.
830 5669 935 5725 482
964 5674 1222 5727 sexennio
1249 5668 1501 5732 nimirum
1528 5687 1655 5736 ante
1683 5696 1805 5737 esse

232 5745 522 5822 mortuum,
549 5752 653 5822 non
676 5738 801 5819 sui,
826 5751 879 5822 ιιι
905 5740 1401 5822 scripsitllundiiis.
1432 5748 1568 5804 Tum
1592 5766 1804 5822 quoque

227 5815 467 5862 sanctum
494 5808 782 5865 Antonium
832 5811 899 5865 de
928 5824 1033 5881 quo
1088 5812 1157 5867 28
1191 5812 1437 5874 Decemb.
1492 5808 1796 5892 ageturfex

1917 4554 2088 4607 sancti
2137 4554 2378 4607 Severini
2418 4550 2616 4620 corpus
2646 4552 3018 4620 deportatum?
3076 4550 3158 4604 An
3212 4560 3389 4619 potius
3445 4558 3501 4605 tu

1919 4622 2236 4688 Umbriam,
2287 4623 2441 4691 cujus
2497 4639 2618 4690 pars
2674 4622 2852 4675 Monte
2897 4619 3071 4675 Feltrc
3118 4622 3312 4674 dicitur
3362 4622 3504 4675 inter

1918 4692 2179 4749 Concham
2202 4703 2249 4748 et
2272 4692 2590 4747 Marechi'am
2616 4694 2854 4757 flumina,
2881 4692 2973 4745 tibi
2999 4691 3252 4757 oppidum
3281 4693 3333 4745 in
3357 4691 3503 4745 edito

1918 4767 2056 4834 c_olle
2084 4765 2241 4834 vulgo
2272 4764 2493 4818 Sanctus
2522 4764 2624 4817 Leo
2653 4764 2780 4816 olim
2814 4761 2966 4815 Mons
3000 4761 3340 4834 Feratratttsg:
3359 4762 3501 4834 forte

1918 4830 2233 4908 Feretretu's,
2252 4834 2453 4908 Grgcis
2468 4836 2653 4908 μᾷντης
2670 4836 2935 4908 φερρξντης,
2960 4832 3243 4885 Staibanus
3264 4830 3328 4884 ad
3347 4830 3499 4908 ﬂon-

1915 4913 2014 4957 tem
2041 4906 2292 4970 Selctum,
2326 4904 2595 4975 Engenius
2620 4904 2687 4961 ad
2710 4904 2951 4971 Silctum,
2970 4912 3185 4957 avectas
3206 4906 3378 4957 sancti
3402 4915 3499 4957 ex-

1916 4978 2103 5030 suvias
2131 4976 2391 5030 scribunt.

1994 5048 2015 5080 ⁹
2050 5047 2264 5111 Baron.,
2291 5046 2542 5100 Barbara.

1986 5116 2030 5148 ¹⁸
2065 5120 2290 5184 l5ngen.,
2326 5114 2628 5169 Martinam.

1986 5189 2026 5219 "
2061 5183 2232 5240 Siioin
2287 5186 2384 5241 fuit
2428 5188 2527 5242 hoc
2559 5185 2833 5256 oppidum,
2862 5186 2978 5243 sive
3010 5184 3321 5251 castellum,
3344 5183 3494 5256 inter

1912 5256 2189 5325 Neapolim
2216 5268 2269 5311 et
2300 5257 2573 5312 Puteolos.
2599 5254 2716 5309 Non
2744 5269 2824 5312 est
2854 5272 3002 5323 vero,
3036 5267 3094 5310 ut
3123 5254 3498 5325 suspicabatur

1915 5324 2186 5389 Velseros,
2202 5330 2455 5393 Oppidum
2482 5328 2898 5393 Picentinorum,
2922 5324 3494 5397 proxiinelﬂuceriam,

1909 5399 2076 5451 sancti
2104 5398 2333 5452 Severini
2362 5399 2561 5452 dictum
2612 5394 2960 5453 Lucullaniim
2992 5411 3133 5452 nunc
3157 5396 3264 5452 dici
3291 5394 3491 5450 Custcb

1910 5468 2015 5521 lum
2047 5468 2130 5521 del
2156 5470 2265 5540 Uiro
2293 5470 2477 5523 scriliit
2510 5471 2690 5523 Cassar
2723 5469 3014 5540 Engenius.

1983 5540 2025 5611 ⁸⁸
2048 5540 2171 5593 llaec
2196 5538 2302 5593 duo
2325 5541 2506 5604 verba,
2530 5554 2591 5594 ex
2609 5548 2773 5611 parte,
2800 5532 3023 5596 aberant
3042 5551 3073 5594 a
3094 5536 3175 5596 Ms
3194 5535 3365 5595 .Belfo
3376 5532 3487 5591 rtii.

1982 5609 2027 5642 “
2056 5610 2183 5677 Alii,
2208 5612 2502 5665 Laodicius.

1981 5679 2029 5714 “
2055 5686 2208 5748 Sun,
2242 5680 2530 5735 Marianas.

1982 5752 2025 5785 "
2051 5746 2264 5808 Addunt
2292 5750 2414 5809 Sur.
2444 5758 2499 5809 et
2522 5746 2659 5808 Bell.
2680 5756 2962 5807 cantorum.
