4080 6218
328 302 1073 314 --..-......η.-η-.η-.
1125 307 1532 320 --φηηηκη
1663 314 1706 321 ,,
2155 317 2354 324 ,ημη-
2451 315 2656 323 ,,-,,,
2793 316 2820 321 ,
3029 313 3464 323 _____-.w___.

1325 523 2499 792 PBZEFATIO

313 1086 524 1215 AD
606 1091 1386 1237 HOMILIAS
1472 1097 1602 1229 S.
1685 1096 2346 1245 JOANNIS
2432 1103 3567 1254 GHBYSOSTOMI

990 1544 1095 1620 IN
1157 1540 1748 1646 EPISTULAM
1820 1549 2122 1650 PAULI
2181 1549 2315 1649 AD
2374 1550 2899 1659 EPHESIOS,

402 2295 604 2356 lana
635 2291 974 2356 selectiora
1010 2293 1292 2358 doctoris
1326 2296 1528 2357 nostri
1568 2312 1635 2358 in
1681 2295 1996 2374 Epistolas
2028 2295 2204 2358 Pauli
2245 2298 2697 2360 commentaria
2730 2301 2980 2362 censeri
3016 2301 3252 2364 debent
3289 2303 3578 2369 Homilim

326 2417 392 2479 in
430 2417 776 2495 Epistolam
821 2415 900 2478 ad
947 2415 1299 2495 Ephesios;
1332 2425 1466 2478 tum
1497 2416 1652 2495 quia
1699 2415 1766 2478 in
1810 2415 1912 2478 his
1960 2433 2064 2478 res
2095 2416 2367 2479 uberius
2413 2419 2744 2498 expendit,
2777 2427 2840 2482 et
2877 2421 3149 2501 explicat
3183 2427 3579 2507 accuratius;

327 2555 463 2607 tum
509 2543 663 2624 quia
709 2544 906 2606 multa
955 2549 1017 2604 et
1058 2543 1410 2622 singularia
1455 2542 1691 2621 passim
1740 2540 2004 2626 indicat,
2050 2557 2194 2622 quae
2225 2543 2474 2618 possint
2503 2549 2612 2626 aut
2645 2543 2718 2603 ad
2759 2543 3004 2630 beatam
3035 2553 3144 2624 aut
3173 2548 3250 2624 ad
3283 2550 3579 2615 miseram

329 2667 522 2730 vitam
557 2683 683 2730 non
715 2682 941 2745 parum
972 2664 1200 2726 aﬂ'erre
1226 2663 1555 2740 momenti.

407 2831 676 2893 Orllitur
717 2837 932 2892 autem
979 2829 1058 2909 ab
1100 2828 1354 2908 Epheso
1396 2827 1580 2910 urbe,
1615 2843 1806 2918 quam
1861 2831 1931 2890 ut
1965 2826 2136 2890 Asim
2181 2825 2564 2904 metropolin
2601 2826 2900 2914 celebrat.
2954 2831 3280 2898 Auxerant
3315 2833 3582 2902 celebri-

332 2963 523 3033 tatem
562 2954 769 3032 primo
800 2954 862 3015 S.
895 2955 1173 3033 Joannes
1212 2951 1625 3036 evangelista,
1672 2949 1908 3026 deinde
1955 2947 2361 3023 Timotheus,
2393 2949 2507 3027 qui
2556 2948 2700 3010 istic
2739 2949 2928 3012 sedes
2975 2960 3342 3032 posuerant.
3390 2955 3578 3017 Fama

334 3094 450 3156 per
489 3075 709 3146 orbem
765 3082 908 3138 nota
939 3081 1068 3151 erat
1107 3072 1401 3152 Ephesus
1443 3089 1480 3146 a
1507 3073 1686 3134 cultu
1717 3073 1954 3148 Dianae,
1989 3089 2184 3152 quam
2230 3071 2571 3150 Ephesiam
2619 3073 2946 3160 vocabant,
2993 3082 3183 3156 atque
3229 3093 3264 3148 a
3301 3078 3587 3157 philoso-

334 3198 607 3277 phorum
648 3197 971 3278 plurimis,
1012 3199 1125 3279 qui
1155 3198 1292 3273 illic
1340 3206 1726 3272 manserant,
1785 3216 1817 3261 a
1850 3199 2200 3278 Pythagora
2243 3194 2479 3268 Samio,
2523 3211 2558 3257 a
2592 3197 2994 3273 Parmenide,
3040 3201 3322 3281 Zenone,
3361 3203 3586 3264 Demo-

335 3321 494 3380 crito
528 3341 543 3381 :
575 3319 878 3402 additque
914 3293 1432 3398 Chrysostomus,
1466 3319 1673 3381 adhuc
1703 3335 1822 3380 suo
1859 3325 2144 3398 tempore
2181 3315 2602 3397 philosOphos
2633 3317 2868 3405 Ephesi
2905 3320 3267 3407 considere.

416 3487 552 3546 Jam
584 3487 895 3566 queritur
921 3501 1037 3564 pro
1070 3502 1245 3547 more
1275 3483 1714 3558 Antiochiaane
1743 3501 1822 3546 an
1855 3481 2411 3562 Constantinopoli
2444 3481 2674 3568 habita;
2700 3480 2944 3562 fuerint
2978 3486 3321 3567 conciones
3345 3489 3409 3550 in
3442 3492 3590 3568 Ept-

349 3605 569 3672 stolam
603 3607 677 3668 ad
710 3607 1044 3691 Ephesios.
1081 3608 1401 3686 Optimum
1426 3606 1518 3670 Cl.
1545 3609 1621 3669 Υ.
1649 3606 2100 3689 Tillemontius
2127 3606 2366 3694 profert
2397 3613 2842 3687 argumentum
2869 3607 2944 3670 ad
2980 3608 3376 3692 probandam
3403 3613 3586 3675 hasce

346 3727 640 3810 homilias
673 3732 1020 3809 Antiochia)
1055 3731 1254 3793 dictas
1300 3730 1548 3792 fuisse:
1586 3731 1736 3810 quia
1769 3747 1996 3811 nempe
2034 3733 2098 3814 in
2138 3733 2400 3799 homilia
2436 3733 2771 3814 undecima
2809 3735 3116 3816 acerrime
3148 3737 3478 3812 invehitur
3523 3740 3588 3802 in

337 3867 473 3935 eos,
509 3851 621 3930 qui
655 3851 996 3913 Ecclesiam
1033 3853 1102 3913 in
1132 3871 1255 3933 qua
1289 3854 1399 3916 ille
1425 3867 1579 3918 tunc
1610 3853 2132 3945 conciopabatur,
2166 3855 2564 3937 scindebant,
2614 3857 2814 3936 inque
2855 3858 3141 3939 diversas
3183 3869 3392 3938 partes
3423 3863 3595 3924 divi-

341 3983 552 4044 serant
585 3979 646 4032 et
688 3973 965 4034 schisma
997 3975 1378 4051 effecerant;
1413 3977 1473 4039 id
1508 3976 1681 4062 quod
1710 3976 1788 4058 de
1826 3976 2108 4059 Ecclesia
2139 3978 2841 4062 Constantinopolitana
2876 3980 3155 4061 intelligi
3188 3998 3314 4045 non
3360 3985 3584 4063 possit.

340 4095 587 4178 ﬂicque
628 4097 897 4158 omnino
925 4095 1102 4176 loqui
1141 4099 1400 4160 videtur
1433 4100 1511 4160 de
1549 4099 1889 4186 schismate
1927 4101 2348 4170 Eustathiano
2384 4114 2534 4167 tunc
2582 4106 2946 4184 Antiochiae
2991 4105 3463 4187 perseverante,
3509 4116 3588 4172 do

341 4233 469 4295 quo
497 4219 694 4280 multa
727 4219 1016 4280 diximus
1048 4221 1112 4281 in
1148 4223 1208 4282 Μ
1216 4222 1392 4282 οηίιο
1430 4223 1504 4306 ad
1540 4223 1909 4307 Homiliam,
1943 4228 2031 4287 De
2059 4245 2188 4297 non
2219 4228 2822 4308 anathemati/gandi:
2850 4231 3008 4309 vicis
3037 4239 3219 4313 atque
3247 4231 3585 4311 defunctis,

342 4357 485 4418 quas
514 4341 618 4403 hic
655 4342 939 4404 breviter
972 4346 1311 4428 repetenda
1333 4353 1506 4418 sunt.

421 4511 789 4572 Eustathius
815 4511 1161 4590 episcopus
1192 4508 1662 4597 Antiochenus,
1691 4508 1788 4568 vir
1821 4514 2078 4577 sanctus
2107 4513 2298 4586 atque
2321 4506 2694 4600 catholicus,
2714 4507 2994 4592 ideoqpo
3028 4509 3284 4595 Arianis
3312 4513 3586 4592 invisus,

354 4631 637 4708 ipsorum
673 4649 864 4715 opera
891 4633 956 4702 in
1003 4632 1309 4698 exsilium
1347 4638 1525 4703 actus
1557 4629 1704 4721 fuit,
1749 4645 1919 4702 anno
1960 4627 2216 4690 circiter
2242 4629 2384 4708 339,
2420 4627 2487 4690 in
2523 4629 2794 4721 ejusque
2824 4629 3036 4699 locum
3070 4634 3460 4698 sub-stitutus
3493 4649 3590 4700 est

346 4757 692 4837 episcopus
727 4759 1023 4830 Arianus.
1059 4759 1378 4836 Deinceps
1417 4774 1569 4821 vero
1602 4757 1822 4840 Ariani
1864 4753 2151 4835 episcopi
2194 4755 2411 4816 sedem
2444 4760 2816 4829 tenuerunt,
2862 4753 3299 4830 Eustathianis
3333 4758 3589 4821 interim

342 4897 635 4957 seorsum
667 4879 968 4959 collectas
1005 4880 1370 4968 agentibus,
1421 4880 1627 4954 donec
1686 4879 1905 4962 Ariani
1942 4880 2197 4956 tandem
2241 4879 2600 4953 Meletium,
2633 4895 2829 4958 quem
2869 4895 3003 4941 suae
3049 4889 3238 4944 secta;
3287 4884 3591 4959 putabant

349 5021 504 5077 esse,
546 5005 932 5085 episc0pnm
965 5005 1461 5067 constituerunt.
1495 5007 1573 5066 At
1605 5004 1716 5074 nbi
1754 5011 2146 5083 compertum
2187 5000 2310 5069 fuit
2349 5000 2682 5064 Meletium
2713 5005 2776 5062 et
2819 5000 3216 5089 Catholicam
3244 5007 3304 5064 et
3333 5000 3590 5065 Arianis

358 5127 645 5199 infestum
697 5146 870 5206 esse,
908 5127 971 5194 in
1026 5130 1327 5204 exsilium
1383 5128 1572 5208 pulso
1613 5126 1900 5202 Meletio,
1937 5125 2252 5190 Euzoium
2310 5123 2616 5204 Ariannm
2663 5122 3040 5202 episcopum
3091 5121 3586 5186 constituerunt.

360 5250 531 5309 Tunc
562 5257 683 5312 tres
719 5253 785 5313 in
823 5216 1035 5331 partes
1072 5255 1362 5317 distracta
1406 5252 1628 5316 civitas
1669 5251 1816 5314 fuit.
1862 5249 2074 5333 Prima
2110 5253 2242 5318 erat
2279 5245 2867 5332 Eustathianorum,
2897 5243 3179 5326 secunda
3213 5243 3592 5307 Meletiano-

350 5386 517 5451 ,mm,
541 5373 720 5439 lenia
745 5375 1149 5441 ArianOrum.
1185 5377 1342 5458 Cum
1371 5385 1584 5436 autem
1628 5372 1919 5452 posthtec
1950 5369 2204 5446 Lucifer
2242 5369 2658 5455 Calaritanus,
2695 5365 3186 5450 reclamantibus
3218 5367 3362 5432 licet
3400 5366 3593 5430 Atha-

344 5498 525 5565 nasio
559 5498 840 5581 aliisque
875 5504 1221 5583 episc0pis,
1257 5506 1596 5590 Paulinum
1655 5502 2144 5588 Eustathiannm
2177 5500 2555 5580 episcopum
2596 5498 2980 5589 ordinasset,
3025 5506 3150 5575 tres
3190 5496 3380 5580 simul
3410 5495 3594 5557 fuere

344 5622 628 5706 episc0pi
665 5625 1077 5710 Antiocheni,
1109 5629 1435 5711 Meletius,
1471 5627 1779 5716 Paulinus
1825 5636 1884 5703 et
1931 5624 2227 5686 Euzoius.
2269 5623 2557 5718 Cumque
2591 5627 2813 5722 ppstea
2856 5619 3301 5709 deficientibus
3330 5617 3600 5680 Ariano-

661 5746 935 5832 Pnaoe.
975 5751 1094 5836 an.
1143 5752 1332 5838 txn.
2459 5723 2462 5727 ’
3192 5732 3229 5798 1

264 5875 517 6134 «θλ
