4080 6218
328 416 345 427 .
438 374 471 431 Ἰ
1867 378 2258 435 ΡΚΑΞΙΓΑΤΙΟ.

433 509 575 557 rum
607 494 918 572 partibus,
956 495 1176 558 nullus
1219 492 1496 556 Arianus
1526 493 1870 573 episcopus
1900 488 2094 568 esset,
2130 493 2427 557 Meletius
2466 500 2528 556 et
2559 494 2889 568 Paulinus,
2917 495 3201 574 episcOpi
3260 512 3578 574 mansere,
3610 521 3681 567 ac

432 629 879 697 perseverante
923 619 1288 693 schismate,
1345 618 1545 682 ambas
1595 626 1805 699 partes
1846 635 1918 681 se
1958 617 2142 688 rixis,
2189 617 2475 680 dicteriis
2523 624 2586 679 et
2637 614 3050 679 contumeliis
3099 618 3478 681 lacerabant.
3529 622 3681 686 Hmc

432 741 601 803 haud
633 741 828 823 dubie
858 741 1148 821 deplorat
1187 740 1708 821 Chrysoslomus,
1747 740 1907 802 hanc
1948 757 2063 802 ceu
2098 739 2527 801 calamitatem
2568 737 2857 800 omnium
2894 736 3255 811 maximam,
3286 736 3451 801 fusis
3482 741 3674 804 etiam

432 865 730 944 lacrymis
764 864 1200 943 prosequitur,
1232 872 1466 926 tantam
1501 863 1611 925 ille
1645 863 1967 925 miseriam
2001 861 2424 940 perhorrescit
2458 869 2527 924 ut
2554 869 2957 941 prmsentem.
2990 861 3177 935 Quod
3208 871 3377 928 certe
3417 867 3681 936 nonnisi

430 986 511 1047 de
547 984 943 1047 Antiochena
974 984 1258 1047 Ecclesia
1292 984 1571 1063 intelligi
1606 991 1838 1062 potest.

511 1170 703 1233 Aliud
734 1172 920 1234 etiam
948 1189 1063 1235 nec
1095 1173 1235 1234 leve
1268 1171 1582 1234 indicium
1615 1180 1732 1248 est,
1754 1190 1885 1254 quo
1917 1174 2223 1253 probetur
2252 1175 2604 1237 Antiochiae
2628 1174 2875 1237 habitas
2902 1175 3205 1241 homilias
3235 1175 3475 1247 fuisse;
3505 1177 3675 1255 quod

432 1293 733 1357 videlicet
767 1295 1108 1358 monachos
1152 1294 1218 1357 in
1252 1295 1578 1357 montibus
1623 1312 1913 1375 asperam
1961 1306 2371 1378 sanctamque
2419 1299 2607 1360 vitam
2647 1306 2906 1376 agentes
2946 1298 3188 1377 passim
3221 1297 3468 1368 laudet;
3501 1297 3670 1375 quod

433 1418 498 1479 in
533 1417 1257 1497 ConstantinOpolitanis
1296 1418 1582 1481 homiliis
1616 1421 1721 1481 vix
1752 1420 2232 1501 deprehendas;
2282 1421 2414 1483 imo
2446 1436 2596 1482 vero
2627 1418 2971 1481 monachos
3006 1419 3562 1497 Constantinopoli
3591 1418 3681 1481 vi-

433 1542 614 1604 cinos
660 1558 826 1620 saepe
861 1542 1268 1623 graviterque
1299 1542 1672 1617 insectatur,
1707 1550 1927 1621 utpote
1959 1544 2072 1623 qui
2106 1560 2141 1604 a
2172 1543 2381 1619 prisco
2415 1542 2559 1605 vita)
2600 1541 2895 1605 instituto
2935 1556 3064 1604 non
3113 1558 3334 1620 parum
3383 1534 3682 1602 deﬂexis.

434 1672 609 1739 sent;
638 1665 702 1727 in
738 1664 965 1728 vicinis
995 1672 1207 1728 autem
1241 1662 1796 1742 ConstantinOpoli
1832 1665 2181 1741 montibus,
2215 1665 2271 1727 si
2300 1666 2463 1729 bene
2490 1665 2778 1741 memini,
2814 1664 3155 1728 monachos
3185 1682 3328 1727 esse
3361 1681 3676 1744 nusquam

432 1788 612 1853 dicit.
644 1787 763 1850 Hic
788 1804 939 1850 vero
972 1785 1208 1866 passim
1244 1782 1393 1846 illos
1428 1784 1740 1847 encomiis
1763 1784 2066 1861 celebrat,
2092 1794 2153 1849 et
2189 1788 2472 1850 Homilia
2511 1787 2820 1866 vigesima
2856 1787 3056 1866 prima
3085 1787 3414 1850 lulianum
3453 1802 3679 1865 querno

433 1911 576 1973 dam
615 1908 1052 1973 admirandum
1096 1918 1400 1974 memorat
1430 1911 1833 1984 monachum,
1867 1909 1983 1990 qui
2026 1924 2171 1973 cum
2205 1908 2272 1969 in
2317 1906 2605 1971 civitates
2646 1908 3118 1988 ingrederetur,
3156 1909 3218 1970 id
3259 1909 3428 1988 quod
3466 1923 3676 1988 perra-

434 2049 577 2095 rum
609 2039 764 2107 erat,
803 2032 968 2094 miro
999 2030 1289 2094 omnium
1312 2047 1633 2117 concursu
1659 2036 1721 2093 et
1753 2030 1971 2109 populi
2002 2029 2369 2113 frequentia
2392 2032 2854 2111 excipiebatur.
3404 2018 3413 2021 ’

516 2220 1067 2284 Antiochenorum
1104 2235 1312 2282 mores
1347 2234 1576 2296 pravos
1599 2233 1768 2306 saepe
1804 2216 2175 2294 insectatur,
2209 2226 2279 2280 ut
2321 2227 2380 2280 et
2424 2218 2575 2280 alibi
2623 2218 2856 2297 passim
2908 2218 3211 2291 vidimus,
3249 2217 3357 2277 illa
3397 2215 3676 2280 maxime

428 2363 582 2427 quea
604 2343 685 2406 ab
715 2341 990 2406 ethnicis
1020 2348 1081 2403 et
1118 2337 1475 2403 idololatris
1506 2344 1979 2418 promanarant,
2011 2347 2080 2400 ut
2108 2344 2313 2399 sortes
2346 2346 2408 2400 et
2442 2337 2929 2412 incantationes,
2962 2338 3083 2401 col.
3122 2338 3222 2413 k8,
3259 2336 3454 2401 latum
3486 2343 3676 2407 etiam

440 2477 500 2528 et
530 2462 1136 2545 metempsychosin,
1171 2461 1293 2525 col.
1325 2463 1405 2523 92
1430 2483 1446 2522 :
1476 2460 1900 2540 dicebantque
1929 2460 2026 2522 illi
2061 2460 2273 2523 omnia
2296 2459 2478 2523 nulla
2506 2460 2643 2540 geri
2682 2461 3119 2538 providentia;
3151 2460 3260 2523 alii
3293 2479 3444 2525 vero
3473 2464 3676 2527 Deum

439 2603 582 2649 esse
614 2602 844 2662 corpus
871 2583 1136 2662 impune
1164 2581 1560 2644 asserebant.
1596 2583 1686 2643 De
1706 2580 2035 2642 ominibus
2060 2588 2273 2643 autem
2299 2588 2361 2644 et
2399 2581 2724 2663 praesagiis
2754 2599 2900 2662 quas
2928 2582 3087 2645 dicit
3114 2584 3305 2663 digna
3334 2594 3503 2662 sunt,
3534 2607 3680 2670 quas

440 2708 544 2770 hic
567 2706 957 2769 referantur:
990 2704 1216 2767 Multis
1243 2703 1618 2778 terroribus,
1652 2702 1888 2783 inquit,
1908 2702 2098 2782 plena
2127 2711 2218 2763 est
2241 2720 2450 2763 eorum
2469 2704 2701 2765 anima.
2732 2703 2805 2765 Ut
2833 2712 3016 2781 puta,
3040 2704 3138 2766 hic
3169 2714 3280 2766 aut
3308 2705 3413 2767 ille
3433 2709 3678 2786 primus

436 2830 593 2892 mihi
623 2827 905 2889 occurrit
946 2827 1126 2886 domo
1171 2827 1450 2901 exeunti,
1485 2826 1732 2886 omnino
1775 2825 2137 2902 contingere
2182 2833 2429 2904 oportet
2469 2824 2635 2885 mala
2682 2824 3188 2886 innumerabilia.
3232 2826 3413 2889 Nunc
3459 2848 3677 2894 servus

414 2936 862 3015 iexsecrandus
892 2950 1047 3012 dans
1089 2952 1242 3014 mihi
1282 2950 1542 3025 calceos,
1570 2950 1849 3030 primum
1878 2947 2177 3029 porrexit
2198 2956 2443 3025 partem
2473 2946 2822 3020 sinistram,
2851 2964 3072 3026 graves
3104 2949 3546 3029 signiﬁcantur
3570 2973 3675 3015 ca.-
3762 2944 3763 2947 “

441 3072 751 3137 lamitates
784 3081 841 3134 et
885 3073 1295 3137 contumeliae.
1332 3074 1463 3151 Ego
1497 3072 1630 3151 ipse
1662 3073 1905 3145 exiens,
1937 3070 2200 3131 sinislra
2241 3067 2459 3147 priori
2494 3071 2777 3147 processi
2812 3068 2969 3147 pede
2998 3091 3018 3130 :
3059 3071 3172 3133 hoc
3202 3090 3442 3155 quoque
3475 3086 3562 3136 est
3591 3078 3679 3140 si-

418 3184 627 3272 ‘gnum
661 3190 1105 3253 calamitatum.
1155 3190 1236 3249 Et
1279 3190 1401 3257 hac
1423 3189 1665 3267 quidem
1708 3187 1876 3250 domi
1904 3198 2053 3249 sunt
2068 3188 2230 3250 mala
2252 3211 2272 3251 :
2297 3193 2472 3271 foras
2494 3201 2703 3252 autem
2733 3207 3003 3270 egresso,
3036 3192 3259 3255 dexter
3290 3197 3444 3258 mihi
3462 3197 3679 3259 oculus

442 3317 683 3394 inferne
721 3313 868 3376 salit
903 3334 921 3374 :
964 3315 1078 3377 hoc
1115 3324 1202 3375 est
1254 3313 1557 3378 indicium
1601 3313 2044 3391 lacrymarum.
2102 3313 2402 3377 Mulieres
2444 3331 2706 3393 quoque,
2749 3313 2996 3392 quando
3046 3326 3270 3376 sonant
3307 3318 3551 3389 calami,
3597 3318 3680 3379 ad

444 3443 712 3495 texturae
743 3444 913 3496 recta
938 3432 1109 3513 ligna
1138 3433 1335 3507 allisi,
1366 3434 1461 3495 vel
1496 3454 1631 3495 cum
1660 3437 1809 3513 ipsa:
1845 3439 2094 3515 pectine
2116 3432 2575 3504 discriminant,
2609 3436 2723 3497 hoc
2750 3453 2870 3514 pro
2917 3436 3096 3516 signa
3137 3435 3385 3499 habent.
3436 3440 3677 3499 Rursus

442 3548 687 3629 quando
719 3549 1075 3630 subtegmen
1104 3551 1355 3630 pectine
1385 3552 1775 3625 concutiunt,
1825 3562 1883 3613 et
1924 3553 1992 3614 id
2020 3556 2268 3635 faciunt
2303 3556 2748 3625 vehementius;
2793 3555 3020 3619 deinde
3071 3559 3182 3638 qui
3221 3569 3367 3619 sunt
3409 3579 3678 3638 superne

441 3664 669 3735 calami
704 3673 778 3736 ob
821 3674 1135 3734 intensum
1172 3674 1365 3733 ictum
1402 3672 1590 3733 edunt
1624 3676 1982 3754 strepitum,
2026 3677 2199 3738 allisi
2237 3676 2318 3738 ad
2358 3686 2598 3740 rectum
2638 3687 2978 3741 structura
3012 3681 3274 3759 lignum,
3312 3683 3425 3743 hoc
3455 3684 3681 3746 habent

440 3812 561 3873 pro
603 3795 784 3872 signa
810 3814 830 3853 :
875 3801 933 3852 et
960 3790 1087 3853 alia
1110 3790 1593 3853 innumerabilia
1615 3792 1807 3871 digna
1848 3813 1980 3874 qua!
2008 3798 2362 3863 rideantur.
2396 3802 2479 3863 Et
2525 3804 2584 3863 si
2616 3805 2837 3864 asinus
2877 3804 3341 3877 exclamas-erit,
3376 3815 3432 3866 et
3457 3808 3513 3866 si
3539 3807 3678 3883 gal-

446 3919 566 3991 lus,
601 3918 739 3977 etsi
779 3915 916 3995 quis
947 3915 1418 3990 stcrnutaverit,
1452 3925 1507 3977 et
1549 3917 1809 3996 quodvis
1839 3919 2037 3995 aliud,
2073 3930 2363 4002 tanquam
2394 3922 2594 3983 decies
2640 3925 2810 3984 mille
2844 3927 3043 3986 vincti
3082 3929 3374 4000 vinculis,
3406 3938 3477 3988 ut
3515 3927 3678 4001 dixi,

445 4039 861 4120 tanquamqui
900 4045 1231 4100 teneantur
1258 4039 1643 4116 intenebris,
1673 4043 1880 4103 omnia
1918 4044 2147 4106 habent
2188 4053 2504 4124 suspecta,
2538 4057 2594 4107 et
2639 4057 2786 4110 sunt
2826 4049 3019 4135 magis
3062 4051 3321 4119 serviles
3366 4072 3549 4133 quam
3578 4058 3681 4117 in-

443 4182 702 4226 numera
735 4161 1076 4241 mancipia.

522 4353 593 4414 lu
630 4352 893 4414 homilia
938 4360 1151 4415 autem
1197 4352 1534 4433 vigesima,
1579 4353 1691 4416 ubi
1739 4354 1818 4416 de
1866 4352 2261 4415 instituenda
2311 4370 2508 4414 uxore
2546 4353 2750 4415 multa
2793 4351 3032 4431 profert
3081 4356 3375 4434 praeclara
3419 4364 3478 4418 et
3518 4356 3683 4419 lectu

444 4475 848 4555 dignissima,
883 4476 1105 4539 luxum
1144 4488 1203 4540 et
1233 4476 2040 4542 fastumAntiochenorum
2071 4474 2485 4538 vehementer
2517 4476 2891 4552 insectatur,
2928 4493 3202 4557 quorum
3241 4479 3501 4555 plurimi
3542 4480 3685 4545 licet

445 4599 693 4662 vilioris
728 4600 921 4663 sortis
948 4601 1272 4675 homines,
1303 4603 1414 4682 qui
1460 4619 1716 4682 magnas
1747 4602 1868 4664 sibi
1918 4606 2294 4682 paraverant
2329 4595 2682 4673 facultates,
2717 4614 2872 4661 auro
2922 4600 3138 4667 onusti
3188 4617 3332 4662 cum
3376 4603 3687 4666 uxoribus

444 4719 808 4803 prodibant,
840 4718 910 4780 in
951 4737 1145 4782 curru
1180 4721 1372 4784 mulis
1401 4721 1564 4783 albis
1589 4726 1837 4801 juneto,
1861 4722 2164 4801 gregibus
2194 4721 2581 4785 famulorum
2612 4727 2675 4783 et
2706 4722 3070 4807 agminibus
3101 4724 3544 4785 cunuchorum
3576 4725 3690 4785 sti,

443 4842 600 4920 pati.
640 4844 804 4902 Tum
837 4842 1144 4903 acerrime
1177 4840 1504 4903 invehitur
1534 4842 1600 4903 in
1634 4856 1744 4903 eos
1766 4840 1879 4920 qui
1900 4841 2220 4919 nuptiales
2251 4842 2650 4906 cmrimonias
2679 4843 3058 4906 Christianis
3090 4843 3384 4921 indignas
3417 4842 3684 4903 induxe-

442 4971 621 5040 rant;
661 4963 1045 5025 saltationes
1088 4969 1150 5025 et
1200 4961 1501 5042 tripudia,
1553 4960 1914 5040 impudicas
1968 4960 2343 5038 cantilenas,
2396 4970 2460 5025 et
2507 4971 2731 5027 caetera
2792 4963 3085 5033 traducit,
3138 4979 3283 5041 quae
3338 4960 3684 5036 nuptialem

444 5097 656 5151 torum
722 5087 1241 5151 dehonestarent.
1293 5086 1366 5146 In
1420 5101 1655 5147 uxores
1699 5101 1960 5166 quoque
2007 5084 2269 5150 illorum
2316 5104 2542 5167 aspera
2592 5086 2946 5160 invehitur,
3003 5103 3146 5165 quas
3196 5085 3261 5144 in
3306 5082 3576 5145 famulas
3624 5092 3689 5146 et

447 5213 711 5276 ancillas
749 5213 836 5277 ita
878 5211 1249 5282 smviebant,
1288 5216 1359 5271 ut
1398 5208 1621 5289 ligatas
1652 5217 1715 5271 et
1754 5209 2023 5272 nudatas
2054 5225 2262 5273 coram
2305 5208 2546 5272 maritis
2575 5209 2883 5271 acerrime
2925 5206 3350 5279 verberarent,
3378 5206 3502 5267 col.
3549 5209 3687 5284 110,

448 5336 856 5399 Thessalidas
910 5347 1225 5410 vocantes,
1293 5351 1437 5416 quas
1487 5350 1607 5395 vox
1655 5333 1826 5413 apud
1880 5333 2366 5412 AristOphanem
2430 5331 2740 5394 veneﬁcas
2794 5337 2855 5392 et
2912 5327 3427 5407 priestigiatrices
3479 5329 3690 5409 signi-

449 5459 610 5521 licet.

527 5642 631 5708 Sic
661 5639 768 5703 ille
800 5640 1232 5707 AntiOchenos
1270 5640 1556 5716 incessit,
1589 5640 1703 5721 qui
1740 5638 2275 5719 intemperantius
2309 5638 2449 5700 suis
2479 5637 2710 5718 Opibus
2747 5634 3130 5711 utebantur;
3165 5642 3300 5697 tum
3332 5636 3524 5696 etiam
3554 5648 3691 5705 non

444 5780 711 5848 paucos,
743 5762 854 5845 qui
887 5762 1070 5827 bonis
1101 5763 1332 5826 alienis
1364 5764 1792 5826 imminerent.
1830 5762 1917 5824 ΑΛ
1942 5762 2076 5825 alia
2098 5777 2244 5823 vero
2265 5760 2396 5840 jam
2423 5759 2838 5824 veniendum.
2871 5759 2942 5821 In
2980 5758 3242 5821 homilia
3275 5762 3514 5832 octava,
3548 5768 3684 5816 oui-

3584 5894 3635 5973 ί

3658 5966 3704 6017 ἢ

3651 6032 3751 6067 οο,
