4080 6218
1925 356 2315 412 putemne.
2966 337 2972 342 ’
3703 361 3736 410 s

485 476 658 538 nium
696 471 1102 550 longissima,
1139 475 1202 535 in
1243 473 1374 547 llaec
1415 474 1622 546 verba,
1657 472 1789 556 Ego
1825 476 2077 536 vinctus
2115 474 2184 534 in
2212 472 2504 545 Domino,
2540 470 2603 532 in
2641 471 2919 534 vinculis
2953 469 3130 552 Pauli
3175 468 3540 545 laudandis,
3573 471 3738 534 cele-

381 615 388 626 '
491 594 764 659 brandis,
799 603 990 658 totam
1041 596 1369 675 profundit
1401 593 1712 660 orationis
1754 603 1986 670 artem;
2031 596 2160 656 imo
2218 613 2344 658 non
2395 604 2616 668 artem,
2661 598 2772 658 sed
2823 594 3144 674 quidquid
3192 593 3422 666 ardens
3457 593 3737 668 animus,

501 717 798 796 quidquid
832 733 946 778 cor
971 719 1333 782 vehementi
1370 721 1752 784 concitatum
1791 734 2007 780 amore
2043 723 2353 800 suggerit,
2379 722 2730 799 imparatus
2760 722 3000 800 profert
3034 721 3100 782 in
3134 719 3441 790 medium,
3476 719 3596 781 col.
3631 723 3737 783 ὅτε

498 840 566 900 Si
586 843 716 918 quis
745 844 901 904 mihi
921 843 1191 918 dederit,
1221 844 1458 924 inquit,
1490 862 1658 906 nunc
1682 851 1756 903 ut
1775 841 2068 902 suscitem
2093 852 2398 916 mortuos,
2429 861 2558 902 non
2587 843 2701 904 hoc
2745 843 3054 920 elegerim,
3089 839 3197 901 sed
3240 850 3537 903 catenam.
3566 843 3638 904 Si
3668 843 3741 902 ab
3765 829 3796 844 ”

501 965 930 1052 ecclesiasticis
975 968 1152 1028 curis
1185 986 1376 1041 essem
1414 976 1711 1040 remotus,
1751 975 1806 1026 et
1841 970 1995 1034 esset
2032 961 2190 1029 mihi
2224 983 2453 1043 corpus
2499 981 2720 1033 sanum
2771 972 2828 1023 et
2874 962 3172 1036 validum,
3213 979 3342 1023 non
3397 965 3741 1026 recusarim

489 1085 651 1144 hanc
672 1088 992 1164 suscipere
1019 1090 1617 1167 peregrinationem,
1652 1100 1728 1152 ut
1766 1093 1967 1154 solum
1987 1091 2259 1154 viderem
2290 1095 2566 1159 catenas,
2610 1093 2684 1145 ut
2727 1102 3035 1146 carcerem
3063 1086 3131 1144 in
3163 1101 3283 1161 quo
3312 1083 3436 1162 fuit
3465 1084 3737 1140 vinctus.

481 1203 677 1279 Atqui
707 1203 840 1281 ejus
876 1205 1332 1288 miraculorum
1377 1207 1580 1276 multa
1626 1210 1843 1289 multis
1887 1213 1954 1272 in
1985 1212 2142 1273 locis
2171 1220 2320 1272 sunt
2351 1209 2563 1288 signa,
2589 1207 2699 1268 sed
2725 1226 2854 1283 non
2904 1217 3052 1295 sunt
3108 1217 3232 1274 tam
3275 1202 3738 1274 desiderabilia,

481 1337 664 1397 quam
705 1325 1088 1402 stigmatum.
1133 1328 1216 1388 Et
1262 1328 1331 1388 in
1361 1329 1718 1408 Scripturis
1746 1349 1873 1391 non
1916 1333 2008 1393 ita
2046 1352 2137 1394 me
2166 1332 2428 1394 delectat
2455 1304 2601 1391 dum
2629 1332 2786 1410 facit
2815 1330 3145 1403 miracula,
3187 1346 3372 1409 quam
3406 1326 3550 1388 dum
3584 1323 3739 1384 male

479 1439 754 1526 patitur,
784 1441 1007 1520 ﬂagris
1039 1445 1306 1506 cwditur
1334 1456 1520 1528 atque
1562 1458 1881 1528 raptatur.
1919 1452 2068 1513 Vere
2105 1455 2425 1520 mirabilia
2459 1462 2608 1516 sunt
2637 1454 2814 1514 illius
2852 1454 3140 1532 corporis
3168 1451 3431 1513 sudaria
3479 1459 3536 1510 et
3564 1447 3738 1508 semi-

485 1559 742 1634 cinctia,
768 1581 900 1640 qua:
940 1565 1249 1645 stupenda
1276 1579 1540 1647 patrant
1566 1591 1587 1630 :
1609 1583 1757 1634 sunt
1785 1575 1909 1636 lucc
1937 1593 2077 1634 vere
2103 1573 2448 1645 mirabilia,
2479 1571 2587 1633 sed
2614 1591 2741 1633 non
2774 1582 2848 1634 ut
2873 1573 2989 1634 illa
3014 1573 3338 1652 (vincula).

566 1720 924 1788 Occasione
962 1728 1364 1814 vinculorum
1404 1731 1673 1814 loquens
1706 1732 1784 1800 de
1806 1739 2024 1800 sancto
2057 1733 2286 1813 Babyla
2323 1741 2621 1822 martyre,
2655 1734 2839 1818 cujus
2867 1734 3074 1816 Vitam
3113 1731 3224 1807 ille
3257 1730 3513 1808 scripsit
3546 1737 3612 1790 ut
3634 1727 3742 1788 ha-

487 1841 682 1904 betur
715 1863 910 1924 supra
945 1851 1123 1912 Tom.
1156 1853 1465 1927 secundo,
1501 1855 1680 1929 dicit,
1723 1855 1843 1917 col.
1885 1857 1984 1929 71,
2027 1853 2212 1916 illum
2255 1855 2537 1920 vinctum
2571 1853 2798 1928 fuisse,
2832 1856 2995 1915 sicut
3027 1856 3335 1916 Joannem
3368 1851 3737 1929 Baptistam,

493 1962 658 2036 quia
690 1982 912 2046 nempe
947 1987 1154 2049 regem
1193 1973 1624 2053 redarguerat,
1662 1983 1722 2037 et
1754 1976 2133 2038 morientem
2169 1974 2597 2051 mandavisse,
2627 1984 2700 2036 ut
2740 1973 2994 2036 vincula
3019 1980 3410 2053 ponerentur
3456 1990 3593 2047 cum
3623 1988 3738 2030 suo

497 2097 781 2159 PO'PO",
815 2097 872 2154 et
902 2108 1132 2170 corpus
1160 2095 1538 2173 sepeliretur
1565 2097 1866 2166 vinctum.
1911 2097 1993 2164 Et
2021 2114 2189 2159 nunc
2220 2099 2333 2160 siti
2359 2106 2509 2159 sunt
2536 2098 2856 2177 compedes
2885 2116 3022 2160 cum
3054 2097 3262 2164 cinere
3287 2115 3307 2154 :
3337 2103 3579 2157 tantum
3609 2101 3742 2164 erat

489 2200 552 2261 ei
579 2200 954 2291 desiderium
981 2214 1380 2278 vinculorum
1395 2229 1671 2305 propter
1693 2219 2034 2303 Christum.
2062 2220 2328 2281 Ferrum
2355 2221 2740 2310 pertransiit
2769 2220 2982 2282 anima
3010 2219 3165 2300 ejus,
3198 2224 3317 2304 etc.

564 2373 750 2436 Hom.
785 2378 1059 2455 decima,
1097 2383 1216 2446 col.
1255 2387 1351 2473 78,
1386 2385 1562 2463 dicit,
1596 2396 1887 2471 ἀγάλματα
1916 2405 2031 2450 seu
2057 2387 2317 2466 ﬁguras,
2358 2394 2418 2448 et
2447 2393 2684 2459 statuas
2711 2389 2807 2450 vel
2838 2386 3155 2480 imagines
3189 2385 3256 2470 in
3278 2381 3544 2475 ecclesia
3573 2397 3742 2456 esse,

485 2513 700 2576 neque
742 2501 923 2578 plura
951 2504 1169 2584 adjicit
1201 2507 1264 2568 in
1299 2526 1388 2583 re,
1421 2526 1612 2587 quam
1651 2482 1945 2586 pluribus
1977 2527 2324 2587 expensam
2355 2505 2559 2572 fuisse
2595 2510 2845 2574 vellem.
2880 2508 3230 2579 Haareticos
3260 2507 3501 2586 passim
3531 2503 3744 2584 exagi-

484 2631 598 2698 tat,
632 2627 1046 2704 Marcionem,
1081 2631 1498 2694 Manichmum
1529 2649 1645 2694 seu
1671 2633 2015 2706 Manetem,
2047 2632 2491 2707 Valentinum,
2527 2631 2851 2706 Catharos,
2881 2649 3004 2698 seu
3041 2632 3458 2706 Novatianos,
3495 2630 3741 2702 Arium,

483 2753 580 2817 uti
615 2755 775 2816 solet
810 2754 880 2816 in
920 2756 1226 2817 omnibus
1272 2773 1442 2834 pene
1486 2757 1888 2820 orationibus
1927 2763 1988 2820 et
2029 2755 2342 2834 homiliis,
2388 2756 2684 2838 aliosque
2731 2755 2919 2817 etiam
2965 2754 3322 2816 haereticos.

559 2921 862 3008 Gentiani
897 2925 1161 2989 Herveti
1195 2924 1477 3015 Latinam
1514 2926 2112 3006 interpretationem
2145 2925 2365 3012 multis
2396 2925 2466 2989 in
2501 2926 2662 2994 locis
2691 2924 2930 3006 passim
2965 2922 3441 3011 castigavimus.
