4080 6218
375 309 3627 358 W

1278 510 1689 601 SANCTI
1773 511 2199 599 PATRIS
2275 507 2711 620 NOSTRI

385 842 1235 1055 JOANN
1256 839 1505 1052 IS
1613 838 3626 1076 CHRYSOSTOML

516 1282 1626 1402 ARCHIEPISCOPI
1693 1281 3461 1430 CONSTANTINOPOLITANI,

1740 1568 1971 1628 OPERA
2011 1571 2248 1627 OMNIA.

1873 1781 2131 1792 ...δ’-υ-

729 1975 833 2050 1N
900 1971 1483 2050 EPIS’I‘ULAM
1571 1975 1696 2045 so
1766 1969 2252 2047 12911125108
2316 1968 3130 2050 COMMENTARIUS
3168 1954 3275 2048 (α).

1800 2235 2188 2274 οι-εθῲ-ι-ι-

894 2463 1417 2558 Ἦνδιιηιςιιίιιηι.

432 2605 673 2675 Ephesus
712 2613 794 2658 est
823 2602 1037 2674 quidem
1070 2601 1208 2654 Asize
1236 2595 1566 2667 metropolis.
1618 2595 1746 2648 Erat
1774 2602 1951 2649 autem

357 2698 601 2752 dedicata
658 2697 880 2760 Dianae,
935 2703 990 2747 et
1039 2691 1174 2746 hanc
1227 2691 1381 2745 deam
1445 2689 1550 2742 illic
1604 2685 1852 2742 colebant.
1896 2695 1954 2739 ut

358 2788 687 2841 niaximam:
733 2794 986 2854 tantaque
1029 2797 1215 2837 eorum
1257 2789 1375 2836 erat
1415 2777 1720 2848 superstitio
1745 2817 1760 2841 ,
1788 2785 1843 2830 ut
1885 2789 1953 2831 ne

359 2882 502 2935 illius
550 2880 766 2950 quidem
823 2894 1016 2932 nomen
1068 2877 1155 2947 qui
1206 2875 1320 2944 ejus
1348 2874 1603 2943 templum
1644 2870 1954 2926 combusse-

359 2983 464 3035 rat.
497 2973 835 3026 manifestum
882 2984 1000 3023 esse
1045 2968 1349 3022 voluerint:
1397 2965 1566 3018 fuerat
1619 2963 1757 3018 enim
1806 2976 1945 3015 com-

361 3063 609 3116 bustum.
643 3063 808 3115 l‘orro
848 3061 1033 3115 beatus
1078 3076 1290 3130 quoque
1339 3057 1572 3113 Joannes
1626 3055 1948 3122 evangelista

360 3152 654 3221 plurimum
712 3152 818 3205 illic
859 3160 942 3205 est
991 3160 1228 3205 versatus
1258 3167 1271 3204 :
1307 3165 1428 3202 nam
1467 3158 1520 3203 et
1570 3148 1674 3201 illic
1712 3145 1810 3199 fuit
1862 3160 1935 3198 re~

358 3245 570 3313 legatus
604 3255 657 3298 et
687 3243 917 3297 decessit
941 3241 1036 3313 (ιι).
1068 3242 1403 3295 Timotheum
1459 3253 1667 3308 quoque
1712 3238 1819 3292 illic
1863 3251 1949 3290 re--

360 3335 513 3402 liquit
564 3335 796 3398 Paulus,
854 3344 909 3388 ut
963 3335 1086 3387 dicit
1142 3333 1205 3386 ad
1258 3333 1429 3402 ipsum
1477 3331 1754 3385 scribens:
1803 3328 1949 3383 Sicut

356 3427 537 3496 rogavi
567 3436 614 3478 te
642 3437 694 3478 ut
719 3442 946 3478 muneres
977 3423 1166 3494 Ephesi
1187 3424 1262 3495 (Ι.
1300 3422 1428 3476 Tim.
1457 3423 1508 3477 1.
1541 3422 1614 3489 3).
1645 3420 1710 3474 Et
1738 3419 1948 3488 plurimi

359 3533 424 3572 es
457 3518 811 3588 phil050phis,
845 3519 1074 3571 maxime
1101 3518 1134 3570 ii
1159 3517 1246 3586 qui
1271 3517 1320 3569 in
1352 3516 1475 3569 Asia
1501 3515 1812 3578 ﬂoruerunt,
1843 3513 1951 3568 illic

311 3639 314 3644 -
369 3619 546 3661 erant.
571 3608 697 3661 Nam
715 3608 905 3662 dicitur
923 3609 1136 3678 quidem
1161 3617 1214 3660 et
1249 3606 1370 3661 inde
1393 3607 1555 3660 fuisse
1579 3605 1908 3675 Pythagoras
1933 3621 1946 3656 :

366 3698 566 3751 Samos
594 3700 755 3762 enim,
788 3698 923 3752 unde
968 3709 1119 3751 ortus
1151 3698 1240 3752 ille
1270 3707 1384 3750 erat
1409 3737 1424 3761 ,
1483 3696 1658 3750 Ionica
1707 3705 1823 3750 erat
1870 3697 1950 3750 in-

359 3790 482 3843 sula
520 3790 620 3860 (c).
655 3790 1014 3844 l’annenidem
1043 3805 1254 3858 quoque
1295 3799 1346 3842 et
1374 3787 1645 3842 Zenonem
1672 3798 1723 3842 et
1756 3788 1953 3842 Demo-

419 3905 494 3963 (ο)
525 3903 602 3950 Ad
627 3902 853 3951 llomilias
876 3905 924 3950 in
951 3902 1214 3963 Epistulam
1239 3902 1297 3950 ad
1331 3901 1382 3962 E;
1404 3901 1568 3950 hesios
1606 3899 1950 3950 emaculandas

350 3980 425 4014 usi
454 3979 631 4014 sumus
655 3965 956 4014 Coisliniauis
973 3964 1229 4015 Codicibus
1250 3965 1465 4020 duobus,
1491 3975 1694 4024 quorum
1720 3976 1842 4010 unus
1859 3964 1910 4010 51
1933 4000 1946 4020 ,

349 4029 480 4076 alter
505 4029 576 4076 ’ῖίὶ
610 4035 833 4083 notatur,
862 4034 914 4074 et
957 4041 1067 4073 eum
1111 4025 1287 4075 Codice
1323 4024 1605 4076 Oilbertino
1637 4038 1767 4072 num.
1808 4025 1946 4074 4112.

350 4089 678 4138 Colliertinus
719 4096 1062 4150 argumentum
1099 4088 1304 4146 omittit,
1333 4094 1385 4136 et
1422 4099 1449 4134 a
1474 4087 1624 4147 prima
1649 4085 1846 4134 bomilia
1875 4086 1948 4134 in-

346 4153 406 4199 ci;
427 4153 484 4199 it.

394 4190 487 4274 3(lii
514 4211 580 4260 Id
606 4219 698 4269 est,
723 4219 776 4260 tn
796 4209 1021 4274 exsilium
1043 4209 1216 4260 missus
1237 4210 1356 4260 istuc
1383 4209 1521 4259 venit.
1546 4209 1769 4274 Joannes
1786 4209 1832 4257 in
1855 4209 1948 4258 Pa-

349 4270 478 4333 nam
536 4274 746 4322 insulani
778 4272 1030 4334 relegatus
1054 4282 1129 4320 est
1168 4287 1181 4326 ;
1223 4280 1490 4334 posteaque
1529 4273 1663 4319 venit.
1685 4270 1948 4332 Ephesum.

348 4335 734 4398 Uirysustomus
756 4348 876 4382 vero
899 4335 1001 4382 tunc
1027 4337 1228 4395 carptim
1253 4345 1540 4392 recensens,
1565 4345 1661 4381 non
1686 4339 1779 4382 tam
1803 4346 1949 4382 aecu-

346 4397 459 4445 rate
479 4397 653 4446 omnia
679 4399 881 4457 profert.

411 4463 486 4519 (ε)
512 4455 894 4520 Chrysostomus
918 4457 1114 4520 carptim
1131 4455 1356 4520 loquens,
1371 4463 1425 4520 et
1444 4455 1689 4520 Ephesum
1709 4471 1953 4520 commen-

346 4517 474 4589 dans:
492 4517 849 4589 dicit'philosizq
869 4517 1151 4589 hosmultos
1173 4518 1266 4567 illic
1290 4517 1532 4589 ﬂoruisse,
1551 4525 1603 4589 ut
1630 4517 1951 4589 Pythagoram

347 4585 434 4650 qui
455 4586 521 4630 ex
560 4579 715 4650 insula
732 4579 932 4650 quidem
956 4581 1100 4650 Samo
1122 4591 1254 4650 erat“;
1279 4580 1366 4628 sed
1392 4579 1560 4650 Samos
1585 4579 1744 4650 Ionica
1770 4587 1952 4650 erat_ut

347 4639 620 4703 Ephesus;
643 4639 765 4703 imo;
775 4644 903 4703 quod
926 4655 1018 4689 non
1044 4641 1172 4690 addit
1196 4641 1580 4703 Chrysostouius,
1608 4639 1804 4702 Epheso
1827 4642 1951 4690 adeo

350 4701 517 4752 \iL-ina
550 4710 604 4752 ut
629 4717 692 4751 ex
718 4701 807 4751 illa
825 4704 952 4752 urbe
986 4701 1372 4765 CODSpiCBl‘CCill‘.
1396 4701 1473 4751 De
1507 4701 1701 4752 caeteris
1723 4716 1844 4764 (tuos
1865 4703 1950 4751 ad-

2059 2451 2274 2522 eritum,
2298 2465 2352 2511 et
2381 2457 2579 2514 multos
2604 2474 2745 2516 nunc
2770 2460 2946 2518 adhuc
2967 2460 3074 2519 illic
3103 2465 3372 2523 inveneris
3404 2469 3644 2540 philoso-

2060 2545 2214 2613 phos.
2247 2545 2372 2601 Haec
2399 2556 2575 2603 autem
2603 2566 2707 2604 non
2749 2551 2866 2606 sine
2891 2567 3052 2608 causa
3079 2555 3220 2611 dicta
3251 2568 3372 2612 sunt
3411 2577 3438 2612 a
3470 2562 3641 2625 nobis,

2059 2636 2152 2690 sed
2181 2646 2238 2690 ut
2262 2638 2602 2694 ostenderem
2632 2641 2798 2695 multo
2829 2643 3006 2698 studio
3035 2660 3170 2714 opus
3199 2647 3364 2704 luisse
3390 2649 3553 2705 Paulo
3577 2653 3645 2706 ad

2058 2742 2152 2782 eos
2197 2729 2474 2784 scribenti.
2543 2732 2743 2786 Dicitur
2784 2743 2962 2788 autem
3014 2739 3386 2804 prol‘undiores
3435 2756 3646 2812 quoque

2056 2831 2246 2874 sensus
2271 2819 2350 2873 eis
2379 2820 2693 2883 credidisse.
2719 2832 2901 2892 utpote
2927 2826 3014 2893 qui
3039 2828 3150 2894 jam
3170 2831 3533 2886 catechumeni
3553 2848 3644 2888 es-

2056 2920 2196 2964 sent.
2232 2911 2324 2964 Est
2353 2927 2512 2980 porro
2554 2913 2776 2983 epistola
2811 2915 2967 2986 plena
3016 2917 3332 2976 sublimibus
3363 2925 3644 2980 sententiis

2061 3009 2112 3054 et
2137 3001 2494 3072 dogmatibus.
2527 3004 2723 3060 Scribit
2762 3017 2938 3061 autem
2971 3011 3250 3080 epistulam
3307 3012 3492 3068 Roma:
3523 3017 3641 3070 vin-

2054 3103 2172 3146 etus
2195 3135 2209 3158 ,
2243 3094 2380 3167 sicut
2405 3105 2458 3148 et
2489 3096 2601 3164 ipse
2627 3096 2800 3151 dicit:
2839 3098 2994 3154 Orate
3018 3118 3110 3169 pro
3134 3117 3212 3154 me
3251 3114 3304 3156 at
3347 3104 3494 3158 detur
3520 3108 3645 3162 mihi

2054 3197 2216 3236 sermo
2256 3185 2308 3237 in
2347 3188 2607 3254 apertione
2631 3189 2734 3242 oris
2761 3190 2877 3253 inci,
2911 3207 3022 3242 cum
3053 3192 3245 3260 ﬁducia
3274 3205 3446 3248 notum
3477 3199 3644 3268 facere

2055 3276 2344 3344 mysterium
2367 3280 2614 3349 evangelii
2643 3320 2658 3344 ,
2692 3297 2783 3349 pro
2809 3297 2906 3350 quo
2936 3283 3186 3352 legatione
3216 3286 3404 3356 [ungor
3451 3293 3503 3341 in
3551 3306 3640 3341 ca-

2055 3377 2168 3420 tena
2196 3366 2408 3439 (Ep/tes.
2441 3373 2494 3423 (5.
2549 3370 2631 3424 l9.
2672 3371 2786 3442 20).
2819 3373 2885 3426 Ει
2915 3374 3201 3430 admodum
3243 3378 3367 3432 altis
3409 3389 3462 3434 et
3509 3384 3641 3436 emi-

2057 3459 2304 3514 nentibus
2355 3461 2508 3528 plena
2541 3471 2622 3516 est
2670 3464 2984 3519 sensibus‘.
3034 3465 3164 3520 Nam
3209 3484 3328 3536 qua:
3380 3485 3639 3540 nusquam

2055 3547 2167 3604 fere
2196 3561 2278 3604 est
2306 3550 2578 3620 loquutus,
2607 3568 2669 3606 ea
2703 3554 2788 3608 hic
2835 3555 3057 3622 profert,
3102 3566 3158 3610 ut
3202 3559 3415 3627 quando
3460 3561 3589 3616 dicit
3622 3581 3634 3616 :

2062 3642 2128 3696 Ut
2157 3643 2435 3697 innotescat
2466 3662 2601 3698 mine
2628 3647 2995 3716 principatibus
3020 3659 3066 3702 et
3096 3652 3418 3720 potestatibus
3447 3653 3500 3706 in
3544 3671 3640 3709 tte-

2055 3735 2259 3789 lestibus
2286 3752 2376 3804 per
2407 3735 2688 3790 Ecclesium
2709 3740 2850 3791 varia
2872 3750 2915 3792 et
2944 3741 3192 3810 mutiplex
3236 3740 3333 3796 Dei
3357 3745 3640 3814 sapientia;

2055 3837 2108 3880 et
2139 3843 2342 3894 rursus,
2373 3826 2794 3883 Conresuscitavit
2818 3841 2863 3884 et
2893 3836 3162 3887 consedere
3181 3836 3298 3905 fecit
3329 3852 3421 3890 nos
3461 3839 3512 3890 in
3541 3854 3642 3892 ca:-

2057 3919 2304 3985 lcstibns;
2334 3929 2408 3984 et,
2442 3921 2594 3987 Quod
2630 3923 2747 3976 aliis
2784 3925 3188 3993 generationibus
3213 3943 3313 3980 non
3341 3929 3439 3998 [ait
3463 3931 3640 4000 cogni-

2057 4020 2180 4076 tum,
2213 4029 2345 4064 nunc
2388 4013 2659 4067 revelatum
2687 4015 2785 4083 {uit
2815 4018 3062 4086 apostolis
3087 4021 3279 4072 sanctis
3303 4029 3352 4073 et
3380 4023 3642 4090 proiihetis

2055 4102 2106 4154 in
2136 4101 2335 4172 Spiritu
2357 4145 2370 4166 ,
2397 4117 2568 4175 gentes
2606 4123 2712 4160 esse
2735 4108 3037 4171 coheredes,
3081 4120 3128 4162 et
3169 4115 3553 4182 concorporales
3595 4125 3642 4168 et

2057 4196 2443 4265 comparticipes
2463 4198 2572 4266 ejus
2601 4198 2888 4254 hereditatis
2919 4201 2971 4254 in
2997 4201 3193 4256 Christo
3218 4204 3433 4274 (Ep/tes.
3462 4209 3513 4262 3.
3548 4208 3639 4265 10.

2053 4296 2100 4338 ει
2123 4285 2176 4338 2.
2207 4287 2260 4342 6.
2288 4299 2336 4340 et
2369 4290 2420 4344 δ.
2449 4290 2504 4344 5.
2533 4289 2614 4360 θ).

2053 4399 2125 4472 dit
2150 4399 2619 4472 [thilosOpliis-mul‘t‘a
2653 4402 2750 4472 dici
2774 4408 2996 4472 possent,
3022 4404 3109 4452 sed
3127 4404 3364 4472 adeantur
3385 4407 3642 4470 Diogenis

2059 4462 2282 4530 laet-tius
2319 4469 2370 4510 et
2415 4462 2514 4510 alii.
2553 4462 2630 4512 De
2653 4462 2940 4526 quibusdam
2962 4473 3102 4514 certe
3120 4501 3135 4524 ,
3173 4475 3226 4516 ut
3248 4471 3312 4517 de
3334 4462 3640 4530 DemJerito,

2053 4521 2286 4581 dib‘plllat‘t
2313 4529 2490 4583 potest.

2571 4583 2728 4651 altero
2763 4583 2982 4651 legitur:
3011 4584 3101 4635 Illa
3125 4593 3286 4651 autem
3308 4587 3520 4651 spissata
3541 4605 3637 4642 ηοη

2051 4643 2196 4712 modo
2216 4643 2569 4713 sublimioribus
2589 4643 2891 4713 dogmatibus
2908 4647 3049 4711 plena
3059 4655 3146 4711 est,
3160 4650 3245 4701 sed
3262 4643 3409 4702 ειὶἀπι
3429 4654 3646 4706 sensibus

2051 4706 2364 4756 eminentibus
2385 4707 2613 4756 abundat.

352 4833 3647 4865 ______________.____—.____________________________

1804 4897 2149 4960 HOMILIA
2193 4901 2219 4960 ι

358 5052 489 5106 CAP.
529 5051 551 5104 l
604 5065 660 5104 ν.
694 5051 741 5102 1.
783 5048 1260 5118 I’aulus,aposlolus
1283 5047 1407 5100 Iesu
1433 5044 1616 5099 Christi
1653 5061 1741 5114 per
1775 5043 1955 5096 volun-

435 5151 595 5194 tatem
646 5139 742 5193 Dci
767 5182 782 5204 ,
833 5141 1018 5192 sanctis
1049 5139 1132 5208 qui
1158 5149 1273 5192 sunt
1305 5136 1494 5208 Ephesi
1519 5178 1534 5200 ,
1565 5145 1609 5189 et
1646 5135 1876 5203 ﬁdelibus
1906 5135 1958 5188 in

439 5232 646 5284 Christo
675 5229 802 5282 Iesu
833 5244 854 5284 :
880 5228 935 5282 2.
985 5229 1150 5298 gratia
1177 5227 1312 5282 vobis
1356 5237 1403 5282 et
1453 5243 1555 5298 pax
1579 5243 1610 5279 a
1661 5225 1771 5281 Deo
1805 5224 1962 5278 Patre

439 5333 615 5376 nostra
649 5331 697 5376 et
726 5320 944 5374 Domino
983 5319 1109 5372 Iesu
1136 5318 1357 5374 Christo.

444 5417 498 5470 l.
543 5415 682 5469 Ecce
712 5416 872 5476 illud,
911 5431 1020 5484 per,
1049 5415 1193 5468 dedit
1236 5415 1404 5468 Patri.
1443 5415 1579 5480 Quid
1620 5415 1788 5484 ergo"
1813 5415 1960 5469 dice-

373 5521 570 5561 musne
595 5523 714 5558 eum
747 5508 1046 5560 minorem?
1086 5506 1320 5560 Minime.
1367 5505 1591 5571 Sanctis,
1640 5507 1838 5576 inquit,
1880 5506 1964 5572 qui

370 5606 490 5648 sunt
525 5595 736 5661 Ephesi,
761 5605 806 5650 et
834 5597 1067 5664 ﬁdelibus
1093 5597 1146 5650 in
1177 5596 1376 5652 Christo
1399 5595 1546 5651 Iesu.
1581 5597 1717 5652 Ecce
1752 5606 1966 5650 sanctos

375 5697 537 5741 meat
571 5688 710 5740 viros
740 5689 829 5758 qui
869 5689 1068 5745 habent
1098 5699 1152 5746 et
1180 5690 1314 5745 ﬁlios
1351 5699 1405 5744 et
1434 5704 1626 5744 uxores
1655 5700 1709 5744 et
1737 5704 1921 5743 servos
1951 5705 1965 5740 :

379 5792 432 5835 et
492 5777 596 5834 hoc
645 5791 855 5837 constat
909 5799 974 5838 ex
1030 5784 1136 5840 line
1185 5783 1466 5855 epistola,
1515 5792 1570 5837 ut
1611 5781 1822 5852 quando
1882 5780 1966 5836 di-

2061 5043 2132 5097 cit
2162 5085 2173 5095 .
2203 5043 2442 5098 Mulieres
2471 5045 2590 5098 viris
2619 5047 2723 5100 suis
2763 5048 2863 5100 sint
2889 5049 3144 5113 subditw;
3183 5057 3237 5102 ct
3262 5067 3464 5118 rursus,
3500 5052 3648 5120 Filii,

2064 5135 2258 5188 obedile
2307 5135 2595 5204 parentibus
2644 5139 2859 5202 vestris;
2915 5148 3004 5204 et,
3059 5138 3206 5193 Servi
3233 5181 3246 5202 .
3297 5139 3490 5196 obedite
3545 5145 3642 5198 do-

2067 5229 2216 5282 minis
2247 5227 2472 5296 (Ephes.
2519 5229 2572 5284 5.
2611 5229 2700 5283 22.
2728 5239 2772 5284 et
2799 5230 2852 5285 6.
2885 5231 2938 5285 1.
2967 5231 2999 5285 5
3031 5235 3070 5300 ).
3127 5231 3431 5300 Cogitemus
3471 5251 3646 5305 quau-

2069 5333 2120 5376 ta
2173 5335 2268 5375 nos
2323 5331 2470 5376 tenet
2516 5324 2800 5389 socordia,
2851 5333 2903 5377 et
2955 5337 3112 5390 quam
3162 5338 3279 5376 rara
3341 5324 3413 5378 sit
3455 5327 3645 5394 \‘irtus,

2069 5424 2125 5468 et
2153 5423 2386 5484 quantus
2431 5423 2557 5468 tunc
2600 5425 2742 5468 esset
2783 5422 3068 5483 proventus
3105 5413 3366 5470 bonorum
3413 5419 3648 5475 virorum

2074 5514 2128 5559 et
2157 5505 2353 5558 virtute
2391 5504 2770 5573 perditorum,
2809 5511 2869 5556 ut
2918 5503 3078 5557 etiam
3119 5506 3374 5562 mundani
3414 5524 3508 5564 seu
3545 5526 3652 5566 sa:-

2075 5595 2288 5651 culares
2335 5605 2460 5648 tunc
2513 5595 2681 5648 sancti
2735 5594 3039 5650 dicerentur
3086 5606 3140 5652 et
3210 5597 3416 5654 ﬁdeles.
3480 5600 3659 5658 Gratia

2078 5687 2216 5741 vobis
2242 5697 2286 5740 et
2313 5702 2416 5756 pax
2453 5702 2483 5738 a
2514 5684 2620 5739 Deo
2642 5685 2798 5740 Patre
2838 5697 3006 5742 nostro
3033 5700 3080 5743 et
3112 5689 3331 5745 Domino
3353 5689 3480 5746 Iesu
3507 5692 3656 5748 Chri-

2089 5790 2186 5835 sto.
2235 5777 2475 5836 Gratiam
2513 5776 2681 5849 dixit,
2722 5787 2775 5835 et
2819 5779 3032 5838 Patrem
3081 5782 3250 5839 Deum
3295 5783 3550 5841 vocavit:
3599 5787 3662 5842 il-
