4080 6218
351 303 407 370 ll
1058 282 1116 364 ‘s.
1157 279 1433 362 δολίως.
1466 276 1939 357 'cunisiis‘ront
1982 276 2298 352 siicmcr.
2340 266 2871 351 chS'i‘sx'i‘txdr.
3566 274 3635 350 ξε

350 428 452 483 lius
482 421 630 478 enim
654 419 839 493 gratia:
881 418 982 475 huc
1009 426 1093 475 est
1130 417 1405 473 indicium.
1434 411 1754 481 Quomodo?
1801 409 1938 465 Audi

353 535 481 576 cum
507 515 631 572 alibi
661 513 927 570 dicentem
963 530 977 566 :
1013 511 1267 578 Quoniam
1307 512 1478 589 autem
1513 504 1628 560 estis
1657 503 1756 575 lilii
1801 501 1940 567 Dei,

347 611 494 667 misit
520 609 659 664 Deus
693 606 947 677 Spiritum
975 602 1097 657 Filii
1123 603 1202 656 sui
1220 603 1272 654 in
1300 599 1455 654 corda
1484 607 1645 652 vestra
1671 637 1684 660 ,
1714 594 1943 649 claman-

344 699 472 769 iem,
505 701 641 756 Abba
681 700 835 754 Pater
860 695 1001 770 (Gal.
1031 697 1085 750 4.
1114 693 1192 765 ϐ).
1245 691 1316 746 Et
1362 690 1570 745 Domini
1617 690 1775 744 nostri
1819 687 1945 743 Iesu

353 792 564 848 Christi.
591 792 815 868 Proliter
839 787 1107 868 nosenim
1146 782 1390 868 Christus
1426 781 1595 837 factus
1624 789 1743 845 est,
1793 788 1847 834 et
1892 779 1945 833 in

354 872 519 939 carne
544 856 821 936 visiis'est.
845 880 898 933 5.
930 856 1236 930 Benedictus
1276 856 1436 939 Deus,
1469 866 1674 943 inquit,
1701 879 1749 923 et
1788 864 1947 923 Pater

356 976 566 1031 Durniui
596 973 753 1027 nostri
790 969 915 1022 Jesu
940 962 1151 1022 Chrilti.
1180 962 1321 1021 Ecce
1342 1005 1358 1029 ,
1393 965 1530 1018 Deus
1558 963 1673 1031 ejus
1704 961 1794 1031 qui
1825 974 1945 1014 ear-

361 1081 487 1123 nem
521 1062 777 1131 suscepit.
806 1057 961 1127 Quod
983 1058 1029 1112 si
1061 1071 1166 1111 non
1201 1054 1316 1121 vis,
1366 1061 1421 1108 at
1447 1052 1539 1107 Dei
1574 1050 1733 1106 Verbi
1766 1049 1945 1104 Pater.

359 1160 459 1226 Qui
503 1152 753 1211 benedixit
796 1166 891 1205 nos
938 1150 990 1203 in
1035 1148 1172 1202 omni
1212 1144 1553 1200 benedictione
1595 1139 1851 1212 spirituali
1896 1139 1949 1193 in

357 1248 635 1306 cwlestibus
672 1245 728 1298 in
754 1243 979 1298 Christo.
1010 1238 1287 1295 Judaicam
1327 1235 1415 1292 hic
1456 1232 1759 1290 subindicat
1787 1231 1951 1287 bene-

357 1340 647 1397 dictionem
681 1353 695 1391 :
730 1332 853 1390 naln
891 1340 1008 1389 erat
1057 1328 1276 1402 quidem
1315 1316 1651 1393 benedictio,
1699 1324 1796 1380 sed
1840 1338 1947 1379 non

362 1428 679 1502 spiritualis.
712 1425 851 1494 Quid
879 1425 1021 1481 enim
1047 1422 1218 1479 dicit?
1249 1420 1520 1475 Benedicat
1559 1426 1607 1472 te
1643 1416 1781 1472 Deus
1800 1457 1816 1484 ,
1847 1414 1949 1470 Be-

362 1524 554 1579 nedicct
596 1526 748 1594 [astus
777 1520 904 1574 uteri
933 1517 1007 1571 tui
1030 1515 1221 1587 (Nam.
1248 1514 1300 1569 6.
1331 1512 1484 1567 Deut.
1510 1513 1564 1567 7.
1598 1508 1711 1583 15),
1745 1509 1951 1589 benedi-

357 1623 439 1671 ιρι
466 1586 727 1668 introitum
754 1620 897 1665 tuum
924 1618 973 1663 et
994 1586 1180 1662 editum
1200 1616 1361 1660 tuum.
1392 1603 1490 1660 llic
1508 1612 1686 1658 autem
1708 1616 1813 1655 non
1842 1586 1950 1663 sic;

367 1704 462 1763 Sed
492 1705 657 1776 quid?
702 1702 771 1758 In
800 1702 939 1757 οηιηὶ
972 1698 1313 1755 benedictione
1339 1696 1613 1769 spirituali.
1642 1693 1780 1763 Quid
1809 1693 1951 1759 enim

367 1788 544 1856 adlqu
577 1792 670 1854 tibi
701 1793 898 1853 deest?
927 1792 1124 1848 Factus
1147 1805 1207 1846 es
1234 1788 1572 1851 immortalis,
1602 1784 1775 1841 lactus
1797 1800 1857 1840 es
1892 1778 1956 1838 li-

369 1872 486 1957 ber,
513 1888 684 1943 factus
706 1901 766 1942 es
818 1883 980 1951 illius,
1010 1881 1179 1937 lactus
1222 1895 1282 1935 es
1314 1881 1510 1950 justus,
1544 1875 1714 1931 lactus
1747 1889 1808 1932 es
1848 1873 1958 1957 ira-

370 1954 664 2050 ten-lactus
691 1966 1002 2034 escohei-es
1028 1964 1042 2029 Ξ
1069 1962 1227 2028 simul
1259 1981 1471 2041 regnas,
1502 1959 1660 2023 siiuul
1690 1954 1957 2038 glorillca-

369 2075 483 2131 ris:
515 2074 692 2129 omnia
734 2070 831 2126 tibi
881 2068 1048 2140 gratis
1071 2064 1308 2121 donavit.
1359 2060 1624 2129 Quomodo
1659 2075 1760 2113 non
1805 2059 1959 2113 etiam

369 2165 485 2219 ’cum
511 2164 647 2235 ipso,
669 2161 862 2231 inquit,
892 2155 1064 2212 omnia
1102 2153 1243 2209 nobis
1269 2151 1475 2206 donabit
1506 2155 1527 2222 (
1544 2148 1694 2204 llam.
1724 2148 1780 2204 8.
1822 2146 1959 2219 '52)?

372 2255 629 2311 Primitias
654 2260 757 2307 tua:
798 2248 1088 2304 adorantur
1125 2245 1194 2299 ab
1220 2242 1424 2314 angelis
1444 2283 1460 2309 ,
1487 2256 1519 2296 a
1546 2238 1864 2297 Cbcrubinis
1905 2247 1962 2293 et

375 2344 692 2417 Seraphinis
719 2360 733 2397 :
767 2340 894 2413 quid
920 2340 1096 2395 adhuc
1125 2336 1321 2394 deest?
1347 2334 1415 2390 In
1456 2334 1593 2390 omni
1620 2332 1963 2388 benedictione

372 2436 650 2511 spirituali.
683 2432 824 2490 Nihil
850 2441 935 2489 est
962 2430 1049 2487 hic
1072 2428 1309 2486 carnale.
1345 2427 1634 2497 Propterea
1659 2426 1836 2480 omnia
1874 2423 1962 2478 illa

376 2529 576 2587 exciuit
601 2527 818 2591 dicens,
851 2522 917 2579 In
957 2521 1146 2577 mundo
1185 2533 1475 2591 pressuraut
1501 2516 1741 2571 habebitis
1766 2513 1959 2585 (Joan'.

379 2621 470 2678 16.
504 2621 621 2692 55),
668 2618 844 2688 utqui
876 2630 974 2671 nos
1000 2614 1066 2669 ad
1110 2614 1226 2668 lucc
1266 2611 1499 2667 duxerit.
1529 2608 1663 2664 Nam
1708 2607 1846 2662 sicut
1874 2606 1962 2677 qui

381 2712 647 2768 habebant
670 2708 926 2774 carnalia,
959 2703 1258 2776 spiritualia
1311 2701 1499 2757 audire
1538 2715 1644 2755 non
1673 2708 1918 2770 poterant
1947 2715 1961 2752 :

381 2806 454 2860 ita
476 2803 566 2875 qui
592 2809 954 2872 assequuntur
978 2795 1300 2867 spiritualia,
1330 2807 1394 2848 ea
1421 2807 1529 2847 non
1566 2800 1789 2863 possunt
1815 2804 1965 2846 asse-

380 2895 504 2967 qui,
552 2893 651 2948 nisi
694 2891 841 2963 prius
884 2886 1166 2944 discedant
1207 2900 1238 2940 a
1286 2883 1616 2940 carnalibus.
1667 2881 1803 2950 Quid
1847 2889 1965 2949 est,

383 2985 687 3043 benedictio
739 2980 1034 3054 spiritualis
1065 2979 1118 3033 in
1164 2974 1655 3032 caelestilius?Non
1703 2974 1757 3028 in
1804 2983 1967 3039 terra,

383 3076 597 3148 inquit,
640 3073 779 3130 sicut
815 3071 957 3143 apud
1004 3069 1220 3126 Judmos
1258 3086 1272 3123 :
1323 3066 1469 3120 Bona
1512 3076 1659 3141 terra:
1692 3066 1971 3131 xtnnedetis

389 3168 540 3239 (Isai.
574 3169 624 3221 l.
660 3165 783 3236 l9):
816 3163 881 3218 In
906 3173 1090 3217 terram
1112 3161 1352 3231 ﬂuentem
1379 3158 1525 3212 melle
1548 3170 1593 3212 et
1617 3158 1746 3211 lucte
1769 3155 1968 3220 (Exod.

386 3263 477 3319 55.
505 3262 560 3331 5)
592 3279 607 3316 :
637 3257 906 3313 Benedicet
953 3253 1093 3309 Deus
1133 3263 1321 3307 terram
1371 3262 1508 3304 tuam
1542 3248 1728 3319 (l’sal.
1758 3249 1848 3304 84.
1882 3249 1970 3304 15.

390 3356 545 3411 Deut.
594 3353 681 3408 15.
715 3351 796 3421 ι).
840 3349 938 3403 Hic
974 3355 1154 3401 autem
1183 3343 1317 3399 nihil
1346 3342 1487 3408 tale;
1525 3342 1619 3396 sed
1668 3340 1834 3411 quid?
1876 3341 1974 3407 Qui

392 3446 560 3518 diligit
588 3459 688 3509 me,
720 3439 965 3495 mandata
1007 3445 1118 3491 mea
1159 3434 1395 3500 servabit,
1425 3443 1472 3488 et
1515 3450 1605 3505 ego
1633 3443 1680 3487 et
1712 3432 1867 3487 Pater
1907 3434 1976 3487 ad

391 3557 506 3595 eum
528 3537 801 3600 veniemus,
819 3541 868 3587 et
889 3530 1200 3585 mansionem
1221 3528 1361 3599 apud
1382 3543 1495 3581 eum
1523 3528 1766 3597 [arietinis
1790 3525 1973 3599 (latnt.

392 3632 487 3687 M.
511 3629 627 3697 23).
670 3625 771 3694 Qui
799 3623 942 3678 audit
971 3622 1077 3676 htcc
1104 3635 1214 3673 mea
1238 3619 1406 3683 verba,
1440 3628 1485 3671 ct
1515 3633 1574 3671 ea
1603 3619 1812 3687 fecerit,
1850 3617 1977 3671 assi-

396 3724 654 3779 ntiltibitur
698 3720 806 3774 uiro
848 3713 1119 3787 prudenti,
1167 3712 1254 3782 qui
1279 3710 1549 3779 (udi/ienuit
1597 3708 1803 3762 domum
1834 3720 1978 3764 suam

395 3831 553 3887 supra
589 3823 803 3882 petram,
835 3816 882 3860 et
905 3806 1151 3876 [laverunt
1172 3800 1303 3855 venti
1324 3838 1342 3867 ,
1385 3808 1430 3854 et
1457 3808 1694 3853 venerunt
1722 3798 1867 3868 ﬂuvii
1888 3840 1904 3865 ,
1935 3808 1980 3853 et

395 3911 691 3979 irruperunt
738 3902 791 3955 in
819 3898 1024 3952 domum
1058 3892 1232 3958 illaut,
1257 3901 1304 3947 et
1331 3907 1432 3966 non
1483 3890 1661 3944 cecidit
1694 3904 1714 3944 :
1763 3889 1981 3959 fundata

400 3978 534 4056 enim
575 4003 684 4052 erat
727 4003 886 4060 supra
926 3988 1128 4058 ﬁrmam
1162 3991 1359 4055 petram
1387 3980 1599 4052 (Jlatth.
1653 3980 1703 4033 7.
1743 3978 1835 4035 SM.
1864 3979 1977 4052 9.3).

398 4093 556 4148 Petra
582 4093 761 4142 autem
806 4092 1051 4152 quamam
1100 4081 1219 4139 ‘est,
1269 4071 1372 4127 nisi
1422 4086 1509 4126 res
1555 4070 1818 4137 etclcstcs,
1862 4085 1983 4141 qua:

400 4188 527 4238 sunt
555 4175 866 4247 superiores
886 4169 1073 4240 quavis
1098 4163 1444 4221 mutatione?
1473 4162 1575 4230 Qui
1600 4164 1740 4217 cnim
1787 4166 1983 4232 confes-

402 4291 487 4329 sus
513 4288 590 4324 uie
619 4266 792 4341 fuerit,
826 4261 1017 4328 inquit,
1049 4273 1222 4311 coram
1265 4254 1581 4319 hominibus,
1623 4254 1895 4320 conﬁtebor
1935 4262 1984 4306 et

400 4384 491 4439 ego
512 4378 626 4420 eum
649 4373 822 4415 corum
857 4354 1150 4429 l’utre'meo
1173 4347 1258 4417 qui
1280 4357 1352 4401 est
1374 4350 1426 4400 in
1473 4344 1632 4399 rtelis.
1665 4343 1732 4398 Et
1758 4344 1986 4414 quicum-

400 4435 497 4531 que
522 4472 600 4512 me
626 4449 878 4523 negaverit
902 4489 918 4514 ,
953 4455 1043 4517 ego
1071 4448 1264 4511 quoque
1291 4448 1404 4493 eum
1427 4438 1617 4506 negabo
1647 4437 1865 4508 (Matth.
1896 4435 1981 4491 10.

405 4529 495 4609 59..
532 4546 739 4621 55).-Ει
769 4554 993 4599 rursus:
1025 4536 1170 4592 Beati
1196 4532 1386 4588 mundo
1407 4532 1578 4599 corde,
1606 4531 1845 4601 quoniam
1888 4529 1987 4599 ipsi

406 4644 569 4699 Deum
600 4638 835 4694 videbunt
869 4630 1084 4704 (Matth.
1115 4629 1169 4683 5.
1202 4626 1257 4698 8)
1280 4641 1296 4691 ;
1320 4632 1385 4681 ‘et
1408 4625 1600 4679 iterum
1620 4665 1633 4684 ,
1685 4621 1831 4677 Beati
1857 4638 1988 4692 putt-

404 4752 546 4807 prres
570 4731 786 4803 Spiritu,
836 4724 1075 4795 quoniam
1104 4724 1331 4791 ipsorum
1379 4727 1453 4772 est
1495 4732 1703 4787 regnum
1750 4710 1988 4769 c'tclorum

402 4805 564 4900 (ibid.
598 4840 643 4877 υ.
677 4818 765 4889 5);
797 4825 852 4872 et
887 4826 1094 4878 rursus,
1118 4810 1264 4865 Beati
1285 4809 1372 4880 qui
1415 4806 1848 4879 persequutionem
1896 4805 1990 4875 pa-

407 4922 599 4976 tiuntur
639 4921 844 4986 propter
875 4907 1165 4981 justitiam,
1202 4902 1443 4974 quoniam
1473 4917 1656 4955 merces
1699 4909 1860 4953 vestra
1904 4917 1990 4953 co-

405 5016 549 5086 piosa
586 5019 658 5066 est
698 5007 750 5061 in
776 5002 914 5059 caelis
944 4998 1107 5074 (Ibid.
1139 5013 1189 5052 υ.
1216 4993 1327 5068 10).
1357 4992 1518 5049 Vides
1562 4992 1756 5062 ubique
1802 4992 1986 5055 cat-los,

400 5084 664 5176 nusquam
695 5109 922 5159 terram,
957 5105 1130 5161 neque
1170 5103 1290 5159 qua:
1330 5095 1454 5142 sunt
1482 5086 1532 5138 iu
1578 5092 1737 5139 terra.
1773 5084 1839 5137 Et
1866 5099 1988 5137 rur-

398 5213 493 5255 sus
526 5175 540 5250 t
568 5191 762 5249 Nostra
790 5182 1102 5249 conversatio
1147 5189 1221 5234 est
1250 5179 1302 5232 iu
1328 5177 1490 5246 cwlis,
1523 5177 1658 5230 unde
1688 5176 1836 5229 etiam
1869 5175 1986 5230 Sul-

399 5299 627 5357 uutorem
671 5266 1020 5352 exspectamus
1064 5271 1345 5328 Dominum
1391 5268 1570 5323 Jesuin
1613 5266 1882 5337 (Philipp.
1931 5268 1986 5322 5.

399 5380 494 5435 ‘20.
530 5374 621 5447 19)
679 5372 749 5428 Et
772 5382 979 5433 rursus,
1014 5364 1131 5421 Non
1163 5372 1377 5418 terrena
1419 5358 1712 5428 sapientes,
1743 5357 1838 5413 sed
1868 5373 1987 5427 qua:

402 5479 531 5527 sunt
558 5467 612 5523 in
634 5462 801 5521 ccelis.
834 5460 903 5515 ln
932 5459 1133 5514 Christo
1156 5452 1191 5508 J
1196 5469 1305 5509 esu.
1333 5450 1447 5506 Iloc
1471 5459 1572 5515 est,
1600 5464 1693 5519 per
1715 5447 1985 5504 Christum

407 5563 613 5626 desum,
644 5570 749 5613 non
778 5569 873 5625 per
900 5550 1120 5622 Moysen
1147 5554 1264 5602 erat
1304 5544 1419 5600 haec
1455 5540 1775 5598 bcncdictio.
1813 5542 1989 5607 Quare

406 5671 513 5711 non
542 5649 715 5710 solum
743 5644 1021 5719 qualitate,
1065 5639 1159 5693 sed
1189 5636 1351 5693 etiam
1380 5635 1734 5690 intercessore
1763 5630 1985 5686 excelli-

406 5760 548 5805 ειυς.
581 5744 733 5805 Sicut
756 5739 919 5797 etiam
948 5732 1077 5791 dicit
1103 5731 1156 5788 in
1182 5728 1422 5801 Epistula
1461 5725 1526 5783 ad
1559 5725 1809 5780 llebrams
1859 5742 1871 5777 :
1920 5721 1985 5776 Et

2057 409 2259 483 .lloyses
2282 411 2483 481 quidem
2510 408 2678 480 fidelis
2702 410 2755 463 in
2787 418 2891 463 tota
2934 408 3085 463 domo
3107 425 3218 476 sua,
3246 406 3376 465 sicut
3407 411 3642 468 minister

2049 504 2101 558 in
2126 504 2467 558 testimonium
2493 520 2665 558 eorum
2693 517 2807 572 qua:
2830 514 2974 557 erant
3003 502 3216 557 dicenda
3241 520 3259 558 :
3287 504 3518 559 Christus
3544 523 3638 559 au-

2051 606 2148 651 tem
2176 607 2433 666 tamquam
2462 597 2600 663 ﬁlius
2640 611 2794 665 super
2820 596 3026 649 domum
3054 612 3216 659 suam,
3264 598 3414 668 cujus
3456 598 3639 653 domus

2051 703 2225 741 sumus
2252 703 2343 742 nos
2364 685 2551 757 (Hebr.
2583 687 2635 741 5.
2747 685 2827 757 6).
2860 687 2916 741 4.
2950 685 3095 742 Sicut
3132 687 3280 757 elegit
3310 704 3404 742 nos
3432 689 3484 742 in
3528 690 3640 760 ipso

2051 789 2169 832 ante
2207 779 2383 833 mundi
2422 778 2857 843 constitutionem,
2893 787 2950 832 ut
3000 794 3220 833 essemus
3246 781 3410 834 sancti
3451 791 3499 835 et
3541 783 3639 835 im-

2053 871 2295 924 maculati
2313 871 2366 924 in
2397 860 2667 941 conspeclu
2692 869 2822 942 ejus.
2854 868 2965 925 lloc
2985 879 3068 924 est
3094 872 3272 926 autem
3299 871 3442 942 quod
3468 871 3598 927 dicit
3622 891 3635 926 :

2056 963 2157 1018 Per
2182 978 2341 1033 quem
2370 974 2470 1018 nos
2496 960 2802 1027 benedixit,
2835 956 2934 1033 per
2961 978 3082 1017 cum
3121 965 3282 1018 etiam
3311 964 3491 1035 elegit;
3522 965 3639 1034 ipse

2052 1070 2183 1126 ergo
2205 1052 2361 1109 nobis
2393 1053 2502 1109 illic
2527 1054 2705 1109 omnia
2729 1053 2952 1110 donabit
2983 1072 2996 1108 :
3029 1055 3143 1124 ipse
3164 1064 3248 1111 est
3264 1055 3458 1120 Judes,
3482 1066 3537 1111 et
3558 1058 3640 1111 di-

2054 1154 2141 1201 cet
2163 1165 2176 1200 :
2196 1144 2384 1212 Venite,
2405 1144 2652 1200 benedicti
2662 1143 2837 1198 Patris
2850 1145 2967 1211 mei,
2989 1146 3237 1214 possidete
3252 1159 3486 1217 paratum
3503 1147 3641 1202 vobis

2053 1255 2262 1310 regnum
2284 1255 2316 1293 a
2344 1238 2700 1293 constitutione
2741 1236 2919 1291 mundi
2960 1235 3172 1309 (Matth.
3205 1239 3258 1292 1.
3288 1238 3380 1294 25.
3410 1239 3554 1310 54):
3587 1250 3641 1294 ct

2056 1326 2261 1396 rursus,
2312 1329 2412 1384 Ubi
2439 1346 2551 1384 sum
2579 1344 2704 1399 ego,
2745 1329 2859 1382 volo
2888 1337 2940 1382 ut
2980 1328 3034 1382 hi
3074 1346 3271 1400 quoque
3310 1332 3411 1384 sint
3458 1331 3637 1403 (Joan.

2057 1422 2143 1477 17.
2170 1421 2287 1493 et).

2077 1584 2081 1591 ν
2125 1513 2180 1568 2.
2215 1512 2282 1568 Ει
2308 1513 2362 1568 in
2385 1512 2634 1568 omnibus
2661 1512 2774 1568 fere
2797 1513 3039 1583 epistolis
3086 1512 3269 1570 studet
3318 1515 3421 1569 hoc
3463 1526 3644 1570 osten-

2056 1606 2220 1671 dere,
2248 1604 2393 1675 quod
2426 1615 2607 1661 nostra
2636 1621 2743 1660 non
2773 1605 2883 1659 sint
2910 1606 3145 1661 recentia
3167 1647 3183 1673 ,
3226 1604 3322 1661 sed
3360 1606 3470 1676 jam
3514 1608 3639 1661 olim

2057 1700 2335 1755 ell'ormata
2365 1700 2474 1754 sint
2498 1707 2552 1755 ct
2571 1713 2862 1768 expressa;
2905 1712 3078 1768 neque
3099 1714 3164 1753 ex
3188 1714 3253 1753 eo
3292 1698 3435 1769 quod
3477 1699 3639 1754 Deum

2062 1784 2396 1862 paenituerit,
2427 1789 2524 1846 sed
2545 1805 2632 1846 res
2679 1790 2751 1845 ita
2792 1789 2990 1845 iuerint
3033 1790 3356 1859 dispensata:
3400 1800 3456 1845 et
3506 1806 3637 1860 puc-

2060 1884 2360 1940 destiuataz.
2392 1882 2505 1939 Hoc
2530 1891 2711 1937 autem
2738 1890 2821 1937 est
2868 1882 3049 1937 multa:
3094 1881 3464 1952 providentiw.
3505 1882 3641 1951 Quid

2060 1983 2144 2030 est
2167 2016 2182 2040 ,
2213 1974 2378 2046 Elegit
2409 1974 2463 2028 in
2493 1974 2604 2044 ipso
2625 1974 2652 2028 Ζ)
2684 1972 2787 2028 Per
2814 1956 2971 2028 iidem
2998 1964 3049 2026 in
3079 1971 3251 2043 ipsutu
3279 1964 3521 2027 Christus
3545 1975 3647 2028 huc

2061 2066 2319 2138 praeclare
2342 2065 2839 2136 gessitpriusquam
2883 2062 3008 2118 lacti
3046 2077 3323 2129 essemus,
3370 2064 3478 2117 imo
3520 2066 3647 2120 vero

2062 2158 2371 2228 priusquam
2414 2156 2737 2211 constitutus
2776 2163 2921 2209 esset
2958 2153 3210 2208 mundus.
3261 2154 3424 2209 Recte
3469 2163 3647 2208 autem

2063 2249 2497 2308 Constitutiunem
2537 2247 2824 2319 appellavit
2868 2255 3135 2309 καταευλὴν
3169 2288 3185 2313 ,
3233 2246 3286 2301 id
3328 2255 3449 2309 est,
3505 2247 3649 2314 deje-

2063 2343 2319 2407 ctionem,
2342 2351 2610 2412 tamquam
2632 2355 2661 2393 a
2690 2354 2875 2410 magna
2898 2340 3071 2410 aliqua
3091 2338 3369 2393 altitudine
3385 2337 3650 2408 deiectum

2067 2436 2239 2505 ipsum
2262 2432 2571 2489 ostendens.
2601 2431 2786 2502 Magna
2815 2431 2958 2485 enim
2989 2441 3067 2495 est
3094 2470 3111 2495 ,
3141 2440 3197 2484 et
3233 2445 3352 2500 qua:
3392 2430 3497 2484 dici
3545 2448 3648 2485 non

2067 2535 2263 2598 potest,
2289 2526 2381 2582 Dei
2410 2523 2673 2590 altitudo,
2720 2537 2828 2578 non
2874 2524 3032 2589 loco,
3074 2523 3168 2578 sed
3214 2523 3356 2593 quod
3407 2523 3654 2591 superius

2067 2628 2250 2675 evecta
2281 2620 2352 2674 sit
2379 2611 2497 2688 eius
2524 2626 2749 2682 natura;
2798 2624 2854 2671 et
2896 2608 3146 2685 magunm
3192 2624 3274 2669 est
3312 2604 3653 2669 inter‘s'titium

2069 2713 2208 2767 inter
2234 2726 2348 2766 rem
2375 2692 2611 2764 creatam
2642 2696 3044 2763 ct'ercatorcm.
3095 2700 3429 2769 Erubescaut
3480 2702 3655 2761 ha'rc-

2072 2804 2160 2858 tici
2192 2802 2270 2873 (tt)
2303 2804 2418 2855 lucc
2442 2797 2746 2854 audientes.
2771 2778 2909 2863 Quid
2947 2788 3128 2855 autem
3179 2796 3380 2865 elegit?
3422 2794 3489 2850 Ut
3524 2790 3657 2849 esse-

2072 2912 2183 2950 mus
2207 2893 2375 2950 sancti
2396 2891 2777 2948 ctimmaculati
2815 2891 2867 2944 in
2901 2878 3172 2959 co'uspectu
3219 2891 3353 2960 ejus.
3407 2888 3484 2945 Nc
3528 2905 3656 2959 ergo

2072 2987 2294 3042 audiens
2322 2986 2462 3056 quod
2490 2984 2744 3056 elegerit,
2788 2985 2944 3039 iidem
2974 2984 3143 3038 solam
3174 2965 3422 3039 suilicerc
3467 2974 3618 3054 putes
3641 3021 3657 3050 ,

2076 3085 2235 3137 vitam
2281 3081 2443 3137 etiam
2500 3079 2648 3135 addit
2681 3096 2697 3134 :
2726 3079 3060 3149 Propterea,
3110 3079 3314 3148 inquit,
3359 3096 3455 3135 nos
3501 3060 3663 3160 elegit.

2075 3177 2237 3231 etiam
2262 3174 2327 3230 ad
2357 3173 2493 3239 hoc,
2526 3181 2585 3228 ut
2611 3185 2854 3228 essemus
2881 3170 3050 3226 sancti
3079 3180 3135 3226 et
3163 3171 3507 3224 immaculati.
3535 3171 3659 3225 Ele-

2076 3270 2152 3340 git
2194 3269 2358 3325 etiam
2403 3266 2694 3336 aliquando
2742 3263 2976 3319 Judaros.
3024 3261 3353 3330 Quomodo?
3400 3261 3655 3323 Gcmem,

2079 3362 2282 3432 inquit,
2332 3360 2469 3414 hanc
2514 3358 2673 3428 elegit
2717 3372 2781 3412 ex
2822 3355 3069 3426 gentibus
3098 3358 3115 3424 (
3140 3353 3292 3408 Deut.
3321 3355 3374 3410 7.
3415 3353 3467 3408 6.
3494 3366 3539 3407 ct
3576 3356 3658 3408 M.

2077 3455 2176 3524 2).
2204 3452 2258 3509 Si
2288 3460 2467 3507 autent
2505 3449 2751 3505 homines
2778 3448 3038 3518 eligentes
3066 3463 3183 3517 qua:
3215 3455 3333 3500 sunt
3369 3445 3567 3515 Optima
3610 3455 3667 3500 et

2081 3544 2440 3619 pulcherrima
2461 3543 2662 3613 eligunt
2684 3579 2701 3609 ,
2732 3541 2897 3595 multo
2927 3541 3097 3610 magis
3125 3539 3285 3593 Deus.

2153 3638 2333 3694 Sancti
2354 3636 2562 3707 quinam
2582 3649 2693 3688 vere
2711 3632 2832 3686 sint.
2857 3660 2929 3670 —
2952 3630 3165 3706 Electus
3185 3642 3398 3698 quoque
3420 3641 3561 3693 esse,
3585 3637 3669 3682 est

2085 3740 2140 3787 ct
2166 3730 2258 3785 llei
2284 3725 2627 3798 benignitatis
2654 3724 2718 3778 ac
2741 3720 3042 3777 clementia:
3085 3728 3139 3774 et
3176 3718 3414 3795 ipsorum
3457 3717 3667 3770 virtutis

2084 3822 2383 3879 indicium:
2422 3816 2644 3875 omnino
2690 3813 2831 3870 enim
2888 3811 3138 3882 probatos
3196 3808 3392 3879 elegit,
3449 3806 3668 3878 ipseque

2088 3931 2187 3971 nos
2219 3914 2340 3969 fecit
2370 3906 2618 3973 sanctus;
2649 3905 2744 3961 scd
2767 3900 2978 3973 oportet
3016 3898 3230 3956 manere
3270 3890 3501 3955 saucios.
3529 3897 3668 3953 San-

2085 4020 2205 4065 ctus
2232 4015 2317 4063 est
2343 4003 2433 4075 qui
2461 4010 2544 4058 est
2563 4000 2834 4071 particeps
2861 3995 3006 4062 lidei,
3034 3992 3125 4064 qui
3150 4000 3238 4048 ‘est
3264 3990 3663 4054 iuun‘aculatns,

2085 4099 2177 4172 qui
2206 4099 2368 4155 vitam
2398 4094 2557 4149 habet
2580 4093 2633 4147 in
2661 4084 2820 4161 quam
2845 4086 2989 4142 nulla
3010 4082 3152 4142 cadit
3174 4083 3544 4154 reprehensio.
3563 4082 3671 4138 Sed

2087 4210 2193 4249 nou
2225 4199 2428 4246 tantum
2460 4183 2655 4255 qtncrit
2695 4181 3031 4236 sanetitatrtn
3056 4217 3071 4243 ,
3123 4184 3178 4230 et
3220 4184 3279 4230 ut
3326 4175 3455 4229 nulli
3501 4174 3673 4229 'simus

2087 4284 2278 4338 alliucs
2306 4272 2739 4348 reprehensioni,
2771 4271 2865 4326 sed
2900 4261 2958 4324 ut
2983 4283 3165 4323 coram
3192 4263 3310 4337 ipso
3336 4267 3470 4320 tales
3508 4281 3675 4336 appa-

2089 4388 2321 4429 reamus.
2351 4369 2488 4425 Sunt
2512 4365 2657 4421 enim
2683 4360 2853 4418 sancti
2879 4370 2932 4416 et
2959 4356 3282 4413 inunaculati
3304 4396 3319 4421 ,
3346 4355 3441 4410 sed
3469 4356 3559 4426 qui
3595 4354 3675 4409 sic

2089 4467 2463 4524 existimantur
2490 4458 2558 4515 ab
2581 4448 2923 4519 hominibus,
2966 4451 3055 4522 qui
3087 4459 3212 4505 sunt
3247 4448 3451 4503 similes
3490 4446 3673 4517 sepul—

2091 4561 2200 4616 cris
2227 4555 2521 4618 dealbatis,
2563 4552 2710 4606 velut
2736 4548 2828 4619 qui
2875 4545 3044 4616 pelles
3079 4541 3277 4597 habent
3319 4539 3518 4593 ovium.
3566 4538 3672 4593 Sed

2094 4670 2199 4708 non
2242 4647 2436 4720 quaerit
2484 4642 2658 4709 tales,
2718 4642 2904 4696 verum
2953 4636 3142 4707 quales
3184 4634 3312 4688 dicit
3375 4627 3674 4701 propheta,

2094 4743 2161 4799 Et
2191 4739 2469 4798 secundum
2499 4736 2771 4809 puritatem
2795 4746 3037 4786 manuum
3074 4743 3300 4782 utearuut
3347 4723 3531 4797 (Psal.
3582 4723 3669 4776 17.

2090 4834 2221 4907 25).
2274 4828 2617 4901 Quamnam?
2659 4823 2865 4892 Quaerit
2913 4820 3251 4877 sanctitatem
3310 4831 3427 4886 qua:
3478 4824 3562 4867 est
3618 4811 3671 4864 iu

2094 4902 2384 4994 conspectu
2415 4918 2694 4974 oculorum
2724 4914 2877 4983 ejus,
2924 4926 3083 4981 quam
3135 4908 3226 4961 Dei
3276 4905 3422 4959 videt
3460 4902 3670 4958 oculus.

2098 5019 2298 5073 llorum
2335 5013 2589 5084 pra-clara
2614 5016 2765 5080 gesta
2791 5005 2927 5060 dixit
2951 5044 2965 5068 ,
3004 5011 3059 5057 et
3102 5013 3287 5053 rursus
3335 4996 3399 5050 ad
3446 4994 3673 5065 gratiam

2095 5109 2336 5167 ascendit
2361 5116 2415 5162 et
2443 5106 2521 5159 ait
2549 5122 2561 5158 :
2593 5102 2659 5157 In
2690 5099 2901 5155 caritate
2921 5138 2936 5163 ,
2963 5096 3017 5152 5.
3046 5093 3132 5164 qui
3154 5089 3528 5161 pra'destinavit
3560 5102 3674 5140 nos.

2095 5206 2211 5262 Non
2242 5202 2384 5258 enim
2409 5195 2820 5254 litalaboribus
2859 5200 2913 5244 ct
2958 5189 3151 5258 gestis,
3191 5182 3284 5238 sed
3337 5196 3366 5236 a
3411 5182 3677 5244 caritate;

2097 5311 2270 5366 neque
2302 5308 2331 5347 a
2360 5291 2586 5347 caritate
2613 5286 2786 5342 solum
2808 5324 2823 5347 ,
2850 5280 2944 5337 sed
2971 5278 3133 5334 etiam
3160 5290 3189 5328 a
3239 5283 3419 5329 nostra
3458 5273 3676 5327 virtute.

2096 5364 2228 5441 Nam
2254 5384 2299 5437 si
2330 5398 2357 5437 a
2389 5380 2614 5437 caritate
2638 5375 2773 5440 sola,
2798 5376 3075 5441 oporteret
3093 5381 3283 5423 omnes
3308 5379 3429 5421 esse
3458 5364 3635 5419 saltos
3660 5375 3675 5414 :

2094 5481 2138 5536 si
2166 5489 2344 5534 autem
2377 5487 2563 5529 rursus
2592 5485 2621 5524 a
2648 5477 2827 5523 nostra
2857 5464 2973 5519 sola
2996 5461 3216 5528 virtute,
3240 5467 3676 5530 supervacaucus

2097 5571 2284 5627 luisset
2310 5565 2427 5638 ejus
2455 5563 2737 5624 adventus,
2765 5563 2821 5613 ct
2845 5567 3200 5626 quzecumque
3242 5549 3375 5605 facta
3416 5553 3541 5600 sant
3583 5555 3676 5612 per

2156 5727 2229 5787 (tt)
2256 5721 2535 5773 \tuuicha‘os
2554 5717 2632 5766 hic
2655 5720 2823 5765 notare
2843 5709 3056 5763 videtur.
