4080 6218
358 337 414 413 ιε
1273 337 1343 409 tu
1380 332 1597 410 EPiS‘i‘.
1639 342 1734 410 ab
1772 335 2015 410 ιςριιεε.
2056 346 2207 413 CAP.
2254 344 2297 414 l.
2338 357 2572 416 llOlulL.
2613 358 2658 415 l.
3557 371 3623 428 ιι

357 468 826 543 dispensationem.
861 466 971 524 sed
993 464 1170 538 neque
1190 482 1220 522 ιι
1243 467 1356 523 sola
1383 469 1607 524 caritate
1634 508 1647 534 ,
1693 482 1866 538 neque
1901 482 1931 521 ιι

363 570 532 623 nostra
574 564 808 627 virtute,
857 560 954 616 sed
990 575 1056 616 ex
1099 559 1363 630 utrisque.
1409 558 1578 632 Elegit
1620 560 1764 615 enim
1803 577 1930 625 nos,

371 660 527 731 tliquit
556 676 568 712 :
594 657 679 727 qui
711 663 894 711 autem
922 655 1104 725 eligit,
1132 647 1234 710 scit
1255 654 1383 725 quid
1404 655 1584 724 eligat.
1612 653 1678 708 In
1698 653 1930 718 caritate,

378 752 537 820 inquit,
566 747 946 819 prtedestinavit
973 764 1082 801 nos.
1118 746 1332 802 Nullum
1361 747 1503 802 enim
1532 746 1740 800 salvum
1766 746 1932 802 fecis-

379 841 638 907 setrirtus,
670 840 775 893 nisi
802 846 947 894 esset
976 838 1195 894 caritas.
1242 836 1411 903 Nam,
1458 838 1547 893 dic
1590 837 1755 904 mihi,
1803 836 1932 907 quid

372 932 630 1002 profuisset
658 925 848 998 Paulo,
878 941 931 986 et
959 929 1086 1001 quid
1117 925 1383 985 edecisset
1405 969 1421 994 ,
1454 928 1553 985 nisi
1587 930 1760 1000 ipsum
1805 942 1930 984 evo-

363 1037 509 1079 casset
533 1041 566 1078 e
591 1024 822 1093 superis,
851 1032 907 1078 et
930 1021 1186 1077 dilectum
1203 1018 1271 1076 ad
1296 1037 1354 1078 se
1375 1016 1670 1080 traxisset?
1693 1022 1928 1092 alioquin

355 1125 539 1183 autem,
570 1115 717 1186 quod
741 1117 847 1171 tam
879 1114 1061 1170 multis
1085 1113 1333 1184 dignatus
1371 1113 1474 1178 sit,
1513 1114 1754 1168 caritatis
1790 1112 1887 1167 luit
1909 1152 1927 1179 ,

353 1211 445 1263 non
473 1219 675 1262 nostra:
704 1206 939 1262 virtutis.
972 1205 1105 1260 Nam
1134 1204 1299 1260 fuisse
1314 1205 1485 1260 bones
1504 1209 1558 1260 et
1580 1198 1772 1260 virtute
1794 1219 1931 1273 pric-

352 1302 478 1358 ditos
518 1311 576 1357 et
616 1300 920 1357 credidisse
964 1304 1022 1354 et
1063 1299 1402 1363 accessisse,
1452 1297 1552 1352 l‘uit
1579 1296 1681 1352 hoc
1706 1295 1926 1367 quidem

352 1393 458 1461 ejus
481 1393 573 1462 qui
605 1392 852 1457 vocavit,
884 1390 978 1446 sed
1002 1399 1245 1444 nostrum
1271 1396 1485 1461 quotu
1517 1405 1531 1443 :
1561 1389 1705 1460 quod
1743 1398 1923 1444 autem

351 1500 460 1541 cum
486 1484 905 1540 accessissemus
928 1495 1034 1538 tam
1052 1484 1234 1538 multis
1254 1483 1502 1554 dignatus
1522 1483 1591 1538 sit
1608 1482 1924 1548 honoribus,

348 1586 401 1629 ut
441 1575 721 1632 confestim
756 1591 822 1631 ex
871 1575 1148 1631 inimicitia
1178 1575 1401 1630 duceret
1435 1574 1503 1629 ad
1548 1572 1778 1629 ﬁliorum
1825 1573 1923 1628 ad.

347 1669 645 1737 optionem,
673 1678 759 1724 est
806 1670 869 1724 r‘e
893 1678 1016 1724 vera
1042 1667 1415 1737 ctsuperantis
1437 1666 1697 1723 caritatis.
1733 1667 1836 1735 Qui
1873 1668 1926 1721 in

345 1762 571 1827 caritate,
601 1762 797 1830 inquit,
830 1760 1202 1831 praedestinavit
1234 1775 1327 1813 nos
1353 1759 1406 1812 in
1434 1759 1761 1831 adoptionem
1784 1753 1923 1828 ﬁlio-

344 1859 456 1904 rum
501 1860 597 1921 per
638 1849 817 1905 Iesum
858 1850 1106 1907 Clu-istum
1152 1852 1207 1905 in
1250 1851 1434 1921 ipsum.
1471 1850 1630 1906 Vides
1655 1850 1925 1921 quomodo

351 1944 484 1997 nihil
514 1945 635 1999 sine
662 1942 1196 2013 Cliristo.’quoinodo
1240 1942 1373 1997 nihil
1417 1943 1535 1999 sine
1583 1942 1782 1998 Patre?
1831 1942 1923 1998 llle

354 2032 773 2103 praedestinavit,
805 2035 890 2089 hic
914 2035 1156 2091 adduxit.
1192 2035 1257 2091 Et
1302 2034 1418 2090 hinc
1462 2036 1611 2106 punit
1659 2036 1927 2091 extollens

348 2130 465 2196 qua:
488 2127 621 2181 l'acta
650 2137 804 2194 sunt,
837 2129 972 2181 sicut
1001 2128 1163 2183 etiam
1207 2128 1337 2184 dicit
1381 2127 1509 2183 alibi
1541 2145 1554 2182 :
1590 2126 1711 2181 Non
1758 2129 1921 2182 solum

248 2210 255 2216 ’
341 2228 525 2279 autent,
555 2217 643 2272 sed
666 2219 812 2272 etiam
841 2219 1122 2288 gloriamur
1152 2236 1241 2290 per
1268 2219 1547 2275 Demittunt
1571 2231 1800 2276 nostrum
1824 2220 1919 2277 Je-

338 2312 446 2365 lum
475 2308 730 2365 Christum
771 2309 966 2379 (Rom.
1016 2312 1070 2368 5'.
1120 2313 1247 2384 ll).
1293 2312 1424 2368 Nam
1472 2317 1664 2385 magna
1704 2314 1920 2385 quidem

339 2406 454 2457 Sunt
479 2418 597 2473 qua:
626 2401 747 2457 data
777 2413 933 2469 sunt,
965 2406 1131 2461 multo
1158 2416 1334 2460 autem
1368 2406 1502 2460 liunt
1528 2406 1751 2476 majora,
1774 2408 1919 2477 ‘qu'od

338 2493 453 2548 data
481 2496 589 2549 sint
618 2510 715 2566 per
739 2494 1050 2560 Christum;
1085 2498 1222 2565 quod
1254 2515 1355 2553 non
1383 2500 1687 2569 quempiam
1717 2508 1781 2554 ex
1807 2514 1921 2554 ser-

338 2586 413 2640 vis
438 2586 639 2641 miserit
666 2586 734 2642 ad
764 2601 977 2654 servos,
1005 2588 1099 2643 sed
1128 2589 1301 2659 ipsum
1332 2588 1694 2661 Unigcnitun‘i.
1725 2591 1920 2645 Secun-

331 2675 451 2730 ⁸ιῐιιιιι
496 2681 834 2749 preposition,
884 2681 1077 2748 inquit,
1110 2682 1385 2736 voluntatis
1411 2690 1544 2748 sitat;
1569 2683 1622 2739 id
1656 2693 1758 2751 cst,
1791 2699 1917 2753 pro-

334 2777 509 2837 pterea
538 2770 683 2839 quod
715 2772 869 2827 valde
899 2773 1045 2828 velit.
1089 2763 1202 2829 lloc
1225 2782 1329 2837 est,
1363 2786 1419 2829 ιιι
1447 2776 1519 2830 ita
1555 2778 1725 2832 dicam
1753 2818 1769 2843 ,
1801 2777 1917 2847 ejus

330 2850 918 2932 desideriumiUbiqttc
967 2856 1109 2918 enim
1156 2867 1347 2920 εὸδὸκία
1377 2866 1520 2938 (hoc
1565 2870 1709 2924 enim
1761 2880 1919 2924 voca“-

332 2948 508 3007 lniliun
542 2952 633 3008 hic
673 2966 899 3024 usurpat
927 2954 1163 3028 Paulos)
1194 2967 1276 3012 est
1307 2959 1554 3014 voluntas
1587 2960 1839 3032 princeps
1864 2971 1918 3015 et

332 3049 450 3114 'qiim
472 3048 729 3116 prmeedit
750 3067 762 3101 :
783 3059 866 3104 est
892 3050 1033 3104 enim
1060 3050 1218 3105 etiam
1246 3051 1348 3105 alia
1376 3052 1627 3108 voluntas
1658 3069 1672 3107 :
1706 3061 1914 3124 utputa,

333 3138 575 3194 voluntas
599 3141 768 3211 prima
815 3148 918 3209 est,
950 3144 1143 3197 utnon
1176 3150 1398 3214 pereant
1439 3146 1530 3215 qui
1580 3156 1867 3216 peccaruiit
1897 3165 1912 3202 :

330 3228 573 3310 voluntas
615 3234 847 3289 secunda
872 3244 980 3301 'est,
1015 3237 1183 3307 utqui
1213 3235 1334 3293 lacti
1363 3247 1488 3292 sunt
1516 3239 1638 3292 mali
1664 3246 1909 3310 pereant.

329 3304 438 3381 lion
481 3328 631 3382 enim
683 3342 777 3383 eos
821 3330 1042 3399 castigat
1069 3330 1398 3398 necessitas,
1429 3330 1524 3385 sed
1556 3333 1825 3389 voluntas.
1860 3333 1912 3388 ld

329 3417 482 3471 etiam
514 3418 701 3474 videre
752 3419 879 3474 licet
931 3421 981 3473 in
1007 3419 1193 3487 Paulo,
1225 3430 1281 3475 ut
1323 3424 1537 3492 quando
1581 3424 1728 3491 dicit,
1786 3420 1913 3506 Volo

328 3516 496 3560 carnes
540 3508 770 3562 homines
818 3522 925 3562 esse
967 3511 1096 3564 sicut
1125 3512 1372 3582 meipsmn
1397 3531 1419 3578 ;
1441 3522 1495 3567 et
1525 3526 1711 3568 rursus
1736 3555 1751 3579 ,
1789 3512 1913 3568 Volo

334 3598 559 3668 iuniores
592 3602 789 3664 nubere,
846 3602 981 3670 ﬁlios
1032 3603 1342 3673 procreare(
1376 3605 1429 3658 1'.
1478 3602 1597 3660 Cor.
1639 3605 1693 3659 7.
1743 3605 1806 3662 7;
1860 3602 1909 3660 ί.

335 3686 472 3743 Tim.
507 3689 562 3745 5.
594 3691 714 3762 il).
737 3695 962 3770 caecum
989 3706 1116 3764 ergo
1143 3695 1369 3764 primam
1395 3694 1525 3749 dicit
1549 3696 1876 3750 voluntatem
1895 3739 1910 3764 ,

322 3780 474 3835 illam
506 3797 632 3851 qua}
656 3792 736 3837 est
777 3784 1064 3840 vehemens
1090 3788 1145 3840 et
1164 3786 1437 3842 desiderio
1471 3785 1657 3856 juncta
1689 3800 1913 3856 persua-

312 3870 530 3928 sionem
568 3892 584 3926 :
620 3889 726 3929 non
775 3875 919 3929 enim
968 3877 1228 3951 recusabo
1267 3875 1504 3931 dictione
1552 3875 1627 3932 uti
1674 3892 1915 3934 cominu-

316 3963 488 4027 niore,
523 3972 586 4019 ιιι
617 3965 1037 4035 sinipliciOribus
1067 3978 1153 4021 res
1181 3967 1249 4021 sit
1276 3967 1563 4022 diiucidior
1591 3985 1606 4022 :
1635 3969 1713 4024 sic
1734 3969 1875 4023 enini
1895 4011 1910 4034 ,

310 4052 410 4110 hos
435 4056 696 4120 dicimus,
730 4067 857 4114 κατὰ
880 4070 935 4113 τὸ
962 4073 1134 4120 πεῖσμα
1165 4061 1322 4128 ἣμῶνσ,
1354 4059 1406 4114 id
1452 4069 1534 4115 est
1559 4103 1573 4125 ,
1617 4063 1908 4133 secundiori

313 4149 731 4214 persuasionem
776 4157 1035 4203 noStrain.
1085 4149 1195 4204 lloc
1240 4151 1368 4220 ergo
1420 4151 1520 4205 sibi
1571 4152 1682 4206 vult
1712 4170 1725 4206 :
1759 4139 1913 4209 valde

306 4240 477 4310 cupit,
507 4236 677 4297 valde
704 4240 973 4296 desiderat
999 4252 1233 4297 nostram
1258 4242 1508 4297 salutem.

380 4331 567 4387 Gratia
589 4343 721 4387 esta
746 4333 1191 4389 bonitate.—Cur
1229 4334 1308 4390 sic
1330 4348 1433 4390 nos
1475 4337 1660 4390 amat?
1701 4351 1797 4391 cur
1835 4339 1915 4393 sic

302 4440 409 4480 nos
428 4426 658 4496 diligit?
687 4422 728 4480 Α
759 4426 871 4481 sola
904 4426 1139 4483 bonitate
1167 4442 1182 4481 :
1209 4428 1378 4496 gratia
1405 4428 1547 4482 enim
1573 4436 1657 4482 est
1681 4444 1711 4482 a
1756 4430 1911 4484 honi-

303 4504 436 4570 "tate.
468 4515 773 4585 Propterea
801 4515 968 4582 dicit,
1017 4509 1405 4571 Prwdestinavit
1444 4531 1536 4572 nas
1575 4519 1631 4572 in
1674 4519 1915 4588 adoptio-

304 4618 417 4662 nem
450 4609 715 4678 filiorum,
750 4608 969 4673 volens,
1003 4619 1055 4663 ct
1081 4608 1368 4664 admodum
1397 4612 1616 4675 volens,
1648 4621 1706 4665 ut
1734 4624 1916 4669 osten-

298 4697 471 4753 datur
491 4698 671 4769 gloria
697 4698 814 4767 ejus
836 4699 1045 4768 gratiae.
1077 4699 1368 4753 Secundum
1398 4702 1714 4770 propositum
1735 4703 1917 4756 voltur-

307 4792 424 4845 ta'tis
451 4799 588 4856 stid‘,
626 4791 817 4859 inquit,
848 4792 902 4845 θ.
932 4792 987 4844 in
1012 4790 1216 4845 intidem
1246 4792 1424 4862 glaridt
1446 4794 1627 4867 gratia!
1670 4806 1778 4848 suae
1801 4837 1814 4859 ,
1860 4797 1914 4851 in

303 4901 404 4950 qua
446 4883 772 4955 gratiﬁcavit
811 4900 903 4938 nos
948 4886 1001 4938 in
1047 4885 1250 4939 dilecto.
1303 4884 1373 4941 Ut
1421 4887 1773 4953 ostendatur,
1829 4888 1914 4942 iii-

303 4978 440 5045 ‘quit,
470 4974 661 5046 gloria
692 4975 806 5045 ejus
834 4977 1052 5046 gratiae,
1085 4977 1139 5030 in
1167 4993 1268 5045 qua
1318 4990 1416 5032 nos
1459 4990 1643 5049 gratos
1690 4978 1817 5034 fecit
1861 4980 1912 5034 in

311 5067 526 5121 dLlecto.

380 5160 435 5214 3.
471 5161 626 5229 Ergo
653 5158 697 5212 si
724 5158 789 5211 ad
825 5158 927 5212 hoc
955 5168 1138 5228 gratos
1169 5161 1325 5221 fecit,
1378 5160 1430 5214 in
1471 5158 1681 5215 tandem
1730 5160 1915 5230 gloria:

314 5253 499 5317 gratiae
523 5252 650 5321 ejus
673 5292 690 5315 ,
720 5261 773 5304 et
804 5261 861 5304 ut
884 5251 1195 5306 ostenderet
1234 5252 1351 5321 ejus
1393 5253 1652 5322 gratiam;
1696 5266 1913 5306 manea-

319 5361 434 5397 mth
463 5346 516 5398 in
551 5347 692 5413 ipsa.
727 5344 807 5398 Ad
835 5344 1039 5397 laudem
1070 5345 1269 5415 gloria.
1299 5344 1437 5412 Quid
1467 5345 1568 5399 sibi
1601 5346 1713 5399 vult
1740 5344 1915 5398 illud?

313 5446 373 5487 tit
397 5435 521 5505 quis
545 5436 722 5504 ipsum
758 5436 983 5490 laudet?
1023 5447 1075 5489 ut
1121 5436 1241 5505 quis
1289 5436 1461 5505 ipsum
1514 5435 1811 5506 gloriﬁcet?
1859 5444 1919 5489 ιιι

316 5531 437 5591 nos,
470 5527 690 5597 angeli,
724 5527 1076 5597 archangeli?
1101 5528 1192 5582 sed
1225 5537 1278 5583 et
1304 5527 1482 5581 omnis
1522 5526 1806 5581 creatura?
1854 5526 1917 5580 Et

322 5621 447 5687 quid
478 5620 631 5675 hoc?
658 5618 800 5674 Nihil
832 5636 845 5672 :
878 5620 1019 5674 Deus
1061 5620 1202 5674 enim
1255 5619 1401 5674 nullo
1450 5629 1592 5689 eget.
1636 5617 1744 5673 Cur
1789 5634 1918 5689 ergo

323 5712 489 5766 \‘ulta
520 5710 681 5765 nobis
705 5710 907 5765 laudari
935 5719 991 5763 et
1020 5709 1342 5780 gloriticari?
1388 5708 1453 5766 Ut
1482 5710 1535 5765 in
1563 5710 1734 5780 ipsum
1783 5711 1921 5764 cari-

326 5807 387 5850 (κε
402 5829 416 5845 ς
434 5808 503 5857 :ll
524 5803 593 5856 in
618 5803 774 5857 nobis
794 5801 1115 5858 ferventior.
1150 5802 1226 5856 Ex
1241 5801 1446 5859 nostris
1464 5804 1604 5858 enim
1622 5801 1751 5857 nihil
1778 5800 1918 5856 aliud

2042 471 2190 539 cupit
2211 487 2370 542 quam
2402 484 2640 529 nostram
2669 476 2897 533 salutem
2930 494 2943 532 :
2976 494 3081 534 non
3112 474 3489 548 ministerium,
3516 502 3624 541 non

2037 560 2283 631 gloriam,
2308 580 2414 620 non
2445 566 2645 637 aliquid
2673 568 2836 636 aliud,
2865 576 2917 625 et
2945 579 3162 641 propter
3192 568 3294 630 hoc
3344 576 3469 631 facit
3508 592 3626 632 om-

2041 653 2148 709 nia.
2180 654 2310 710 Nam
2340 658 2430 727 qui
2472 658 2654 715 laudat
2705 670 2759 717 et
2809 663 3104 719 admiratur
3148 668 3267 723 eam
3311 684 3432 738 qua:
3471 670 3524 724 in
3558 681 3620 723 se

2041 742 2177 800 facta
2207 756 2289 800 est
2324 749 2570 818 gratiam.
2602 753 2857 808 attentior
2881 753 2984 809 erit
3022 765 3077 811 et
3122 754 3452 827 diligentior.
3505 762 3621 827 Qua

2036 838 2340 907 grati/ienuit
2370 855 2484 905 nos,
2515 841 2705 912 inQuit.
2737 836 2851 900 Non
2879 846 3032 912 dixit,
3056 853 3111 909 ἧς
3131 853 3407 922 διαρισατυ,
3439 851 3490 905 id
3518 862 3621 919 est,

2036 942 2195 997 quam
2225 931 2391 999 gratis
2418 930 2635 987 donavit
2655 974 2671 998 ,
2700 935 2794 990 sed
2831 940 3143 1007 ἐχαρίτιισιν,
3175 938 3227 994 id
3273 949 3386 1007 est,
3436 950 3622 1012 gratos

2036 1016 2164 1072 fecit
2195 1035 2209 1072 :
2244 1019 2347 1076 hoc
2376 1027 2479 1088 eSt,
2510 1039 2614 1077 non
2640 1025 2813 1079 solum
2843 1026 3095 1082 liberavit
3119 1045 3149 1083 a
3200 1033 3431 1100 peccatis
3455 1073 3471 1098 ,
3521 1033 3617 1088 sed

2035 1109 2197 1165 etiam
2228 1110 2353 1169 fecit
2389 1115 2666 1172 amabiles.
2707 1116 3167 1184 Quemadmodum
3218 1125 3361 1179 enim
3410 1125 3457 1180 si
3499 1128 3618 1196 quis

2033 1202 2336 1259 scabiosum
2362 1214 2418 1261 et
2443 1216 2592 1276 peste
2614 1217 2679 1264 ac
2708 1210 2897 1265 morbo
2937 1213 3198 1284 seniotjue
3227 1226 3282 1269 et
3306 1225 3618 1285 paupertate

2031 1308 2096 1349 ac
2123 1293 2265 1350 fame
2289 1297 2591 1354 conlectum
2616 1310 2669 1356 et
2699 1301 2984 1370 perditum,
3014 1306 3194 1359 statim
3220 1304 3513 1364 formosum
3540 1309 3618 1364 [ε-

2030 1385 2167 1441 cerit
2192 1387 2466 1457 juvenem,
2494 1407 2683 1447 omnes
2713 1392 2958 1450 homines
2981 1396 3376 1466 pulchritudine
3398 1401 3617 1458 vincen-

2034 1486 2161 1545 tem,
2193 1493 2224 1533 e
2251 1480 2401 1550 genis
2420 1482 2635 1552 quidem
2662 1486 3001 1553 sl-lendorem
3050 1490 3206 1544 valde
3242 1491 3571 1546 emittentem
3591 1531 3608 1559 ,

2031 1578 2084 1621 et
2111 1570 2418 1627 micantiiun
2444 1574 2718 1630 oculorum
2743 1577 3184 1647 ejaculationibus
3211 1583 3342 1640 solis
3378 1583 3614 1655 fulgores

2029 1659 2425 1730 occultantem;
2454 1665 2650 1723 deinde
2687 1674 2810 1723 eum
2855 1674 3194 1730 constituerit
3232 1676 3285 1729 in
3326 1675 3442 1746 ipso
3481 1678 3614 1734 ﬂore

2028 1754 2223 1820 inlatis,
2255 1764 2310 1810 et
2339 1765 2522 1826 postea
2553 1775 2674 1814 eum
2706 1764 2940 1830 purpura
2986 1764 3218 1821 induerit
3256 1774 3312 1822 et
3359 1767 3610 1825 diadema

2030 1842 2365 1914 imposuerit,
2395 1855 2451 1903 et
2480 1849 2624 1903 omni
2654 1850 2805 1920 regio
2847 1863 3037 1906 ornatu
3066 1853 3336 1910 decorarit
3364 1874 3378 1909 :
3412 1858 3481 1912 ita
3512 1873 3610 1914 no-

2027 1944 2192 1990 stram
2226 1938 2475 1993 instruxit
2501 1948 2557 1994 et
2583 1940 2794 1994 ornavit
2821 1943 3073 2009 animam,
3110 1944 3491 2017 pulchramque
3529 1949 3611 2006 lc-

2029 2028 2120 2094 cit,
2152 2028 2563 2087 desiderabilem
2594 2042 2647 2087 et
2675 2034 2981 2088 amabilem.
3012 2016 3249 2105 Cupiunt
3275 2016 3417 2091 enim
3439 2040 3609 2109 angeli

2029 2121 2189 2177 talem
2213 2122 2455 2192 aSpic‘erc
2474 2124 2730 2191 animam,
2758 2124 3070 2196 archangeli
3096 2143 3309 2198 quoque
3331 2139 3386 2184 et
3423 2145 3612 2185 omnes

2027 2214 2144 2269 alia:
2166 2207 2426 2272 Virtutes.
2461 2217 2534 2271 ita
2562 2230 2661 2273 nos
2685 2220 2845 2272 etiam
2889 2218 3015 2274 fecit
3062 2221 3513 2290 gratiosissimus,
3556 2230 3613 2278 et

2026 2306 2127 2361 sibi
2154 2306 2556 2364 desiderabiles.
2582 2298 2912 2381 Coiicupiscet
2937 2312 3100 2377 enim,
3133 2312 3324 2383 inquit,
3360 2314 3468 2369 Rex
3490 2332 3609 2385 spc-

2024 2399 2154 2452 tieni
2191 2407 2330 2452 tuom
2357 2398 2376 2470 (
2400 2397 2548 2453 Psal.
2575 2401 2665 2456 44.
2719 2402 2785 2455 12
2804 2403 2844 2472 ).
2896 2403 3029 2459 Vide
3067 2405 3209 2459 enim
3249 2420 3409 2475 quam
3452 2408 3609 2461 noxia

2025 2498 2180 2545 antea
2211 2486 2508 2560 loquentes,
2537 2502 2733 2561 quanta
2763 2492 2916 2561 plena
2946 2495 3112 2564 gratia
3137 2511 3277 2551 nunc
3307 2496 3606 2567 loquamur.

2023 2580 2140 2636 Non
2170 2582 2397 2652 amplius
2423 2583 2754 2639 admiramur
2773 2584 3020 2650 divitias,
3069 2598 3173 2642 nun
3215 2588 3446 2659 amplius
3488 2605 3609 2661 qua:

2026 2673 2112 2730 hic
2153 2680 2279 2729 sunt
2301 2716 2315 2737 ,
2363 2670 2456 2729 sed
2482 2676 2715 2731 cmlestia
2742 2686 2796 2731 ct
2820 2693 2938 2743 quin
2966 2691 3090 2732 sunt
3122 2680 3171 2733 in
3212 2681 3379 2735 cadis.
3417 2680 3609 2738 Nonne

2026 2776 2251 2835 puerum
2280 2766 2424 2820 illum
2457 2765 2686 2821 dicimus
2707 2774 2833 2821 esito
2862 2767 3051 2821 scitum
3074 2776 3127 2822 et
3154 2771 3445 2836 gratiosum
3465 2810 3483 2837 ,
3517 2772 3609 2840 qui

2022 2864 2146 2914 eum
2177 2858 2436 2929 elegantia
2467 2868 2522 2912 et
2551 2857 2746 2914 decore
2772 2859 3016 2930 corporis
3035 2901 3050 2924 ,
3085 2861 3308 2915 multam
3340 2862 3499 2917 etiam
3549 2864 3601 2917 in

2024 2952 2203 3007 verbis
2233 2951 2394 3006 habet
2413 2952 2681 3023 gratiam?
2709 2952 2867 3007 Tales
2892 2962 3018 3007 sunt
3044 2952 3249 3008 ﬁdeles.
3274 2953 3407 3009 Vide
3430 2955 3606 3025 qualia

2021 3044 2316 3115 loqttuntnr
2343 3044 2430 3114 qui
2460 3052 2585 3097 sunt
2615 3043 2805 3098 initiati
2834 3044 3122 3115 mysteriis.
3167 3044 3302 3112 Quid
3332 3044 3493 3101 fuerit
3517 3044 3609 3100 illo

2022 3151 2118 3192 ore
2146 3135 2464 3206 gratiosius,
2498 3135 2640 3206 quod
2679 3136 2841 3191 verba
2888 3137 3086 3192 emittit
3121 3137 3454 3192 adiniraliifia
3483 3178 3499 3204 ,
3552 3150 3607 3194 et

2021 3226 2222 3282 mundo
2263 3226 2427 3283 corde
2475 3237 2528 3282 et
2580 3229 2793 3284 mundis
2849 3228 3004 3284 labiis
3048 3230 3311 3299 Cjtls'tttut‘li
3368 3233 3607 3301 mystica!

2021 3326 2222 3375 mensa:
2250 3330 2332 3375 est
2359 3321 2646 3390 particeps,
2672 3336 2793 3376 cuin
2813 3322 2978 3375 multo
3005 3322 3290 3391 splendore
3306 3334 3358 3379 et
3378 3324 3565 3379 liducia
3585 3310 3608 3379 i

2021 3411 2146 3481 quid
2176 3411 2354 3466 verbis
2379 3411 2484 3464 illis
2502 3412 2807 3480 gratiosius,
2835 3427 2929 3480 per
2947 3425 3067 3481 quae
3093 3412 3305 3468 diabolo
3329 3416 3601 3469 abrenun-

2022 3503 2252 3557 tiamus?
2304 3517 2400 3572 per
2425 3518 2546 3572 qua:
2575 3503 2627 3555 in
2655 3500 2849 3556 Christi
2901 3503 3129 3557 militum
3178 3521 3457 3559 numerum
3503 3507 3598 3560 ad-

2021 3592 2350 3647 scribimur?
2378 3591 2719 3647 confessione
2750 3592 2839 3647 illa
2866 3607 2985 3662 qua:
3019 3592 3076 3646 lit
3119 3603 3243 3648 ante
3291 3594 3597 3660 lavacrum,

2019 3692 2075 3740 et
2102 3684 2191 3738 illa
2215 3699 2336 3754 qua:
2360 3692 2483 3761 post
2528 3684 2846 3738 lavacrum?
2891 3683 3195 3755 Cogitemus
3239 3701 3395 3757 quam
3450 3688 3600 3742 multi

2017 3777 2283 3848 baptisma
2309 3777 2674 3847 cor-rupimus,
2712 3786 2767 3833 et
2795 3791 3098 3848 gemainus,
3139 3789 3193 3832 ut
3235 3778 3286 3832 id
3333 3779 3601 3850 piissimus

2023 3871 2284 3941 recipere.
2320 3868 2387 3924 In
2412 3870 2615 3935 dilecto,
2649 3869 2838 3939 inquit,
2868 3871 2919 3924 7.
2943 3870 2997 3923 in
3022 3887 3120 3940 quo
3147 3869 3384 3925 habemus
3405 3872 3605 3926 relictus

2018 3964 2240 4033 ptio‘nem
2272 3979 2362 4032 per
2380 3962 2680 4031 sanguinem
2706 3961 2887 4029 ipsius.
2916 3960 3234 4027 Quomodo?
3272 3961 3387 4016 Non
3426 3963 3602 4017 solum

2019 4063 2103 4110 est
2130 4052 2444 4109 admirabile
2467 4053 2611 4124 quod
2640 4052 2836 4108 Filium
2865 4053 3113 4118 dederit,
3145 4053 3239 4108 sed
3269 4053 3410 4124 quod
3440 4056 3600 4110 etiam

2019 4154 2085 4199 e’o
2114 4143 2272 4198 modo
2297 4143 2526 4207 dederit,
2553 4153 2610 4198 ut
2637 4144 2752 4212 ipse
2782 4144 3012 4199 dilectus
3039 4153 3299 4199 mactatus
3326 4146 3415 4199 sit.
3441 4145 3601 4200 Multa

2019 4249 2105 4294 est
2132 4238 2422 4311 hyperbole
2452 4256 2466 4291 :
2501 4237 2753 4292 dilectum
2779 4237 2920 4292 dedit
2950 4252 3048 4307 pro
3084 4237 3148 4291 iis
3191 4237 3278 4306 qni
3333 4236 3603 4293 habeban-

2019 4339 2107 4386 tur
2134 4331 2279 4385 odio.
2310 4329 2441 4385 Vide
2470 4329 2653 4399 quanti
2677 4345 2776 4384 nos
2804 4331 3052 4384 testinict.
3085 4328 3163 4396 Si,
3193 4330 3405 4398 quando
3426 4329 3600 4400 ipsum

2021 4422 2348 4478 habebamus
2374 4421 2498 4477 odio
2528 4427 2584 4476 et
2609 4436 2822 4475 eramus
2849 4421 3048 4475 inimici
3074 4463 3089 4486 ,
3131 4421 3280 4476 dedit
3311 4437 3464 4476 suum
3519 4423 3608 4477 di—

2022 4514 2240 4577 lectum,
2271 4512 2395 4582 quid
2432 4527 2537 4565 non
2564 4510 2820 4579 deinceps
2863 4510 3055 4577 faciet,
3079 4525 3201 4566 cum
3254 4511 3511 4566 fuerimus
3552 4515 3609 4561 et

2022 4603 2349 4660 reconciliati
2380 4615 2473 4670 per
2501 4601 2766 4672 gratiam?
2795 4601 3177 4663 Remi'ssionein,
3206 4603 3395 4672 inquit,
3425 4618 3605 4671 pecca-

2021 4705 2205 4749 torum.
2227 4695 2283 4762 ,Α
2311 4692 2560 4763 supernis
2583 4691 2952 4747 descenditad
2984 4692 3234 4747 inferiora
3265 4712 3279 4747 :
3311 4710 3433 4749 cum
3455 4694 3602 4765 prius

2018 4788 2217 4844 dixerit
2257 4787 2488 4841 liliorum
2532 4786 2880 4857 adoptionem
2930 4796 2984 4842 et
3027 4787 3506 4843 sanctilieationem
3547 4798 3605 4843 et

2019 4881 2415 4946 iininaculatos,
2451 4884 2576 4935 tunc
2624 4883 2840 4949 qucque
2881 4878 3072 4933 vitium
3115 4879 3284 4942 dicit;
3338 4895 3445 4934 non
3500 4880 3602 4933 mi-

2020 4988 2215 5036 nuens,
2245 4986 2416 5041 neque
2440 4988 2469 5023 ει
2500 4970 2706 5039 magnis
2731 4970 2797 5024 ad
2822 4979 2979 5038 parva
2996 4967 3269 5024 deducens
3283 4968 3603 5035 orationem,

2017 5064 2115 5119 sed
2160 5078 2189 5117 ιι
2235 5063 2412 5133 parvis
2455 5061 2753 5116 ascendens
2791 5062 2856 5114 ad
2898 5077 3107 5131 magna.
3154 5060 3293 5116 Nihil
3332 5071 3415 5113 est
3461 5063 3604 5113 enim

2022 5169 2174 5225 aeque
2204 5167 2454 5223 magnum
2487 5160 2644 5221 atque
2667 5150 2758 5205 Dei
2786 5152 3096 5221 sanguinem
3144 5165 3240 5219 pro
3286 5148 3438 5203 nobis
3487 5165 3608 5203 esse

2022 5246 2288 5310 cll‘usum;
2320 5255 2374 5300 et
2403 5244 2633 5300 ﬁliorum
2665 5244 2951 5313 adoptione
2983 5252 3038 5296 ct
3066 5241 3184 5294 aliis
3211 5242 3365 5295 donis
3394 5240 3494 5295 hoc
3525 5250 3611 5294 cst

2024 5340 2231 5410 majus,
2274 5337 2415 5408 quod
2443 5353 2510 5391 ne
2529 5336 2667 5392 Filio
2689 5335 2900 5405 quidem
2936 5333 3255 5403 pepercerit.
3294 5333 3480 5405 Magna
3519 5350 3606 5390 res

2023 5441 2107 5488 est
2134 5430 2358 5485 remissa
2386 5443 2510 5483 esse
2538 5436 2783 5498 peccata,
2834 5425 2931 5480 sed
2980 5424 3151 5493 majus
3194 5434 3275 5480 est
3318 5425 3457 5494 quod
3513 5432 3607 5496 per

2023 5522 2337 5592 sanguinein
2373 5519 2728 5574 Dominieum.
2758 5517 2888 5571 Nam
2917 5516 3059 5588 quod
3089 5517 3190 5571 hoc
3216 5517 3284 5571 sit
3313 5516 3469 5589 longe
3490 5531 3607 5571 ma:-

2020 5615 2108 5685 jiis
2134 5613 2404 5674 omnibus,
2435 5611 2556 5665 vide
2586 5610 2855 5680 quomodo
2902 5609 2988 5664 liic
3024 5624 3234 5680 quoque
3259 5611 3601 5673 exclamavit,

2027 5708 2212 5763 dicens
2248 5725 2261 5761 :
2293 5705 2585 5760 Secundum
2613 5702 2813 5757 diuitias
2849 5703 3025 5774 gratim
3054 5705 3163 5773 ejus
3184 5746 3197 5770 ,
3230 5702 3286 5758 8.
3315 5719 3430 5775 qua:
3453 5717 3606 5772 supe-

2031 5798 2333 5853 rubundurit
2366 5797 2417 5851 in
2445 5796 2606 5862 nobis.
2634 5795 2766 5851 Nam
2806 5794 2910 5851 illa:
2953 5809 3166 5867 quoque
3207 5806 3333 5852 aunt
3374 5795 3608 5863 divitiae,

3786 6186 3789 6187 ,
3800 6140 4025 6188 Δ
