4080 6218
3242 259 3267 270 δ

462 311 529 380 με
1263 322 1320 377 S.
1348 317 1626 378 .iOANNIS
1653 317 2125 375 CllllYSOSTOMl
2166 317 2478 377 ARCIIIEP.
2517 326 2690 383 CONS
2705 323 3052 387 l‘ANTthlP.
3656 337 3726 395 16

457 446 547 501 sed
573 448 659 499 lue
687 442 858 498 multo
884 441 1072 511 magis.
1104 441 1231 507 Quae
1259 438 1712 510 superabundavit,
1745 436 1933 506 inquit,
1981 435 2034 487 in

456 540 617 593 nobis.
645 538 708 592 Et
735 537 935 591 divitia:
957 546 1105 600 sunt,
1125 544 1180 590 et
1203 532 1721 604 Stiperabnmlantes,
1753 531 1803 585 id
1833 538 1935 595 cst,
1964 528 2037 583 af-

452 634 600 685 fatim
626 630 825 684 cffusm.
844 629 1032 684 Verbis
1061 627 1283 697 exprimi
1315 642 1420 680 non
1448 632 1673 694 possunt
1698 637 1915 689 ea,qua:
1939 636 2036 674 nos

453 737 513 776 re
541 721 745 790 experti
787 735 991 774 sumus.
1026 718 1232 771 Divitias
1263 716 1404 769 enim
1431 721 1575 773 sunt.
1618 712 1814 767 divitiae
1844 726 2033 780 supcr-

453 815 804 877 abundantes,
836 811 1033 867 divitia:
1059 826 1164 864 non
1189 808 1488 871 hominum,
1506 806 1600 862 sed
1625 806 1736 869 Dei,
1754 820 1872 876 qua:
1892 805 2036 857 nullo

454 907 613 961 modo
672 908 844 962 verbis
906 903 1126 973 exprimi
1183 902 1404 971 possint.
1461 899 1755 956 Ostendere
1814 907 2037 965 autem,

455 1001 637 1052 volens
684 995 951 1067 quomodo
1006 993 1503 1065 superabundanter
1554 991 1744 1055 dedit,
1774 988 1844 1043 1η
1896 988 2035 1043 omni

453 1090 701 1159 sapientia
727 1097 772 1141 et
797 1087 1087 1156 prudentia,
1117 1086 1309 1155 inquit,
1340 1084 1395 1139 9.
1424 1093 1477 1137 ut
1506 1092 1679 1137 uotum
1703 1086 1889 1154 faceret
1935 1096 2031 1134 no-

450 1183 525 1234 bis
547 1194 918 1235 sacramentum
930 1180 1201 1234 voluntatis
1221 1194 1347 1233 sate.
1370 1177 1479 1232 lloc
1496 1188 1598 1240 est,
1621 1192 1742 1231 cum
1766 1191 1821 1229 sa
1831 1175 2032 1242 pientes

452 1273 666 1326 fecisset
692 1280 745 1324 et
777 1271 1070 1338 prudentes
1101 1271 1152 1323 in
1183 1284 1245 1324 ea
1269 1285 1388 1340 qum
1411 1284 1534 1323 vere
1559 1277 1642 1322 est
1668 1267 1949 1337 sapientia,
1980 1266 2030 1317 iu

452 1376 514 1416 ea
542 1377 660 1431 qua:
686 1376 812 1415 vere
834 1370 915 1414 est
947 1358 1246 1429 prudentia.

522 1452 579 1506 4.
638 1451 837 1520 Papae!
889 1459 1084 1519 quanta
1140 1449 1417 1504 amicitiai
1480 1448 1645 1503 Nobis
1694 1450 1837 1503 enim
1903 1444 2030 1500 dicit

451 1557 547 1595 sua
589 1543 863 1612 mysteria.
920 1540 1201 1595 Volnntatis
1245 1555 1384 1607 sate,
1436 1540 1643 1610 inquit;
1690 1554 1753 1593 ac
1800 1540 1844 1592 si
1893 1537 2032 1592 dice-

450 1645 573 1701 ret,
619 1642 742 1689 nota
789 1634 944 1687 nobis
995 1634 1118 1688 fecit
1153 1648 1272 1702 qnze
1312 1640 1438 1686 sunt
1482 1632 1534 1685 in
1564 1646 1662 1685 suo
1690 1630 1894 1685 corde:
1930 1630 2030 1684 hoc

449 1729 592 1781 enim
631 1736 715 1782 est
742 1727 1051 1797 mysterium
1080 1724 1219 1794 quod
1252 1723 1464 1793 plenum
1507 1734 1587 1778 est
1632 1722 1777 1777 omni
1819 1723 2031 1792 sapien-

451 1818 520 1871 tia
548 1827 602 1871 et
629 1817 927 1887 prudentia.
960 1815 1097 1884 Quid
1126 1817 1270 1872 enim
1302 1830 1398 1885 par
1441 1815 1590 1871 dices
1637 1814 1759 1869 huic
1811 1813 2031 1883 sapien-

449 1908 577 1962 tiae?
628 1909 717 1978 qui
765 1909 960 1962 nullius
1007 1916 1162 1963 erant
1210 1907 1402 1977 pretii.
1451 1893 1544 1961 eos
1590 1906 1792 1961 invenit
1816 1915 1870 1960 ut
1903 1921 2029 1975 pro-

452 2002 671 2055 veheret
716 2000 781 2054 ad
834 2000 1072 2055 divitias.
1132 1999 1269 2067 Quid
1319 2009 1492 2070 potest
1542 1999 1858 2071 :equipamri
1907 1998 2030 2056 huic

447 2094 630 2147 solerti
655 2093 927 2148 facilitati?
953 2094 1041 2162 qui
1065 2104 1178 2148 erat
1207 2093 1471 2158 inimicus,
1501 2093 1590 2162 qui
1611 2108 1830 2156 exosus,
1863 2092 1909 2146 is
1938 2103 2028 2147 re-

448 2196 607 2254 pente
637 2200 847 2239 sursum
876 2185 1136 2238 ascendit.
1168 2183 1280 2238 Nec
1308 2187 1409 2239 hoc
1436 2185 1608 2239 solum
1628 2225 1643 2249 ,
1673 2183 1766 2238 sed
1791 2184 1946 2239 etiam
1977 2184 2028 2238 in

382 2318 388 2329 .
446 2281 548 2330 hoc
575 2286 843 2344 tempore;
874 2276 1032 2346 idque
1056 2286 1170 2331 erat
1200 2275 1474 2345 sapientia:
1493 2317 1509 2340 ,
1538 2282 1594 2329 et
1615 2275 1754 2345 quod
1782 2290 1874 2345 per
1904 2289 2029 2329 ιπη-

444 2383 583 2424 cem.
615 2369 827 2423 Prolixa
869 2369 954 2423 hic
992 2385 1053 2425 se
1097 2368 1253 2424 offert
1289 2369 1461 2423 oratio
1500 2368 1566 2423 ad
1595 2368 1984 2424 ustcndendnm
2010 2409 2026 2433 ,

443 2461 713 2531 quomodo
744 2462 844 2517 hoc
873 2472 989 2516 erat
1016 2462 1326 2533 sapientiae,
1357 2471 1412 2517 et
1438 2461 1707 2531 quomodo
1756 2476 1856 2516 nos
1895 2459 2027 2516 elle-

441 2553 518 2606 cit
570 2553 857 2622 sapientes.
906 2552 1201 2607 Secundum
1230 2553 1596 2623 beneplaeitum
1626 2568 1796 2615 suum,
1826 2552 2023 2621 inquit,

442 2643 580 2713 quod
611 2645 871 2714 proposuit
902 2646 955 2698 in
998 2646 1127 2714 ipso.
1160 2644 1270 2699 Hoc
1316 2652 1427 2709 est,
1475 2644 1575 2699 hoc
1612 2646 1879 2713 cupiebat,
1927 2645 2028 2700 hoc

442 2735 793 2803 parturiebat,
824 2744 882 2790 ut
934 2737 1006 2789 ita
1057 2746 1234 2805 posset
1286 2736 1440 2790 nobis
1488 2736 1638 2790 effari
1689 2736 2021 2807 mysterium.

438 2826 758 2892 Quodnam?
782 2828 935 2896 Quod
961 2828 1230 2883 hominem
1255 2830 1380 2883 velit
1400 2829 1540 2898 apud
1561 2844 1786 2896 superus
1809 2830 2021 2887 sedere.

438 2919 552 2973 lloc
579 2932 755 2974 autem
799 2920 992 2976 factum
1024 2931 1142 2984 est,
1176 2922 1261 2977 10.
1303 2921 1366 2976 In
1407 2923 1832 2992 dispensatione»:
1862 2923 2027 2994 pleni-

436 3013 626 3067 tudinis
668 3023 982 3083 tentporum,
1023 3014 1309 3068 instaurare
1346 3017 1515 3068 omnia
1555 3015 1607 3068 in
1646 3015 1866 3081 Christo,
1911 3030 2026 3086 qua:

433 3105 487 3157 in
525 3104 693 3169 uelis,
728 3114 773 3158 et
802 3122 914 3176 qua:
949 3106 1002 3158 in
1030 3115 1164 3158 terra
1199 3118 1316 3159 sunt
1357 3108 1408 3159 in
1448 3107 1579 3174 ipso.
1611 3107 1859 3161 Abscisum
1905 3105 2021 3162 fue-

434 3204 592 3260 rant,
636 3197 836 3266 inquit,
884 3197 1121 3251 c.t:lestia
1149 3213 1179 3253 a
1210 3199 1584 3264 terrestribus,
1620 3216 1722 3252 non
1757 3199 2023 3255 habebant

437 3301 600 3340 unum
637 3298 816 3357 caput.
852 3287 982 3342 Nam
1020 3288 1160 3357 quod
1189 3288 1380 3343 attinet
1409 3289 1624 3358 quidem
1661 3290 1725 3343 ad
1759 3292 2018 3345 rationem

431 3381 742 3442 creationis,
775 3396 912 3435 unus
939 3392 1051 3446 erat
1085 3382 1255 3448 Deus;
1288 3383 1430 3452 quod
1454 3393 1633 3438 autem
1661 3384 1725 3436 ad
1759 3384 2017 3439 rationem

430 3471 844 3539 coniunctionis,
872 3489 976 3526 non
1003 3474 1127 3527 item
1151 3491 1163 3527 :
1191 3489 1311 3528 nam
1335 3488 1519 3530 errore
1538 3476 1780 3544 gentium
1802 3475 2014 3541 dilfuso,

429 3563 652 3617 abscissi
681 3574 834 3618 erant
862 3565 929 3617 ab
964 3565 1080 3634 ejus
1116 3565 1442 3621 obedientia.
1471 3565 1539 3621 ln
1566 3568 2010 3636 dispensationem,

432 3654 629 3721 inquit,
659 3654 990 3723 plenitudinis
1028 3668 1330 3726 temporum.
1373 3657 1762 3712 Plenitudiuctn
1811 3668 2016 3727 tempo-

431 3759 546 3797 rum
596 3745 765 3812 ipsam
811 3747 1100 3813 appellavit
1144 3748 1621 3817 dispensationem.
1677 3748 1809 3804 Vide
1853 3765 2010 3819 quam

428 3844 679 3891 accurate
706 3837 974 3906 loquatur.
1010 3838 1076 3892 Et
1099 3854 1221 3893 cum
1252 3840 1579 3895 ostendisset
1602 3841 1818 3911 quidem
1851 3857 1879 3895 a
1908 3842 2011 3896 Pa-

428 3937 509 3981 tre
538 3927 883 3996 principium,
920 3930 1285 3999 prepositum,
1318 3932 1634 3998 consilium,
1669 3933 1898 4002 primum
1933 3934 2012 3987 in-

421 4018 802 4082 citamentum;
833 4034 953 4074 eam
991 4030 1169 4074 autem
1191 4063 1206 4086 ,
1247 4037 1367 4091 qum
1394 4038 1488 4091 per
1513 4037 1677 4093 opera
1709 4023 1769 4080 lit
1791 4065 1806 4091 ,
1838 4025 2010 4080 adim-

423 4108 713 4177 pletionem
768 4126 860 4178 per
897 4111 1221 4166 Christum:
1278 4128 1539 4183 nusquam
1591 4131 1712 4170 eum
1772 4117 2011 4171 nominat

427 4200 752 4255 ministrum.
780 4202 891 4255 Nos
910 4203 1081 4274 elegit,
1114 4204 1301 4274 inquit,
1332 4206 1386 4259 in
1406 4206 1540 4275 ipso,
1570 4223 1682 4260 cum
1703 4223 1795 4261 nos
1817 4211 2006 4276 praede-

422 4295 654 4349 stinasset
697 4294 766 4347 ad
802 4296 1024 4359 ﬁliorum
1067 4296 1389 4365 adoptionem
1421 4315 1511 4367 per
1549 4298 1802 4352 Christum
1830 4299 2008 4353 Iesum

423 4387 474 4438 in
523 4387 634 4455 ipso
658 4428 672 4446 ,
721 4398 767 4440 et
804 4387 872 4440 ad
902 4389 1104 4442 laudent
1135 4390 1310 4456 gloria:
1345 4392 1524 4461 gratiae
1566 4392 1726 4460 ipsius
1759 4409 1777 4446 :
1808 4408 1860 4446 tu
1907 4410 2006 4463 quo

421 4476 661 4530 nabemns
688 4477 1082 4546 rrdemptiottem
1114 4495 1204 4546 per
1230 4482 1529 4551 sanguinem
1551 4486 1680 4554 ejus,
1713 4499 1862 4554 quam
1889 4500 2005 4552 pro-

425 4570 591 4632 posuit
611 4571 661 4620 in
680 4570 1106 4639 dispensationem
1127 4574 1458 4643 plenitudinis
1480 4585 1781 4645 temporum,
1809 4578 2006 4631 instau~

418 4673 534 4709 rare
562 4661 732 4709 omnia
774 4661 826 4713 in
864 4661 1082 4717 Clu-isto.
1112 4664 1180 4720 Et
1210 4666 1466 4736 nusquam
1499 4683 1620 4722 eum
1659 4669 1794 4738 dixit
1845 4670 2003 4723 mini-

421 4759 612 4803 strum.
646 4750 700 4803 Si
731 4759 907 4805 autem
936 4764 990 4808 et
1027 4755 1080 4808 in
1110 4767 1163 4808 et
1193 4773 1281 4823 per
1306 4765 1431 4812 sunt
1470 4759 1719 4822 ministri,
1751 4758 1872 4813 vide
1897 4776 2003 4828 quo

423 4856 511 4897 res
552 4840 737 4895 redeat
766 4841 863 4907 (τι).
901 4842 1032 4898 Nam
1074 4846 1125 4900 in
1156 4847 1417 4917 principio
1441 4850 1683 4919 cpistola:
1712 4850 1865 4916 dixit,
1898 4851 2004 4906 Per

482 4976 554 5044 (ρ)
581 4975 820 5044 [dantem
844 4975 1373 5044 dicit__Chrysoswmus,
1399 4983 1511 5044 quia
1537 4983 1698 5033 Ariani
1720 4993 1771 5034 et
1792 4985 1875 5036 alii
1899 5000 1997 5036 τιυ-

401 5040 556 5112 retici
580 5043 662 5099 qui
686 5039 913 5112 dicebant
935 5038 1178 5112 Christum
1214 5056 1319 5092 rem
1347 5038 1535 5112 tacitam,
1562 5056 1619 5095 et
1638 5048 1873 5112 tninoregn
1896 5049 1996 5112 Ῥει-

396 5111 492 5169 tre
515 5108 666 5169 atque.
689 5108 957 5169 nnntstrum
985 5108 1091 5163 ejus
1112 5117 1252 5169 esse,
1280 5109 1559 5167 pugnabant
1591 5110 1763 5169 etiam,
1790 5109 1924 5168 illud,
1949 5109 2000 5160 in

407 5160 621 5229 Quieto,
638 5169 682 5209 et
707 5175 792 5224 per
813 5160 1074 5229 t‘ln'istnin,
1089 5178 1201 5229 qua:
1221 5160 1512 5229 frequ'cnter
1533 5160 1792 5220 occurrunt
1809 5175 1853 5219 in
1866 5160 2001 5221 Novo

405 5221 724 5289 'l‘estantento
744 5258 759 5279 ,
783 5221 1068 5289 signiﬁcare,
1097 5221 1337 5289 Christum
1384 5244 1499 5280 esse
1545 5233 1846 5289 ministrum;
1872 5248 1999 5289 quos

410 5283 423 5332 i
435 5296 529 5397 psi):l
540 5284 763 5344 pluribus
783 5283 1000 5339 confutet
1021 5289 1069 5338 in
1101 5288 1323 5340 Homiliis
1343 5291 1408 5340 de
1434 5283 1920 5356 lneompreheusibili
1945 5304 1999 5347 et

412 5361 437 5395 ει
466 5364 477 5396 ι
542 5381 552 5394 .

412 5361 552 5396 illim.

2144 439 2448 493 uoluntatem
2498 441 2685 498 Patris.
2729 445 2908 512 Pater,
2949 448 3139 517 inquit,
3180 448 3390 517 voluit;
3434 450 3601 508 Filius
3640 468 3724 511 est

2143 541 2412 598 operatus.
2459 533 2562 588 Sed
2594 551 2690 589 nec
2728 539 2978 606 quoniam
3011 539 3171 594 Pater
3200 540 3366 596 voluit
3389 584 3403 606 .
3440 543 3611 598 Filius
3641 558 3725 601 est

2144 628 2289 674 extra
2320 624 2685 691 operationem
2713 643 2728 692 ;
2758 643 2953 697 neque,
2995 632 3249 699 quoniam
3279 633 3449 689 Filius
3471 646 3555 689 est
3589 652 3723 707 ope-

2143 723 2309 778 ratus,
2334 716 2605 773 voluntate
2632 720 2866 788 privatus
2887 732 2969 775 est
2997 722 3155 777 Pater
3178 740 3192 788 ;
3230 723 3322 780 sed
3339 725 3520 780 Patris
3549 739 3601 783 et
3632 730 3722 783 Fi-

2144 802 2199 856 lii
2220 808 2520 861 comtnunia
2553 819 2677 864 sunt
2701 812 2877 865 omnia
2913 830 2925 865 :
2960 829 3082 867 nam
3109 815 3294 870 Omnia
3317 835 3428 872 mea
3467 829 3554 873 tua
3580 833 3720 886 sunt,

2144 894 2346 965 inquit,
2396 908 2442 951 et
2486 909 2573 952 tua
2611 917 2721 955 mea
2761 912 2879 956 sunt
2923 903 2941 975 (
2963 904 3122 959 Joan.
3157 907 3243 962 17.
3278 909 3410 980 10).
3448 910 3724 966 Plenitudo

2141 999 2319 1044 autem
2347 998 2642 1062 temporum
2669 1004 2784 1050 erat
2809 996 2924 1066 ejus
2953 997 3230 1054 adventus.
3261 1001 3393 1067 Quia
3425 1002 3582 1072 igitur
3609 1020 3725 1058 om-

2145 1080 2228 1134 nia
2262 1080 2483 1150 fecerat,
2506 1095 2558 1138 et
2586 1102 2679 1155 per
2707 1088 2947 1157 angelos,
2980 1098 3037 1144 et
3072 1106 3167 1159 per
3206 1092 3514 1161 praphetas,
3542 1109 3595 1149 et
3627 1112 3727 1166 per.

2144 1172 2353 1243 legem,
2404 1185 2460 1230 et
2510 1177 2638 1231 nihil
2682 1180 3031 1248 proficiebat;
3073 1192 3126 1237 et
3156 1184 3450 1253 periculum
3498 1201 3613 1241 erat
3657 1205 3723 1244 ne

2144 1273 2346 1319 temere
2370 1264 2536 1321 factus
2558 1278 2701 1323 esset
2727 1268 2904 1334 homo,
2926 1287 2994 1325 ne
3015 1281 3217 1328 temere
3239 1283 3383 1330 esset
3411 1276 3720 1345 productus,

2144 1355 2251 1407 imo
2292 1372 2417 1410 vero
2450 1359 2501 1411 in
2546 1374 2694 1414 suam
2725 1363 3056 1430 perniciem,
3089 1366 3434 1434 pereuntibus
3473 1370 3721 1425 omnibus

2140 1456 2193 1498 et
2222 1449 2389 1516 magis
2418 1465 2576 1518 quam
2606 1451 2658 1505 in
2685 1442 2908 1518 diluvio,
2943 1454 3079 1510 hanc
3096 1456 3548 1526 dispensationem
3578 1461 3723 1518 inve-

2144 1538 2235 1600 nit,
2268 1552 2387 1607 qua:
2417 1538 2473 1593 fit
2504 1555 2600 1610 per
2618 1544 2864 1611 gratiam,
2895 1560 2962 1600 ne
2991 1556 3191 1601 temere
3218 1556 3267 1602 et
3297 1549 3487 1603 frustra
3510 1563 3723 1608 creatus

2141 1635 2302 1680 esset.
2340 1628 2485 1685 llanc
2526 1640 2826 1700 temporum
2859 1636 3240 1705 plenitudinem
3268 1638 3398 1693 dicit
3424 1650 3477 1695 et
3506 1643 3720 1712 sapien-

2144 1718 2291 1773 tiam.
2331 1720 2541 1787 Quare?
2572 1722 2727 1790 Quia,
2760 1726 2971 1793 quando
3014 1728 3245 1783 maxime
3288 1740 3440 1784 erant
3471 1733 3711 1801 perituri,

2143 1819 2270 1865 ιιιιιο
2310 1811 2441 1865 Salvi
2488 1803 2721 1868 fuerunt.
2751 1816 3300 1890 θΛιιοωιεφιιιλιιιιὼσοισοιιιςι⁹
3350 1821 3535 1891 inquit.
3579 1816 3714 1891 Quill

2139 1911 2221 1956 est
2242 1905 2744 1974 ἀνακῳεύαιώσασθαι
2774 1907 2797 1959 ?
2827 1907 3180 1979 Canjnngere.
3213 1910 3478 1967 Cteterum
3505 1913 3716 1967 Sllldt'll-

2141 2007 2259 2048 mus
2301 2009 2459 2065 quam
2506 1996 2754 2066 proxime
2799 1999 3063 2055 accedere
3106 2000 3171 2054 ad
3215 2001 3385 2071 ipsam
3418 2005 3715 2060 veritatem.

2139 2081 2271 2138 Nam
2302 2099 2332 2138 a
2363 2086 2517 2140 nobis
2541 2087 2781 2156 quidem,
2816 2099 2872 2142 ut
2898 2091 3057 2144 etiam
3090 2091 3140 2145 in
3180 2098 3329 2146 more
3357 2102 3438 2147 est
3461 2095 3716 2163 positum,

2139 2174 2334 2230 dicitur
2357 2178 2775 2250 ἀνακεφαλαίωσις,
2801 2196 2920 2251 quae
2949 2182 3148 2250 prolixe
3167 2182 3305 2238 dicta
3334 2185 3528 2238 suntin
3555 2185 3719 2241 breve

2139 2270 2494 2335 contrahere,
2542 2283 2597 2327 et
2627 2275 2806 2328 omnia
2839 2291 2958 2344 qua:
2988 2276 3196 2345 prolixe
3240 2276 3381 2331 dicta
3417 2286 3542 2332 sunt
3569 2293 3720 2333 com-

2141 2364 2396 2433 pendiose
2438 2362 2641 2421 dicere.
2690 2366 2835 2433 Nam,
2855 2367 2957 2423 hoc
3000 2383 3212 2438 quoque
3255 2370 3325 2424 ita
3367 2370 3569 2425 habet:
3600 2387 3722 2442 quae

2138 2456 2282 2511 enim
2320 2457 2479 2528 longo
2514 2466 2759 2531 tempore
2787 2459 3232 2530 dispensabantur
3261 2464 3314 2516 in
3344 2464 3459 2533 ipso
3494 2467 3721 2537 ἀναφαι-

2138 2557 2394 2619 lactucam,
2420 2551 2521 2606 hoc
2542 2564 2645 2619 est,
2674 2552 2725 2607 in
2757 2566 3020 2607 summam
3049 2555 3274 2626 redegit.
3306 2556 3540 2612 Verbum
3571 2559 3716 2613 enim

2137 2657 2539 2712 consummans,
2572 2654 2626 2700 et
2666 2645 2718 2701 in
2746 2645 2953 2717 justitia
2981 2647 3322 2714 abbrevians,
3364 2660 3416 2704 et
3448 2652 3537 2705 illa
3567 2668 3718 2707 com-

2139 2733 2424 2803 prehendit
2447 2768 2462 2802 ι
2494 2745 2551 2791 et
2576 2737 2677 2791 alia
2706 2737 2928 2793 addidit.
2962 2739 3071 2795 lloc
3095 2750 3213 2807 est,
3241 2744 3638 2814 ἀνακφαὶιαέωσις
3665 2752 3722 2800 et

2137 2825 2379 2881 reductio
2409 2828 2460 2881 in
2496 2842 2781 2883 summam.
2815 2829 2908 2884 Est
2935 2838 2990 2884 et
3026 2830 3169 2886 aliud
3197 2832 3335 2900 quod
3367 2834 3715 2901 significatur.

2135 2915 2414 2984 Quodnam
2442 2904 2546 2973 hoc
2573 2920 2597 2971 ?
2640 2908 2817 2975 Unum
2844 2920 3092 2976 omnibus
3119 2924 3292 2991 posuit
3317 2932 3494 2991 caput,
3524 2939 3717 2994 nempe

2133 3007 2403 3065 Christum
2427 3010 2719 3065 secundum
2736 3026 2977 3079 carnem,
3000 3022 3056 3067 et
3074 3008 3277 3081 angelis
3300 3026 3349 3069 et
3376 3010 3713 3071 hominibus:

2135 3099 2237 3156 hoc
2265 3109 2367 3166 est,
2400 3110 2456 3157 et
2482 3102 2686 3172 angelis
2719 3119 2880 3158 unum
2913 3105 3059 3159 dedit
3089 3105 3430 3174 principium,
3460 3119 3515 3161 et
3546 3106 3719 3161 homi-

2132 3194 2330 3250 nibus:
2363 3193 2449 3250 ltis
2484 3185 2699 3265 quidem
2744 3196 2795 3250 id
2841 3197 2981 3266 quod
3026 3207 3108 3252 est
3137 3198 3428 3253 secundum
3472 3214 3712 3267 carnem,

2131 3286 2237 3342 illis
2273 3296 2452 3342 autem
2490 3286 2662 3343 Deum
2693 3286 2920 3342 Verbum
2945 3288 2984 3340 ι.
3018 3280 3086 3343 Ut
3130 3288 3175 3342 si
3222 3287 3369 3342 dicas
3419 3289 3484 3343 de
3528 3289 3710 3357 domo,

2130 3393 2250 3448 qua:
2290 3376 2483 3447 partim
2529 3377 2742 3449 quidem
2772 3387 2856 3433 est
2898 3379 3131 3433 marcida
3171 3394 3233 3433 ac
3272 3377 3485 3444 debilis,
3518 3381 3710 3450 partim

2129 3479 2305 3525 autem
2335 3469 2508 3524 valida
2538 3478 2593 3526 et
2620 3469 2790 3534 fortis,
2821 3461 3047 3525 Domum
3078 3470 3441 3538 remdilicavit,
3475 3470 3578 3526 hoc
3603 3481 3706 3538 est,

2131 3561 2404 3616 fortiorem
2450 3559 2606 3627 fecit,
2645 3559 2923 3615 fortiorem
2968 3560 3220 3630 imposuit
3258 3561 3425 3615 basim
3460 3578 3472 3614 :
3519 3563 3591 3617 ita
3622 3562 3712 3617 hic

2127 3668 2340 3724 quoque
2368 3668 2560 3708 omnes
2592 3653 2683 3707 uni
2712 3652 2938 3724 subjecit
2966 3653 3147 3724 capiti.
3180 3654 3253 3707 Ita
3284 3653 3427 3707 enim
3462 3654 3553 3709 fiet
3587 3671 3709 3708 um-

2128 3755 2230 3813 tas,
2257 3748 2326 3801 ita
2356 3755 2607 3802 accurata
2629 3757 2682 3802 et
2704 3747 2936 3817 perfecta
2965 3744 3126 3801 fuerit
3145 3746 3472 3817 conjunctio,
3497 3746 3709 3816 quando

2124 3838 2302 3894 omnia
2326 3838 2539 3893 redacta
2566 3838 2763 3893 fuerint
2783 3839 2882 3893 sub
2905 3854 3067 3893 unum
3088 3848 3266 3909 caput,
3292 3853 3521 3908 superne
3539 3838 3710 3907 quod-

2123 3932 2243 3987 dam
2270 3932 2629 3987 necessarium
2649 3931 2896 3986 habentia
2917 3932 3207 3987 vinculum.
3233 3931 3405 3987 Tanto
3420 3945 3547 4002 ergo
3563 3931 3706 3987 dono

2122 4024 2346 4095 dignati,
2378 4031 2525 4077 tanto
2551 4022 2776 4088 honore,
2809 4031 2949 4076 tanta
2973 4022 3322 4093 benignitate,
3353 4038 3420 4077 ne
3443 4021 3707 4078 dedecore

2123 4118 2418 4173 afficiamus
2441 4131 2563 4171 eum
2593 4115 2680 4185 qui
2713 4129 2809 4169 nos
2839 4113 3019 4170 aﬂccit
3044 4114 3321 4180 beneficio,
3353 4129 3420 4170 ne
3448 4113 3705 4170 faciamus

2123 4220 2180 4264 ut
2223 4220 2365 4263 tanta
2407 4208 2476 4264 sit
2517 4208 2671 4263 nobis
2718 4208 2889 4262 inanis
2918 4208 3123 4279 gratia,
3153 4209 3313 4262 vitam
3355 4207 3703 4263 ostendamus

2120 4301 2413 4372 angelicam
2436 4309 2491 4355 et
2509 4298 2800 4370 angelicam
2831 4299 3108 4365 virtutem,
3137 4308 3192 4353 et
3214 4299 3337 4352 vita:
3362 4298 3582 4369 agenda:
3612 4314 3702 4353 ra-

2121 4398 2316 4451 tionem
2340 4412 2355 4461 ;
2388 4410 2627 4466 rogoque
2653 4403 2707 4449 et
2729 4408 2913 4465 quarso
2932 4435 2948 4460 ,
2979 4408 3046 4449 ne
3073 4394 3192 4449 haec
3216 4394 3393 4449 omnia
3417 4394 3525 4449 sint
3549 4394 3701 4449 nobis

2120 4489 2174 4544 in
2196 4488 2454 4559 judiciqu
2480 4498 2534 4542 et
2560 4486 3062 4542 condemnationem
3086 4527 3100 4552 ,
3129 4486 3225 4542 sed
3260 4485 3328 4541 ad
3355 4486 3701 4541 fruendorum

2119 4582 2379 4637 bonorum
2406 4579 2808 4651 perceptionem
2834 4596 2847 4632 :
2879 4594 2997 4646 quze
3020 4578 3218 4643 utinam
3241 4592 3339 4632 nos
3357 4592 3544 4632 omnes
3564 4591 3697 4631 con-

2115 4688 2419 4743 sequamur,
2465 4672 2635 4743 gratia
2669 4679 2725 4726 et
2750 4670 3076 4740 benignitate
3106 4670 3311 4724 Domini
3358 4668 3526 4724 nostri
3571 4667 3701 4724 .lcsu

2115 4764 2337 4832 Christi,
2369 4779 2491 4819 cum
2515 4778 2624 4836 quo
2653 4762 2798 4819 Patri
2824 4773 2880 4819 et
2904 4761 3126 4834 Spiritui
3154 4771 3341 4817 sancto
3359 4760 3526 4833 gloria
3544 4799 3559 4825 ,
3592 4759 3695 4811 im-

2115 4858 2320 4928 perium
2340 4899 2357 4926 ,
2388 4866 2494 4913 etc.

2177 5037 2193 5066 ί
2230 5032 2394 5083 Οοιιοκ
2419 5044 2564 5088 unus,
2586 5029 2674 5079 hoc
2696 5033 2784 5087 est,
2807 5027 3014 5079 alterum
3054 5025 3240 5088 maelii,
3264 5024 3467 5074 alterunt
3493 5016 3708 5088 homini-

2114 5094 2200 5147 bus
2223 5092 2516 5164 principium
2538 5084 2673 5164 dedit
2703 5104 2721 5140 :
2750 5084 2825 5141 Itis
2844 5089 3041 5164 qitidem
3077 5084 3707 5164 {duquodvestLseparatum

2110 5147 2336 5215 caniem,
2375 5147 2475 5206 illis
2517 5162 2678 5204 autent
2709 5147 2975 5215 secundum
3016 5147 3263 5214 spiritum,
3281 5147 3497 5200 Verbum
3521 5154 3703 5198 Deum.

2110 5222 2230 5280 Quae
2253 5218 2401 5269 lectio
2411 5230 2509 5267 nou
2523 5214 2814 5278 spernenda.

1898 5610 2063 5620 .__.v—-o—
2071 5612 2261 5625 MN‘
