4080 6218
346 366 406 418 17
1321 359 1388 414 IN
1421 359 1630 416 EPIST.
1667 361 1756 415 AD
1796 360 1940 416 EPlll

2083 361 2236 416 CAP.
2282 362 2320 416 Ι.
2366 363 2594 420 1103111..
2643 365 2706 427 ΙΙ.
3571 388 3630 443 l8

1769 517 2850 541 ΜΨ

1816 570 2156 631 HOMILIA
2205 573 2283 632 Π.

370 717 493 772 Cn.
529 721 542 768 t
608 733 662 769 γ.
712 718 803 771 11.
835 715 899 769 In
939 731 1038 783 quo
1066 713 1216 766 etiam
1264 727 1356 765 nos
1394 721 1526 765 sorte
1550 711 1708 764 uocati
1736 727 1940 777 sumus,

438 811 769 879 prcdestinati
795 808 1074 864 secundum
1103 806 1418 874 propositum
1444 805 1576 874 ejus,
1600 807 1686 872 qui
1706 813 1943 873 operatur

429 903 588 954 omiiia
637 903 917 956 secundum
963 899 1232 954 consilium
1275 897 1546 950 voluntatis
1589 911 1714 959 suw,
1767 895 1854 950 Η..
1888 905 1941 947 ut

420 996 571 1047 simus
593 995 650 1046 in
679 994 879 1047 laudem
901 991 1081 1062 gloria:
1117 990 1226 1058 ejus
1247 1029 1259 1050 ,
1290 1004 1380 1040 nos
1401 1029 1414 1052 ,
1449 987 1536 1055 qui
1563 995 1678 1040 ante
1718 985 1942 1054 speravi-

416 1103 526 1137 mus
553 1087 607 1140 in
663 1085 864 1140 Christo
894 1100 912 1135 :
956 1083 1043 1136 15.
1089 1082 1141 1133 in
1185 1096 1283 1148 quo
1324 1089 1371 1131 et
1406 1095 1493 1131 vos
1524 1095 1636 1130 cum
1677 1078 1944 1130 audissetis

413 1179 618 1231 verbum
646 1178 897 1239 veritatis,
936 1173 1248 1244 evangelium
1277 1171 1459 1224 salutis
1504 1180 1678 1223 restrtc
1701 1209 1715 1232 ,
1766 1169 1817 1221 in
1846 1185 1942 1233 quo

413 1281 462 1322 et
513 1271 778 1322 credentes
803 1267 990 1338 signati
1033 1266 1152 1322 estis
1181 1262 1381 1332 Spiritu
1430 1261 1776 1330 promissionis
1825 1277 1942 1312 sano

416 1373 517 1412 rto.
587 1361 673 1414 is".
735 1359 820 1425 qui
873 1368 944 1409 est
1002 1357 1188 1425 pignus
1247 1353 1542 1405 hereditatis
1603 1361 1818 1414 nostra},
1887 1350 1941 1403 in

414 1453 818 1519 redemptionem
848 1446 1220 1515 acquisitionis,
1258 1445 1308 1497 in
1341 1443 1538 1496 laudem
1563 1442 1736 1510 glorier
1761 1440 1936 1508 ipsius.

420 1545 476 1598 1.
511 1543 724 1610 Ubique
770 1541 964 1594 Paulus
1011 1536 1337 1591 ineliabilem
1369 1535 1458 1588 [)ei
1492 1535 1542 1586 in
1568 1543 1665 1587 nos
1697 1532 1939 1601 benigni-

343 1646 514 1690 tatem
546 1635 745 1690 studuit
767 1631 1076 1696 ostendere,
1108 1628 1282 1699 quoad
1312 1628 1426 1697 ejus
1448 1626 1563 1681 ﬁeri
1595 1627 1783 1696 potuit.
1810 1624 1938 1678 Nam

345 1727 494 1796 quod
549 1734 796 1778 accurate
841 1739 944 1777 non
975 1722 1175 1792 possit,
1213 1719 1334 1774 audi
1365 1718 1491 1788 quid
1535 1718 1649 1787 ipse
1677 1716 1821 1769 dicat
1854 1733 1865 1768 :
1897 1715 1940 1768 Ο

345 1819 580 1871 altitudo
609 1817 896 1870 divitiarum
927 1826 970 1868 et
1010 1813 1268 1881 sapientia:
1312 1821 1358 1864 et
1387 1811 1610 1865 scientia:
1639 1807 1774 1870 Dei!
1791 1824 1940 1877 quam

348 1909 713 1963 inscrutabilia
740 1919 854 1961 sunt
869 1907 1059 1976 judicia
1081 1907 1212 1974 ejus,
1244 1913 1290 1959 et
1312 1901 1680 1970 inuestigabiles
1702 1901 1794 1953 ria:
1832 1901 1940 1969 ejus

362 2001 380 2050 t
421 2001 580 2054 Rom.
615 2001 694 2052 ll.
740 1999 870 2068 55)!
913 2009 1276 2052 verumtamen
1319 1994 1556 2050 ostendit
1612 1992 1782 2060 qttoatl
1826 1992 1940 2060 ejus

361 2091 483 2143 ﬁeri
533 2098 715 2157 potest.
761 2088 894 2155 Quid
951 2102 1078 2156 ergo
1115 2086 1264 2146 dicit.
1313 2084 1379 2138 In
1424 2101 1523 2154 quo
1578 2093 1624 2138 et
1671 2100 1761 2136 nos
1809 2091 1941 2135 sorte

349 2184 522 2236 vocati
571 2199 734 2235 sumus
786 2180 1173 2249 prtedestinati?
1206 2179 1345 2233 Dixit
1372 2177 1618 2246 superius
1652 2192 1663 2228 :
1699 2173 1808 2228 Nos
1835 2174 1938 2228 ele-

346 2278 425 2346 git
455 2291 479 2331 :
511 2277 594 2330 hic
643 2275 799 2339 dicit,
857 2274 1012 2328 Sorte
1069 2273 1230 2326 vocati
1289 2287 1479 2326 sumus.
1533 2268 1638 2324 Sed
1687 2269 1937 2338 quoniam

346 2381 469 2420 sors
495 2378 580 2420 est
599 2380 776 2431 casus,
801 2381 908 2418 non
941 2364 1094 2418 liberi
1127 2363 1331 2417 arbitrii
1357 2376 1456 2416 nec
1478 2359 1721 2423 virtutis;
1755 2358 1939 2412 adluc-

347 2470 431 2513 ret
475 2460 618 2513 enim
671 2458 994 2528 ignorationi
1047 2465 1102 2511 et
1153 2456 1373 2510 fortuito
1402 2455 1580 2516 casui,
1611 2461 1666 2508 et
1707 2467 1850 2521 sa'pe
1874 2451 1939 2506 iis

345 2553 566 2605 omissis
585 2553 671 2620 qui
705 2561 829 2605 sunt
855 2552 1052 2604 virtute
1083 2549 1292 2620 praediti
1313 2591 1327 2608 .
1356 2562 1451 2602 eos
1482 2548 1532 2599 in
1555 2545 1785 2600 medium
1820 2560 1942 2612 pro»

346 2647 496 2700 ducit
527 2646 616 2712 qui
665 2645 870 2714 indigni
898 2654 1022 2698 sunt
1062 2658 1292 2713 quorum
1324 2642 1432 2694 ulla
1481 2639 1739 2693 habeatur
1767 2637 1934 2703 ratio;

347 2737 470 2790 vide
494 2735 764 2806 quomodo
787 2737 837 2789 id
859 2736 1111 2805 corrigat.
1143 2733 1514 2796 Prwdrstinati,
1544 2731 1730 2799 inquit,
1761 2745 1941 2784 secun-

345 2829 466 2881 dum
490 2830 804 2898 propositum
828 2829 938 2896 ejus
963 2829 1048 2896 qui
1069 2836 1308 2893 operatur
1328 2825 1517 2878 omnia.
1551 2823 1660 2879 Hoc
1681 2831 1764 2876 est
1783 2862 1799 2887 ,
1833 2836 1937 2875 non

347 2920 566 2974 fortuito
589 2930 645 2975 et
672 2930 820 2976 sorte
847 2921 1015 2974 vocati
1059 2919 1139 2973 vel
1169 2917 1324 2972 electi
1365 2932 1584 2980 sumus;
1619 2917 1758 2970 Dens
1796 2915 1936 2969 enim

348 3019 435 3065 est
475 3011 566 3079 qui
608 3011 798 3080 elegit;
829 3024 1002 3079 neque
1047 3007 1266 3064 fortuito
1299 3007 1363 3061 ad
1395 3009 1529 3061 hanc
1565 3015 1762 3060 sortem
1789 3005 1940 3059 veni-

349 3118 509 3168 mus;
547 3103 686 3158 Deus
734 3103 877 3170 enim
902 3112 984 3156 est
1008 3103 1096 3171 qui
1127 3101 1192 3156 ad
1220 3112 1420 3156 sortem
1461 3101 1666 3156 vocarit
1692 3117 1706 3165 ;
1730 3099 1822 3153 sed
1850 3113 1938 3151 se-

348 3193 581 3246 cundum
612 3196 966 3262 prOpositutn.
997 3192 1108 3246 lloc
1142 3192 1300 3245 etiam
1350 3190 1666 3260 in.Epistola
1719 3190 1782 3243 ad
1830 3189 1939 3244 Ro—

351 3299 539 3337 manos
565 3284 812 3337 scribens
836 3281 966 3336 dicit
997 3301 1009 3334 :
1046 3282 1144 3347 Qui
1189 3281 1470 3335 secundum
1499 3281 1812 3350 propositum
1857 3295 1941 3331 vo-

351 3373 447 3425 cati
482 3382 598 3426 sunt
629 3374 813 3428 sancti.
849 3372 988 3437 Quos
1012 3373 1203 3425 vocavit
1224 3414 1237 3433 ,
1277 3388 1362 3425 eos
1388 3381 1434 3424 et
1458 3371 1791 3440 justiﬁcavit;
1817 3387 1941 3439 quos

351 3475 513 3517 autem
526 3465 825 3534 justiﬁcavit
845 3505 862 3529 ,
892 3480 976 3517 eos
992 3473 1038 3516 et
1061 3463 1362 3533 gloriﬁcavit
1394 3462 1580 3536 (Rom.
1603 3462 1656 3526 8,.
1689 3462 1783 3520 28.
1811 3460 1878 3516 50
1895 3459 1937 3530 ).

357 3555 488 3608 Cum
531 3557 677 3622 prius
719 3555 977 3617 dixisset,
1032 3553 1108 3606 Iis
1156 3555 1242 3623 qui
1291 3555 1568 3609 secundant
1627 3553 1940 3622 propositum

365 3647 522 3697 vocati
549 3655 684 3708 sunt,
726 3646 878 3698 simul
911 3646 1074 3702 etiam
1119 3648 1304 3702 volens
1333 3645 1618 3701 ostendere
1649 3655 1841 3714 quanta
1873 3643 1942 3697 sit

357 3751 554 3789 eorum
584 3741 915 3806 prastantia,
975 3739 1022 3792 si
1068 3738 1414 3793 conterantur
1463 3753 1584 3790 cum
1625 3737 1762 3798 aliis,
1809 3735 1942 3788 dixit

350 3828 516 3880 etiam
544 3838 780 3893 sortem;
806 3831 872 3882 ita
921 3839 978 3882 ιιι
1005 3828 1232 3885 liberum
1263 3843 1366 3882 non
1402 3827 1613 3883 tolleret
1638 3825 1937 3880 arbitrium.

347 3916 502 3984 Quod
537 3919 700 3989 igitur
716 3919 886 3988 magis
905 3917 971 3972 ad
1007 3917 1385 3972 beatitudinem
1417 3917 1663 3986 pertinet,
1713 3914 1814 3968 huc
1844 3931 1940 3984 po-

351 4012 450 4063 nit.
481 4010 616 4064 Sors
653 4011 794 4063 enim
841 4024 948 4062 non
975 4019 1051 4062 est
1093 4007 1326 4070 virtutis,
1359 4007 1474 4072 sed,
1523 4016 1580 4059 ut
1627 4007 1694 4060 ita
1735 4007 1934 4072 dicam,

346 4115 524 4154 casus.
560 4103 645 4154 Ac
675 4100 718 4153 si
741 4099 860 4168 quis
890 4100 1114 4161 diceret,
1144 4098 1301 4152 Sorte
1331 4098 1465 4152 facta
1499 4112 1597 4151 nos
1625 4097 1801 4166 elegit.
1833 4098 1937 4152 'l‘o-

351 4203 460 4246 tum
486 4201 677 4247 autem
705 4193 783 4245 sic
812 4190 1074 4260 intelligas
1093 4231 1108 4252 ,
1138 4190 1204 4242 ab
1231 4189 1398 4245 animi
1432 4189 1669 4243 instituto
1697 4199 1750 4243 et
1773 4189 1941 4262 libero

349 4284 570 4337 arbitrio
618 4281 1026 4350 praidestinatos
1043 4322 1056 4346 ,
1087 4281 1187 4336 hoc
1212 4289 1294 4336 est
1313 4319 1330 4344 ,
1357 4279 1457 4333 sibi
1484 4277 1683 4334 electos
1709 4279 1942 4334 destina-

349 4375 425 4428 vit
466 4389 531 4428 ac
562 4373 790 4443 posuit:
826 4380 1030 4440 utputa,
1083 4370 1214 4426 vidit
1242 4385 1340 4424 nos
1366 4369 1672 4439 priusquam
1701 4383 1942 4424 essemus

348 4475 492 4520 sorte
515 4465 698 4520 vocati
731 4483 745 4517 :
778 4474 861 4517 est
895 4465 1036 4518 enim
1087 4461 1396 4520 admiranda
1448 4461 1539 4516 Dei
1574 4461 1902 4529 prtescientia
1923 4503 1938 4526 ,

350 4575 466 4629 qua:
490 4559 680 4614 omnia
703 4558 852 4613 novit
875 4558 1179 4626 priusquam
1203 4571 1267 4611 ea
1290 4555 1498 4610 tierent.
1524 4554 1603 4609 Tu
1625 4565 1801 4609 autem
1824 4555 1942 4609 vide

349 4649 626 4718 quomodo
659 4649 853 4715 ubique
882 4650 1032 4718 petiit
1078 4646 1312 4702 studium
1337 4688 1353 4713 ,
1407 4655 1462 4700 ιιι
1489 4646 1733 4702 ostendat
1758 4687 1772 4711 ,
1802 4647 1939 4717 quod

352 4756 457 4794 non
479 4755 543 4794 ex
579 4740 916 4809 pauitantia,
948 4739 1042 4794 sed
1069 4755 1134 4792 ex
1160 4737 1226 4792 ab
1250 4739 1360 4792 alto
1383 4739 1547 4808 petito
1570 4737 1830 4808 principio
1861 4753 1946 4791 res

350 4847 534 4886 omnes
563 4833 642 4884 ita
664 4831 772 4887 sint
796 4830 1108 4891 etl‘ormatm,
1136 4831 1264 4884 utin
1288 4829 1388 4884 hoc
1411 4830 1538 4884 nihil
1561 4831 1727 4885 simus
1748 4830 1944 4885 iudicis

353 4924 624 4991 minores,
661 4932 716 4977 et
745 4923 865 4978 ideo
894 4938 990 4992 pro
1017 4924 1117 4976 hoc
1138 4921 1262 4977 facit
1288 4923 1486 4978 omnia.
1515 4922 1792 4990 Quomodo
1817 4937 1945 4991 ergo

351 5015 473 5069 dicit
493 5016 615 5083 ipse
647 5013 892 5069 Christus
913 5057 927 5076 ,
957 5030 1016 5068 se
1046 5029 1151 5068 non
1180 5029 1299 5068 e-se
1331 5015 1578 5074 missum,
1603 5013 1653 5066 Ν
1659 5015 1717 5068 isi
1744 5023 1810 5067 aa
1833 5031 1945 5068 oves

354 5120 459 5173 quc
488 5108 752 5177 perierant
776 5105 952 5160 domus
977 5103 1139 5158 Israel
1161 5104 1374 5174 (Matth.
1411 5105 1497 5160 15.
1525 5103 1658 5174 ἩΠ
1687 5114 1741 5159 et
1761 5120 1944 5159 rursus

358 5193 561 5253 dicebat
589 5199 872 5268 discipulis
890 5240 904 5262 ,
935 5197 998 5252 In
1036 5200 1167 5251 riam
1197 5199 1420 5268 gentium
1448 5215 1509 5251 ne
1537 5197 1782 5263 abieritis,
1814 5207 1861 5252 et
1887 5199 1942 5252 in

359 5287 597 5343 ciuitatem
631 5290 1076 5344 Samaritanorum
1122 5307 1184 5343 ne
1231 5291 1424 5343 intretis
1455 5291 1475 5357 (
1501 5289 1689 5344 Matth.
1720 5290 1808 5345 10.
1834 5288 1945 5360 5)?

359 5389 410 5431 et
439 5379 549 5447 ipse
577 5397 795 5451 quoque
828 5381 1019 5434 Paulus
1042 5381 1272 5443 dicebat,
1311 5379 1458 5434 Vobis
1486 5390 1592 5434 erat
1615 5397 1810 5434 necesse
1839 5380 1945 5451 pri-

360 5487 488 5523 mum
515 5473 654 5542 loqui
679 5473 880 5526 verbum
911 5472 1003 5526 Dei
1031 5489 1051 5524 .·
1081 5472 1320 5541 quoniam
1350 5482 1515 5526 autem
1546 5474 1708 5538 ipsum
1746 5471 1947 5541 repelli-

361 5563 418 5613 tis
439 5603 457 5627 ,
478 5575 522 5615 et
545 5579 634 5616 vos
657 5581 759 5616 non
781 5563 1029 5633 judicutis
1071 5564 1253 5635 dignos
1296 5565 1395 5616 vita
1435 5572 1623 5616 a'terna
1642 5603 1658 5630 ,
1687 5579 1798 5617 ecce
1819 5579 1943 5616 con-

360 5655 595 5709 tertiatur
635 5657 702 5708 ad
745 5667 915 5726 gentes
961 5657 1110 5723 (Aet.
1143 5657 1228 5711 i3.
1277 5655 1420 5725 £6)?
1474 5655 1762 5725 Propterea
1801 5655 1942 5709 enim

364 5740 471 5797 haec
495 5745 765 5812 dicuntur,
793 5763 860 5802 nc
898 5748 1020 5816 quis
1049 5748 1318 5804 existimet
1346 5747 1458 5802 lucc
1488 5747 1649 5801 fuisse
1683 5756 1883 5801 remota
1914 5762 1944 5801 a

367 5845 458 5886 suo
487 5835 750 5890 instituto.
783 5837 1072 5892 Secundum
1105 5839 1458 5908 propositum,
1489 5837 1679 5907 inquit,
1711 5839 1819 5904 ejus
1858 5827 1944 5907 qui

2049 722 2291 780 optratur
2338 714 2508 765 omnia
2540 715 2819 770 secundum
2867 720 3131 774 consilium
3181 721 3453 776 voluntatis
3505 742 3634 782 stuc.

2053 803 2164 857 Hoc
2188 812 2290 869 est,
2320 803 2450 857 nihil
2485 815 2666 872 postea
2695 819 2946 876 operatus
2968 821 3066 874 est,
3101 814 3296 882 quippe
3323 817 3412 886 qui
3453 821 3632 872 omnia

2050 908 2260 947 sursum
2290 892 2634 963 disposuerit.
2669 896 2739 950 Ita
2775 899 2885 968 ipse
2913 900 3066 955 ﬁnem
3093 904 3314 972 imponit
3340 908 3633 963 secundum

2056 987 2331 1039 consilium
2365 988 2649 1042 voluntatis
2677 1006 2804 1044 sum.
2851 994 3207 1056 Quamobrem
3249 1013 3353 1051 non
3381 1003 3632 1068 quoniam

2051 1090 2153 1128 non
2181 1077 2526 1132 attendebant
2577 1079 2768 1142 Juda~i,
2815 1093 3094 1150 propterea
3145 1089 3356 1142 vocavit
3405 1101 3632 1159 gentes,

2051 1184 2221 1238 ncque
2249 1180 2501 1235 coactus,
2544 1188 2716 1242 neque
2760 1191 2821 1228 ex
2875 1176 2974 1228 illis
3003 1177 3280 1244 impulsus.
3325 1180 3390 1236 Ut
3444 1185 3634 1250 simus,

2050 1259 2238 1329 inquit,
2265 1278 2354 1317 nos
2377 1269 2426 1314 in
2471 1264 2673 1316 laudent
2703 1265 2878 1334 gloria?
2909 1271 3020 1336 ejus
3042 1310 3056 1333 ,
3085 1286 3176 1324 nos
3201 1272 3287 1340 qui
3313 1283 3427 1326 ante
3454 1293 3632 1344 spera-

2048 1353 2209 1406 vimus
2236 1353 2288 1406 in
2312 1353 2511 1407 Christo
2545 1357 2636 1419 ;iu
2675 1373 2773 1426 quo
2802 1369 2846 1411 et
2875 1374 2960 1412 vos
2990 1377 3103 1412 cum
3134 1363 3400 1417 audissetis
3432 1367 3630 1420 verbum

2046 1445 2302 1506 veritatis,
2359 1447 2672 1517 evangelium
2721 1450 2902 1504 salutis
2955 1462 3181 1507 vestrm:
3233 1459 3332 1511 hoc
3377 1466 3492 1523 est,
3539 1475 3633 1528 per

2047 1550 2225 1604 quem.
2266 1536 2393 1589 Vide
2422 1538 2691 1594 Christum
2717 1541 2914 1610 ubique
2936 1557 3053 1596 esse
3076 1555 3346 1600 auctorem
3369 1550 3628 1611 omnium,

2047 1636 2100 1679 et
2128 1641 2386 1696 nusquam
2418 1644 2537 1682 esse
2567 1645 2760 1684 nomen
2784 1633 3081 1688 administri
3105 1677 3119 1699 ,
3162 1653 3333 1708 neque
3375 1640 3626 1696 ministri.

2047 1717 2194 1772 Sicut
2221 1720 2381 1774 etiam
2411 1720 2536 1774 dicit
2564 1723 2687 1776 alibi
2711 1725 2949 1779 scribens
2966 1727 3028 1779 ad
3056 1728 3308 1783 llebrtens
3340 1749 3352 1784 :
3387 1733 3485 1797 Qui
3509 1733 3628 1787 olim

2046 1810 2280 1880 loquutus
2310 1813 2536 1882 patribus
2561 1815 2747 1868 nostris
2782 1817 2832 1869 in
2872 1819 3128 1886 prapltetis
3149 1862 3162 1884 ,
3197 1824 3476 1878 novissimis
3507 1837 3628 1880 tem-

2045 1902 2248 1970 poribus
2273 1903 2506 1974 loquutus
2525 1916 2595 1960 est
2621 1907 2760 1960 nobis
2786 1907 2835 1959 in
2870 1907 3008 1962 Filio
3037 1913 3057 1976 (
3069 1908 3222 1963 Ilebr.
3252 1913 3299 1964 -l.
3325 1915 3370 1965 l.
3402 1915 3456 1982 2)
3482 1932 3496 1980 ;
3531 1917 3631 1971 hoc

2046 2001 2148 2053 est,
2185 2008 2279 2061 per
2323 1993 2537 2048 Filium.
2589 1993 2805 2049 Verbum
2834 1997 2963 2052 dicit
2989 2000 3232 2067 veritatis,
3266 2015 3370 2054 non
3400 2004 3629 2074 amplius

2049 2085 2271 2138 verbum
2309 2084 2513 2152 liguru',
2557 2101 2656 2140 nec
2692 2087 2954 2157 imaginis.

2119 2175 2447 2246 Ifrangelium
2491 2179 2668 2232 salutis
2709 2196 2799 2232 cur
2850 2181 2922 2234 ita
2975 2182 3182 2235 dictum.
3207 2214 3271 2223 —
3298 2182 3629 2256 Evangeliutn

2043 2268 2223 2321 salutis
2246 2279 2449 2325 nostrw.
2486 2270 2544 2322 lit
2577 2279 2720 2324 recte
2743 2271 2912 2340 ipsum
2940 2284 3091 2327 vocat
3113 2278 3440 2344 evangelium
3481 2278 3627 2330 salu-

2046 2359 2112 2412 tis
2132 2400 2146 2425 ,
2182 2360 2370 2428 partim
2408 2361 2622 2428 quidem
2643 2361 2706 2415 ad
2741 2363 2932 2432 legem,
2969 2366 3157 2433 partim
3187 2375 3362 2421 autem
3393 2368 3456 2421 ad
3483 2368 3626 2422 fulu-

2045 2465 2156 2503 ram
2185 2451 2512 2519 punitionetn
2529 2453 2928 2521 signitirandam
2947 2456 3272 2512 subobscure
3295 2459 3629 2528 lnquens.Ni.

2045 2539 2117 2594 bil
2166 2551 2250 2596 est
2303 2544 2443 2596 enim
2495 2544 2636 2597 aliud
2700 2545 3035 2613 prmdicatio,
3086 2563 3244 2617 quam
3295 2552 3623 2620 evangelium

2045 2632 2230 2687 salutis
2255 2674 2269 2698 ,
2297 2633 2436 2704 qttod
2463 2649 2566 2688 non
2599 2637 2826 2702 amplius
2857 2638 3032 2706 perdit
3059 2655 3151 2692 eos
3176 2641 3262 2706 qui
3311 2641 3453 2710 digni
3504 2652 3627 2698 sunt

2044 2726 2131 2793 qui
2168 2735 2406 2794 pereant.
2433 2725 2498 2779 In
2543 2727 2678 2795 quod
2717 2739 2763 2780 et
2795 2731 3046 2784 credentes
3073 2733 3258 2802 signati
3285 2735 3398 2788 estis
3427 2733 3627 2802 Spiritu

2045 2817 2394 2886 promissionis
2445 2830 2652 2881 sancto,
2705 2820 2790 2886 qui
2836 2829 2907 2874 est
2961 2822 3142 2891 pignus
3193 2823 3481 2878 hereditatis
3529 2843 3624 2880 uo-

2043 2918 2182 2964 δίναν.
2239 2909 2442 2964 Rursus
2489 2927 2736 2981 magnum
2795 2921 2877 2966 est
2924 2911 3178 2968 indicium
3233 2929 3374 2969 cura:
3400 2925 3455 2970 et
3505 2933 3627 2986 pro-

2045 3001 2328 3069 videntize,
2372 3004 2510 3073 qttod
2558 3005 2664 3058 sint
2723 3005 2946 3076 signati,
2989 3021 3094 3059 non
3145 3007 3411 3075 separati;
3467 3016 3626 3077 atque

2045 3094 2187 3162 quod
2219 3109 2322 3148 non
2347 3095 2517 3149 solum
2548 3097 2654 3150 sint
2681 3107 2826 3152 sorte
2855 3098 3022 3152 vocati
3046 3138 3060 3163 ,
3093 3097 3187 3152 sed
3229 3101 3385 3151 etiam
3412 3098 3622 3168 signati.

2045 3185 2500 3252 Quemadmodum
2531 3189 2670 3242 enim
2699 3189 2741 3242 si
2771 3189 2891 3258 quis
2916 3205 3010 3243 eos
3036 3189 3124 3258 qui
3147 3198 3294 3242 sorte
3323 3189 3627 3259 obtigerunt

2047 3278 2356 3332 manifestos
2384 3278 2604 3340 fecerit,
2634 3280 2702 3332 ita
2748 3280 2908 3333 etiam
2961 3279 3101 3332 Deus
3140 3293 3234 3332 eos
3271 3280 3534 3348 separavit
3563 3294 3626 3334 ac

2046 3371 2274 3426 secrevit
2303 3370 2368 3424 ad
2396 3370 2719 3425 credendum
2755 3387 2768 3423 :
2797 3370 3031 3440 signavit
3065 3370 3130 3425 ad
3167 3371 3268 3426 hoc
3306 3381 3363 3426 ut
3393 3372 3499 3426 sint
3528 3370 3625 3426 he-

2047 3460 2202 3516 redes
2230 3460 2547 3515 futurorum.

2117 3553 2173 3607 2.
2211 3554 2368 3607 Vides
2415 3553 2685 3624 quomodo
2725 3554 3047 3626 procedente
3093 3566 3334 3625 tempore
3379 3571 3475 3610 eos
3505 3555 3626 3612 facit

2046 3645 2407 3701 admirabiles.
2442 3645 2572 3700 Nam
2599 3647 2850 3717 quamdiu
2895 3647 3110 3702 fuerunt
3158 3649 3209 3701 itt
3267 3647 3622 3724 praescientia,

2048 3739 2177 3794 nulli
2239 3738 2453 3793 fuerunt
2511 3739 3121 3810 manifestizpostquan‘t
3178 3750 3356 3795 autem
3415 3739 3631 3814 fuerunt

2047 3831 2258 3900 signati,
2295 3832 2500 3884 fuerunt
2542 3831 2827 3896 manifesti,
2857 3831 2950 3887 sed
2985 3847 3086 3884 non
3135 3833 3269 3887 sicut
3317 3849 3448 3890 vos:
3475 3845 3632 3896 erunt

2048 3925 2190 3978 enim
2225 3923 2487 3978 manifesti
2521 3936 2713 3993 prreter
2741 3940 2957 3990 paucos.
2992 3925 3195 3997 Signati
3226 3927 3438 3984 fuerunt
3466 3929 3625 3991 etiam

2052 4015 2324 4083 Israelitze,
2362 4015 2454 4072 sed
2485 4015 2913 4076 circumcisione.
2946 4019 3084 4074 sicut
3124 4035 3316 4088 pecora
3347 4029 3401 4075 et
3432 4019 3583 4078 bruta
3612 4038 3624 4072 :

2051 4124 2148 4162 nos
2190 4124 2402 4179 quoque
2448 4125 2630 4168 sumus
2676 4110 2887 4180 signati,
2936 4110 3030 4164 sed
3079 4112 3212 4166 sicut
3247 4111 3358 4176 lilii,
3406 4111 3626 4180 Spiritu.

2049 4197 2186 4262 Quid
2217 4207 2317 4260 est,
2352 4199 2553 4268 Spiritu
2585 4201 2970 4269 promissionis?
3009 4203 3106 4254 Aul
3135 4200 3274 4271 quod
3303 4216 3366 4256 ex
3397 4201 3628 4270 promis-

2051 4290 2202 4344 sione
2231 4289 2401 4358 ipsum
2431 4292 2816 4360 acceperimus.
2853 4292 2978 4346 Duu:
3005 4293 3147 4346 enim
3177 4301 3302 4360 supt
3328 4294 3632 4360 promissio-

2051 4394 2167 4443 nes,
2216 4395 2319 4433 una
2359 4380 2574 4449 quidem
2625 4397 2721 4451 per
2765 4382 3074 4451 prepltetas,
3120 4383 3284 4436 altera
3323 4393 3502 4438 autem
3535 4399 3632 4452 per

2050 4469 2240 4523 Filium
2266 4487 2279 4522 :
2305 4485 2400 4538 per
2420 4470 2704 4539 prOphetas
2720 4488 2734 4536 ;
2753 4472 2874 4526 audi
2903 4471 3106 4536 Joelem
3130 4473 3416 4540 dicentem,
3436 4472 3628 4541 E/fun-

2050 4560 2168 4612 dam
2195 4576 2256 4613 ea:
2287 4560 2482 4630 Spiritu
2514 4577 2622 4613 meo
2647 4577 2797 4628 super
2837 4577 3032 4614 onmem
3060 4579 3261 4632 carnem
3286 4603 3300 4626 ,
3331 4573 3378 4614 et
3409 4564 3632 4633 prophe-

2055 4652 2232 4704 tabunt
2260 4652 2356 4718 ﬁlii
2392 4653 2540 4705 vestri
2569 4661 2615 4705 et
2647 4651 2770 4720 ﬁlia’
2803 4661 3000 4719 vestra',
3025 4664 3072 4705 et
3099 4653 3440 4719 adolescentes
3483 4657 3634 4710 vestri

2051 4743 2283 4796 videbunt
2328 4743 2560 4809 visiones,
2599 4754 2643 4798 et
2668 4743 2884 4796 seniores
2925 4744 3075 4800 uestri
3099 4746 3294 4799 somnia
3311 4747 3632 4801 somniabunt

2051 4832 2190 4901 (Joel
2238 4833 2292 4890 2.
2319 4833 2433 4901 28):
2475 4834 2595 4888 andi
2622 4844 2798 4898 autem
2829 4849 3012 4890 rursus
3036 4834 3302 4891 Christum
3343 4836 3628 4901 dicentem,

2054 4921 2118 4975 Et
2145 4924 2396 4992 accipietis
2427 4925 2654 4978 virtutem
2693 4927 3084 4994 supervenientis
3108 4928 3265 4981 sancti
3293 4926 3518 4995 Spiritus
3545 4944 3632 4980 su-

2053 5030 2142 5081 per
2167 5029 2272 5079 vos,
2299 5024 2347 5067 et
2375 5029 2414 5066 ei
2429 5014 2512 5068 itis
2530 5013 2651 5066 mihi
2679 5023 2824 5068 testes
2850 5015 2902 5068 in
2925 5015 3214 5070 Jerusalem
3239 5025 3283 5068 et
3311 5026 3416 5068 tota
3441 5015 3630 5070 ludam

2052 5114 2098 5158 et
2139 5104 2376 5160 Samaria
2416 5115 2460 5158 et
2502 5122 2658 5176 usque
2701 5105 2770 5157 ad
2807 5116 3084 5160 extremum
3122 5121 3267 5160 terra:
3295 5105 3430 5173 (Act.
3471 5108 3523 5161 1.
3552 5107 3630 5177 8).

2054 5199 2211 5268 Atqui
2231 5198 2512 5268 oportebat
2536 5200 2705 5266 ipsum
2725 5207 2990 5268 tamquam
3017 5199 3178 5252 Deum
3202 5213 3320 5252 esse
3335 5199 3632 5254 creditum:

2053 5289 2147 5343 sed
2180 5288 2246 5343 de
2276 5289 2375 5342 hoc
2401 5305 2504 5342 non
2534 5289 2730 5342 acriter
2751 5288 3045 5352 centendit,
3079 5287 3169 5342 sed
3202 5289 3470 5343 examinat
3501 5299 3636 5345 latn-

2052 5395 2211 5449 quam
2229 5379 2295 5434 de
2317 5379 2554 5447 homine,
2575 5381 2710 5434 sicut
2731 5380 2781 5433 in
2808 5379 3041 5449 Epistula
3063 5378 3126 5430 ad
3153 5378 3405 5442 llebrteos
3425 5381 3630 5450 dicens,

2058 5469 2124 5525 Ut
2169 5486 2256 5538 per
2294 5470 2423 5524 duas
2454 5487 2533 5524 res
2577 5470 2874 5532 immobiles,
2916 5470 2968 5520 in
3010 5468 3188 5537 quibus
3229 5471 3534 5540 impossilile
3561 5483 3633 5528 est

2056 5561 2258 5613 mentiri
2299 5559 2482 5626 Deum,
2513 5560 2844 5628 fortissimum
2873 5559 3111 5624 solatium
3139 5561 3410 5616 habeamus
3436 5564 3454 5632 (
3475 5563 3631 5618 Hebr.
3684 5615 3687 5618 .

2054 5652 2106 5710 6.
2135 5653 2244 5723 18).
2278 5651 2350 5706 lta
2383 5652 2539 5708 etiam
2571 5651 2656 5705 hic
2682 5666 2746 5705 ex
2772 5652 2837 5705 iis
2865 5666 2982 5720 quae
3009 5651 3131 5708 data
3161 5664 3284 5709 sunt
3307 5655 3452 5710 ducit
3475 5671 3622 5726 argu-

2056 5756 2293 5799 mentum
2337 5743 2709 5814 promissionis
2754 5741 3078 5800 lutnrorum.
3132 5745 3423 5814 Propterea
3467 5747 3627 5801 etiam

2054 5835 2266 5891 arrham
2316 5833 2690 5890 vocatzarrha
2742 5835 2884 5893 enim
2936 5843 3016 5892 est
3061 5851 3182 5906 pars
3229 5837 3411 5892 totius.
3467 5833 3636 5899 Emit,
