4080 6218
476 311 540 365 19
1198 310 1254 367 S.
1294 310 1570 368 JOANNIS
1606 307 2080 367 CIIRYSOSTOMI
2120 310 2436 367 ARCIIIEP.
2478 313 3007 377 CONSTANTINOP.
3684 326 3755 380 ΞΟ

469 429 609 499 quod
652 430 715 485 ad
762 445 859 494 nos
903 429 1118 501 quidem
1162 429 1375 497 attinet,
1421 438 1659 485 nostram
1701 428 1950 492 salutem,
1997 437 2053 482 et

469 519 682 575 interim
729 520 888 576 nobis
935 520 1084 577 dedit
1120 520 1358 575 arrham.
1407 521 1521 575 Cur
1547 533 1676 588 ergo
1719 533 1825 574 non
1871 518 2050 573 statim

468 620 637 683 totum
684 612 866 668 dedit?
905 612 1168 682 Quoniam
1216 627 1391 682 neque
1436 626 1537 666 nos
1587 620 1757 666 totum
1805 610 2047 666 fecimus.

469 702 837 758 Credidimus:
862 702 965 759 hoc
1002 714 1087 760 est
1116 702 1466 773 principium;
1504 702 1653 758 dedit
1680 701 1797 772 ipse
1833 716 2049 773 quoque

464 795 694 851 errham.
724 797 947 870 Quando
976 796 1131 851 fidem
1157 811 1251 866 per
1276 811 1438 866 opera
1471 794 1890 861 ostenderimus,
1922 806 2047 851 ttme

460 885 607 940 addit
650 895 840 941 totum.
873 886 984 940 lmo
1023 901 1153 942 vero
1195 886 1339 941 aliud
1366 901 1582 957 quoque
1615 885 1763 941 dedit
1790 887 2042 954 pretium,

459 976 737 1043 proprium
778 975 1114 1044 sanguinem,
1144 988 1198 1032 et
1238 991 1425 1031 rursus
1462 974 1606 1031 aliud
1635 985 1718 1031 est
1748 975 2039 1046 pollicitus.

456 1068 683 1123 Perinde
711 1083 774 1123 ac
803 1069 849 1124 si
875 1070 1125 1139 gentibus
1147 1070 1342 1124 bellum
1371 1077 1515 1125 esset
1540 1069 1798 1124 adversus
1826 1078 2037 1139 gentes,

453 1159 582 1214 dant
624 1159 980 1216 obsides:ita
1030 1159 1361 1219 Deusdedit
1408 1159 1599 1215 Filium
1646 1175 1802 1214 suum
1849 1159 2038 1229 pignus

451 1252 598 1321 pacis
636 1261 692 1307 et
729 1251 1016 1319 foederum,
1045 1260 1101 1321 et
1142 1250 1401 1323 Spiritum
1447 1259 1691 1306 sanctum
1733 1251 1821 1321 qui
1861 1259 2035 1305 estex

449 1347 566 1413 ipso
590 1361 604 1399 :
629 1360 753 1400 nam
780 1345 868 1416 qui
910 1360 1039 1402 vere
1064 1357 1190 1408 sunt
1229 1345 1460 1414 Spiritus
1504 1344 1816 1414 participes,
1858 1344 2035 1397 sciunt

446 1453 568 1492 eum
594 1452 714 1494 esse
757 1437 970 1493 arrham
1000 1436 1335 1505 hereditatis.
1363 1426 1513 1491 Talis
1534 1445 1651 1496 crat
1696 1435 1911 1498 Paulus,
1941 1434 2030 1503 qui

446 1528 536 1601 hic
581 1534 820 1599 guStarat
862 1542 923 1583 ea
956 1544 1074 1599 qua:
1114 1528 1223 1583 illic
1266 1535 1507 1582 sunt:et
1549 1526 1671 1581 ideo
1713 1526 1938 1597 urgebat
1977 1534 2032 1580 et

444 1619 769 1689 parturiebat
796 1630 857 1674 ut
885 1635 1002 1687 (μιω
1028 1619 1112 1673 hic
1140 1626 1266 1673 sunt
1301 1618 1617 1687 dimitteret,
1645 1626 1700 1672 et
1737 1618 1985 1688 gemebat
2011 1634 2024 1669 :

441 1702 560 1765 aliis
603 1711 746 1766 enim
792 1710 1007 1765 videbat
1050 1710 1241 1775 oculis,
1287 1718 1347 1763 ut
1390 1709 1479 1779 qui
1526 1717 1761 1764 mentem
1810 1724 2025 1764 onmem

440 1803 564 1857 illuc
589 1802 965 1874 transtulisset.
990 1800 1187 1874 Rerum
1207 1816 1312 1873 non
1329 1815 1386 1856 es
1407 1801 1674 1871 particeps
1698 1819 1712 1855 :
1741 1812 2022 1871 propterea

439 1895 596 1957 etiam
646 1908 678 1946 a
726 1892 903 1948 verbis
930 1892 1153 1959 excidis.
1204 1891 1262 1948 Si
1287 1906 1531 1964 essemus
1559 1906 1748 1966 omnes
1794 1891 2024 1964 Spiritus

435 1983 747 2054 participes,
791 1994 850 2037 ut
877 1983 1164 2053 participes
1191 1998 1312 2038 esse
1340 1990 1638 2053 oporteret,
1666 1992 1720 2038 et
1743 1982 1906 2039 etelus
1934 1984 2018 2037 vi-

433 2077 683 2147 deremus
708 2079 773 2145 et'
789 2075 910 2145 quis
935 2075 1043 2130 illic
1068 2075 1139 2129 sit
1164 2083 1357 2129 status.
1388 2073 1683 2144 Cujusnam
1716 2075 1794 2129 rei
1824 2082 1907 2129 est
1932 2089 2021 2128 ar-

432 2165 566 2220 rha?
588 2165 1015 2239 Rcdcmptionis,
1046 2164 1412 2236 acquisitiouis
1438 2182 1450 2217 :
1476 2179 1608 2235 pura
1635 2163 1777 2220 enim
1810 2172 1935 2220 tunc
1961 2165 2021 2221 fit

430 2258 750 2328 redemptio.
771 2256 903 2313 Nam
930 2271 1075 2313 nunc
1093 2256 1308 2327 quidem
1335 2265 1388 2312 et
1413 2246 1691 2311 inmundo
1712 2269 2021 2329 versamur,

430 2362 481 2418 et
508 2351 677 2417 multa
705 2348 938 2404 humana
970 2348 1123 2405 nobis
1148 2347 1421 2414 accidunt,
1455 2357 1510 2403 et
1538 2360 1723 2402 smnus
1754 2361 1876 2401 cum
1910 2348 2003 2401 im-

432 2441 728 2513 piiszpura
783 2450 962 2495 autem
1013 2448 1139 2494 tunc
1185 2447 1270 2494 est
1295 2437 1616 2509 redemptio,
1646 2436 1861 2507 quando
1910 2450 2013 2493 nec

424 2522 551 2585 sunt
594 2539 830 2602 peccata,
876 2545 974 2586 nec
1013 2531 1263 2603 humanae
1296 2528 1627 2593 affectiones,
1675 2542 1851 2598 neque
1879 2543 2009 2599 pro-

427 2625 627 2694 ιιιὶμςυρ
657 2639 843 2678 sumus
863 2638 984 2689 eum
1017 2622 1287 2698 omnibus.
1337 2620 1488 2692 Nunc
1508 2631 1685 2676 autem
1715 2630 1798 2677 est
1825 2621 2004 2678 arrha.

425 2717 551 2772 Nam
584 2728 638 2772 et
663 2731 804 2771 nunc
830 2716 896 2772 ab
923 2714 1050 2785 ipsis
1075 2714 1350 2785 absumus,
1377 2722 1434 2770 et
1460 2714 1797 2768 conversatio
1824 2723 2007 2768 nostra

423 2824 528 2864 non
555 2818 637 2864 est
651 2824 812 2878 super
830 2817 1047 2883 terram,
1072 2815 1126 2861 Cl
1144 2820 1284 2861 nunc
1299 2820 1482 2861 sumus
1499 2814 1648 2860 extra
1673 2806 1960 2874 prmsentia
1985 2822 2000 2859 ε

421 2916 541 2975 nam
577 2915 717 2956 nunc
744 2913 958 2970 quoque
989 2912 1175 2953 sumus
1203 2895 1444 2952 advena).
1486 2895 1555 2949 In
1587 2894 1793 2950 laudem
1828 2896 2008 2967 gloria

420 2993 597 3062 ipsius.
626 2991 739 3047 Hoc
765 2992 916 3062 ponit
939 2990 1171 3046 assidue.
1201 2988 1443 3057 Quanam
1464 2987 1531 3044 de
1549 2989 1746 3044 causa?
1771 2988 1841 3046 Ut
1863 2989 2005 3059 quod

419 3084 545 3150 satis
570 3083 640 3153 sit
666 3082 731 3138 ad
760 3072 1059 3153 faciendam
1089 3079 1245 3135 fidem
1279 3078 1635 3134 auditoribus.
1666 3078 1798 3133 Nam
1828 3078 2001 3150 siqui-

418 3175 538 3249 dem
568 3184 753 3245 nostra
781 3190 941 3247 causa
978 3174 1094 3246 haec
1119 3174 1340 3239 faceret,
1374 3173 1565 3241 inquit,
1600 3187 1688 3228 res
1725 3188 1830 3227 non
1860 3182 2005 3229 esset

418 3267 531 3334 sine
551 3265 712 3320 dubio
742 3283 758 3321 :
784 3265 829 3320 si
854 3274 1031 3320 autem
1050 3273 1270 3335 promer
1296 3277 1379 3331 se,
1408 3269 1464 3333 et
1490 3271 1546 3317 ut
1572 3277 1723 3317 suam
1753 3263 2002 3317 ostendat

417 3360 733 3427 bonitatem,
791 3346 1061 3429 tamquam
1110 3355 1380 3427 quoddam
1434 3355 1799 3411 testimonium
1850 3355 2003 3426 ponit

414 3465 626 3520 causam
648 3448 788 3521 quod
810 3449 927 3505 bmc
950 3463 1059 3504 non
1083 3448 1241 3503 aliter
1261 3446 1395 3502 facta
1426 3447 1536 3502 sint
1562 3464 1575 3499 :
1599 3462 1720 3517 qua:
1744 3447 1798 3518 in
1829 3446 2000 3503 Israc-

413 3542 521 3611 litis
545 3542 790 3598 videmus
827 3540 1140 3613 frequenter
1164 3540 1270 3596 dici
1298 3557 1313 3594 :
1347 3538 1454 3593 Fac
1480 3540 1623 3594 nobis
1654 3549 1861 3610 propter
1900 3556 1996 3593 no-

410 3648 524 3705 men
552 3642 692 3687 tuum
720 3631 892 3705 (Psol.
924 3629 1048 3687 £08.
1071 3629 1195 3700 21);
1225 3643 1519 3699 rursusque
1546 3628 1685 3683 Deus
1708 3629 1819 3698 ipse
1848 3627 1998 3683 dice-

410 3724 519 3792 bat,
550 3724 708 3779 Facio
735 3732 941 3795 propter
966 3738 1045 3776 me
1066 3720 1224 3793 (ικαὶ.
1246 3720 1339 3794 48.
1364 3721 1486 3790 li);
1518 3728 1574 3775 et
1607 3719 1834 3790 Moyses,
1886 3718 1994 3774 Fac

411 3818 554 3875 nobis
589 3828 797 3889 propter
829 3808 1013 3873 nomen
1055 3824 1220 3881 tuum,
1265 3813 1475 3869 etiamsi
1527 3823 1745 3882 propter
1787 3811 1990 3866 nullum

409 3914 658 3985 alterum.
717 3910 833 3967 lloc
879 3909 1026 3966 enim
1071 3907 1335 3973 certiores
1392 3904 1567 3961 reddit
1621 3904 1894 3960 auditores
1941 3913 1997 3960 et

407 4006 583 4077 erigit,
612 4013 671 4061 ut
689 4004 779 4076 qui
800 4001 1085 4072 didicerint
1111 3998 1254 4071 quod
1281 4005 1500 4068 propter
1528 4010 1679 4051 suam
1703 3995 1993 4051 bonitatem

408 4099 587 4156 omnia
614 4102 685 4155 sit
715 4097 951 4169 facturus
984 4109 1104 4165 quas
1130 4089 1414 4164 promittit.
1460 4087 1564 4144 Sed
1604 4088 1730 4142 dum
1759 4086 1874 4143 her
1900 4101 1995 4141 au-

407 4192 605 4255 dimus,
635 4204 705 4245 ne
729 4189 899 4244 simus
935 4185 1069 4259 pigri
1097 4193 1151 4240 et
1180 4180 1341 4239 otiosi
1366 4198 1379 4235 :
1410 4195 1531 4235 nam
1559 4178 1661 4235 etsi
1691 4187 1909 4249 propter
1933 4192 1994 4233 se

406 4282 553 4350 facit,
582 4281 676 4337 sed
705 4291 884 4351 tamen
910 4278 1073 4332 etiam
1102 4282 1283 4329 nostra
1311 4288 1342 4327 a
1368 4270 1525 4325 nobis
1551 4269 1735 4340 exigit.
1763 4268 1897 4324 Nam
1922 4268 1984 4335 si,

405 4376 510 4431 Eos
548 4374 635 4447 qui
659 4390 736 4427 me
760 4371 1049 4443 gloriﬁcent
1077 4365 1394 4439 glori/icabo,
1429 4362 1621 4434 inquit,
1648 4370 1696 4415 et
1732 4361 1821 4431 qui
1844 4375 1987 4431 sper-

402 4478 527 4522 nnnt
573 4473 873 4537 spernentur
918 4461 995 4531 (Ι.
1042 4457 1167 4530 Reg.
1215 4456 1271 4512 ἓ.
1317 4454 1449 4519 50),
1503 4453 1801 4525 cogitemus
1845 4450 1990 4521 quod

403 4542 831 4635 nostra'qnoqne
857 4570 887 4609 a
928 4553 1083 4608 nobis
1120 4551 1320 4621 exigat.
1369 4547 1512 4603 Laus
1542 4557 1625 4602 est
1666 4554 1843 4600 autem
1872 4545 1989 4614 ejus

402 4654 611 4725 gloriae,
653 4641 833 4706 salvos
871 4649 1052 4703 facere
1087 4646 1356 4709 inimicos,
1399 4642 1493 4697 sed
1529 4655 1647 4704 eos,
1698 4639 1790 4709 qui
1838 4647 1988 4707 post-

402 4760 561 4820 quam
602 4742 727 4798 facti
769 4749 894 4797 sunt
932 4738 1110 4804 amici,
1148 4737 1304 4792 amici
1348 4741 1585 4789 manent.
1642 4730 1794 4817 Quod
1834 4731 1880 4820 si
1919 4729 1989 4785 ad

403 4818 609 4908 priores
651 4831 911 4895 redierint
937 4827 1267 4894 inimicitias,
1313 4835 1516 4881 temere
1536 4830 1591 4878 et
1630 4820 1827 4877 frustra
1854 4818 1990 4875 ﬁunt

401 4942 602 4988 omnia.

470 5041 527 5095 5.
552 5036 668 5095 Νοιι
693 5045 776 5092 est
796 5034 938 5090 enim
962 5032 1190 5088 alterum
1216 5028 1488 5099 lavacrum
1508 5065 1525 5100 ,
1552 5036 1729 5094 neque
1752 5019 1986 5097 secunda

401 5131 786 5195 reconciliatio,
815 5127 909 5183 ενα
931 5125 1186 5182 terribilis
1215 5119 1460 5194 quaedam
1483 5115 1816 5187 exspectatio
1837 5113 1985 5185 judi-

398 5226 466 5282 eii
490 5266 506 5292 ,
552 5237 608 5281 et
647 5222 915 5283 :ctnulatio
958 5218 1097 5291 ignis
1132 5214 1343 5281 exesuri
1379 5208 1739 5267 adversarios.
1781 5207 1915 5274 Nam
1940 5207 1984 5262 si

400 5336 521 5374 cum
547 5334 613 5375 eo
643 5331 856 5386 semper
896 5321 1145 5385 gerentes
1187 5305 1528 5372 inimicitias,
1573 5302 1781 5357 veniam
1814 5301 1984 5374 impe-

397 5423 632 5475 tremas,
669 5423 776 5462 non
802 5402 1131 5466 cessabimus
1158 5397 1210 5463 ei
1238 5410 1358 5461 esse
1385 5392 1608 5463 inimici,
1639 5399 1695 5446 et
1727 5388 1985 5463 voluptati

397 5504 712 5572 indulgere,
763 5508 810 5554 et
859 5496 975 5553 fieri
1019 5490 1353 5556 deteriores,
1393 5497 1447 5543 et
1484 5485 1658 5557 orbati
1708 5497 1829 5539 esse
1871 5480 1984 5537 sole

393 5595 616 5668 iustitia:
641 5590 733 5664 qui
762 5588 1010 5645 accessit.
1039 5586 1134 5641 Vis
1161 5584 1406 5654 accipere
1441 5578 1647 5649 radium
1681 5585 1802 5668 tuos
1845 5588 1976 5645 ape-

397 5666 626 5746 rientem
644 5682 866 5741 oculos?
884 5680 992 5738 Fac
1009 5694 1102 5735 eos
1123 5676 1396 5748 pulchros,
1415 5686 1599 5743 sanos,
1626 5666 1981 5741 perspicaccs.

398 5778 644 5836 Ostendit
684 5776 781 5832 tibi
827 5775 999 5830 lucem
1032 5784 1233 5828 veram:
1264 5768 1307 5824 si
1335 5782 1455 5827 eam
1499 5763 1707 5836 fugiens
1732 5759 1797 5832 ad
1828 5768 1980 5831 tene-

2162 427 2288 483 bras
2329 428 2663 500 aecurrcris',
2716 447 2962 504 quasnam
3009 436 3114 492 erit
3148 439 3453 506 excusatio,
3495 455 3744 511 quaenam

2160 518 2357 572 venia?
2401 518 2556 575 Nulla
2595 522 2825 592 amplius
2858 540 2872 578 :
2904 523 3006 580 hoc
3046 535 3132 583 est
3170 528 3315 584 enim
3363 532 3578 601 signum
3629 532 3743 589 odii

2157 610 2460 667 inc-ﬂabilis.
2510 612 2643 669 Nam
2690 616 2906 686 quando
2947 617 3115 674 Deum
3160 621 3376 691 quidem
3425 622 3742 694 nesciebas,

2153 703 2294 773 quod
2318 706 2365 761 ei
2403 721 2552 762 esses
2577 707 2860 776 inimicus,
2892 719 3182 780 utcumque
3223 714 3399 784 aliqua
3430 714 3527 770 tibi
3559 716 3733 772 danda

2151 805 2268 849 erat
2311 798 2464 851 venia
2502 815 2517 852 :
2551 810 2832 870 postquam
2875 810 3053 856 autem
3100 803 3485 874 benignitatem
3530 818 3585 865 et
3630 811 3740 871 mel

2150 888 2396 954 guslasti,
2421 888 2469 943 si
2498 889 2563 944 iis
2591 888 2830 953 dimissis
2856 891 2923 946 ad
2956 902 3102 947 tuum
3133 898 3422 951 revertaris
3448 901 3732 967 vomitum,

2149 976 2280 1030 nihil
2309 979 2453 1034 aliud
2482 996 2637 1050 quam
2671 998 2859 1054 magna
2887 984 3095 1053 profers
3119 987 3268 1058 signa
3296 988 3403 1044 odii
3429 999 3483 1046 et
3504 1003 3737 1055 contem-

2147 1079 2287 1138 ptus.
2313 1070 2450 1137 Non,
2479 1073 2665 1143 inquit,
2686 1075 2778 1130 sed
2794 1077 3166 1134 necessitatem
3188 1079 3317 1134 mihi
3336 1079 3491 1136 alfert
3506 1092 3730 1144 natura:

2143 1169 2304 1230 atque
2332 1161 2599 1218 Christum
2631 1166 2845 1234 quidem
2872 1166 3037 1239 diligo
3060 1210 3076 1235 ,
3117 1184 3283 1242 cogor
3306 1180 3485 1228 autem
3516 1190 3547 1229 a
3576 1186 3732 1232 natu.-

2142 1264 2220 1303 ra.
2268 1251 2324 1307 Si
2361 1255 2737 1311 necessitatem
2781 1267 2838 1313 et
2867 1259 2975 1314 vim
3022 1261 3328 1329 sustineas,
3378 1264 3471 1321 tibi
3516 1265 3730 1324 dabitur

2138 1345 2290 1395 venia
2323 1360 2337 1396 :
2369 1344 2413 1398 si
2439 1354 2617 1400 autem
2643 1347 2714 1408 ob
2742 1348 3044 1413 socordiam
3079 1351 3227 1408 cadis
3252 1363 3305 1409 et
3328 1355 3722 1427 negligentiam,

2137 1447 2374 1489 ηηηιῐηο.

2208 1522 2424 1581 Peccata
2466 1545 2569 1584 non
2611 1530 2742 1599 ﬁunt
2786 1547 2849 1587 ea:
2888 1535 3422 1609 necessitate—Agit
3460 1553 3589 1610 ergo
3615 1540 3717 1598 hoc

2134 1620 2306 1682 ipsum
2349 1620 2754 1687 examinemus,
2794 1632 3083 1694 peceatane
3124 1628 3253 1682 fiant
3288 1643 3353 1683 ex
3398 1632 3718 1688 necessitate

2131 1712 2186 1759 ct
2224 1706 2510 1775 violentia,
2556 1725 2623 1765 an
2669 1727 2734 1766 ex
2777 1715 2936 1767 multa
2984 1716 3230 1771 socordia
3275 1727 3329 1774 et
3365 1720 3709 1791 negligentia.

2131 1792 2251 1849 Non
2296 1799 2491 1853 occides
2521 1800 2735 1873 (Exod.
2762 1801 2854 1858 20.
2886 1805 2953 1859 15
2974 1805 2993 1875 )
3013 1845 3030 1871 ,
3062 1807 3250 1876 inquit.
3296 1808 3551 1875 Quanam
3580 1828 3708 1883 ergo

2126 1888 2455 1943 necessitas?
2516 1908 2759 1961 quaenam
2809 1895 2889 1949 vis
2938 1909 3005 1951 eo
3053 1897 3259 1968 adigit?
3314 1899 3405 1954 Vis
3454 1911 3537 1957 est
3581 1918 3707 1974 ergo

2122 1976 2390 2034 occidere.
2424 1979 2556 2048 Quis
2601 1983 2746 2037 enim
2802 1999 2898 2039 sua
2952 1995 3144 2056 sponte
3177 1988 3398 2058 elegerit
3447 1991 3708 2064 intingere

2123 2080 2307 2123 ensem
2363 2071 2414 2124 in
2470 2080 2686 2142 gutture
2739 2076 3003 2144 proximi,
3069 2085 3124 2132 et
3185 2089 3465 2137 cruentare
3515 2081 3705 2139 dexte-
3756 2115 3764 2126 -

2120 2159 2281 2213 tam?
2310 2159 2498 2217 Nemo.
2548 2162 2712 2220 Vides
2751 2164 2892 2235 quod
2922 2175 3143 2233 contra,
3191 2183 3410 2239 peccare
3450 2180 3535 2225 est
3583 2188 3701 2235 mag

2116 2248 2201 2315 gis
2251 2253 2543 2307 necessitas
2580 2262 2636 2308 et
2676 2253 2976 2310 violentia?
3015 2256 3211 2313 lndidit
3250 2259 3391 2315 enim
3422 2259 3566 2316 Deus
3610 2279 3704 2327 na:

2118 2348 2252 2396 turre
2291 2350 2488 2398 nostrae
2510 2343 2776 2413 quoddam
2818 2348 3136 2402 amatorium
3159 2390 3175 2416 ,
3204 2358 3261 2404 ut
3297 2350 3434 2406 alter
3471 2351 3700 2408 alterum
3773 2375 3789 2388 ο

2117 2431 2345 2489 invicem
2393 2434 2678 2507 diligamus
2721 2457 2735 2492 :
2778 2436 2942 2492 Omne
2997 2439 3177 2507 enim,
3246 2441 3456 2511 inquit,
3505 2443 3704 2506 animal

2115 2524 2285 2596 diligit
2310 2526 2478 2582 simile
2503 2528 2632 2594 sibi,
2683 2539 2730 2583 et
2769 2532 2918 2585 Immo
2961 2547 3111 2585 suum
3154 2533 3442 2602 proximum
3491 2532 3511 2604 (
3532 2533 3697 2590 Eccli.

2115 2619 2202 2674 15.
2232 2617 2358 2689 19).
2389 2619 2547 2675 Vides
2582 2621 2723 2691 quod
2767 2621 2835 2676 ad
2877 2622 3125 2678 virtutem
3158 2624 3359 2679 semina
3409 2624 3698 2690 habeamus

2109 2725 2139 2763 a
2188 2712 2421 2766 natura?
2466 2713 2665 2769 Vitium
2713 2724 2891 2770 autem
2937 2726 3021 2770 est
3068 2725 3262 2786 prmter
3308 2727 3601 2775 naturam:
3649 2722 3695 2775 si

2111 2802 2234 2856 vitia
2260 2805 2428 2875 magis
2449 2804 2794 2862 dominantur
2815 2848 2831 2874 ,
2861 2807 2962 2862 hoc
2989 2816 3074 2864 est
3098 2817 3468 2879 argumentum
3497 2821 3694 2868 nostra:

2107 2896 2354 2968 segnitiei
2406 2913 2612 2970 magna:
2658 2908 2714 2955 et
2756 2900 2998 2972 ignavias.
3046 2899 3183 2969 Quid
3231 2900 3401 2957 vero?
3443 2917 3689 2971 quaenam

2108 2990 2397 3046 necessitas
2436 3007 2535 3048 nos
2564 2990 2710 3048 ducit
2751 2993 2817 3048 ad
2862 2992 3229 3061 adulterium?
3258 2991 3415 3049 Certe
3437 3033 3453 3061 ,
3480 2992 3688 3064 inquit,

2107 3081 2351 3151 tyrannis
2373 3082 2625 3139 libidinis.
2657 3082 2833 3151 Quare
2853 3125 2867 3149 ,
2898 3084 2985 3139 dic
3006 3123 3021 3147 .
3050 3085 3275 3155 qutcso?
3307 3098 3414 3139 non
3446 3084 3571 3140 licet
3596 3086 3689 3147 tibi

2106 3179 2193 3226 tua
2240 3172 2315 3226 uti
2365 3187 2573 3239 uxore,
2619 3183 2673 3229 et
2716 3174 2991 3229 libidinem
3038 3173 3275 3229 sedare?
3323 3173 3431 3228 Sed
3470 3175 3687 3245 capior,

2104 3263 2312 3334 inquit,
2358 3265 2586 3337 quodam
2624 3280 2806 3322 amore
2838 3265 3025 3320 uxoris
3053 3265 3302 3335 proximi.
3331 3265 3447 3320 Non
3475 3265 3688 3323 esthoc

2104 3356 2288 3426 utique
2317 3357 2654 3412 necessitatis
2679 3375 2694 3412 :
2725 3371 2832 3411 non
2859 3365 2942 3411 est
2965 3355 3107 3411 enim
3133 3369 3287 3409 amor
3310 3355 3644 3411 necessitatis
3669 3374 3683 3411 :

2103 3460 2260 3501 nemo
2280 3453 2425 3500 amat
2443 3445 2780 3511 necessitate,
2808 3444 2901 3500 sed
2923 3452 3115 3513 sponte
3134 3452 3187 3500 et
3206 3444 3373 3500 libera
3396 3445 3678 3507 electione.

2101 3541 2277 3610 Atque
2301 3539 2370 3595 ad
2394 3540 2591 3595 coitum
2618 3537 2832 3609 quidem
2860 3536 3085 3593 fortasse
3107 3537 3337 3607 impellit
3358 3536 3685 3604 necessitas;

2101 3642 2161 3687 ut
2186 3632 2324 3689 hanc
2350 3641 2528 3688 autem
2558 3640 2650 3687 aut
2678 3630 2821 3686 illam
2850 3645 3000 3686 ames
3018 3672 3035 3698 ,
3064 3644 3169 3684 non
3196 3639 3281 3685 est
3306 3630 3644 3686 necessitatis
3668 3650 3685 3687 :

2101 3741 2275 3798 neque
2300 3740 2364 3782 ea
2386 3740 2471 3781 res
2499 3734 2584 3780 est
2606 3722 2934 3779 desiderium
2957 3721 3130 3779 coitus
3150 3762 3165 3787 ,
3194 3720 3290 3776 sed
3317 3721 3489 3776 inanis
3515 3722 3683 3791 gloria

2098 3829 2153 3875 et
2195 3819 2516 3876 contumelia
2541 3859 2557 3886 ,
2602 3828 2659 3873 et
2702 3830 2824 3887 qum
2877 3815 3094 3889 modum
3141 3812 3409 3870 excedunt
3453 3812 3682 3869 delicize.

2097 3910 2230 3966 Nam
2259 3920 2434 3966 utrum
2463 3907 2633 3978 magis
2660 3914 2745 3961 est
2775 3905 2970 3960 rationi
3001 3914 3422 3963 consentaneum
3443 3945 3458 3971 ,
3492 3918 3683 3973 eamne

2098 4001 2297 4058 habere
2339 4013 2459 4070 quae
2501 4005 2590 4054 est
2635 3994 2902 4066 desponsa
2927 4035 2941 4059 ,
2990 4009 3110 4065 quae
3149 4000 3236 4048 est
3279 3993 3422 4048 socia
3453 3993 3687 4052 filiorum

2098 4088 2520 4163 procreationis,
2554 4101 2620 4141 an
2662 4100 2781 4140 eam
2811 4099 2931 4155 qum
2958 4098 3066 4140 non
3102 4094 3186 4139 est
3223 4082 3479 4154 cognita?
3510 4085 3685 4140 nesci-

2097 4183 2166 4239 tis
2208 4180 2350 4257 qnod
2400 4177 2818 4257 consuetudines
2870 4176 3085 4246 pariunt
3131 4174 3434 4230 amicitias?
3481 4174 3678 4243 Quam,

2096 4254 2292 4330 obrem'
2329 4287 2436 4327 non
2466 4254 2550 4327 est
2579 4279 2807 4324 naturze.
2854 4267 2974 4323 Noli
3014 4280 3271 4322 accusare
3296 4266 3682 4336 concupiscens

2097 4367 2266 4424 tiam:
2297 4365 2419 4422 data
2459 4373 2542 4422 est
2582 4370 2800 4435 propter
2842 4359 3282 4426 matrimonium,
3331 4358 3569 4415 exhibita
3599 4368 3687 4415 est

2094 4460 2161 4515 ad
2189 4457 2480 4523 liberorum
2500 4451 2926 4525 procreationem
2947 4492 2964 4520 ,
2989 4464 3094 4505 non
3119 4456 3338 4520 propter
3359 4447 3694 4509 adulterium

2095 4526 2269 4623 neque
2295 4532 2514 4620 propter
2535 4554 2802 4615 stuprum.
2832 4542 3022 4598 Sciunt
3043 4540 3205 4603 etiam
3232 4538 3377 4610 leges
3403 4540 3689 4609 ignoscere

2095 4642 2331 4715 peccatis
2357 4654 2476 4711 quae
2517 4638 2651 4691 fiunt
2678 4650 2745 4689 ex
2771 4633 3094 4690 necessitate
3123 4647 3138 4687 :
3171 4629 3279 4685 imo
3319 4642 3450 4685 vero
3477 4627 3681 4691 nullum

2094 4744 2178 4792 est
2206 4741 2483 4805 peccatum
2523 4727 2663 4800 quod
2696 4729 2787 4782 fiat
2825 4741 2892 4782 ex
2925 4724 3284 4788 necessitate,
3314 4721 3412 4778 sed
3439 4720 3619 4776 omnia
3648 4736 3679 4774 a

2094 4826 2441 4884 contumelia.
2493 4822 2609 4877 Non
2639 4821 2781 4876 enim
2812 4819 2951 4874 Deus
2979 4818 3058 4873 sic
3084 4815 3375 4871 fabricatus
3417 4822 3501 4868 est
3524 4819 3679 4866 natu-

2095 4939 2209 4980 ram
2231 4964 2246 4987 ,
2270 4930 2329 4976 ut
2348 4932 2570 4975 necesse
2599 4916 2792 4970 habeat
2819 4925 3042 4983 peccare
3070 4925 3086 4964 :
3113 4906 3309 4978 alioqui
3334 4905 3379 4960 si
3407 4905 3478 4959 ita
3509 4912 3675 4964 esset,

2094 5031 2203 5074 non
2233 5021 2379 5068 esset
2415 5024 2593 5085 poena.
2649 5006 2723 5060 De
2752 5005 2820 5059 iis
2847 5004 2990 5058 enim
3019 5014 3139 5070 quae
3168 4999 3217 5052 vi
3248 4997 3383 5052 fiunt
3405 5002 3459 5049 ct
3484 5005 3681 5085 neces-

2095 5109 2286 5173 sitate,
2338 5082 2545 5159 ne'nos
2579 5098 2792 5170 quidem
2839 5093 3101 5164 exigimus
3142 5089 3446 5152 rationem;
3479 5082 3679 5140 nedum

2096 5199 2237 5255 Deus
2261 5179 2352 5268 qui
2379 5202 2462 5249 est
2488 5190 2624 5246 adeo
2648 5187 2888 5244 clemens
2911 5224 2927 5251 ,
2976 5180 3237 5251 benignus
3266 5187 3320 5234 et
3349 5178 3544 5233 bonus.
3574 5175 3683 5268 Sed

2094 5264 2449 5361 quid,~7furari
2479 5293 2562 5340 est
2605 5274 2980 5336 necessitatis?
3024 5273 3233 5338 Etiam,
3280 5269 3531 5361 inquies;
3578 5265 3682 5328 hoc

2095 5359 2238 5439 enim
2268 5378 2395 5434 facit
2437 5379 2743 5446 paupertas.
2773 5367 2888 5424 lmo
2917 5379 3046 5421 vero
3088 5371 3375 5433 paupertas
3398 5359 3554 5423 aﬂert
3582 5370 3681 5416 ηοω

2095 5448 2399 5532 cessitatem
2443 5464 2741 5539 operandi,
2787 5474 2892 5517 non
2935 5454 3169 5513 furandi.
3217 5455 3679 5539 Paupertas‘ergo

2095 5567 2224 5623 facit
2263 5535 2592 5619 contrarium
2624 5574 2638 5611 :
2667 5552 2832 5610 furari
2883 5548 3029 5607 enim
3053 5555 3141 5604 est
3184 5544 3279 5600 otii
3326 5551 3382 5598 et
3423 5535 3675 5598 desidite;

2094 5663 2376 5730 paupertas
2402 5659 2581 5708 autem
2607 5661 2717 5703 non
2743 5645 2885 5702 solet
2904 5637 3283 5730 parereiotium
3310 5641 3365 5688 et
3386 5626 3645 5730 desidiam
3661 5662 3677 5686 ,

2097 5727 2191 5807 sed
2223 5744 2428 5820 laboris
2468 5754 2732 5815 amorem.
2782 5736 2961 5807 Quare
2986 5729 3116 5797 illud
3143 5738 3353 5799 quoque
3390 5727 3472 5777 est
3495 5729 3677 5789 segm-
