4080 6218
257 312 323 366 21
1218 311 1287 368 IN
1324 310 1540 368 EPIST.
1585 312 1678 367 AD
1721 307 1962 365 EPIIES.
2006 307 2158 363 CAP.
2204 309 2240 363 Ι.
2287 307 2516 366 IIOMIL.
2560 310 2624 365 ll.
3499 317 3572 372 29,

257 440 354 497 tiei
385 447 449 496 et
473 437 772 495 eoeordiai.
803 435 966 504 quue
991 433 1070 488 sic
1095 429 1378 487 didiceris:
1410 427 1538 499 quid
1568 426 1731 489 enim,
1761 423 1869 490 dic,

253 547 495 603 qumso,
539 540 630 586 est
672 527 978 594 difﬁcilius,
1032 523 1161 596 quid
1201 521 1581 592 injucundius,
1622 527 1878 573 noctesne

254 626 423 681 obire
443 623 772 693 vigilantem
794 630 849 676 et
868 632 1051 674 muros
1077 614 1358 687 perfudere
1375 621 1429 667 et
1444 612 1496 666 in
1517 609 1752 665 tenebris
1773 623 1877 661 am-

253 716 483 781 bulare,
514 724 575 770 et
600 713 840 768 animam
870 710 1069 765 habere
1100 708 1152 762 in
1179 705 1445 770 manibus,
1475 713 1529 759 et
1557 702 1874 757 instructum

252 821 382 863 esse
407 807 478 861 ad
511 805 725 861 aedem
746 844 763 869 ,
796 812 851 857 et
878 809 1109 855 tremere
1132 806 1187 853 et
1211 797 1345 852 mori
1376 803 1522 849 metu
1547 807 1565 861 ;
1596 808 1663 846 an
1692 789 1873 862 quoti-

252 901 438 955 diauis
488 911 723 968 operam
767 894 899 951 dare.
944 890 1247 955 laboribus,
1293 897 1345 943 et
1377 887 1429 941 in
1459 895 1572 940 tuto
1601 899 1721 940 esse
1756 897 1876 937 cum

252 992 612 1050 securitate?
660 991 774 1047 lloc
812 997 898 1044 est
948 986 1102 1041 facile
1133 1002 1146 1037 :
1179 993 1234 1038 et
1271 982 1392 1053 quia
1424 980 1527 1035 hoc
1572 989 1654 1034 est
1685 976 1837 1033 facile
1860 1018 1875 1042 ,

254 1088 453 1157 plures
486 1085 600 1139 hoc
626 1082 863 1147 faciunt,
893 1095 1052 1151 quam
1084 1075 1236 1133 illud.

328 1179 390 1233 ι.
419 1175 609 1231 Virtus
639 1184 712 1230 est
738 1174 1014 1227 secundum
1043 1181 1300 1229 naturam,
1327 1166 1504 1221 vitium
1522 1175 1699 1219 contra
1728 1172 1875 1216 uotu-

257 1267 786 1323 ramJurameutum
813 1273 889 1320 est
913 1276 1362 1332 supervacaneum.
1396 1257 1585 1312 Contra
1604 1255 1872 1310 avaritiam

262 1369 311 1415 et
339 1359 593 1430 rapiendi
613 1358 960 1427 cupiditatem.
988 1384 1062 1395 —
1090 1350 1255 1407 Vides
1284 1349 1425 1421 quod
1454 1349 1744 1406 secundum
1778 1364 1874 1403 tta-

266 1462 456 1507 turam
510 1449 733 1522 quidem
790 1448 863 1503 sit
913 1447 1084 1501 virtus
1111 1486 1125 1508 ,
1171 1453 1369 1515 praeter
1411 1451 1657 1498 naturam
1692 1451 1870 1496 autem

268 1542 476 1596 vitium
495 1582 511 1605 ,
543 1541 681 1595 sicut
724 1539 942 1593 morbus
961 1545 1018 1592 et
1044 1535 1290 1590 sanitas?
1316 1533 1455 1602 Quid
1483 1549 1613 1590 vero
1656 1534 1873 1589 mentiri

271 1644 328 1690 et
355 1634 933 1703 pejerare,quamuam
959 1628 1191 1683 habeant
1209 1627 1618 1682 necessitatem?
1638 1624 1869 1690 Nullam,

274 1739 384 1779 nec
414 1725 561 1787 vim;
589 1724 686 1778 sed
716 1722 962 1777 lubenter
987 1720 1051 1774 ad
1080 1718 1131 1773 id
1166 1720 1430 1773 venimus.
1463 1716 1647 1782 Nobis,
1678 1717 1870 1787 inquit,

279 1814 426 1871 ﬁdes
453 1831 566 1869 non
594 1812 1022 1868 habetur.Fides
1060 1826 1159 1866 non
1191 1810 1417 1865 habetur
1439 1851 1454 1876 ,
1489 1810 1739 1880 quoniam
1780 1823 1874 1863 vo-

280 1907 487 1961 lumus
517 1923 531 1959 :
562 1905 762 1961 licebat
801 1905 937 1961 enim
963 1904 1113 1960 nobis
1153 1904 1324 1975 magis
1375 1903 1537 1960 fidem
1569 1903 1753 1959 haberi
1801 1917 1868 1959 ex

290 1998 580 2064 moribus,
624 2014 779 2069 quam
816 2013 877 2053 ex
901 1999 1245 2068 jurameutis.
1266 1998 1397 2056 Nam
1425 2014 1554 2066 cur,
1582 1998 1669 2053 die
1697 1996 1822 2052 mihi
1851 2039 1867 2064 ,

291 2088 419 2145 aliis
465 2106 533 2144 ne
559 2091 864 2159 jurantibus
908 2088 1125 2160 quidem
1175 2092 1484 2157 credimus;
1516 2091 1653 2145 alios
1689 2098 1867 2144 autem

281 2183 453 2238 etiam
483 2182 736 2252 injnratos
783 2181 890 2238 ﬁde
934 2182 1125 2252 dignos
1172 2183 1497 2239 censemus?
1530 2180 1689 2239 Vides
1725 2182 1868 2253 quod

279 2290 616 2345 nequaquam
667 2289 803 2345 opus
843 2274 916 2330 sit
956 2274 1318 2345 jurameutis?
1361 2274 1419 2331 Si
1469 2275 1556 2331 hic
1609 2285 1702 2331 aut
1738 2276 1865 2343 ille,

277 2367 480 2437 inquit,
528 2367 763 2432 dixerit,
810 2368 976 2424 credo
1023 2369 1184 2424 etiam
1219 2369 1482 2439 iujurato;
1513 2369 1604 2424 tibi
1649 2378 1863 2436 autem,

292 2473 381 2512 nec
427 2457 473 2513 si
515 2458 808 2527 juraveris.
843 2458 939 2514 Est
965 2475 1097 2531 ergo
1143 2461 1507 2530 juramentum
1549 2477 1867 2532 supervaca-

286 2563 473 2614 neum;
517 2562 571 2605 et
597 2549 702 2605 hoc
728 2560 812 2605 est
851 2552 1019 2622 magis
1048 2562 1421 2623 argumentum
1473 2554 1864 2610 incredulitatis

282 2654 437 2710 quam
467 2642 611 2697 ﬁdei.
641 2643 944 2699 Proclivem
987 2644 1128 2699 enim
1157 2659 1277 2701 esse
1304 2647 1370 2701 ad
1402 2646 1689 2717 jurandum
1708 2690 1724 2715 ,
1755 2664 1862 2705 non

281 2737 405 2790 sinit
430 2747 488 2792 ut
514 2736 655 2792 bona
684 2738 1021 2808 concipiatur
1068 2741 1250 2809 Opinio
1294 2741 1529 2810 pietatis.
1556 2741 1733 2810 Quare
1769 2744 1860 2813 qui

286 2828 514 2883 maxime
558 2829 916 2899 jurejurando
967 2831 1182 2886 assidue
1226 2833 1422 2898 utitur,
1478 2834 1525 2889 is
1570 2833 1861 2904 jurameuti

286 2932 433 2972 usum
475 2933 809 2989 nequaquam
857 2919 1019 2975 habet
1065 2923 1428 2978 necessarium
1481 2940 1495 2978 :
1542 2926 1635 2995 qui
1680 2935 1859 2980 autem

287 3010 505 3064 minime
528 3013 716 3078 utitur,
744 3012 788 3067 is
809 3014 928 3081 ejus
957 3029 1056 3067 usu
1078 3013 1293 3069 fruitur.
1321 3012 1707 3072 Juratnentone
1727 3032 1861 3088 opus

287 3110 363 3155 est
406 3112 461 3155 ut
506 3103 795 3158 credatur?
818 3105 1035 3161 Minime
1066 3123 1080 3161 :
1114 3106 1361 3162 videmus
1402 3108 1544 3163 enim
1596 3108 1739 3179 quod
1770 3112 1857 3181 qui

292 3207 386 3246 non
419 3193 601 3263 juraut
624 3236 639 3259 ,
670 3195 737 3250 iis
763 3198 998 3251 maxime
1039 3197 1297 3253 creditur.
1340 3199 1446 3256 Sed
1478 3200 1643 3272 quid?
1671 3212 1860 3257 contu-

293 3284 553 3340 meliosum
570 3301 690 3349 esse
711 3297 797 3342 est
823 3289 1201 3344 necessitatis?
1226 3290 1404 3357 Certe,
1437 3291 1607 3362 inquit
1634 3308 1650 3351 :
1682 3304 1861 3349 movet

290 3376 424 3430 enim
454 3377 527 3431 ira
553 3373 967 3447 etiinﬁammat,
995 3396 1092 3436 nec
1123 3381 1253 3436 sinit
1302 3391 1359 3436 ttt
1384 3383 1602 3453 quietus
1629 3393 1683 3439 et
1714 3393 1860 3439 tran-

280 3469 470 3536 quillus
498 3472 571 3527 sit
588 3473 822 3529 animus.
844 3474 1180 3531 Contumelia
1212 3475 1451 3541 afﬁcere,
1473 3491 1505 3531 ο
1534 3476 1717 3545 homo,
1749 3493 1854 3532 non

282 3569 366 3614 est
396 3563 490 3615 ira:
513 3603 529 3625 ,
551 3564 645 3618 sed
671 3563 956 3620 simultatis
987 3581 1003 3620 :
1035 3567 1081 3621 si
1111 3576 1288 3622 autem
1330 3576 1473 3622 esset
1509 3567 1602 3622 ira»
1623 3608 1639 3634 ,
1669 3583 1855 3624 omnes

278 3648 536 3707 homines
583 3653 869 3710 irascentes
895 3671 1002 3711 non
1060 3656 1476 3713 intermitterent
1532 3660 1853 3715 contumelia

275 3739 518 3799 afﬁcere.
543 3743 688 3800 iram
715 3745 960 3804 habemus
980 3790 993 3814 ,
1019 3765 1125 3803 non
1157 3757 1216 3803 ιιι
1237 3750 1511 3820 proximos
1531 3751 1853 3806 contumelia

277 3834 578 3890 afﬁciamus
601 3877 618 3902 ,
646 3838 744 3892 sed
770 3847 823 3893 ut
849 3854 943 3895 eos
972 3841 1061 3911 qui
1093 3850 1316 3911 peccant
1355 3851 1730 3900 convertamus
1754 3884 1769 3910 ,
1802 3852 1858 3900 ιιι

278 3940 365 3980 nos
389 3929 711 3995 excitemus,
743 3946 811 3986 ne
838 3931 1005 3988 simus
1031 3932 1203 4004 ignavi
1235 3944 1286 3991 et
1305 3933 1546 3991 hebetes.
1576 3935 1656 3991 Ira
1700 3936 1857 3991 nobis

279 4018 405 4074 inest
438 4031 713 4092 tamquam
755 4023 970 4094 quidam
997 4026 1277 4093 Stimulus,
1306 4036 1365 4082 ut
1389 4027 1644 4084 adversus
1668 4028 1857 4084 diabo-

277 4109 374 4166 lum
397 4114 655 4171 dentibus
687 4117 1012 4175 strideamus
1033 4162 1048 4187 ,
1065 4129 1124 4175 ttt
1150 4121 1202 4176 in
1233 4135 1355 4176 emn
1378 4122 1547 4178 simus
1568 4124 1855 4180 vehemen-

280 4210 380 4257 les:
406 4222 514 4261 non
544 4216 603 4261 ut
631 4208 773 4265 alter
800 4209 851 4265 iu
879 4210 1103 4267 alterum
1130 4221 1360 4270 stemus.
1376 4200 1548 4271 'Arma
1571 4216 1853 4282 habemus,

282 4308 372 4349 non
398 4306 459 4351 ut
484 4314 588 4354 nos
634 4300 783 4370 ipsos
811 4301 955 4359 bello
993 4303 1347 4374 impetamus,
1375 4305 1470 4362 sed
1499 4317 1556 4362 ut
1597 4307 1855 4365 adversus

284 4382 478 4441 hostem
509 4401 723 4445 utamur
752 4402 1041 4449 armatura.
1072 4394 1217 4451 Esne
1240 4395 1570 4452 iracundus?
1599 4397 1687 4454 Sis
1736 4401 1856 4453 talis

287 4476 525 4534 adversus
554 4492 639 4534 tua
673 4494 890 4550 peccata
913 4525 929 4551 ,
964 4484 1177 4553 increpa
1199 4486 1460 4554 animum,
1495 4488 1701 4559 flagella
1726 4505 1856 4545 cou-

291 4568 550 4624 scientiam
584 4575 705 4628 :sis
723 4575 1018 4631 vehemens
1058 4576 1259 4646 judex.
1301 4589 1356 4635 ct
1396 4579 1626 4635 acerbus
1654 4581 1857 4637 arbiter

290 4655 338 4710 in
364 4667 452 4711 tua
478 4674 705 4727 peccata.
731 4665 844 4721 lloc
867 4677 949 4722 est
981 4668 1185 4724 lucrum
1228 4670 1321 4725 ira:
1346 4689 1358 4725 :
1387 4681 1666 4742 propterea
1713 4673 1855 4729 Deus

275 4763 391 4803 eam
435 4754 589 4809 nobis
638 4756 855 4811 indidit.
898 4758 968 4812 At
1013 4760 1196 4830 rapina
1245 4769 1331 4816 est
1372 4777 1438 4817 ex
1485 4764 1853 4820 necessitate?

268 4840 654 4915 Nequaquam:
698 4849 830 4920 quid
877 4852 1018 4906 enim
1073 4862 1194 4919 est,
1250 4854 1337 4910 dic
1378 4872 1598 4926 quaeso,
1634 4872 1854 4913 necesse

265 4951 449 5007 rapere
472 4940 497 4993 ‘.'
523 4957 776 5012 quamam
806 4945 886 4998 vis
914 4952 965 4999 te
996 4945 1266 5014 impellit?
1297 4947 1611 5018 Paupertas,
1653 4948 1842 5019 inquit,

257 5037 307 5082 et
329 5031 498 5085 timor
526 5033 597 5087 de
624 5033 790 5088 rebus
820 5038 1157 5092 necessariis.
1183 5037 1263 5092 'l‘u
1302 5048 1586 5108 propterea
1632 5040 1845 5111 quidem

252 5131 405 5175 certe
434 5137 542 5176 non
570 5124 738 5179 debes
779 5141 971 5194 rapere
1004 5145 1017 5182 :
1048 5143 1153 5181 non
1199 5139 1324 5183 sunt
1359 5133 1501 5184 enim
1533 5131 1754 5186 stabiles
1794 5142 1847 5186 et

250 5209 430 5265 ﬁrmat
476 5213 736 5281 ejusmodi
784 5215 1002 5271 divitiae.
1023 5218 1101 5273 'l‘u
1129 5230 1305 5275 autem
1334 5220 1471 5275 idem
1496 5222 1656 5285 facis,
1686 5232 1843 5294 atque

249 5303 292 5355 si
322 5302 457 5373 quis
490 5316 702 5371 rogatus
724 5324 820 5363 cur
853 5310 904 5362 in
933 5324 1095 5365 arena
1141 5309 1332 5368 domus
1360 5310 1705 5387 fundamenta
1765 5315 1848 5385 ja-

1983 423 2110 489 ciat,
2140 422 2321 489 dicat,
2349 424 2574 495 PrOpIer
2603 424 2768 495 frigus
2803 437 2856 482 et
2897 438 3113 498 propter
3144 428 3396 501 pluviam.
3433 431 3571 489 Pro.

1984 525 2104 583 pter
2132 515 2233 571 hoc
2261 516 2477 585 quidem
2509 527 2655 573 certe
2681 534 2786 573 non
2809 520 3092 589 oportebat
3118 522 3464 579 fundamenta
3487 526 3573 595 ja-

1981 622 2105 666 cere
2135 608 2187 662 in
2220 624 2382 664 arena
2416 627 2429 663 :
2460 626 2521 666 ea
2554 611 2698 666 enim
2728 613 3110 668 cito-evertunt
3146 625 3200 670 et
3227 616 3477 685 procella:
3515 627 3573 673 et

1981 701 2148 756 venti.
2174 700 2352 769 Quare
2398 700 2443 757 si
2496 704 2577 757 vis
2618 718 2739 759 esse
2767 703 2953 769 dives,
2991 721 3057 761 ne
3089 707 3166 762 sis
3212 723 3439 775 avarus,
3468 722 3574 763 nec

1986 790 2135 860 plura
2180 791 2410 847 habendi
2440 794 2689 864 cupidus.
2712 793 2766 850 Si
2799 795 2879 850 vis
2906 796 3033 851 ﬁliis
3064 797 3277 855 tradere
3311 799 3530 855 divitias
3551 842 3566 866 ,

1986 884 2197 953 posside
2217 883 2420 954 justas,
2446 886 2489 940 si
2520 886 2641 941 ulla:
2671 886 2777 942 sint
2806 889 2939 943 tales
2972 906 2986 944 :
3022 905 3101 944 (δίη
3124 892 3266 946 enim
3297 904 3520 947 manent
3553 933 3569 956 ,

1982 985 2232 1047 stantque
2282 975 2450 1033 ﬁrma:
2479 994 2543 1033 ac
2586 980 2844 1045 stabiles;
2899 997 3018 1051 qua:
3067 992 3246 1038 autent
3294 1000 3399 1039 non
3443 994 3571 1040 sunt

1981 1068 2243 1139 ejusmodi
2271 1112 2287 1138 ,
2319 1070 2428 1126 cito
2474 1081 2700 1143 pereunt
2729 1082 2784 1128 ct
2827 1074 3115 1130 intereunt.
3149 1075 3240 1131 Dic
3286 1076 3415 1131 mihi
3441 1117 3457 1140 ,
3488 1079 3569 1131 vis

1979 1175 2098 1216 esse
2123 1160 2273 1216 dives
2294 1203 2308 1229 ,
2336 1171 2391 1217 et
2418 1180 2538 1234 qua:
2554 1173 2682 1219 sunt
2704 1165 2933 1220 aliorum
2962 1167 3250 1237 accipere?
3272 1169 3432 1237 Atqui
3464 1167 3569 1222 hoc

1980 1272 2086 1313 non
2118 1267 2201 1313 est
2247 1259 2475 1326 divitiae,
2510 1260 2606 1316 sed
2654 1260 2932 1329 possidere
2961 1277 3081 1333 qua:
3129 1272 3253 1317 sunt
3302 1263 3512 1331 propria
3550 1280 3564 1318 :

1981 1350 2070 1419 qui
2101 1360 2277 1406 autem
2309 1349 2471 1407 habet
2499 1353 2711 1419 aliena,
2756 1368 2861 1409 non
2906 1353 3068 1410 fuerit
3110 1354 3280 1410 dives.
3310 1355 3442 1410 Nam
3488 1356 3567 1410 sic

1982 1442 2142 1496 etiam
2173 1445 2263 1512 qui
2295 1443 2532 1498 vendunt
2562 1446 2757 1512 serica,
2787 1454 2843 1501 et
2872 1446 3191 1501 vestimenta
3222 1447 3290 1502 ab
3324 1446 3442 1501 aliis
3470 1463 3554 1503 ac-

1980 1536 2205 1606 cipiunt,
2220 1537 2586 1607 opulentiores
2605 1548 2654 1593 et
2680 1538 2904 1594 ditiores
2929 1538 3034 1594 dici
3066 1547 3319 1609 poterunt
3343 1558 3356 1595 :
3386 1556 3572 1610 quan:-

1983 1630 2059 1684 vis
2082 1628 2147 1685 ad
2164 1637 2373 1698 tempus
2389 1643 2575 1684 eorum
2599 1629 2707 1684 sint
2723 1629 2845 1685 :sed
2873 1638 3048 1686 tamen
3068 1644 3162 1685 eos
3187 1644 3291 1686 nou
3323 1631 3566 1700 appella-

1982 1735 2100 1775 mus
2122 1720 2334 1775 divites.
2362 1721 2768 1789 Quamobrem?
2794 1722 3057 1789 Quoniam
3087 1722 3422 1793 babentqum
3439 1732 3566 1777 sunt

1979 1811 2173 1867 aliena.
2222 1811 2355 1866 Nam
2384 1812 2484 1867 etsi
2532 1828 2721 1868 eormn
2764 1821 2890 1867 sunt
2923 1811 3280 1877 vestimenta,
3325 1828 3432 1868 non
3481 1825 3566 1869 est

1980 1914 2157 1961 tamen
2188 1920 2374 1961 eorum
2403 1906 2630 1976 pretium
2667 1924 2680 1960 :
2710 1906 2850 1977 quod
2874 1906 2917 1961 si
2946 1907 3105 1961 etiam
3136 1906 3205 1962 sit
3226 1921 3409 1963 eorum
3435 1923 3561 1976 prc-

1978 1998 2143 2062 tium,
2177 2011 2282 2052 nou
2311 2008 2437 2052 sunt
2483 1996 2567 2051 hac
2611 1996 2838 2053 divitizc.
2875 1997 2933 2053 Si
2979 2006 3159 2054 autem
3200 2013 3322 2070 quae
3367 1998 3565 2054 dantur

1978 2096 2158 2141 mutua
2192 2103 2299 2142 non
2329 2085 2532 2143 faciunt
2577 2087 2775 2143 divites
2802 2130 2817 2156 ,
2860 2103 2926 2144 eo
2956 2089 3096 2159 quod
3126 2105 3224 2145 nos
3251 2091 3358 2145 cito
3388 2091 3455 2145 ab
3482 2092 3563 2146 eis

1976 2178 2290 2235 recedamus
2322 2196 2335 2233 :
2364 2196 2482 2250 qum
2508 2190 2634 2235 sunt
2659 2196 2723 2236 ex
2745 2180 2928 2252 rapina
2950 2184 3221 2253 quomodo
3250 2183 3452 2239 faciunt
3476 2183 3564 2238 di-

1978 2270 2115 2324 vites
2140 2269 2163 2323 ?
2193 2268 2248 2325 Si
2277 2281 2458 2326 autem
2486 2273 2566 2327 vis
2591 2273 2811 2328 omnino
2843 2289 2966 2329 esse
2995 2274 3183 2341 dives;
3216 2291 3390 2348 neque
3416 2277 3560 2332 enim

1974 2377 2035 2417 ea
2067 2376 2154 2419 res
2176 2372 2261 2419 est
2287 2365 2621 2421 necessitatis
2648 2382 2914 2437 :quanam
2940 2382 3001 2424 re
3029 2368 3111 2423 vis
3139 2367 3240 2424 frui
3261 2369 3563 2441 ampliore?

1972 2455 2152 2511 vitane
2194 2456 2420 2528 longiori
2459 2457 2481 2511 ?
2524 2459 2684 2529 Atqui
2731 2460 2820 2530 qui
2872 2460 3007 2516 tales
3052 2469 3215 2529 sunt,
3260 2478 3385 2518 mox
3426 2466 3563 2519 fiunt

1973 2549 2097 2602 vita:
2128 2546 2326 2603 brevis.
2361 2549 2517 2620 Stepe
2545 2533 2688 2605 enim
2722 2550 2853 2606 dant
2901 2566 3089 2622 pmnas
3115 2553 3319 2623 rapina:
3345 2562 3400 2609 et
3427 2569 3558 2609 ava-

1972 2642 2146 2708 rititc,
2198 2641 2340 2712 quod
2388 2652 2561 2697 morte
2613 2642 2894 2697 immatura
2942 2645 3276 2710 moriantur,
3310 2654 3366 2702 et
3408 2646 3553 2716 quod

1970 2737 2403 2805 possessionibus
2434 2753 2540 2791 non
2571 2736 2816 2791 fruantur
2842 2737 2942 2791 nisi
2973 2751 3158 2807 parum
3184 2777 3201 2803 ,
3232 2748 3284 2792 et
3310 2737 3558 2810 gehenna

1967 2834 2189 2897 accepta
2236 2827 2537 2882 excedant:
2569 2842 2713 2897 saepe
2743 2828 2906 2882 etiam
2949 2842 3016 2882 ex
3045 2825 3252 2883 deliciis
3291 2837 3347 2882 et
3381 2844 3447 2884 ex
3474 2829 3556 2883 la-

1968 2917 2188 2973 boribus
2211 2927 2266 2973 et
2285 2933 2351 2974 ex
2378 2919 2832 2974 sollicitudinibus
2851 2920 3054 2975 morbis
3078 2921 3240 2990 partis
3255 2922 3552 2990 perierunt.

1970 3010 2173 3066 Vellem
2202 3012 2340 3066 scire
2369 3026 2597 3082 quanam
2639 3010 2708 3067 de
2753 3027 2913 3067 causa
2944 3011 3177 3067 studium
3211 3021 3416 3083 ponunt
3459 3013 3555 3067 ho-

1968 3102 2140 3159 mines
2167 3104 2221 3159 in
2260 3104 2482 3161 divitiis.
2515 3106 2674 3177 Atqui
2704 3104 2845 3161 Deus
2890 3116 3171 3177 propterea
3202 3115 3408 3161 naturae
3439 3123 3554 3163 mo-

1965 3197 2089 3253 dum
2123 3201 2299 3269 posuit
2327 3211 2375 3253 et
2405 3199 2717 3262 terminum,
2748 3214 2815 3255 ne
2846 3198 3007 3254 ullam
3036 3198 3327 3255 habeamus
3359 3214 3549 3256 neces-

1965 3290 2178 3346 sitatem
2228 3292 2538 3361 requirendi
2588 3290 2848 3346 divitias:
2878 3306 3072 3360 nempe
3119 3298 3271 3346 veste
3318 3306 3420 3345 ttua
3460 3301 3554 3347 aut

1964 3388 2131 3438 altera
2155 3383 2316 3452 jussit
2343 3398 2540 3453 corpus
2568 3383 2738 3447 indui,
2770 3396 2870 3438 nec
2897 3397 2984 3447 eo,
3013 3381 3156 3453 quod
3187 3392 3267 3437 cst
3294 3398 3553 3452 superva-

1963 3487 2210 3539 Caneum,
2237 3488 2373 3545 opus
2398 3482 2482 3530 est
2521 3472 2588 3528 ad
2634 3482 3024 3543 tegumentum.
3057 3472 3324 3540 Quorsum
3374 3482 3551 3527 vestes

1963 3564 2407 3633 innumerabiles,
2455 3573 2510 3621 et
2540 3580 2661 3637 qure
2714 3563 3015 3620 exeduntur
3066 3579 3095 3616 a
3143 3563 3339 3619 tineis?
3369 3563 3549 3619 Ventri

1961 3665 2142 3713 certus
2186 3655 2378 3712 modus
2426 3664 2510 3713 est
2558 3657 2919 3721 constitutus,
2952 3662 3009 3711 et
3046 3653 3188 3727 quod
3241 3654 3375 3710 ultra
3423 3672 3548 3712 eum

1961 3748 2125 3804 fuerit
2150 3748 2331 3805 datum
2356 3789 2372 3813 ,
2407 3748 2713 3806 necessario
2753 3746 2927 3819 perdit
2951 3756 3007 3803 et
3047 3748 3345 3818 corrumpit
3388 3762 3550 3803 omne

1960 3840 2157 3895 animal
2188 3858 2203 3895 :
2235 3855 2489 3911 quorsum
2518 3854 2709 3912 greges
2730 3848 2784 3895 et
2813 3854 2942 3895 oves
2967 3880 2984 3906 ,
3012 3844 3068 3893 et
3094 3840 3334 3893 carnium
3379 3836 3549 3893 disse.

1961 3933 2208 3988 etioues?
2249 3932 2365 3989 Uno
2395 3942 2540 3988 tecto
2568 3948 2704 4003 opus
2731 3930 3020 3986 habemus:
3039 3945 3266 4000 quanam
3296 3928 3364 3984 de
3388 3944 3550 3985 causa

1962 4034 2088 4081 sunt
2103 4025 2332 4081 ambitus
2346 4036 2400 4081 et
2414 4024 2743 4089 ambulacra,
2758 4034 3177 4095 sumptuumque
3193 4029 3247 4078 et
3272 4023 3548 4093 magniﬁca

1961 4118 2184 4174 mdiﬁcia
2211 4119 2235 4174 ’ἰ
2266 4128 2321 4173 ut
2350 4119 2592 4173 vultures
2620 4125 2676 4172 et
2718 4116 2921 4188 graculi
2953 4113 3231 4178 habitent,
3282 4128 3551 4183 pauperes

1961 4211 2159 4268 exuis?
2202 4212 2465 4281 Quantam
2496 4220 2773 4266 merentur
2798 4208 2915 4263 lucc
2938 4206 3239 4278 gehennam
3265 4205 3289 4259 ?
3316 4207 3381 4259 Et
3403 4219 3495 4272 sae;
3517 4219 3550 4259 e

1963 4305 2115 4361 multi
2144 4305 2196 4359 in
2226 4305 2358 4359 locis
2384 4319 2505 4374 qua:
2534 4318 2603 4357 ne
2622 4302 2869 4357 viderunt
2898 4299 3146 4370 quidem,
3171 4298 3412 4354 efficiunt
3450 4310 3550 4351 eo-

1962 4398 2203 4460 lumnas,
2235 4406 2288 4451 et
2317 4395 2523 4464 lapides
2572 4393 2730 4449 valde
2775 4393 3074 4465 pretiosos,
3119 4402 3177 4448 et
3224 4391 3548 4460 fulgurautia

1962 4487 2182 4543 mditieia
2215 4487 2367 4560 (quid
2386 4486 2527 4543 enim
2558 4501 2663 4542 non
2694 4494 2823 4541 sunt
2853 4482 3207 4555 machinati?)
3235 4492 3290 4538 et
3311 4495 3411 4537 nec
3437 4481 3539 4552 ipsi

1961 4583 2176 4654 quidem
2207 4581 2289 4637 his
2321 4581 2401 4637 usi
2429 4590 2574 4647 sttnt,
2604 4594 2704 4636 nec
2733 4577 2822 4634 ulli
2855 4576 2947 4633 alii
2973 4594 2987 4631 :
3011 4575 3243 4632 solitudo
3272 4575 3415 4632 enim
3440 4590 3549 4631 non

1961 4675 2089 4731 sinit
2116 4689 2210 4731 eos
2259 4673 2449 4738 abire;
2488 4682 2542 4728 et
2590 4686 2659 4728 ne
2704 4672 2784 4727 sic
2825 4667 3042 4741 quidem
3073 4667 3359 4724 desistunt.
3390 4667 3554 4722 Vides

1961 4766 2103 4836 quod
2138 4780 2238 4822 nec
2286 4764 2398 4820 hate
2432 4763 2647 4836 quidem
2694 4771 2753 4819 ut
2798 4762 2865 4818 iis
2912 4769 3132 4817 utantur
3175 4758 3550 4817 faciauUScd

1963 4858 2152 4913 horum
2204 4858 2443 4912 omnium
2490 4870 2650 4912 causa
2679 4863 2764 4912 est
2807 4853 3074 4918 amentia,
3102 4861 3158 4909 et
3199 4851 3425 4908 rationis
3452 4849 3549 4903 dc-

1961 4952 2148 5016 fectus,
2173 4959 2228 5006 et
2247 4950 2413 5021 gloria
2445 4949 2622 5005 inanis
2656 4966 2670 5005 :
2698 4963 2858 5017 quam
2896 4962 3026 5017 rogo
3051 4960 3147 5000 vos
3174 4956 3231 5000 ut
3258 4943 3547 5015 fugiamus,

1959 5052 2018 5099 ut
2047 5044 2153 5097 alia
2203 5057 2416 5113 quoque
2446 5040 2585 5096 mala
2639 5041 2905 5110 possimus
2937 5039 3156 5110 fugere,
3208 5046 3259 5091 et
3291 5034 3549 5103 consequi

1958 5136 2096 5191 bona
2126 5135 2385 5205 promissa
2419 5133 2484 5189 iis
2507 5133 2595 5204 qui
2614 5131 2787 5202 ipsum
2816 5131 3067 5201 diligunt,
3099 5129 3152 5184 in
3177 5123 3394 5182 Christo
3412 5122 3543 5179 Iesu

1961 5225 2184 5282 Domino
2214 5236 2423 5282 nostro.

1642 5567 1680 5576 να
1707 5560 2203 5588 ww

593 5756 865 5821 Parnm.
911 5763 1024 5825 Gn.
1078 5766 1269 5828 LXII.
