4080 6218
430 299 502 356 93
1135 304 1190 359 S.
1230 301 1504 359 JOANNIS
1540 303 2009 359 CllllYSOSTOMI
2050 304 2363 362 ABCIIIEP.
2403 306 2930 371 CONSTANTINOP.
3627 307 3701 363 95

437 426 3690 468 ...η’-Ἦ..-

1827 503 2176 567 HOMILIA
2218 509 2328 570 111.

431 654 560 709 Car.
590 656 639 708 1.
670 671 722 710 γ.
749 656 836 711 15,
865 653 1143 725 Propterea
1169 664 1215 708 et
1239 668 1330 723 ego
1355 652 1566 706 audiens
1593 650 1746 719 ﬁdem
1769 656 2006 711 vestram,

503 762 619 812 qua:
657 756 728 800 cst
772 748 823 800 in
862 746 1061 800 Christo
1104 742 1229 799 Jesu
1255 786 1271 812 ,
1311 754 1357 798 et
1387 743 1702 797 dilectionem
1748 742 1799 794 in
1843 756 2014 793 omnes

501 848 718 901 sanctos,
758 838 839 892 16.
867 854 966 890 ηοη
997 852 1133 890 cesso
1158 835 1353 906 gratias
1393 851 1550 907 agens
1578 849 1670 903 pro
1701 831 1838 886 vobis
1858 873 1872 893 ,
1904 846 2014 884 me-

502 929 715 982 moriam
758 929 907 982 vestri
951 929 1144 1000 faciens
1188 929 1242 983 in
1285 928 1593 983 orationibus
1634 928 1791 991 meis,
1837 926 1925 980 17.
1958 931 2012 977 ut

504 1019 640 1073 Deus
671 1018 875 1073 Domini
901 1019 1062 1073 nostri
1084 1019 1116 1072 .I
1123 1036 1211 1074 esu
1240 1019 1427 1075 Christi
1453 1060 1467 1083 ,
1499 1016 1657 1071 Pater
1696 1018 1873 1087 gloria:
1891 1057 1905 1082 ,
1929 1016 2011 1068 det

501 1112 637 1166 vobis
658 1113 893 1183 spiritum
919 1114 1181 1182 sapientia:
1205 1122 1253 1168 et
1279 1111 1593 1167 revelationis
1619 1111 1670 1164 in
1698 1110 2007 1182 agnitionem

501 1205 642 1273 ejus,
674 1206 759 1259 18.
788 1204 1102 1258 illuminatos
1123 1205 1297 1259 oculos
1335 1203 1502 1259 cordis
1548 1201 1696 1257 vestri
1718 1244 1730 1263 ,
1756 1210 1812 1253 ut
1841 1200 2011 1254 sciatis

500 1312 616 1365 qua?
657 1298 722 1350 sit
762 1315 875 1366 spes
896 1299 1172 1353 vocationis
1201 1301 1347 1370 ejus,
1381 1308 1428 1353 et
1468 1314 1583 1368 qua:
1621 1297 1807 1351 divitia:
1830 1295 2010 1367 gloria:

503 1388 799 1443 hereditatis
820 1406 930 1458 ejus
956 1391 1007 1444 in
1038 1391 1227 1445 sanctis
1251 1431 1266 1454 ,
1304 1390 1388 1445 19.
1419 1399 1465 1443 et
1489 1404 1602 1461 quae
1627 1389 1690 1443 sit
1727 1386 2011 1456 superemio

503 1498 625 1535 ueus
674 1483 971 1553 magnitudo
997 1486 1192 1540 virtutis
1235 1486 1345 1554 ejus
1381 1486 1434 1537 in
1483 1499 1605 1548 nos,
1634 1481 1720 1551 qui
1758 1478 2009 1534 credimus

457 1577 463 1583 ’
500 1576 773 1630 secundum
801 1578 1143 1647 operationem
1193 1575 1434 1646 potentiw
1480 1575 1676 1630 virtutis
1719 1575 1863 1643 ejus,
1917 1571 2009 1627 20.

500 1686 649 1739 quant
697 1681 937 1737 operatus
979 1679 1052 1723 est
1098 1669 1153 1722 in
1192 1667 1432 1734 Christo,
1480 1668 1731 1721 suscitans
1792 1664 1939 1719 illtun
1985 1679 2016 1717 a

504 1762 737 1815 mortuis.

492 1855 544 1908 1.
562 1852 698 1926 Nihil
714 1853 809 1907 luit
825 1853 964 1922 quod
984 1861 1162 1923 posset
1174 1853 1310 1921 arqui
1317 1854 1488 1923 parari
1506 1851 1797 1908 visceribus
1806 1859 2013 1922 aposto-

434 1949 579 2002 licis:
613 1948 743 2002 nihil
769 1947 863 2001 fuit
881 1948 1052 2002 simile
1072 1948 1527 2003 commiserationi
1549 1955 1603 2002 et
1624 1943 2015 2001 benevolentia:

432 2040 573 2095 beati
601 2038 771 2103 Pauli,
791 2039 879 2110 qui
908 2054 1094 2095 omnes
1114 2054 1237 2093 suas
1263 2038 1514 2094 fundebat
1541 2052 1727 2108 preces
1758 2052 1857 2107 pro
1879 2036 2012 2090 civi-

432 2133 632 2189 tatibus
661 2141 713 2188 et
737 2133 962 2203 populis.
984 2133 1050 2187 Et
1075 2132 1139 2187 ad
1157 2146 1346 2187 omnes
1368 2133 1471 2187 hoc
1482 2130 1685 2194 scribit,
1704 2128 1811 2183 Deo
1824 2129 2014 2200 gratias

436 2243 534 2297 ago
578 2243 669 2296 pro
697 2226 835 2279 vobis
858 2265 874 2292 ,
910 2225 1203 2279 memoriam
1225 2226 1376 2279 vestri
1413 2223 1606 2295 faciens
1633 2222 1684 2276 in
1703 2220 2014 2275 orationibus

433 2318 578 2371 meis.
603 2316 844 2387 Cogitate
869 2332 1027 2387 quam
1053 2317 1248 2372 multos
1276 2315 1521 2371 habuerit
1563 2314 1618 2369 in
1646 2323 1825 2369 mente
1845 2355 1860 2378 ,
1884 2328 2017 2383 quo-

435 2424 550 2462 rum
582 2422 696 2462 erat
726 2410 888 2461 etiam
923 2407 1139 2462 difficile
1168 2407 1508 2465 meminisse;
1535 2414 1702 2476 quam'
1726 2405 2012 2459 multorum

435 2499 767 2555 meminisset
800 2501 850 2554 in
895 2501 1225 2555 orationibus
1277 2514 1375 2571 pro
1403 2499 1652 2553 omnibus
1697 2497 1805 2553 Deo
1851 2511 2017 2566 agens

436 2590 653 2659 gratias,
684 2600 951 2661 tamquam
983 2589 1098 2660 ipse
1118 2590 1364 2645 maximis
1392 2587 1698 2644 afﬁceretur
1717 2586 2013 2643 benelieiis.

437 2684 739 2755 Propterea,
771 2685 967 2755 inquit;
1001 2683 1107 2740 hoc
1138 2691 1238 2748 est,
1268 2691 1488 2754 propter
1512 2681 1770 2746 futurum,
1795 2689 1848 2737 et
1877 2680 2017 2734 bona

436 2781 668 2851 reposita
696 2780 759 2834 iis
775 2781 861 2849 qui
895 2787 1039 2833 recte
1062 2776 1287 2832 credunt
1307 2785 1361 2831 ct
1386 2776 1585 2830 vivunt.
1612 2776 1785 2845 Atque
1806 2789 2016 2844 a-quum

434 2874 651 2944 quidem
679 2883 758 2928 est
788 2882 840 2928 et
864 2873 1068 2943 justum
1098 2871 1297 2941 gratias
1337 2885 1497 2941 agere
1526 2870 1668 2936 Deo,
1696 2877 1751 2925 et
1780 2883 1876 2939 pro
1904 2884 2020 2923 om-

438 2965 594 3018 nibus
622 2980 740 3034 qua:
788 2964 856 3018 ab
901 2965 1017 3034 ipso
1059 2962 1253 3018 collata
1284 2971 1409 3018 sunt
1454 2961 1689 3018 humano
1716 2961 1933 3033 generi,
1964 2969 2018 3016 et

437 3068 595 3114 antea
638 3068 690 3113 et
720 3067 900 3128 postea
930 3076 943 3112 :
972 3073 1181 3128 mquum
1213 3066 1392 3113 autem
1425 3067 1479 3113 et
1502 3057 1702 3127 justum
1731 3065 1814 3112 est
1852 3055 2015 3111 etiam

440 3152 640 3222 gratias
669 3166 826 3221 agere
857 3168 953 3220 pro
999 3149 1104 3206 lide
1131 3165 1316 3206 eorum
1349 3149 1439 3220 qui
1470 3148 1718 3204 credunt.
1749 3147 1976 3202 Audiens
1998 3190 2012 3213 ,

441 3251 628 3322 inquit,
658 3253 810 3320 ﬁdem
833 3260 1047 3304 vestram
1070 3290 1086 3315 ,
1111 3264 1223 3320 qua:
1242 3257 1315 3303 est
1338 3249 1390 3301 in
1433 3246 1632 3302 Christo
1668 3244 1706 3299 Ι
1709 3262 1795 3300 esu
1820 3286 1835 3311 ,
1862 3255 1909 3300 et
1934 3244 2018 3297 di-

441 3344 703 3398 lectionem
731 3344 781 3397 in
810 3359 983 3396 omnes
1015 3350 1234 3396 sanctos.
1263 3339 1472 3411 Ubique
1496 3339 1771 3410 conjungit
1800 3346 1853 3392 ct
1892 3352 2022 3391 con-

441 3434 665 3505 glutinat
698 3434 855 3489 lidcm
902 3443 956 3488 et
982 3432 1322 3489 dilectionem
1352 3473 1367 3499 ,
1404 3433 1575 3502 bigam
1605 3430 1888 3502 quamdam
1921 3429 2019 3483 ad-

447 3525 939 3583 mirabileunhNon
991 3527 1163 3581 solum
1200 3525 1329 3581 dicit
1380 3525 1690 3595 indigenas,
1723 3521 1816 3578 sed
1861 3522 2023 3575 etiam

448 3636 655 3676 otnnes.
688 3619 809 3675 Non
829 3636 967 3675 cesso
992 3621 1184 3690 gratias
1209 3636 1365 3690 agens
1389 3634 1480 3689 pro
1519 3616 1655 3672 vobis
1681 3659 1695 3684 ,
1720 3617 2021 3670 mentionem

445 3714 594 3766 vestri
621 3715 813 3785 faciens
835 3713 886 3764 in
911 3710 1221 3765 orationibus
1259 3711 1401 3764 meis.
1430 3709 1567 3779 Quid
1597 3709 1732 3779 petis
1752 3720 1803 3763 et
1830 3708 2025 3777 rogas?

451 3803 517 3859 Ut
546 3803 682 3857 Deus
714 3803 919 3856 Domini
948 3803 1109 3855 nostri
1131 3800 1163 3855 .l
1171 3819 1255 3855 esu
1284 3800 1492 3865 Christi,
1520 3799 1676 3853 Pater
1696 3800 1874 3870 glorior
1897 3839 1911 3863 ,
1941 3798 2024 3852 det

447 3895 583 3950 vobis
622 3894 855 3963 spiritum
880 3894 1143 3964 sapientia:
1182 3903 1227 3947 et
1268 3892 1606 3947 reuelationis.
1634 3891 1759 3947 Vult
1797 3907 1890 3947 eos
1919 3890 2026 3946 duo

448 3988 658 4044 discere
680 4029 695 4055 ,
748 3995 808 4043 ut
853 3986 1060 4043 discere
1087 3994 1337 4056 oportet,
1370 3994 1423 4041 et
1451 3994 1668 4057 propter
1707 4001 1826 4055 qua:
1854 3985 2027 4040 vocati

449 4096 608 4149 sunt,
641 4092 693 4138 et
739 4081 1009 4153 quomodo
1059 4081 1269 4135 liberati
1318 4091 1442 4134 sunt
1490 4095 1517 4133 a
1572 4079 1860 4150 prioribus.
1896 4079 2032 4133 Dit‘il.

449 4186 628 4231 autem
677 4177 790 4246 ipse
839 4190 900 4230 ea
941 4166 1061 4230 esse
1109 4176 1227 4253 tria.
1260 4173 1542 4242 Quomodo
1569 4189 1697 4244 ergo
1727 4182 1853 4228 sunt
1883 4174 1980 4227 tria
2007 4173 2030 4227 ?

452 4269 528 4324 De
554 4269 745 4324 futuris
772 4268 816 4322 si
837 4268 1124 4323 discamus.
1150 4266 1288 4322 Nam
1309 4283 1337 4321 a
1366 4266 1521 4322 bonis
1540 4266 1755 4339 quidem
1782 4265 2032 4337 rep0sitis

451 4364 683 4420 sciemus
732 4364 848 4433 ejus
888 4361 1182 4417 ineliabiles
1225 4372 1279 4418 et
1321 4377 1441 4432 qua:
1491 4371 1732 4416 naturam
1775 4368 2032 4429 superant

453 4456 713 4515 divitias;
757 4471 824 4512 ett
866 4471 931 4509 eo
985 4465 1169 4511 autem
1201 4455 1342 4526 quod
1385 4454 1765 4521 didicerimus,
1808 4453 2027 4524 quinam

451 4563 571 4603 cum
602 4563 845 4604 essemus
869 4548 1137 4619 quomodo
1156 4548 1505 4614 credidimus,
1527 4547 1641 4617 ejus
1661 4547 1951 4617 potentiam
1976 4553 2037 4599 et

452 4641 843 4702 auctoritatem,
868 4656 937 4695 eo
953 4641 1095 4710 quod
1122 4642 1451 4696 converterit
1479 4655 1573 4697 eos
1602 4641 1689 4709 qui
1718 4647 1864 4693 tanto
1898 4649 2033 4693 tem-

454 4749 583 4805 pore
612 4733 820 4789 fuerant
860 4734 1099 4788 alienati.
1124 4733 1253 4788 Nam
1286 4735 1436 4802 Quod
1477 4744 1549 4789 est
1593 4733 1688 4787 Dei
1726 4734 1985 4802 infirmum
2011 4774 2027 4800 ,

453 4838 526 4883 est
551 4828 733 4898 fortius
767 4828 1053 4882 hominibus
1075 4826 1150 4901 (l.
1177 4826 1295 4882 Cor.
1318 4829 1367 4882 1.
1394 4826 1509 4897 23).
1540 4826 1617 4882 Ex
1662 4825 1848 4883 eadem
1888 4827 2031 4882 enim

456 4922 691 4992 potentia
712 4964 728 4989 ,
759 4937 860 4993 qua
889 4921 1161 4977 Christum
1215 4920 1526 4986 suscitavit,
1560 4936 1659 4975 nos
1703 4935 1921 4990 quoque
1967 4918 2034 4974 ad

452 5034 514 5073 se
550 5018 726 5073 traxit.
752 5015 932 5087 Neque
958 5030 1125 5085 usque
1155 5014 1224 5071 ad
1250 5013 1696 5071 resurrectionem
1727 5015 1899 5069 solum
1949 5022 2032 5069 est

454 5111 572 5177 ejus
598 5109 835 5181 potentia
861 5148 877 5175 ,
908 5105 1003 5163 sed
1031 5106 1189 5178 longe
1215 5108 1460 5177 amplius.
1493 5106 1559 5163 Et
1599 5108 1773 5161 sedere
1808 5106 1926 5177 fecit
1965 5105 2035 5159 ad

456 5201 715 5256 demteram
742 5216 905 5263 suam,
932 5199 1021 5254 2L
1047 5215 1201 5269 super
1221 5216 1419 5253 omnem
1454 5200 1798 5269 principatum
1820 5208 1865 5253 et
1891 5208 2031 5269 pote-

455 5304 634 5349 statem
655 5304 701 5350 et
722 5294 953 5349 virtutem
973 5303 1019 5349 et
1044 5292 1438 5346 dominationem
1459 5300 1503 5345 et
1534 5308 1680 5346 omne
1702 5307 1880 5347 nomen
1902 5291 2037 5362 quod

458 5388 747 5442 nominatur
770 5403 789 5453 ;
818 5386 907 5440 ΞΩ.
930 5394 976 5439 et
1015 5386 1185 5439 omnia
1213 5383 1424 5453 subjecit
1454 5383 1544 5436 sub
1572 5383 1780 5454 pedibus
1805 5384 1916 5455 ejus
1942 5425 1958 5451 ,
1988 5393 2034 5437 et

521 5588 538 5653 ξ
559 5583 877 5653 Coislinianus
898 5594 1027 5653 unus
1047 5581 1126 5630 hic
1137 5581 1355 5653 quaedam
1375 5581 1594 5653 adjicit...
1612 5580 1770 5653 bigam
1780 5581 2043 5653 quamdam

456 5644 814 5700 admirabilem.
865 5643 984 5693 t'ide
1013 5643 1181 5694 erunt:
1210 5645 1296 5694 sub
1320 5643 1578 5693 exordium
1624 5643 1837 5703 epistola:
1878 5643 2038 5699 dixit,

455 5712 645 5759 Sanctis
668 5708 750 5771 qui
765 5704 1106 5771 sunt_Ephesi;
1130 5713 1441 5771 truncantem
1465 5706 1643 5769 profert
1669 5704 1967 5771 dilectionem
1992 5717 2041 5753 ut

457 5785 617 5822 omines
630 5766 834 5828 sanctos,
847 5767 917 5819 sic
944 5766 1112 5817 vocans
1135 5779 1227 5817 nou
1247 5766 1498 5831 indigenas
1522 5766 1722 5829 tantum,
1749 5768 1835 5819 sed
1855 5779 2037 5821 omnes.

2125 651 2292 719 ipsum
2321 655 2461 709 dedit
2509 670 2660 729 caput
2684 677 2843 729 supra
2886 682 3084 722 omnem
3129 667 3409 727 Ecclesium
3433 716 3449 741 ,
3473 676 3564 732 23.
3591 693 3711 745 qua:

2124 753 2196 798 est
2222 762 2406 816 corpus
2430 749 2590 818 ipsius
2615 761 2661 805 et
2683 753 2944 819 plenitudo
2968 759 3079 828 ejus
3105 799 3118 822 ,
3142 762 3229 832 qui
3250 766 3419 818 omnia
3445 766 3499 821 in
3539 772 3707 823 omni-

2122 837 2212 892 bus
2253 841 2581 913 adimpletur.
2622 844 2934 915 Magnorum
2994 867 3180 907 revera
3232 860 3609 927 mysteriorum
3652 872 3705 916 et

2122 945 2437 988 arcanorum
2476 951 2573 991 nos
2615 937 2739 992 fecit
2786 941 3110 1012 participes:
3144 960 3241 999 nec
3270 964 3332 1002 ea
3379 951 3536 1006 aliter
3578 954 3703 1010 licet

2122 1022 2337 1090 dicere,
2388 1042 2546 1096 quam
2593 1029 2662 1084 ab
2694 1029 2758 1083 iis
2795 1032 2883 1102 qui
2913 1034 3085 1089 sancti
3128 1031 3358 1107 Spiritus
3386 1051 3511 1096 sunt
3539 1045 3703 1112 parti-

2123 1116 2300 1186 cipes,
2350 1126 2405 1173 et
2444 1119 2607 1173 multa
2646 1121 2896 1178 linuntur
2945 1126 3136 1196 gratia.
3166 1129 3456 1201 Propterea
3508 1135 3701 1191 Paulus

2121 1223 2334 1278 quoque
2359 1210 2436 1264 sic
2464 1221 2712 1281 precatur
2736 1233 2750 1268 :
2784 1215 2938 1269 Pater
2964 1220 3144 1289 gloria:
3162 1262 3177 1284 ,
3204 1222 3371 1292 inquit
3397 1244 3410 1278 :
3447 1228 3548 1281 hoc
3575 1240 3653 1283 est
3676 1270 3691 1291 ,

2122 1299 2211 1367 qui
2252 1315 2438 1371 magna
2474 1302 2628 1359 nobis
2655 1303 2801 1360 dedit
2832 1308 2991 1362 bona.
3022 1309 3102 1365 Ab
3145 1311 3209 1365 iis
3249 1314 3389 1368 enim
3429 1331 3549 1386 qua-
3577 1329 3702 1373 sunt

2120 1388 2360 1458 subjecta
2406 1406 2525 1446 eluit
2555 1406 2770 1464 semper
2796 1408 2950 1452 vocat
2975 1440 2988 1460 ,
3022 1409 3077 1452 ut
3098 1402 3310 1470 quando
3341 1404 3506 1471 dicit,
3548 1406 3701 1462 Pater

2123 1479 2500 1535 miserationum
2523 1494 2569 1537 et
2596 1484 2731 1539 Deus
2755 1485 2906 1541 totius
2923 1490 3282 1545 consolationis
3305 1493 3382 1561 (2.
3404 1495 3520 1551 Cor.
3542 1498 3592 1551 1.
3611 1498 3698 1567 5);

2121 1577 2176 1624 et
2208 1586 2390 1628 rursus
2415 1574 2705 1644 propheta,
2744 1577 2992 1634 Dominus
3038 1583 3284 1651 fortitudo
3310 1587 3419 1639 mea
3460 1595 3507 1640 et
3544 1590 3700 1643 auxi-

2123 1662 2248 1717 lium
2286 1681 2454 1721 meum
2503 1665 2677 1739 (Psal.
2712 1669 2801 1724 17.
2827 1668 2882 1724 9.
2908 1671 2987 1741 5).
3036 1670 3192 1726 Pater
3235 1676 3428 1744 gloria).
3475 1677 3547 1735 Ea
3598 1694 3699 1734 suo

2122 1757 2339 1812 nomine
2366 1775 2470 1812 non
2501 1770 2677 1829 potest
2703 1761 2973 1830 explicare
3001 1779 3066 1819 ac
3099 1764 3339 1835 proferre
3359 1809 3372 1830 ,
3404 1778 3456 1822 et
3496 1770 3693 1839 ubique

2123 1850 2596 1938 appellatgloriam
2619 1894 2636 1921 ,
2669 1854 2811 1924 quod
2844 1855 3059 1926 quidem
3091 1866 3177 1912 est
3202 1858 3341 1929 apud
3372 1875 3468 1914 nos
3497 1875 3690 1916 nomen

2120 1950 2177 1998 et
2203 1944 2488 2015 appellatio
2529 1946 2705 2000 onmis
2730 1945 3057 2015 splendoris.
3087 1948 3227 2004 Ecce
3267 1950 3424 2005 Pater
3467 1951 3647 2021 gloriae
3675 1995 3691 2018 ,

2121 2040 2331 2110 inquit,
2355 2038 2553 2095 Christi
2583 2050 2763 2095 autem
2795 2041 2954 2097 Deus.
2985 2041 3125 2109 Quid
3148 2057 3277 2114 ergo
3297 2086 3311 2110 ,
3343 2054 3497 2099 estne
3530 2044 3699 2099 Filius

2122 2130 2297 2185 minor
2323 2130 2534 2201 gloria?
2562 2130 2666 2187 Sed
2697 2148 2876 2197 nemo,
2903 2150 2970 2189 ne
2997 2135 3038 2189 si
3071 2134 3299 2190 insaniat
3326 2136 3563 2206 quidem,
3597 2137 3700 2192 hoc

2120 2222 2340 2279 dixerit.
2370 2222 2464 2278 Det
2493 2223 2630 2278 vobis
2650 2266 2665 2289 ,
2697 2224 2798 2281 hoc
2835 2236 2919 2281 est
2943 2267 2958 2292 ,
2991 2236 3224 2281 mentem
3256 2237 3486 2283 vestram
3528 2231 3703 2283 extol-

2120 2314 2233 2371 lere
2257 2324 2312 2370 et
2338 2317 2575 2385 exigere.
2602 2317 2726 2372 llmc
2774 2319 2921 2373 enim
2972 2334 3077 2374 non
3109 2319 3235 2374 licet
3262 2320 3418 2375 aliter
3464 2322 3696 2376 discere.

2120 2405 2370 2461 Animalis
2397 2407 2531 2462 enim
2580 2409 2729 2463 homo
2751 2426 2850 2463 non
2883 2411 3095 2481 percipit
3136 2429 3249 2479 quia
3291 2423 3408 2467 sunt
3452 2414 3701 2482 spiritus:

2120 2508 2239 2553 sunt
2283 2499 2416 2553 enim
2455 2501 2501 2555 ei
2545 2502 2762 2556 stultitia
2797 2503 2874 2573 (1.
2898 2503 3016 2557 Cor.
3044 2504 3100 2558 2.
3127 2504 3238 2576 lt).
3268 2505 3413 2576 Opus
3458 2517 3541 2562 est
3571 2523 3701 2579 ergo

2119 2592 2382 2661 spirituali
2425 2595 2709 2664 sapientia,
2743 2604 2803 2651 ut
2846 2597 3139 2664 Spiritualia
3195 2600 3592 2671 intelligamus,
3642 2610 3700 2656 ut

2120 2682 2399 2739 videamus
2446 2699 2566 2756 quze
2619 2695 2745 2740 sunt
2796 2689 3051 2743 occulta:
3094 2689 3210 2759 ipse
3258 2693 3477 2760 Spiritus
3523 2695 3699 2747 omnia

2121 2778 2294 2846 aperit
2320 2785 2375 2833 et
2419 2777 2627 2834 revelat
2658 2778 2732 2852 (1.
2758 2778 2878 2834 Cor.
2905 2778 2960 2833 2.
2985 2779 3075 2847 10)
3104 2799 3118 2836 :
3153 2782 3244 2836 Dei
3277 2792 3359 2837 est
3390 2795 3705 2840 narraturus

2121 2870 2394 2940 mysteria.
2426 2869 2802 2941 Mysteriorum
2831 2879 3008 2926 autem
3044 2873 3134 2927 Dei
3164 2875 3525 2945 Cognitinnem
3554 2876 3705 2931 solus

2122 2962 2271 3015 novit
2297 2961 2526 3031 Spiritus
2551 3003 2566 3030 ,
2614 2964 2703 3031 qui
2734 2963 2894 3018 etiam
2939 2974 3210 3020 scrutatur
3249 2966 3365 3035 ejus
3394 2965 3653 3036 profunda
3686 2986 3702 3023 :

2123 3067 2230 3108 non
2253 3054 2496 3124 angelus,
2530 3070 2635 3108 non
2665 3055 3038 3126 archangeius,
3068 3074 3172 3112 non
3204 3058 3309 3112 ulla
3334 3059 3434 3113 alia
3465 3068 3707 3129 potestas

2123 3156 2302 3202 creata
2333 3146 2576 3209 dederit;
2610 3146 2710 3201 hoc
2737 3154 2837 3212 est,
2874 3147 3023 3202 vobis
3067 3149 3333 3202 charisma
3365 3151 3619 3219 prtebeat.
3645 3150 3706 3205 Si

2124 3249 2301 3295 autem
2336 3239 2438 3294 hoc
2465 3249 2547 3295 est
2589 3238 2932 3294 revelationis
2958 3279 2973 3304 ,
3008 3239 3274 3310 superﬂua
3305 3249 3388 3293 est
3436 3242 3706 3296 rationum

2126 3332 2384 3389 inventio.
2412 3331 2547 3386 Nam
2577 3333 2665 3402 qui
2697 3332 2867 3386 Deum
2896 3331 3083 3386 didicit
3109 3340 3161 3385 et
3193 3332 3359 3385 Deum
3393 3335 3561 3399 novit,
3596 3351 3707 3389 non

2126 3423 2353 3493 amplius
2397 3423 2465 3476 de
2513 3422 2622 3476 ullo
2648 3421 3081 3476 dubitabitmon
3134 3421 3312 3487 dicet,
3360 3423 3472 3478 Hoc
3532 3434 3714 3493 potest

2128 3513 2264 3579 lieri,
2294 3514 2393 3567 hoc
2419 3529 2526 3567 non
2557 3521 2754 3583 potest,
2789 3523 2843 3589 et
2869 3513 3141 3582 quomodo
3169 3512 3271 3567 hoc
3302 3515 3499 3568 factum
3529 3515 3621 3569 sit.
3654 3516 3711 3568 Si

2131 3605 2298 3658 Deum
2328 3603 2669 3659 didicerimus
2692 3615 2747 3657 ut
2777 3603 2915 3658 scire
2940 3611 3184 3673 oportet,
3214 3603 3258 3657 si
3285 3603 3634 3658 didicerimus
3681 3619 3712 3659 a

2129 3712 2236 3769 quo
2275 3696 2482 3752 discere
2524 3705 2773 3765 oportet,
2831 3710 3023 3765 nempe
3064 3694 3131 3749 ab
3179 3694 3296 3765 ipso
3324 3693 3559 3764 Spiritu,
3606 3711 3711 3748 mn

2130 3792 2362 3861 amplius
2414 3790 2482 3845 de
2539 3790 2644 3843 ulla
2694 3806 2750 3843 re
2797 3787 3178 3843 dubitabimus.
3207 3786 3495 3856 Propterea
3542 3785 3709 3849 dicit,

2133 3881 2200 3936 In
2230 3882 2490 3953 agnitione
2522 3886 2630 3950 ejus
2671 3880 2986 3934 illuminatos
3016 3877 3190 3933 oculos
3221 3879 3385 3932 cordis
3414 3877 3581 3931 vestri.
3611 3877 3712 3943 Qui

2133 3975 2381 4031 didicerit
2409 3972 2533 4045 quid
2561 3973 2630 4027 sit
2665 3973 2823 4035 Deus,
2857 3988 2962 4025 non
2983 3971 3249 4025 dubitabit
3288 3970 3355 4025 de
3399 3970 3716 4040 promissio-

2136 4068 2293 4123 nibus
2327 4085 2340 4122 :
2371 4082 2477 4121 non
2517 4065 2585 4121 de
2632 4065 2697 4120 iis
2723 4080 2841 4135 qua:
2867 4066 2978 4134 jam
3011 4065 3149 4119 facta
3180 4074 3305 4119 sunt
3335 4063 3437 4119 erit
3461 4064 3711 4118 incredu-

2134 4162 2239 4217 lus.
2263 4162 2437 4230 Atque
2476 4168 2623 4229 Optat
2652 4158 2866 4229 quidem
2908 4160 2988 4213 eis
3019 4158 3131 4212 (lari
3162 4158 3406 4228 spiritum
3438 4156 3717 4225 sapientiae

2135 4261 2190 4309 ct
2251 4251 2638 4317 revelationis;
2689 4260 2943 4305 czcterum
2994 4251 3108 4320 ipse
3176 4264 3387 4320 quoque
3433 4247 3720 4303 conlinunt

2138 4345 2434 4402 ratiOnibus
2458 4360 2808 4416 quascumque
2832 4353 3006 4412 potest
3030 4359 3094 4399 ex
3127 4344 3191 4398 iis
3216 4358 3333 4414 quae
3351 4343 3460 4412 jam
3484 4341 3716 4396 luerunt.

2139 4439 2268 4494 Nam
2319 4438 2570 4508 quoniam
2601 4446 2716 4491 erat
2764 4437 3004 4490 dicturus
3050 4436 3150 4489 alia
3210 4434 3422 4505 quidem
3451 4449 3569 4502 qua:
3610 4433 3718 4501 jam

2140 4532 2274 4587 facta
2302 4530 2534 4594 fuerant,
2566 4531 2667 4583 alia
2696 4539 2874 4582 autem
2901 4544 3019 4599 qua:
3050 4527 3289 4581 nondmn
3338 4525 3674 4595 contigerant
3703 4538 3719 4576 :

2139 4641 2204 4680 ex
2236 4626 2298 4679 iis
2327 4639 2446 4695 quae
2473 4623 2609 4678 facta
2641 4630 2766 4677 sunt
2789 4664 2803 4688 ,
2835 4620 2993 4676 fidem
3022 4620 3146 4675 facit
3186 4620 3251 4673 iis
3296 4633 3414 4685 «pta:
3444 4616 3581 4671 facta
3616 4629 3722 4669 non

2140 4728 2261 4775 sunt
2280 4714 2606 4787 :cujusmodi
2628 4724 2709 4771 est
2725 4714 2827 4770 hoc
2846 4733 2858 4767 :
2880 4712 2946 4769 Ut
2968 4715 3161 4777 sciatis,
3177 4712 3369 4782 inquit,
3392 4726 3505 4780 qua:
3522 4711 3587 4763 sit
3611 4724 3723 4776 spes

2139 4812 2415 4867 vocationis
2438 4811 2568 4880 ejus.
2596 4811 2690 4864 Est
2714 4809 2892 4864 adhuc
2924 4849 2939 4875 ,
2971 4807 3174 4878 inquit,
3204 4807 3410 4859 occulta
3436 4843 3451 4867 ,
3479 4799 3573 4857 sed
3611 4813 3719 4852 non

2144 4906 2409 4962 ﬁdelibus.
2458 4904 2527 4958 Et
2567 4921 2683 4976 qua
2734 4903 2925 4959 divitia:
2967 4902 3145 4974 σιω-ἕω
3178 4898 3464 4952 hereditatis
3508 4895 3620 4964 ejus
3668 4895 3723 4948 in

2141 4998 2347 5052 sanctis.
2379 4997 2492 5052 Hoc
2524 5010 2735 5067 quoque
2752 5002 2833 5047 est
2855 4992 3028 5046 adhuc
3059 5004 3165 5043 non
3195 4985 3557 5041 Inanil'estmn.
3584 4986 3724 5051 Quid

2145 5100 2227 5148 est
2254 5101 2431 5145 autem
2464 5086 2848 5145 iiiauilcsmm?
2895 5081 3049 5151 Quod
3102 5078 3428 5136 credidimus
3457 5092 3581 5131 eum
3629 5092 3726 5130 sus

2143 5189 2339 5242 virtute
2383 5182 2653 5239 Christum
2698 5177 3022 5232 suscitasse:
3059 5182 3143 5228 est
3185 5171 3325 5251 enim
3356 5168 3516 5240 lenge
3555 5169 3736 5223 admi—

2144 5280 2363 5336 rabilius
2407 5275 2739 5347 persuasisse
2786 5268 3014 5333 animis,
3044 5250 3209 5336 quam
3253 5263 3545 5319 suscitasse
3585 5275 3734 5317 mot-
3784 5250 3800 5262 ”

2145 5384 2314 5429 tuum.
2347 5371 2416 5426 Et
2445 5364 2755 5441 quomodo?
2790 5363 2902 5433 Ego
2952 5360 3168 5417 tentabo
3201 5358 3303 5413 hoc
3332 5355 3481 5411 vobis
3512 5366 3722 5425 persna-

2144 5467 2272 5521 dere
2301 5482 2314 5518 :
2348 5463 2470 5518 audi
2502 5462 2643 5517 enim
2681 5457 2925 5513 Curistus
2955 5455 3090 5509 dixit
3119 5460 3353 5515 mortuo,
3378 5443 3726 5507 Laaare,vcui

2149 5563 2288 5629 foras
2315 5557 2496 5625 (Joan.
2527 5556 2611 5609 11.
2643 5553 2735 5624 45)
2755 5594 2768 5616 ,
2800 5560 2854 5606 et
2879 5550 3061 5604 statim
3094 5547 3296 5603 obediit
3327 5562 3339 5598 :
3372 5543 3560 5597 Petrus
3585 5539 3725 5592 dixit

2149 5652 2410 5718 Tabithze,
2446 5649 2613 5718 Surge
2636 5646 2770 5719 (Act.
2795 5645 2849 5701 9.
2877 5644 3000 5714 40),
3028 5653 3211 5697 etnon
3235 5633 3576 5692 Contradixit.
3606 5632 3723 5700 Ipse

2147 5749 2286 5806 dicet
2318 5748 2475 5805 indie
2501 5747 2713 5812 ultimo,
2732 5752 2787 5799 et
2802 5754 2989 5797 omnes
3021 5740 3321 5804 resurgent,
3346 5736 3399 5784 et
3425 5741 3548 5782 cum
3575 5734 3720 5782 tanta
