4052 6214
438 268 508 323 ‘25

510 387 577 457 β’.
615 385 737 439 Ἑπλ⁸
765 385 822 438 δὲ
853 386 945 438 τοῦ
972 385 1278 453 πιστεῦσαι,
1310 387 1409 456 οὑχ
1438 386 1607 450 οὕτως
1628 402 1641 415 '
1673 383 1811 438 ἀλλά
1848 381 1998 445 πῶςζ

438 476 639 528 ’Ᾱκουε
676 473 839 527 αὑτοῦ
898 474 1059 527 πάλιν
1104 474 1353 542 λέγοντος
1378 492 1392 506 ο
1420 474 1686 537 Ποσάκις
1729 470 2002 540 ἠθέλησα

433 560 906 629 ἐπισυναγαγεῖν
942 563 1015 615 τὰ
1061 561 1243 615 τέκνα
1282 560 1468 630 ὑμῶν,
1508 560 1604 614 καί
1645 562 1757 613 οὐκ
1792 558 2007 627 ἠθελή-

434 647 615 700 σατεί
674 647 838 717 Ὁρᾷς
886 648 970 700 ὃτι
1009 647 1169 700 τοῦτο
1209 645 1647 717 δυσκολώτερον;
1685 645 1849 698 Ὥστε
1899 643 2006 696 ἀπὸ

434 733 624 786 τούτου
660 735 720 786 τὸ
749 735 855 786 πᾶν
891 732 1309 796 κατασκευάζει.
1340 731 1528 800 ΙΙολλῷ
1557 733 1667 802 γάρ
1715 733 1831 784 ἐστι
1856 730 2005 797 λογι-

437 823 594 890 σμοῖς
636 821 998 891 ἀνθρωπίνοις
1028 818 1428 891 δυσκολώτερον
1469 818 1787 889 προαίρεσιν
1823 811 1998 871 πεῖσαι

434 903 529 956 τοῦ
564 903 726 973 φύσιν
765 901 1120 972 ἐργάσασθαι.
1163 902 1236 954 Τὸ
1287 902 1344 954 δέ
1391 901 1583 963 αἴτιον,
1614 899 1800 966 ἐπειδὴ
1841 899 2002 962 αὑτὸς

435 990 575 1043 οὕτω
601 989 848 1059 βούλεται
885 988 1108 1052 ἑκόντας
1148 989 1295 1058 ἡμᾶς
1328 987 1579 1054 γενέσθαι
1613 986 1869 1053 ἀγαθούς.
1897 986 2002 1039 Οὖ-

432 1094 539 1140 τως
587 1077 810 1138 εἰκότως
858 1070 980 1128 εἷπε
1003 1089 1017 1103 ⁸
1074 1073 1145 1127 Τὸ
1191 1073 1574 1142 ὑπερϐάλλον
1600 1071 1847 1142 μέγεθος
1889 1072 2000 1142 τῆς

431 1161 736 1232 δυνάμεως
791 1161 979 1215 αὑτοῦ
1030 1163 1117 1225 είς
1168 1159 1325 1229 ’ἡμᾶς
1380 1160 1521 1227 τοὺς
1582 1163 1992 1228 πιστεύοντας.

432 1244 561 1297 Ὀτε
598 1246 707 1315 γὰρ
759 1246 1028 1314 προφῆται
1078 1243 1231 1297 οὐδὲν
1265 1244 1490 1313 ἤνυσαν,
1520 1245 1608 1297 ὅτε
1644 1244 1863 1312 ἄγγελοι
1903 1244 1999 1298 καὶ

404 1328 782 1401 ’ἀρχά-γγελοι,
805 1332 894 1384 ὅτε
928 1331 1080 1399 πᾷσα
1119 1330 1294 1395 κτίσις
1322 1332 1356 1401 ή
1384 1332 1576 1403 ὁρατὴ,
1610 1332 1706 1385 καὶ
1744 1333 1995 1404 ἀόρατος,

428 1418 597 1490 ὁρατὴ
634 1419 732 1488 μὲν
770 1419 849 1481 είς
902 1417 1066 1489 μέσον
1096 1419 1451 1491 προκειμένη,
1496 1421 1589 1474 καὶ
1619 1420 1693 1492 μὴ
1738 1422 1995 1492 ἰσχύουσα

428 1505 870 1576 χειραγωγῆσαι,
917 1506 1148 1575 ἀόρατος
1183 1506 1241 1559 δὲ
1292 1506 1495 1577 πολλὴ,
1528 1507 1847 1579 ᾠκονόμησε
1896 1511 1995 1579 τὴν

430 1592 593 1645 αὑτοῦ
627 1592 924 1663 παρουσίαν
954 1594 1094 1655 τότε,
1123 1594 1339 1658 δεικνὺς
1389 1596 1471 1648 ὅτι
1500 1595 1651 1660 θείας
1688 1596 1883 1670 ἔχρῃζε
1933 1599 1995 1651 τὸ

429 1682 660 1749 πρᾶγμα
686 1680 982 1750 δυνάμεως.
1015 1681 1290 1735 Πλοῦτον
1312 1680 1516 1748 δόξης.
1544 1683 1819 1749 Τουτέστι,
1850 1684 1993 1754 ἄφα-

426 1783 517 1820 τον
542 1768 717 1830 δόξαν.
749 1768 905 1831 Ποῖος
931 1768 1041 1838 γάρ
1066 1768 1224 1833 λόγος
1254 1768 1351 1840 τὴν
1383 1768 1540 1833 δόξαν
1570 1770 1787 1842 ἐκείνην
1817 1789 1995 1842 παρα·

428 1854 620 1924 στῆσαι
635 1855 942 1924 δυνήσεται,
962 1852 1029 1928 ἧς
1046 1858 1094 1909 οἱ
1112 1857 1254 1925 ἆγιοι
1272 1857 1390 1910 τότε
1416 1858 1730 1928 μεθέξουσιν
1749 1876 1763 1923 ;
1782 1861 1990 1925 Οὑδείςυ

424 1944 558 1997 ἀλλὰ
591 1942 811 2014 χάριτος
838 1943 1007 2008 ὅντως
1041 1943 1133 2003 δεῖ,
1159 1945 1296 2015 πρὸς
1326 1946 1388 1999 τὸ
1415 1946 1513 2015 τὴν
1535 1946 1774 2003 διάνοιαν
1803 1949 1991 2020 μαθεῖν

423 2030 516 2084 καὶ
537 2031 672 2094 ὅλως
702 2032 894 2085 ἀκτῖνα
919 2030 1122 2101 μικρὰν
1143 2031 1273 2100 γοῦν
1293 2048 1415 2089 τινα
1438 2032 1711 2100 δέξασθαι.
1730 2036 1865 2089 Τινά
1891 2037 1991 2104 μέν

421 2118 529 2189 γὰρ
570 2120 767 2188 ᾔδεσαν
815 2118 911 2172 καὶ
954 2118 1255 2190 πρότερον,
1292 2118 1543 2174 ἐϐούλετο
1578 2122 1635 2175 δέ
1684 2123 1778 2176 νῦν
1829 2124 1989 2177 πλέον

421 2206 618 2269 αὑτοὺς
664 2204 856 2276 μαθεῖν
893 2205 991 2257 καὶ
1051 2206 1384 2279 σαφέστερον
1422 2209 1643 2276 γνῶναι.
1680 2209 1848 2283 Ὁρᾷς
1891 2213 1990 2265 ὅσα

421 2293 744 2363 εἰργάσατος
796 2294 1023 2364 Ἦγειρε
1079 2295 1171 2349 τὸν
1222 2295 1486 2366 Χριστόν⁵
1535 2298 1731 2369 μικρὸν
1790 2299 1986 2367 τοῦτο;

434 2381 574 2434 Ἀλλ’
594 2382 695 2452 ὅρα
725 2383 818 2435 καὶ
847 2383 1028 2436 πάλιν·
1072 2382 1354 2438 Ἐκάθισεν
1380 2386 1437 2438 ἐν
1468 2385 1614 2458 δεξιᾷ
1640 2387 1806 2441 αὑτοῦ
1825 2404 1839 2421 ο
1879 2388 1987 2460 ἄρα

419 2465 503 2531 τίς
529 2467 687 2537 λόγος
711 2470 868 2523 τοῦτο
888 2470 1237 2541 παραστῆσαι
1265 2471 1555 2544 δυνήσεται
1579 2492 1594 2537 ;
1621 2476 1726 2530 Τὸν
1758 2477 1866 2531 ἀπὸ
1887 2479 1987 2548 τῆς

419 2557 546 2626 γῆς,
571 2556 663 2610 τὸν
708 2556 814 2610 τῶν
849 2556 1047 2626 ἰχθύων
1085 2558 1445 2627 άιρωνότερον,
1467 2562 1558 2615 τὸν
1590 2563 1841 2634 παίγνιον
1879 2567 1986 2621 τῶν

417 2644 687 2715 δαιμόνων
740 2645 1058 2715 γενόμενον,
1110 2647 1189 2710 είς
1243 2646 1376 2716 ὕψος
1430 2649 1632 2715 εὐθέως
1688 2653 1983 2723 ἀνήγαγεν.

424 2732 630 2793 Ὄντως
660 2732 993 2800 ὑπερϐάλλον
1035 2733 1261 2804 μέγεθος
1291 2736 1390 2806 τῆς
1423 2735 1705 2808 δυνάμεως
1735 2741 1920 2796 αὑτοῦ.

493 2819 604 2873 Kal
635 2819 732 2873 θέα
763 2820 865 2874 ποῦ
898 2821 1196 2890 ἀνήγαγενο
1238 2822 1326 2877 Ἐν
1363 2826 1476 2888 τοῖς
1508 2827 1850 2898 ἐπουρανίοις
1879 2831 1984 2884 πά-

421 2925 519 2978 σης
566 2908 790 2975 κτιστῆς
821 2908 1035 2977 φύσεως
1081 2906 1352 2979 ἀνώτερον
1388 2912 1673 2983 ἐποίησεν,
1732 2916 1986 2988 ὑπεράνω

418 2997 597 3065 πάσης
643 2996 820 3067 ἀρχῆς
867 2996 961 3049 καὶ
996 2995 1264 3062 ἐξουσίας.
1308 2998 1599 3066 Ὺπεράνω
1640 3001 1841 3071 πάσης
1884 3006 1985 3075 ἀρ-

418 3085 555 3152 χῆς.
589 3083 776 3152 φησίν.
819 3084 1026 3146 Ὄντως
1066 3085 1375 3155 πνεύματος
1414 3086 1588 3158 χρεία,
1623 3089 1860 3155 διανοίας
1895 3110 1983 3147 σο-

418 3172 525 3241 φῆς
575 3172 633 3224 ἐν
668 3172 731 3240 τῇ
781 3168 1074 3239 ἐπιγνώσει
1127 3171 1292 3225 αὑτοῦ
1317 3187 1331 3203 ·
1372 3173 1542 3237 ὅντως
1590 3175 1982 3247 ἀποκαλύψεως

417 3258 593 3327 χρεία.
659 3257 942 3328 Ἐννόησον
1002 3258 1127 3310 ὅσον
1176 3260 1321 3311 ἐστὶν
1370 3259 1657 3332 ἀνθρώπου
1691 3265 1798 3318 καὶ
1846 3265 1980 3320 Θεοῦ

418 3344 632 3411 ῳύσεως
673 3342 734 3394 τὸ
771 3343 966 3412 μέσον·
1002 3344 1110 3396 ἀπὸ
1153 3344 1357 3416 ταύτης
1415 3351 1516 3419 τῆς
1566 3349 1841 3415 εὐτελείας
1902 3354 1983 3418 είς

417 3431 632 3501 ἐκείνην
664 3431 838 3514 αὑτὸν
869 3432 1114 3503 ἀνήγαγε
1142 3432 1240 3504 τὴν
1283 3435 1448 3505 τιμήν
1471 3452 1485 3466 ·
1522 3436 1619 3508 οὑχ
1644 3438 1738 3492 ἐνα
1774 3432 1984 3514 βαθμὸν

418 3506 781 3589 ὑπερέϐηλκαὶ
801 3518 1051 3590 δεύτερον
1088 3521 1183 3574 καὶ
1211 3521 1411 3594 τρίτον.
1443 3506 1645 3580 Βαϐα-ίί
1670 3506 1984 3598 οὑχ-ἁπλῶς

417 3603 590 3671 εἶπεν,
622 3609 789 3674 'Avm,
812 3607 948 3674 ἀλλ’,
978 3608 1305 3679 ’Υπερὰνω.
1329 3611 1449 3665 Τῶν
1464 3612 1983 3689 γάράνωδυνάμεων

416 3696 686 3767 ἁνώτερός
723 3699 928 3751 ἐστινὺ
966 3698 1124 3762 Θεὸς.
1161 3700 1324 3753 Ὥστε
1363 3703 1481 3755 ἐκεῖ
1514 3703 1679 3758 αὑτὸν
1720 3707 1982 3777 ἀνήγαγε,

417 3783 507 3836 τὸν
544 3784 603 3847 ἐξ
633 3783 809 3853 ἡμῶν,
841 3784 948 3837 ἀπὸ
981 3787 1081 3854 τῆς
1112 3786 1346 3858 ἐσχάτης
1380 3788 1591 3860 νύσσης
1623 3793 1701 3855 είς
1742 3791 1857 3866 [19]
1886 3797 1983 3868 τὴν

418 3872 651 3940 ἐσχάτην
702 3871 907 3941 ἢγαγεν
946 3872 1140 3942 ἀρχὴν,
1187 3873 1306 3942 μεθ’
1339 3874 1406 3945 ῆν
1461 3876 1562 3931 οὑκ
1619 3876 1766 3932 ἔστιν
1822 3882 1982 3955 ἑτέρα

417 3958 573 4028 τιμή.
606 3957 815 4024 Πὰσης
845 3958 1057 4028 ἀρχῆς,
1091 3959 1255 4029 φησῖν
1275 3976 1288 3990 ·
1328 3962 1387 4014 οὑ
1416 3966 1515 4035 τῆς
1546 3964 1665 4034 μὲν,
1690 3967 1787 4039 τῆς
1808 3968 1864 4023 δέ
1897 3970 1982 4038 οὓ,

417 4044 573 4111 ἀλλά,
607 4043 816 4113 Πάσης
851 4044 1041 4116 ἀρχῆς
1074 4048 1171 4101 καί
1202 4046 1488 4117 ἐξουσίας
1537 4053 1636 4108 καί
1676 4054 1985 4128 δυνάμεως

419 4134 541 4188 καὶ.
566 4135 935 4203 κυριότητος,
972 4133 1071 4187 καὶ
1107 4135 1333 4202 παντὸς
1370 4139 1660 4211 ὀνόματος
1708 4145 1986 4217 ὀνομαζο-

413 4222 621 4291 μένου,
649 4223 701 4274 εἴ
718 4221 770 4275 τί
803 4223 951 4275 ἐστιν
982 4223 1040 4275 ἐν
1086 4221 1164 4293 τῷ
1192 4223 1428 4295 οὑρανῷ,
1455 4228 1670 4284 πάντων
1711 4233 1983 4307 ἀνώτερος

418 4310 631 4378 γέγονε.
658 4308 828 4362 Τοῦτο
859 4309 987 4380 περὶ
1012 4308 1104 4363 τοῦ
1132 4311 1196 4365 ἐκ
1233 4312 1443 4382 νεκρῶν
1474 4315 1814 4388 ἐγερθέντος’
1846 4323 1982 4397 ὅπερ

416 4398 565 4464 ἄξιον
594 4396 890 4468 θαυμάσαι.
926 4397 1059 4469 Περὶ
1087 4399 1194 4470 7&9
1223 4398 1318 4453 τοῦ
1346 4400 1481 4455 Θεοῦ
1511 4405 1681 4474 Λόγου
1709 4409 1980 4482 οὐδαμῶς.

418 4486 596 4556 Ὅπερ
647 4484 756 4556 γάρ
801 4488 909 4539 εἰσι
951 4484 1212 4549 κώνωπες
1263 4487 1401 4559 πρὸς
1448 4491 1788 4563 ἀνθρώπους,
1825 4498 1983 4554 τοῦτο

416 4574 567 4626 πᾶσα
597 4573 630 4640 ἡ
664 4572 841 4634 κτίσις
867 4572 1004 4643 πρὸς
1038 4573 1129 4626 τὸν
1163 4573 1313 4629 Θεόν.
1351 4577 1464 4630 Kal
1497 4579 1552 4632 τί
1597 4580 1758 4649 λέγω,
1792 4583 1981 4641 κώνω-

416 4675 551 4723 πεςς
591 4659 640 4710 εἰ
677 4657 875 4720 πάντες
911 4659 1184 4729 ἄνθρωποι
1215 4660 1290 4724 ὠς
1336 4661 1510 4728 σίελος
1545 4665 1975 4740 λογισθήσονται,

418 4746 512 4799 καὶ
548 4744 623 4807 ὡς
655 4745 794 4815 ῥοπὴ
827 4743 994 4811 ζυγοῦ
1047 4746 1423 4817 ἐλογίσθησαν,
1465 4750 1555 4815 θὲς
1586 4752 1686 4817 τὰς
1718 4756 1979 4827 ἀοράτους

414 4832 667 4901 δυνάμεις
691 4830 765 4892 ὡς
791 4828 1075 4890 κώνωπας.
1102 4834 1177 4885 υὺ
1209 4835 1386 4888 τοίνυν
1422 4838 1550 4907 περὶ
1588 4840 1680 4892 τοῦ
1711 4841 1847 4897 Θεοῦ
1873 4847 1977 4899 Λό-

414 4937 512 4988 γου
541 4919 713 4983 οὕτως
743 4914 914 4984 εἶπεν,
939 4919 1072 4973 ἀλλὰ
1102 4921 1340 4990 περὶτοῦ
1370 4924 1430 4989 ἐξ
1456 4927 1630 4996 ήμῶν·
1653 4931 1811 4986 τοῦτο
1837 4936 1978 5004 μέγα

414 5008 582 5073 ὅντως
608 5011 699 5062 καὶ
728 5006 1058 5076 θαυμαστόν.
1099 5008 1230 5061 Ἀπὸ
1265 5010 1373 5082 γὰρ
1396 5012 1504 5065 τῶν
1533 5018 1858 5075 κατωτάτων
1881 5025 1977 5094 τῆς

415 5096 519 5164 γῆς
552 5096 711 5149 αὑτὸν
745 5095 1037 5165 ἀνήγαγεν.
1063 5095 1125 5148 El
1165 5095 1342 5152 πάντα
1373 5100 1439 5152 τά
1472 5100 1600 5170 ἔθνη
1637 5105 1712 5169 ὡς
1741 5110 1974 5176 σταγὼν,

416 5178 495 5243 εἷς
527 5183 809 5252 ἄνθρωπος
838 5183 1004 5236 πόσον
1032 5184 1137 5255 ἄρα
1174 5185 1337 5256 μέρος
1370 5188 1467 5259 τῆς
1500 5191 1786 5259 σταγόνο;;
1822 5198 1977 5252 Ἀλλὰ

415 5270 605 5322 τοῦτον
630 5273 845 5326 πάντων
894 5270 1164 5342 ἀνώτερον
1192 5275 1463 5346 ἐποίησεν,
1490 5279 1551 5330 οὑ
1597 5281 1756 5349 μόνον
1794 5284 1850 5335 ἐν
1903 5287 1978 5355 τῷ

417 5359 574 5411 αἰῶνι
604 5359 796 5429 τούτῳ,
842 5360 978 5414 ἀλλά
1009 5364 1103 5415 καὶ
1141 5363 1198 5415 ἐν
1242 5363 1319 5434 τῷ
1370 5365 1631 5434 μέλλοντι.
1671 5372 1812 5440 ’Λρα
1862 5376 1976 5426 ἐστὶ

416 5444 696 5513 δυνάμεών
726 5464 886 5498 τινων
917 5447 1155 5518 ὀνόματα
1193 5451 1321 5520 ἡμῖν
1354 5451 1561 5522 ἄσημα,
1604 5458 1697 5509 καὶ
1737 5459 1797 5510 οὑ
1836 5477 1976 5526 γνω-

418 5532 697 5602 ριζόμενα.
733 5532 841 5585 Καὶ
884 5534 1079 5589 πάντα
1115 5537 1416 5602 ὑπέταξεν
1442 5541 1560 5594 ὑπὸ
1608 5528 1748 5609 τοὺς
1788 5545 1978 5613 πόδας

417 5619 622 5674 αὑτοῦ.
652 5622 764 5692 Οὐχ
796 5620 980 5685 ἁπλῶς
1009 5625 1276 5695 ἀνώτερον
1305 5628 1577 5700 ἐποίησεν,
1606 5629 1682 5695 ὡς
1709 5637 1973 5704 προτιμᾶ-

420 5707 544 5761 σθαι
586 5707 788 5770 αὐτῶν,
829 5708 948 5760 οὑδέ
992 5710 1129 5762 κατά
1178 5713 1479 5783 σύγκρισιν,
1526 5716 1639 5771 ἀλλ’
1676 5717 1751 5783 ὡς
1780 5719 1979 5775 δούλων

422 5798 813 5871 προκαθῆσθαι.
850 5797 1041 5866 Βαϐαῖ,
1077 5800 1277 5870 φρικτά
1328 5803 1497 5870 δντως
1545 5806 1612 5859 τά
1649 5807 1974 5879 πράγματαῐ

1159 268 1217 325 S.
1256 267 1539 324 JOANNIS
1573 260 2066 322 CIIRYSOSTOMI
2103 260 2420 318 AﬂClllEP.
2463 259 3013 317 CONSTANTINOP.

3599 265 3671 322 ‘26

2107 380 2393 452 ἀνθρώπου
2423 380 2613 448 γέγονε
2642 378 2805 448 δούλη
2846 380 2995 431 πᾶσα
3030 378 3064 447 ή
3104 376 3293 448 κτιστὴ
3328 375 3553 447 δύναμις
3583 378 3675 434 διὰ

2108 466 2195 520 τὸν
2239 466 2548 520 ἐνοικοῦντα
2581 465 2714 518 Θεὸν
2756 465 2947 532 Λόγον.
2987 465 3142 516 Ἐστι
3180 464 3289 533 γάρ
3324 482 3447 517 τινα
3488 464 3676 519 ἐπάνω

2105 551 2239 608 ε’ναι
2276 555 2376 608 οὑκ
2404 554 2596 624 ἔχοντα
2637 552 3032 616 ὑπακούοντας,
3061 550 3195 605 ἀλλὰ
3218 551 3634 624 προτιμώμενον
3654 569 3670 584 ο

2102 640 2337 694 ἐνταῦθα
2350 640 2407 693 δὲ
2430 640 2528 711 οὐχ
2552 638 2744 702 οὕτως,
2774 637 2910 691 ἀλλά
2931 639 3109 692 πάντα
3131 638 3394 702 ὑπέταξεν
3419 638 3525 692 ὑπὸ
3544 641 3675 704 τοὺς

2104 726 2269 792 πόδας
2299 727 2497 782 αὐτοῦ’
2541 728 2636 780 καὶ
2682 727 2781 795 οὑχ
2816 725 3002 788 ἁπλῶς
3054 724 3354 791 ὑπέταξεν,
3390 726 3525 780 ἀλλά
3572 727 3671 798 τὴν

2102 814 2337 885 ἐσχάτην
2362 814 2663 884 ὑποταγὴν,
2693 816 2789 867 καὶ
2826 811 2944 884 μεθ’
2966 814 3034 883 ἢν
3068 812 3229 881 ἑτέρα
3260 814 3361 866 οὑκ
3403 813 3537 866 ἐστι.
3569 817 3670 870 Διά

2103 901 2259 954 τοῦτο
2287 897 2457 954 εἶπεν·
2492 901 2639 954 ’Υπύ
2676 899 2820 965 τοὺς
2872 899 3081 965 πόδας.
3118 899 3224 952 Καὶ
3256 899 3442 953 αὑτὸν
3482 901 3669 955 ἔδωκε

2105 987 2381 1057 κεφαλὴν
2411 987 2564 1055 ὑπὲρ
2601 986 2798 1040 πάντα
2828 984 2903 1055 τῇ
2945 986 3292 1053 Ἐκκλησία.
3337 986 3530 1052 Βαϐαὶ,
3561 989 3666 1041 ποῦ

2101 1076 2266 1129 πάλιν
2320 1075 2415 1128 καὶ
2462 1075 2561 1144 τήν
2624 1074 2951 1144 Ἐκκλησίαν
2996 1072 3306 1141 ἀνήγαγενι
3340 1073 3549 1144 Ὥσπερ
3576 1075 3666 1130 διά

2098 1178 2240 1226 τινος
2266 1162 2439 1216 ἕλκων
2473 1161 2738 1232 μηχανῆς,
2761 1161 2839 1223 είς
2867 1158 2999 1228 ὕψος
3024 1158 3192 1228 αὐτὴν
3217 1158 3459 1229 ἀνήγαγε
3498 1161 3660 1230 μέγα,

2100 1250 2193 1303 καὶ
2243 1249 2413 1321 αὑτὴν
2470 1247 2721 1301 ἐκάθισεν
2764 1249 2845 1310 εἱς
2882 1248 3085 1300 ἐκεῖνον
3112 1246 3205 1300 τὸν
3249 1245 3456 1316 θρόνον.
3491 1249 3661 1304 Ἔνθα

2096 1337 2203 1405 7&9
2242 1338 2276 1407 ή
2308 1335 2537 1407 κεφαλὴ,
2572 1336 2690 1389 ἐκεῖ
2726 1336 2820 1389 καὶ
2848 1334 2907 1388 τὸ
2936 1334 3127 1403 σῶμα·
3160 1334 3335 1387 οὐδενὶ⁵
3361 1335 3468 1407 7&9
3509 1338 3660 1407 μέσῳ

2094 1425 2387 1495 διείργεται
2417 1426 2451 1496 ή
2480 1423 2709 1494 κεφαλὴ,
2737 1424 2831 1476 καὶ
2852 1422 2913 1474 τὸ
2941 1422 3128 1491 σῶμασ
3155 1424 3205 1475 εί
3237 1422 3345 1493 γὰρ
3372 1421 3656 1495 διείργετο,

2094 1512 2194 1567 οὑκ
2219 1512 2284 1565 ἂν
2320 1513 2405 1585 εἴη
2433 1510 2611 1583 σῶμα,
2639 1512 2738 1564 οὑκ
2768 1511 2834 1564 ἂν
2861 1510 2945 1580 εἴη
2977 1508 3207 1579 κεφαλή.
3245 1510 3413 1579 ’Υπὲρ
3439 1508 3654 1578 πάντα,

2097 1600 2248 1669 φησί,
2264 1598 2330 1651 Τί
2347 1600 2515 1664 ἐστιν,
2540 1597 2710 1665 Ὑπὲρ
2730 1595 2961 1659 mina;
2987 1597 3055 1649 Ἣ
3072 1595 3161 1650 τὸν
3177 1597 3303 1650 ὄντα
3322 1597 3458 1668 ὑπὲρ
3479 1598 3656 1650 πάντα

2094 1687 2162 1739 τὰ
2186 1685 2437 1757 δρώμενα
2464 1685 2559 1737 καὶ
2582 1684 2649 1738 τὰ
2672 1682 2936 1754 νοούμενα
2959 1683 3190 1755 Χριστόν
3210 1700 3224 1713 °
3255 1684 3289 1755 ἢ
3319 1684 3455 1755 ὑπὲρ
3479 1685 3657 1737 πάντα

2093 1772 2163 1827 τά
2184 1773 2362 1839 ἀγαθά
2378 1773 2537 1826 τοῦτο
2563 1771 2850 1843 πεποίηκε,
2862 1771 2925 1824 τὸ
2940 1771 3029 1825 τὸν
3049 1771 3175 1824 Υίὸν
3190 1771 3372 1825 δοῦναι
3387 1771 3649 1840 κεφαλήν.

2094 1861 2209 1913 Οὐκ
2240 1859 2488 1929 ἄγγελον,
2521 1859 2620 1913 οὑκ
2645 1858 3004 1930 ἀρχάγγελον,
3040 1859 3140 1911 οὑκ
3159 1857 3315 1913 ἄλλον
3346 1857 3531 1911 οὐδένα
3553 1860 3658 1925 ἁφ-

2092 1947 2225 2015 ῆκεν
2254 1946 2547 2017 ἀνώτερον.
2575 1947 2650 2000 Οὑ
2679 1945 2852 2016 ταύτῃ
2877 1943 2933 1997 δὲ
2963 1942 3123 2014 μόνον
3153 1945 3299 2015 ἡμᾶς
3327 1942 3573 2015 ἐτίμησε,
3594 1945 3657 1998 τὸ

2092 2031 2151 2098 ἐξ
2178 2033 2336 2103 ἡμῶν
2390 2031 2701 2101 ἀναγαγὼν,
2749 2031 2866 2085 ἀλλ’
2913 2031 2995 2084 ὃτι
3029 2030 3124 2083 καὶ
3170 2030 3231 2082 τὸ
3280 2029 3454 2083 κοινὸν
3499 2031 3659 2097 γένος

2094 2120 2239 2173 ἅπαν
2280 2119 2473 2189 ἐκείνῳ
2525 2118 2751 2172 ἕπεσθαι
2801 2116 3242 2184 παρεσκεύασεν,
3277 2116 3485 2170 ἐκείνου
3538 2116 3658 2187 ἕχε-

2093 2207 2446 2277 σθαι,ἐκείνῳ
2472 2205 2801 2260 ἀκολουθεῖν.
2826 2207 2984 2270 Ἦτις
3010 2204 3138 2258 ἐστὶ
3166 2205 3229 2258 τὸ
3256 2202 3424 2274 σῶμα
3446 2205 3651 2259 αὑτοῦ.

2093 2292 2209 2352 Ἵνα
2240 2298 2348 2369 γάρ
2407 2297 2511 2368 μὴ,
2572 2296 2811 2359 ἀκούσας
2841 2295 3104 2364 κεφαλὴν,
3136 2295 3234 2365 τὴν
3273 2294 3448 2366 ἀρχὴν
3497 2294 3659 2364 μόνον

2089 2385 2337 2457 νομίσῃς,
2362 2384 2497 2438 ἀλλά
2531 2385 2624 2437 καὶ
2654 2384 2751 2455 τὴν
2783 2382 3129 2454 βεϐαιότητα,
3166 2383 3287 2454 μηδ’
3316 2383 3392 2447 ὡς
3421 2383 3657 2453 ἄρχοντα

2092 2474 2271 2544 μόνον,
2298 2472 2414 2527 ἀλλ’
2437 2472 2512 2537 ὡς
2538 2472 2786 2542 σώματος
2815 2471 2930 2543 ἴδῃς
2957 2471 3219 2542 κεφαλήν,
3246 2470 3316 2526 Τὸ
3340 2471 3652 2542 πλήρωμα,

2088 2562 2276 2632 φησὶν,
2319 2562 2426 2617 τοῦ
2456 2562 2529 2616 τὰ
2565 2561 2762 2615 πάντα
2785 2561 2856 2614 ἐν
2901 2557 3053 2614 πᾶσι
3080 2558 3523 2629 πληρουμένου.
3567 2561 3657 2624 Ὠς

2087 2651 2185 2703 οὑκ
2219 2648 2510 2721 ἀρκοῦντος
2541 2648 2730 2701 τούτου
2755 2647 2923 2712 δεῖξαι
2954 2646 3052 2720 τὴν
3084 2646 3405 2716 συγγένειαν
3434 2648 3529 2700 καὶ
3556 2647 3661 2717 τὴν

2086 2737 2386 2808 ἐγγύτητα,
2417 2736 2468 2789 τί
2498 2752 2666 2806 (mar;
2718 2735 2787 2788 Τὸ
2824 2734 3111 2804 πλήρωμα
3163 2734 3270 2788 τοῦ
3315 2732 3575 2802 Χριστοῦ
3613 2735 3653 2802 ἡ

2099 2824 2443 2891 Ἐκκλησία.
2481 2824 2592 2878 Kal
2627 2823 2737 2893 γὰρ
2772 2822 3045 2893 πλήρωμα
3073 2821 3317 2892 κεφαλῆς
3350 2821 3531 2892 σῶμα,
3560 2822 3655 2874 xal

2086 2912 2358 2982 πλήρωμα
2411 2909 2663 2980 σώματος
2708 2908 2820 2981 [20]
2862 2908 3092 2979 κεφαλή.
3127 2908 3273 2979 Ὅρα
3312 2907 3453 2980 πόσῃ
3503 2908 3654 2973 τάξει

2086 2999 2348 3070 κέχρηται
2392 2998 2625 3062 Παῦλος,
2682 2996 2799 3061 πῶς
2839 2995 3050 3061 οὐδενὸς
3101 2996 3342 3064 φείδεται
3387 2996 3652 3067 ῥήματος,

2084 3085 2224 3140 ὥστε
2275 3088 2619 3156 παραστῆσαι
2668 3084 2763 3138 τοῦ
2815 3083 2946 3137 Θεοῦ
2994 3083 3091 3150 τὴν
3120 3082 3296 3147 δόξαν.
3332 3083 3649 3153 Πλήρωμα,

2085 3173 2247 3242 φησί’
2288 3172 2587 3235 τουτέστιν,
2614 3166 2727 3224 οἷον
2763 3169 2973 3241 κεφαλὴ
3017 3169 3317 3240 πληροῦται
3365 3171 3515 3242 παρά
3553 3170 3651 3224 τοῦ

2087 3262 2355 3331 σώματος’
2380 3257 2470 3314 διά
2492 3257 2602 3330 γὰρ
2631 3258 2847 3312 πάντων
2872 3255 3052 3327 μερῶν
3071 3256 3130 3309 τὸ
3152 3256 3310 3327 σῶμα
3332 3257 3648 3329 συνέστηκε,

2085 3348 2181 3403 καλ⁵
2241 3348 2360 3411 ἐνὸς
2414 3348 2648 3401 ἑκάστου
2684 3343 2895 3416 χρῄζει.
2946 3345 3089 3411 Ὅρα
3136 3343 3253 3407 πῶς
3297 3344 3459 3398 αὐτὸν
3493 3347 3651 3416 κοινῇ

2084 3436 2302 3489 πάντων
2328 3434 2600 3505 χρῄζοντα
2622 3435 2855 3501 εἰσάγει.
2886 3432 2986 3484 ‘Av
3016 3433 3125 3501 7&9
3158 3429 3233 3499 μὴ
3263 3422 3411 3500 ὦμεν
3441 3430 3649 3493 πολλοὶ,

2085 3524 2179 3577 xal
2205 3524 2233 3576 ὁ
2278 3522 2378 3592 μὲν
2409 3521 2550 3592 χεὶρ,
2584 3521 2614 3574 δ
2659 3519 2717 3573 δέ
2752 3517 2907 3584 ποῦς,
2958 3519 2988 3571 ὁ
3018 3518 3075 3571 δὲ
3109 3516 3236 3571 ἄλλο
3267 3534 3318 3570 τι
3369 3517 3555 3588 μέρος,
3587 3519 3652 3571 οὐ

2085 3609 2383 3681 πληροῦται
2405 3609 2526 3662 ὅλον
2558 3607 2621 3661 τὺ
2650 3606 2828 3678 σῶμα.
2865 3605 2963 3659 Διά
2989 3604 3206 3659 πάντων
3223 3599 3316 3657 οὖν
3350 3603 3647 3674 πληροῦται

2084 3699 2143 3751 τὸ
2170 3697 2328 3769 σῶμα
2351 3695 2536 3751 αὐτοῦ.
2582 3695 2716 3749 Τότε
2745 3692 3045 3764 πληροῦται
3075 3695 3108 3763 ή
3143 3692 3378 3764 κεφαλὴ,
3416 3694 3537 3745 τότε
3564 3693 3650 3745 τέο

2083 3787 2225 3841 λειον
2270 3785 2429 3857 σῶμα
2466 3784 2698 3853 γίνεται,
2719 3783 2848 3837 ὅταν
2868 3779 3003 3853 ὁμοῦ
3027 3782 3229 3844 πάντες
3265 3774 3414 3852 ὦμεν
3444 3798 3653 3851 συνημο

2088 3875 2239 3947 μένοι
2272 3874 2367 3928 καὶ
2401 3871 2917 3941 συγκεκολλημένοι.

2153 3968 2220 4031 γ’.
2256 3957 2408 4025 Εἶδες
2426 3958 2653 4013 πλοῦτον
2680 3957 2839 4027 δόξης
2865 3956 3227 4028 κληρονομίας
3255 3973 3271 4021 ;
3301 3953 3440 4019 εἶδες
3474 3955 3646 4027 ὑπερ-

2085 4048 2276 4104 ϐάλλον
2300 4047 2527 4119 μέγεθος
2543 4044 2821 4115 δυνάμεως
2848 4045 2926 4107 είς
2954 4045 3079 4107 τοὺς
3107 4042 3456 4106 πιστεύοντας
3475 4061 3490 4105 ;
3508 4039 3651 4111 εἶδες

2084 4136 2275 4190 ἐλπίδα
2327 4136 2572 4206 κλήσεως
2601 4151 2617 4200 ;
2651 4130 2996 4202 Αἰδεσθῶμεν
3053 4131 3209 4203 ἡμῶν
3256 4132 3352 4203 τὴν
3381 4131 3646 4203 κεφαλὴν,

2085 4225 2424 4295 ἐννοήσωμεν
2470 4221 2613 4282 τίνος
2661 4218 2826 4289 ἐσμὲν
2879 4218 3037 4288 σῶμα
3084 4217 3354 4289 κεφαλῆς,
3404 4211 3650 4291 ᾖπάντα

2086 4313 2466 4370 ὑποτέτακται.
2500 4308 2611 4362 Kal
2638 4309 2744 4362 τῶν
2782 4308 3027 4376 ἀγγέλων
3059 4307 3196 4361 κατά
3243 4309 3399 4361 τοῦτο
3426 4308 3485 4362 τὸ
3519 4307 3649 4360 ὑπό.

2082 4402 2280 4471 δειγμα
2321 4398 2564 4467 βελτίους
2604 4396 2750 4468 ἡμᾶς
2790 4390 2931 4449 εἶναι
2961 4395 3087 4465 χρὴ,
3120 4395 3213 4448 καὶ
3244 4393 3350 4448 τῶν
3377 4393 3649 4465 ἀρχαγγέ-

2081 4489 2188 4543 λων
2235 4488 2485 4559 μείζους,
2519 4485 2594 4547 ὼς
2633 4482 2847 4537 πάντων
2897 4481 3074 4535 αὑτῶν
3124 4482 3644 4553 προτετιμημένους.

2085 4578 2207 4632 Οὐκ
2242 4572 2514 4645 ἀγγέλων
2562 4569 2885 4624 ἐπελάϐετο
2922 4570 2956 4623 ὁ
2998 4568 3162 4634 Θεὸς,
3199 4567 3378 4629 καθὼς
3419 4569 3648 4639 γράφων

2092 4663 2362 4734 Ἑϐραίοις
2393 4659 2579 4730 φησὶν,
2617 4658 2778 4711 ἀλλὰ
2827 4654 3169 4724 σπέρματος
3215 4654 3492 4724 Ἀϐραάμ⁸
3548 4657 3650 4710 οὑκ

2081 4753 2255 4825 ἀρχῆς
2308 4749 2426 4803 οὐδὲ
2477 4747 2722 4814 ἐξουσίας
2769 4744 2891 4797 ούδέ
2934 4744 3253 4814 κυριότητος
3310 4744 3431 4796 οὑδέ
3479 4743 3648 4812 ἄλλης

2081 4842 2335 4909 οὐδεμιᾶς
2394 4837 2674 4908 δυνάμεως
2707 4852 2720 4866 ·
2766 4833 2905 4888 ἀλλά
2980 4833 3081 4901 τὴν
3143 4831 3417 4901 ἡμετέραν
3484 4829 3644 4897 φύσιν

2081 4927 2327 4992 ἀνέλαϐε,
2353 4926 2447 4979 καὶ
2499 4922 2750 4977 ἐκάθισεν
2784 4921 2914 4975 ἀνω.
2952 4918 3062 4972 Kal
3088 4918 3143 4970 τί
3163 4918 3324 4985 λέγω,
3352 4916 3599 4972 ἐκάθισεν
3625 4933 3642 4981 ;

2084 5017 2299 5086 ἱμάτιον
2336 5011 2502 5067 αὑτοῦ
2561 5011 2838 5079 ἐποίησεν,
2900 5007 2992 5060 καὶ
3043 5005 3141 5074 οὑχ
3165 5002 3374 5067 ἁπλῶς,
3397 5003 3510 5056 ἀλλ’
3536 5003 3644 5057 ὑπὸ

2078 5106 2206 5167 τοὺς
2250 5103 2417 5165 πόδας
2470 5098 2639 5154 αὑτοῦ
2690 5098 2866 5151 πάντα
2917 5090 3173 5157 ὑπέταξε.
3217 5092 3424 5154 Πόσους
3465 5091 3644 5161 βούλει

2081 5194 2251 5246 θεῖναι
2282 5188 2578 5252 θανάτουςς
2615 5185 2788 5246 πόσας
2815 5181 2994 5252 ψυχάς
3028 5196 3042 5242 ;
3083 5178 3308 5250 μυρίους
3323 5180 3420 5233 καὶ
3442 5179 3645 5234 πολλα-

2082 5278 2375 5344 πλασίους;
2420 5274 2556 5328 Ἀλλ’
2599 5272 2754 5327 οὐδὲν
2818 5271 2932 5323 ῐσον
2969 5269 3131 5338 ἐρεῖς.
3169 5266 3273 5320 Δύο
3306 5267 3415 5340 7&9
3443 5268 3513 5323 τὰ
3550 5272 3649 5338 με-

2029 5368 2085 5458 ’)
2143 5383 2235 5417 στα
2269 5362 2587 5432 πεποίηκεν,
2619 5360 2781 5422 αὑτός
2810 5375 2870 5412 τε
2898 5358 2977 5420 εἰς
3004 5354 3227 5426 ἔσχατον
3264 5357 3649 5427 ταπεινότητος

2086 5453 2228 5523 ηλθε.
2258 5451 2354 5513 καὶ
2395 5450 2486 5502 τὸν
2538 5447 2827 5518 ἄνθρωπον
2863 5447 2943 5510 εἰς
2992 5444 3133 5516 μέγα
3169 5444 3502 5518 ὑψηλότητος
3556 5446 3649 5498 ἀν-

2079 5545 2275 5609 ήγαγε.
2303 5533 2470 5589 Εἶπεν
2488 5537 2663 5589 ἐκεῖνο
2680 5545 2706 5574 ι
2727 5532 2965 5604 πρῶτον,
2988 5534 3068 5586 ὅτι
3100 5533 3293 5588 ἐαυτὸν
3319 5533 3646 5587 ἐταπείνωσε

2078 5626 2329 5680 τοσοῦτον
2366 5640 2379 5653 ·
2415 5624 2563 5692 λέγει
2590 5620 2654 5676 τὸ
2683 5620 2876 5675 τούτου
2904 5620 3240 5692 ὑψηλότερον
3268 5620 3381 5683 νῦν,
3412 5619 3473 5672 τὸ
3503 5622 3647 5689 μέγα

2140 5770 2164 5799 ι
2191 5756 2325 5825 Idem
2345 5755 2497 5825 ςοᾷεκ
2524 5753 2718 5825 (ῖοῇειὶῃ.
2741 5757 2815 5825 ςικ
2826 5765 2981 5825 αισι-ει.
3005 5749 3178 5825 ᾔειν-ΞΑ..
3201 5751 3444 5821 ἀνῄγιεγεν.
3476 5746 3645 5796 Ἐκιὶοο

2084 5838 2157 5870 ισε
2194 5822 2281 5883 7&9
2311 5818 2470 5879 αὑτὸν,
2493 5817 2649 5878 φησὶν,
2675 5816 2721 5864 ἐν
2742 5816 2868 5878 δεξιᾷ
2898 5812 3058 5862 αὑτοῦ.
3089 5812 3230 5860 Εἶπεν
3255 5812 3421 5858 ἐκεῖνο.
