4080 6218
397 430 474 487 25

398 538 706 605 celeritate,
726 547 785 593 ιιι
815 536 907 608 qui
930 536 1105 594 adhuc
1127 549 1311 596 vmmt
1332 582 1349 605 ,
1391 559 1498 599 non
1529 546 1638 600 sint
1664 552 1984 618 przevcnturi

400 649 494 691 eos
530 635 625 705 qui
647 634 1007 698 dormierunt,
1036 633 1174 690 adeo
1202 644 1260 690 ut
1286 636 1466 693 omnia
1484 639 1612 695 ﬁant
1636 641 1688 696 in
1716 652 1986 699 momento

409 738 460 781 et
482 727 531 780 in
556 726 670 779 ictu
693 725 858 780 oculi.

472 818 516 873 2.
550 816 609 872 lu
644 816 919 872 credendo
957 825 1134 873 autem
1165 833 1270 873 non
1304 820 1372 874 ita
1414 821 1504 885 ﬁt;
1542 823 1634 878 Sed
1676 827 1984 893 quomodo?

401 909 529 963 Audi
554 924 682 963 eum
709 909 1187 975 rursusdicentem
1222 929 1234 964 :
1268 910 1476 976 Quoties
1514 915 1650 968 volui
1678 933 1986 988 congregare

393 1003 525 1069 ﬁlios
554 1010 766 1065 vestros,
788 1010 835 1053 et
861 1001 1092 1056 noluistis
1117 999 1269 1072 (an.
1300 1003 1386 1058 15.
1416 1002 1528 1075 54).
1559 1005 1716 1060 Vides
1740 1007 1840 1062 hoc
1861 1022 1980 1063 esse

389 1091 697 1149 difﬁcilius?
715 1091 1074 1158 Quamobrem
1096 1106 1164 1146 ex
1196 1092 1296 1149 hoc
1324 1094 1511 1163 probat
1532 1096 1855 1151 universum.
1882 1098 1978 1154 Est

387 1183 530 1236 enim
563 1182 735 1236 multo
753 1181 1028 1237 difﬁcilius
1059 1183 1303 1237 humanis
1328 1185 1622 1240 rationibus
1651 1189 1974 1257 persuadere

387 1274 557 1327 libero
585 1273 828 1339 arbitrio,
855 1288 1014 1344 quam
1041 1274 1252 1343 operari
1282 1284 1549 1333 naturam.
1575 1276 1747 1332 Causa
1775 1291 1858 1334 est
1880 1295 1974 1333 au-

385 1376 491 1419 tem
516 1406 533 1428 ,
566 1364 819 1433 quoniam
851 1367 965 1433 ipse
1002 1367 1081 1421 sic
1122 1367 1231 1420 vult
1267 1382 1364 1422 nos
1402 1378 1581 1423 nostra
1622 1382 1811 1440 sponte
1855 1372 1971 1428 ﬁeri

385 1457 577 1510 honos.
604 1456 697 1512 Sic
722 1458 912 1510 merito
938 1456 1097 1523 dixit,
1127 1456 1517 1527 Snpereminens
1543 1463 1841 1530 magnitudo
1868 1465 1969 1517 vir-

383 1550 504 1602 tutis
530 1552 643 1619 ejus
677 1549 730 1602 in
758 1565 851 1602 nos
892 1550 978 1620 qui
1020 1550 1345 1604 credidimus.
1385 1552 1608 1618 Quando
1649 1554 1790 1608 enim
1838 1571 1966 1624 pro-

382 1641 560 1709 pheta:
588 1640 718 1694 nihil
751 1639 1113 1709 proiecerunt,
1136 1642 1350 1711 quamlo
1368 1645 1542 1713 angeli
1564 1656 1615 1700 et
1635 1646 1962 1716 archangeli,

379 1730 595 1799 quando
624 1731 803 1786 omnis
828 1741 1066 1786 creatura
1094 1734 1435 1802 aspectabilis
1453 1775 1469 1802 ,
1498 1746 1552 1790 et
1591 1751 1695 1790 non
1722 1753 1867 1808 aspei
1886 1748 1965 1793 ta-

383 1823 507 1877 hilis
530 1840 549 1878 :
572 1822 915 1891 aSpcctabilis
939 1822 1149 1893 quidem
1177 1824 1230 1878 in
1257 1825 1434 1880 medio
1459 1830 1753 1898 proposita,
1776 1840 1829 1886 et
1854 1847 1958 1886 non

381 1913 574 1970 valens
609 1912 906 1978 deducere,
950 1914 1108 1969 multa
1153 1923 1330 1972 autem
1370 1917 1764 1989 inaspectabilis
1790 1938 1805 1977 :
1833 1931 1959 1977 tunc

386 2020 542 2059 suum
563 2004 882 2074 dispensavit
904 2004 1212 2073 adventum,
1241 2008 1529 2064 ostendens
1557 2026 1667 2066 rem
1693 2028 1855 2083 egere
1878 2013 1959 2068 di-

386 2097 501 2148 vina
534 2095 746 2149 virtute.
775 2094 986 2151 Divitias
1008 2098 1207 2168 glorite.
1238 2097 1350 2155 lloc
1375 2110 1478 2167 est,
1508 2102 1735 2171 gloriam
1763 2105 1953 2161 iuetl‘a-

379 2187 556 2241 bilem.
599 2187 730 2242 Nam
774 2204 1016 2258 quamam
1060 2191 1236 2246 oratio
1275 2193 1467 2261 poterit
1509 2193 1654 2249 illam
1683 2198 1954 2262 explicare

371 2279 623 2347 gloriam,
653 2278 806 2348 cujus
844 2281 1016 2335 sancti
1047 2291 1172 2337 tunc
1206 2292 1366 2337 erunt
1404 2285 1729 2356 participes?
1758 2287 1949 2354 Nulla;

366 2372 457 2426 sed
487 2387 547 2426 re
575 2387 699 2427 vera
724 2387 861 2442 opus
885 2373 1053 2443 gratia
1077 2415 1092 2439 ,
1124 2382 1181 2429 ut
1224 2390 1374 2430 mens
1410 2376 1579 2432 discat
1604 2419 1620 2446 ,
1652 2387 1706 2433 et
1731 2382 1949 2437 omnino

366 2477 584 2529 parvum
626 2464 813 2532 utique
855 2464 1063 2519 radium
1101 2467 1350 2535 excipiat.
1383 2468 1572 2538 Aliqua
1610 2470 1769 2525 etiam
1798 2472 1947 2542 prius

360 2553 571 2620 quidem
615 2562 876 2609 noverant
900 2595 915 2620 ,
944 2556 1157 2611 volebat
1184 2568 1360 2612 autem
1401 2574 1496 2615 eos
1533 2576 1675 2616 nunc
1716 2564 1946 2633 amplius

357 2644 566 2698 discere
590 2653 643 2697 et
676 2659 837 2699 nosse
860 2646 1116 2714 apertius.
1148 2646 1310 2704 Vides
1338 2664 1497 2719 quam
1528 2651 1690 2707 multa
1717 2654 1788 2709 sit
1816 2669 1946 2724 ope-

360 2734 539 2789 ratus?
566 2732 840 2790 Christum
867 2737 1144 2792 suscitavit
1173 2755 1188 2792 :
1216 2740 1387 2795 hocne
1416 2743 1670 2811 parvum?
1694 2743 1801 2799 Sed
1827 2761 1944 2800 rur-

353 2841 445 2880 sus
485 2825 628 2881 vide.
675 2826 880 2882 Sedere
931 2828 1054 2885 fecit
1100 2829 1166 2884 ad
1212 2830 1488 2888 dexteram
1533 2848 1686 2889 suam
1718 2852 1732 2891 :
1763 2836 1941 2894 ullane

352 2919 522 2972 oratio
567 2917 674 2975 hoc
716 2921 914 2989 poterit
949 2920 1252 2991 explicare?
1284 2924 1414 2978 Eum
1452 2926 1539 2995 qui
1575 2926 1676 2981 fuit
1700 2944 1731 2983 e
1762 2938 1935 2997 terra,

351 3024 473 3061 eum
504 3009 596 3079 qui
625 3019 708 3064 est
735 3010 906 3081 magis
935 3020 1112 3066 mutus
1136 3029 1295 3082 quam
1325 3015 1522 3085 pisces,
1548 3019 1636 3087 qui
1663 3018 1833 3075 factus
1852 3033 1937 3078 est

350 3099 639 3155 ludibrium
665 3101 990 3170 daemonum,
1021 3104 1074 3159 in
1100 3105 1268 3161 altum
1290 3109 1468 3163 statim
1490 3111 1699 3167 extulit.
1727 3112 1933 3170 Revera

348 3200 428 3246 est
450 3194 860 3262 supereminens
884 3196 1192 3265 magnitudo
1217 3197 1334 3268 ejus
1363 3200 1593 3256 virtutis.

415 3285 581 3350 Quam
596 3287 701 3341 alte
723 3286 857 3341 Deus
873 3288 1120 3343 hominem
1143 3290 1609 3351 extulerit—Vide
1622 3307 1799 3354 autem
1823 3315 1930 3371 quo

347 3378 591 3433 extulerit
622 3395 637 3431 :
668 3379 724 3432 in
765 3380 1070 3438 cariestihus
1115 3397 1239 3438 eum
1268 3382 1392 3440 fecit
1421 3390 1752 3458 superiorem
1783 3396 1925 3470 omni

346 3477 515 3523 creata
534 3479 909 3540 natura,supra
923 3488 1133 3528 omnem
1152 3476 1503 3546 principatum
1520 3492 1569 3534 et
1585 3489 1923 3551 potestatem:

346 3559 514 3626 Supra
533 3576 752 3627 omnem,
776 3562 964 3631 inquit,
981 3566 1337 3635 principatum.
1361 3568 1564 3626 Revera
1585 3575 1770 3642 Spiritu
1789 3592 1924 3646 opus

344 3657 449 3714 est,
479 3659 536 3703 et
558 3652 774 3719 sapienti
804 3663 980 3708 mente
1011 3656 1061 3709 in
1093 3659 1361 3727 agnitione
1388 3660 1537 3729 ejus;
1572 3680 1756 3721 revera
1787 3684 1922 3737 opus

340 3752 418 3794 est
439 3742 779 3798 revelatione.
809 3744 991 3817 Cogita
1014 3760 1266 3815 quantum
1300 3752 1508 3808 intersit
1530 3756 1667 3812 inter
1688 3758 1919 3817 hominis

337 3844 391 3887 et
420 3834 514 3889 Dei
541 3845 782 3891 naturam
807 3858 824 3891 :
846 3840 989 3893 etab
1029 3840 1126 3895 hac
1166 3844 1373 3900 vilitate
1397 3855 1452 3900 et
1480 3848 1775 3918 abjectione
1795 3868 1915 3908 eum

333 3925 395 3977 ad
443 3926 595 3980 illum
641 3926 900 3982 honorem
928 3932 1174 3997 sustulit;
1207 3949 1315 3988 non
1335 3951 1496 3992 unum
1527 3950 1617 3991 aut
1643 3942 1867 3998 alterum
1896 3986 1911 4010 ,

334 4024 420 4069 aut
454 4019 677 4072 tertium
720 4020 939 4088 gradum
987 4026 1333 4079 transcendit.
1376 4027 1565 4097 Papaii
1595 4030 1705 4086 Nec
1738 4034 1912 4090 solum

330 4105 478 4171 dixit,
503 4107 700 4175 Supra.
729 4111 847 4176 sed,
879 4113 1049 4183 Longe
1075 4130 1250 4186 supra.
1295 4116 1553 4187 Supernis
1585 4123 1727 4177 enim
1758 4135 1911 4193 pole-

327 4196 551 4251 statibus
573 4198 716 4252 Deus
739 4210 821 4254 est
846 4205 1109 4269 superior.
1137 4205 1308 4275 lpsmn
1341 4209 1516 4279 itaque
1545 4212 1670 4267 illuc
1694 4218 1905 4285 extulit,

325 4294 379 4339 et
409 4288 503 4356 qui
547 4300 667 4342 erat
706 4305 771 4343 ex
818 4291 1003 4358 nobis,
1034 4309 1156 4348 eum
1197 4295 1268 4349 ah
1309 4301 1562 4356 extremis
1603 4308 1908 4364 carceribus

322 4389 490 4444 usque
515 4376 583 4430 ad
610 4378 854 4432 ultimum
884 4381 1034 4437 duxit
1061 4385 1431 4455 principatum,
1465 4400 1584 4460 post
1609 4409 1764 4463 quem
1797 4412 1903 4452 non

319 4478 401 4522 cst
437 4471 617 4525 honor
661 4473 816 4528 alius.
862 4475 1108 4546 Omnem,
1148 4480 1348 4551 inquit,
1390 4486 1763 4556 principatum,
1794 4508 1901 4549 non

319 4560 455 4616 hunc
481 4563 705 4632 quidem
730 4606 749 4630 ,
778 4566 922 4621 illum
960 4581 1140 4625 autem
1183 4586 1322 4638 non,
1355 4575 1449 4629 sed
1470 4618 1483 4640 ,
1516 4578 1727 4634 Omnem
1756 4585 1900 4653 prin-

315 4651 539 4719 cipatum
565 4663 613 4707 et
644 4666 935 4719 potestatem
960 4670 1009 4712 et
1036 4660 1449 4731 dominationem,
1480 4679 1527 4721 et
1553 4685 1698 4725 omne
1719 4689 1898 4729 nomen

311 4744 442 4808 quod
470 4746 788 4811 neniinatnr,
822 4748 866 4802 si
891 4751 1033 4818 quod
1061 4763 1142 4807 est
1173 4752 1224 4807 in
1255 4756 1390 4810 caelo
1411 4798 1425 4821 ,
1456 4761 1706 4816 omnibus
1731 4768 1898 4820 evasit

311 4837 577 4901 asperior.
600 4836 715 4892 Hoc
735 4838 804 4894 de
822 4856 887 4894 eo
907 4843 994 4912 qui
1021 4854 1103 4898 est
1127 4848 1388 4903 excitatus
1413 4866 1442 4905 a
1469 4855 1692 4908 mortuis
1716 4871 1730 4908 :
1754 4859 1893 4925 quod

308 4922 523 4988 quidem
562 4926 781 4997 dignum
809 4939 892 4985 est
917 4932 1287 4991 admiratione.
1322 4938 1452 4993 Nam
1482 4940 1549 4996 de
1583 4943 1691 4998 Deo
1720 4922 1895 5003 verbo

306 5027 665 5086 nequaquam.
696 5017 826 5073 Nam
852 5023 994 5092 quod
1022 5036 1142 5079 sunt
1175 5028 1376 5084 culices
1404 5031 1470 5085 ad
1501 5035 1760 5091 homines.
1792 5038 1893 5094 hoc

305 5115 383 5158 est
409 5108 592 5161 omnis
614 5120 857 5165 creatura
889 5114 955 5167 ad
990 5115 1178 5171 Deum.
1211 5119 1276 5173 Et
1308 5121 1433 5189 quid
1469 5122 1620 5191 dico,
1649 5128 1890 5184 culices?

303 5198 345 5249 si
371 5214 562 5255 omnes
587 5202 834 5259 homines
859 5209 1248 5275 reputabuntur
1273 5221 1330 5265 ut
1362 5215 1547 5278 saliva,
1576 5227 1630 5272 et
1659 5223 1885 5288 reputati

300 5297 422 5341 situt
445 5301 509 5344 ul
533 5304 862 5349 momentum
902 5306 1115 5354 statera:
1147 5300 1315 5370 (lsai.
1345 5304 1436 5360 40.
1474 5308 1572 5377 15)
1605 5330 1618 5365 :
1645 5325 1738 5365 eas
1767 5329 1886 5380 qua:

298 5380 393 5433 sub
422 5396 699 5453 aspectum
733 5404 837 5442 non
865 5391 1065 5446 eadunt
1105 5405 1394 5462 potestates
1439 5415 1576 5469 pone
1613 5412 1883 5475 tamquam

297 5471 512 5527 culices.
546 5474 660 5529 Non
691 5476 850 5546 igitur
873 5480 940 5535 de
970 5483 1079 5536 Deo
1109 5484 1283 5540 Verbo
1308 5490 1387 5542 sic
1415 5488 1567 5557 dixit,
1601 5494 1693 5547 sed
1720 5471 1787 5550 de
1816 5513 1882 5551 eo

296 5562 505 5628 quidem
546 5567 636 5635 qui
681 5565 783 5621 fuit
824 5586 888 5625 ex
925 5573 1078 5628 nobis
1108 5595 1122 5629 :
1157 5575 1257 5632 hoc
1287 5587 1368 5633 est
1398 5596 1522 5636 vere
1553 5600 1797 5654 maguum
1826 5597 1880 5644 et

294 5649 626 5710 admirabile.
656 5658 742 5712 Ab
770 5660 968 5718 inﬁmis
991 5665 1134 5721 enim
1165 5675 1322 5725 terra:
1360 5674 1597 5739 partibus
1631 5649 1751 5731 cum
1780 5695 1876 5733 cx-

297 5740 424 5795 tuht.
467 5743 527 5799 Si
568 5762 760 5804 omnes
797 5764 983 5819 gentes
1017 5766 1283 5826 tamquam
1321 5763 1460 5816 stilla
1483 5806 1499 5829 ,
1541 5782 1677 5823 unus
1713 5767 1875 5826 homo

294 5840 443 5896 Quota
469 5843 553 5890 est
580 5851 708 5906 pars
732 5840 920 5898 stillae?
940 5843 1045 5903 Sed
1068 5864 1189 5904 eum
1217 5850 1343 5906 fecit
1365 5854 1610 5912 omnibus
1634 5861 1873 5928 superio-

1332 426 1399 481 ΙΝ
1438 429 1652 487 EPIST.
1697 434 1788 489 AD
1828 434 2075 495 EPHES.
2118 438 2272 497 CAP.
2317 441 2355 497 Ι.
2400 444 2628 509 ιιοιιιι.
2670 451 2755 512 ill.

3604 472 3677 528 ‘26

2097 569 2233 620 rem,
2266 573 2369 614 non
2399 564 2573 619 solum
2605 567 2657 622 in
2685 569 2786 627 hoc
2810 577 3007 631 sa‘culo
3029 622 3041 638 .
3070 579 3163 636 sed
3201 585 3360 640 etiam
3398 590 3448 641 in
3478 586 3675 647 futuro.

2091 644 2227 700 Sunt
2250 664 2378 720 ergo
2410 666 2728 721 potestatum
2758 671 3107 734 quarumdam
3137 677 3349 730 nomina
3388 681 3539 735 nobis
3568 698 3673 738 non

2088 738 2291 807 signata
2315 783 2329 807 ,
2382 760 2556 816 neque
2598 761 2744 808 nota.
2789 756 2854 810 Et
2895 763 3066 816 omnia
3094 767 3307 838 subjecit
3345 772 3434 825 sub
3465 774 3675 840 pedibus

2088 829 2218 897 ejus.
2249 832 2364 889 Non
2393 838 2564 893 solum
2598 842 2721 898 iccit
2755 852 3083 918 superiorem
3110 868 3168 912 ut
3194 860 3273 915 eis
3304 861 3506 919 honore
3538 884 3672 935 prav-

2089 915 2113 935 ..
2210 929 2243 935 ,.

2087 915 2333 986 ferretur,
2364 941 2535 996 neque
2564 946 2657 999 per
2685 946 3163 1011 comparationem,
3195 952 3286 1005 sed
3317 962 3375 1007 ut
3401 965 3666 1028 tamquam

2083 1014 2252 1065 servis
2282 1030 2552 1082 praeesset.
2582 1023 2758 1094 Papia,
2789 1046 2875 1086 res
2906 1034 3058 1101 plane
3082 1051 3206 1094 sunt
3234 1047 3542 1113 stupenda}!
3571 1050 3667 1103 ho-

2081 1103 2241 1158 minis
2269 1106 2411 1164 facta
2433 1123 2515 1167 est
2545 1130 2698 1172 serva
2730 1125 2904 1180 omnis
2935 1138 3173 1198 potestas
3203 1149 3379 1192 creata
3403 1182 3417 1204 ,
3452 1153 3667 1212 prepter

2935 1191 2951 1198 -
3338 1191 3345 1192 ί
3403 1191 3417 1204 v
3453 1191 3654 1212 r"|""'

2083 1191 2244 1249 Deum
2282 1197 2507 1258 Verbum
2538 1209 2626 1275 qui
2669 1209 2943 1271 inhabitat.
2981 1220 3165 1278 Potest
3188 1227 3328 1281 enim
3350 1246 3477 1286 esse
3505 1245 3561 1287 ut
3596 1236 3663 1289 sit

2076 1284 2271 1355 aliquis
2292 1306 2475 1360 supra,
2509 1313 2612 1351 non
2647 1300 2847 1361 habens
2876 1296 2963 1378 ιιιῖί
2990 1312 3224 1382 ohediat,
3254 1322 3347 1375 sed
3377 1334 3431 1377 ιιι
3459 1324 3661 1382 honore

2075 1378 2429 1444 pra-feratur:
2462 1388 2550 1445 hic
2576 1402 2753 1450 autem
2794 1414 2900 1455 non
2940 1404 3052 1472 sic,
3081 1410 3176 1463 sed
3215 1414 3393 1467 omnia
3435 1418 3661 1486 subjecit

2073 1472 2174 1525 sub
2206 1476 2429 1542 pedibus
2457 1483 2612 1551 ejus;
2644 1498 2699 1543 et
2739 1506 2845 1547 non
2875 1496 3046 1552 solum
3074 1503 3320 1574 subjecit,
3350 1508 3443 1564 sed
3472 1472 3656 1567 utiima

2070 1566 2436 1639 snhjcctione,
2470 1587 2525 1631 et
2567 1591 2688 1649 post
2730 1600 2889 1655 quam
2935 1604 3162 1650 nonest
3203 1599 3324 1653 alia.
3368 1601 3654 1673 Propterea

2068 1656 2232 1723 dixit,
2262 1662 2372 1717 Sub
2395 1667 2624 1732 pedibus.
2664 1675 2733 1730 Et
2757 1678 2922 1748 ipsum
2952 1684 3099 1739 dedit
3127 1701 3278 1759 caput
3306 1709 3457 1761 super
3474 1656 3654 1750 romnia

2066 1742 2328 1806 Ecclesiae.
2361 1754 2538 1825 Ριιιιεε,
2567 1775 2673 1830 quo
2701 1780 2890 1824 rursus
2919 1776 3131 1829 sustulit
3160 1778 3487 1838 Ecclesium!
3517 1797 3651 1840 tam-

2065 1850 2222 1906 quam
2255 1856 2350 1910 per
2373 1849 2656 1914 quamdam
2690 1856 2905 1914 trahens
2936 1863 3233 1921 machinam
3254 1910 3269 1933 ,
3299 1885 3417 1926 eam
3448 1874 3500 1927 in
3531 1892 3613 1930 ma
3632 1908 3649 1920 -

2061 1940 2218 1995 gnam
2249 1936 2464 1991 sustulit
2488 1939 2820 2001 altitudinem
2847 1990 2861 2013 ,
2892 1958 2949 2005 et
2973 1967 3090 2008 eam
3132 1957 3320 2014 sedere
3356 1966 3559 2018 curavit
3593 1969 3644 2022 in

2062 2016 2149 2070 illa
2177 2020 2324 2078 sede.
2359 2024 2456 2081 Ubi
2488 2031 2630 2085 enim
2669 2044 2754 2090 est
2790 2051 2948 2108 caput
2973 2083 2987 2106 ,
3018 2043 3126 2099 illie
3152 2055 3206 2101 et
3233 2062 3429 2121 corpus
3455 2070 3470 2106 :
3500 2056 3645 2110 nullo

2060 2108 2180 2163 loco
2206 2112 2523 2176 intermedio
2555 2136 2806 2182 arcentur
2841 2143 2999 2203 caput
3038 2145 3091 2191 et
3118 2152 3313 2209 corpus
3345 2160 3357 2194 :
3388 2146 3434 2199 si
3463 2157 3641 2204 autem

2057 2214 2386 2276 arcerentur,
2409 2226 2605 2284 corpus
2625 2234 2741 2274 non
2757 2220 2936 2293 fuerit,
2963 2243 3068 2283 non
3090 2229 3247 2286 fuerit
3271 2247 3447 2306 caput.
3473 2240 3641 2311 Super

2055 2298 2243 2364 omnia,
2277 2300 2467 2371 inquit.
2498 2307 2632 2375 Quid
2663 2322 2767 2378 est,
2800 2314 2973 2386 Super
2998 2323 3212 2377 omnia?
3238 2326 3344 2381 Aut
3368 2328 3637 2389 Christum

2052 2386 2201 2455 dicit,
2230 2392 2319 2461 qui
2349 2404 2432 2450 est
2458 2410 2621 2469 super
2647 2406 2826 2461 omnia
2855 2424 2973 2478 qua:
3001 2423 3296 2471 cernuntur
3321 2427 3375 2473 et
3404 2437 3522 2491 qua:
3553 2425 3636 2477 in-

2054 2478 2393 2551 telliguntur;
2434 2500 2525 2544 aut
2567 2507 2728 2563 supra
2758 2501 2933 2554 omnia
2972 2500 3111 2558 bona
3153 2504 3255 2563 hoc
3297 2478 3450 2578 fecit;
3493 2517 3634 2584 quod

2050 2566 2240 2626 Filium
2280 2574 2487 2633 dederit
2526 2594 2702 2653 caput.
2746 2587 2860 2643 Non
2901 2595 3169 2664 angelum,
3201 2615 3307 2656 non
3337 2604 3633 2678 archange-

2051 2657 2151 2678 ,μμ
2397 2668 2431 2678 ,,
2590 2673 2619 2678 ,ν

2971 2657 2997 2663 _
3154 2657 3166 2664 ,
3408 2657 3601 2678 προ-

2048 2657 2158 2714 lum
2181 2700 2197 2726 ,
2222 2678 2328 2719 non
2360 2668 2524 2724 ullum
2555 2673 2717 2730 alium
2747 2678 2953 2737 dimisit
2987 2689 3343 2757 superiorem.
3378 2695 3493 2752 Non
3535 2698 3634 2757 hac

2044 2750 2215 2807 solum
2258 2756 2465 2815 ratione
2503 2777 2603 2819 nos
2646 2765 2962 2841 honoravit,
2998 2778 3138 2845 quod
3175 2795 3296 2836 eum
3327 2789 3415 2855 qui
3456 2798 3574 2843 erat
3601 2808 3632 2845 ε

2045 2843 2199 2903 nobis
2229 2846 2281 2902 iu
2320 2849 2484 2907 altum
2521 2859 2806 2928 extulerit,
2850 2864 2943 2919 sed
2982 2843 3124 2936 quod
3162 2873 3323 2928 etiam
3346 2843 3542 2934 't'ecerit
3572 2891 3631 2936 ut

2045 2941 2210 2991 totum
2238 2953 2530 3001 commune
2548 2962 2715 3016 genus
2741 2951 2889 3010 illum
2924 2970 3260 3031 sequeretur,
3290 2966 3365 3022 illi
3391 2969 3631 3029 adtul-re-

2042 3036 2157 3094 ret,
2188 3030 2338 3086 illum
2365 3046 2747 3098 assectaretor.
2780 3044 2908 3110 Quis
2934 3061 3007 3104 est
3032 3068 3218 3123 corpus
3242 3056 3421 3127 ipsius.
3453 3061 3624 3129 Nam,

2041 3132 2108 3173 ne
2145 3121 2328 3178 audito
2361 3129 2537 3196 capite
2559 3170 2576 3197 ,
2608 3131 2709 3188 hoc
2745 3128 2915 3191 solum
2947 3143 3224 3201 existimes
3251 3148 3458 3205 initium
3484 3194 3498 3218 ,
3531 3157 3624 3210 sed

2035 3207 2196 3264 etiam
2226 3211 2528 3272 ﬁrmitatem
2557 3231 2612 3274 et
2640 3223 2981 3283 stabilitatem
3010 3272 3025 3295 ,
3058 3248 3163 3287 non
3216 3247 3483 3309 tainquam
3535 3260 3622 3299 so-

2034 3297 2142 3354 lum
2174 3303 2503 3375 principem,
2535 3312 2629 3365 sed
2672 3324 2937 3386 tamquam
2968 3326 3213 3392 corporis
3243 3341 3401 3399 caput
3438 3337 3624 3388 consi-

2031 3389 2207 3447 deres.
2250 3393 2562 3467 Pienitudo,
2601 3401 2807 3474 inquit,
2839 3409 2949 3478 ejus
2985 3389 3080 3483 qui
3111 3389 3362 3474 omniain
3393 3425 3622 3481 omnibus

2030 3483 2355 3554 adimpletur.
2399 3489 2690 3563 Tamquam
2738 3497 2839 3554 hoc
2888 3517 2991 3557 non
3034 3505 3301 3565 sufﬁceret
3332 3513 3399 3568 ad
3433 3526 3618 3570 osten-

2027 3574 2255 3631 dendam
2286 3583 2658 3649 cognationem
2692 3597 2747 3644 et
2778 3596 3223 3666 prapinquitatem
3248 3644 3263 3667 ,
3296 3605 3420 3673 quid
3451 3608 3618 3665 dicit?

2029 3664 2311 3725 Plenitudo
2328 3671 2524 3729 Christi
2554 3678 2814 3737 Ecclesia.
2844 3664 3128 3746 Plenitudo
3153 3695 3294 3750 enim
3321 3702 3509 3769 capitis
3531 3715 3615 3758 est

2023 3773 2247 3830 corpus,
2296 3766 2571 3834 plenitudo
2617 3776 2859 3843 corporis
2902 3793 3079 3848 caput.
3117 3778 3248 3842 Vide
3288 3806 3394 3859 quo
3423 3795 3613 3850 ordine

2024 3866 2149 3907 usus
2183 3853 2253 3908 sit
2293 3855 2492 3912 Paulus
2515 3901 2531 3925 ,
2558 3871 2612 3917 et
2649 3869 2921 3934 quomodo
2950 3874 3079 3927 nulli
3117 3878 3279 3934 verbo
3306 3894 3487 3951 parcat
3510 3928 3525 3951 ,
3555 3898 3612 3943 ut

2023 3939 2115 3995 Dei
2155 3946 2397 4001 ostendat
2443 3950 2690 4019 gloriam.
2739 3955 3045 4027 Plenitudo,
3086 3966 3253 4038 inquit
3279 3939 3449 4036 {illud
3488 3939 3604 4047 est,

2021 4043 2204 4103 utpote
2245 4050 2405 4106 caput
2440 4042 2690 4112 impletur
2715 4064 2742 4101 a
2772 4066 3000 4120 corpore
3029 4075 3041 4110 :
3075 4074 3196 4114 nam
3240 4079 3435 4134 corpus
3473 4085 3604 4124 con-

2015 4122 2153 4177 sistit
2183 4141 2277 4193 per
2301 4131 2539 4186 membra
2570 4140 2771 4199 omnia.
2803 4151 2856 4195 et
2886 4145 3108 4215 singulis
3131 4166 3265 4220 opus
3296 4155 3475 4214 habet.
3515 4160 3603 4215 Vi-

2013 4213 2081 4267 de
2109 4218 2378 4283 quomodo
2408 4220 2553 4276 illum
2585 4229 2834 4285 omnibus
2872 4248 3006 4301 Opus
3042 4237 3326 4298 habentem
3360 4247 3598 4305 inducat.

2012 4305 2219 4361 Etenim
2248 4310 2292 4363 si
2325 4326 2429 4365 nou
2456 4315 2627 4373 simus
2654 4322 2802 4375 mttlti
2825 4364 2838 4388 ,
2870 4334 2923 4379 ct
2951 4344 3055 4381 non
3098 4332 3167 4384 sit
3205 4334 3341 4390 alius
3368 4354 3556 4395 manus
3577 4385 3594 4410 ,

2010 4398 2145 4453 alius
2174 4415 2303 4456 vero
2331 4417 2423 4471 pes
2445 4448 2460 4471 ,
2491 4408 2628 4464 alius
2658 4411 2831 4482 aliqua
2861 4416 2964 4472 alia
3007 4436 3163 4489 pars,
3201 4441 3307 4481 non
3347 4429 3597 4500 impletur

2010 4496 2175 4542 totum
2203 4504 2417 4561 corpus.
2452 4495 2552 4550 Per
2577 4503 2754 4555 onmia
2792 4520 2922 4576 ergo
2954 4508 3203 4579 impletur
3230 4519 3346 4583 ejus
3375 4536 3589 4593 corpus.

2007 4577 2154 4633 Tunc
2175 4580 2424 4652 impletur
2443 4598 2621 4656 caput,
2650 4601 2772 4647 tunc
2797 4577 3084 4664 perfectum
3109 4603 3167 4658 ﬁt
3189 4577 3405 4679 corpus,
3423 4577 3593 4685 quan-

2002 4668 2072 4722 do
2098 4686 2285 4728 omnes
2313 4674 2473 4730 simul
2502 4677 2758 4737 fuerimus
2785 4688 3055 4757 conjuncti
3083 4705 3137 4750 et
3165 4668 3534 4771 cong'lutiiiati.

2070 4766 2125 4819 δ.
2164 4767 2345 4825 Vidisti
2374 4772 2585 4829 divitias
2605 4778 2789 4846 gloria:
2816 4766 3367 4853 ltereditiitis?.vidisti
3398 4817 3592 4871 supcr-
3680 4782 3688 4789 ’

1998 4859 2319 4916 eminentem
2350 4866 2762 4936 magnitudinem
2787 4874 2996 4931 virtutis
3022 4879 3072 4935 in
3096 4898 3190 4938 eos
3213 4888 3302 4955 qui
3323 4859 3592 4945 credunt?

1999 4950 2170 5004 vidisti
2201 4969 2352 5022 spem
2379 4960 2714 5017 vocationis?
2742 4965 3105 5028 Revereaniur
3134 4988 3370 5033 nostrum
3399 4994 3578 5052 caput,

1993 5032 2290 5112 Cogitemus
2330 5049 2485 5119 cujus
2532 5055 2723 5123 capitis
2765 5075 2950 5117 sumus
2995 5078 3230 5135 corpus,
3273 5072 3359 5125 cui
3399 5076 3574 5130 omnia

1991 5143 2115 5188 sunt
2139 5137 2396 5203 subjecta.
2425 5141 2537 5196 Hoc
2558 5148 2808 5218 exemplo
2830 5167 2926 5206 nos
2952 5156 3110 5210 etiam
3139 5153 3340 5228 ang'clis
3366 5178 3577 5232 Oportet

1989 5239 2110 5280 esse
2141 5226 2411 5296 meliores,
2441 5241 2495 5287 et
2522 5236 2856 5309 archangelis
2883 5245 3135 5313 majores,
3165 5258 3221 5302 ut
3248 5253 3335 5319 qui
3365 5253 3427 5309 iis
3452 5274 3571 5314 ont-

1989 5317 2142 5371 nibus
2168 5320 2334 5375 simus
2363 5323 2566 5381 honore
2594 5334 2885 5401 praepositi.
2914 5334 3037 5390 Non
3063 5340 3269 5410 angelos
3289 5352 3572 5417 apprehen-

1985 5408 2060 5462 dit
2093 5410 2291 5481 (Πών.
2322 5414 2413 5469 si.
2445 5417 2518 5489 6)
2548 5421 2722 5485 Deus,
2766 5426 2902 5478 sicut
2940 5426 3068 5482 dicit
3098 5408 3343 5492 scribens
3358 5408 3431 5494 'ad
3463 5440 3567 5495 lie-

1984 5498 2159 5554 brieos
2182 5543 2197 5565 ,
2227 5504 2315 5556 sed
2339 5522 2513 5560 semen
2547 5510 2804 5567 Aera/ue:
2835 5531 2940 5569 nou
2974 5520 3323 5591 principatum
3348 5569 3365 5595 ,
3393 5545 3567 5599 neque

1983 5599 2317 5660 potestatem.
2351 5610 2523 5665 neque
2550 5598 2992 5673 dominationem,
3022 5625 3195 5680 neque
3217 5616 3377 5671 ullam
3404 5621 3563 5674 aliain

1980 5681 2260 5746 virtutem;
2290 5684 2384 5739 sed
2419 5696 2654 5743 nostram
2695 5703 2939 5751 naturam
2978 5704 3360 5771 apprehendit,
3387 5722 3440 5763 ct
3468 5728 3563 5764 su-

1980 5787 2073 5842 pra
2111 5773 2301 5830 sedere
2336 5776 2513 5846 jussit.
2546 5780 2612 5835 Et
2636 5784 2760 5852 quid
2791 5788 2944 5855 dico,
2971 5795 3160 5852 sedere
3183 5797 3383 5869 jussit?
3406 5818 3560 5859 suum

1981 5864 2106 5920 fecit
2135 5867 2545 5938 vestimentum,
2589 5891 2685 5931 nec
2726 5878 2777 5932 id
2807 5881 2980 5938 solum
3004 5927 3017 5951 ,
3051 5888 3143 5942 Sed
3183 5864 3297 5958 ejus
3336 5894 3565 5963 pedibus
