4080 6218
333 401 400 455 21
1048 394 1105 452 s.
1144 389 1420 450 JOANNIS
1455 383 1924 445 cnnrsosront
1965 382 2284 442 AltClllEP.
2323 368 2854 446 CONSTAN'l’lNOP.
3084 362 3093 366 ’
3546 397 3615 454 ιε

337 512 568 582 subjecit
607 511 808 565 omnia.
847 509 1014 576 Quam
1056 510 1250 562 multas
1275 506 1354 560 vis
1381 512 1581 558 mortes
1609 515 1840 571 ponere,
1870 508 1926 554 et

336 619 496 675 quam
545 603 738 658 multas
782 601 1022 663 animas,
1051 597 1301 652 deciesne
1346 595 1526 659 mille,
1554 602 1608 647 et
1649 592 1731 646 bis
1768 591 1926 659 longe

341 693 563 764 plures?
592 692 696 749 Sed
741 692 874 747 nihil
915 690 1062 747 dices
1087 687 1229 759 quod
1273 687 1339 741 sil
1379 687 1428 742 ei
1465 685 1925 755 :equiparautlum.

342 789 458 842 [tuo
481 787 623 842 enim
657 787 783 842 fecit
813 785 1042 838 maxima
1077 800 1089 836 :
1123 791 1176 836 et
1219 781 1332 850 ipse
1369 781 1436 834 ad
1483 795 1744 834 summam
1779 777 1928 832 venit

342 877 716 941 humilitatem,
746 885 799 930 et
829 874 1096 928 hominem
1127 873 1341 928 sustulit
1375 871 1440 925 ad
1473 884 1716 940 magnam
1746 869 1927 922 altitu-

338 970 543 1024 dinem.
575 969 715 1023 Dixit
747 967 873 1022 illud
907 967 1159 1037 primum,
1187 963 1327 1035 quod
1358 979 1416 1017 se
1445 962 1581 1016 adeo
1609 960 1928 1014 humiliave-

342 1061 412 1114 rit
439 1077 455 1118 ε
480 1059 606 1114 dicit
635 1059 734 1113 hoc
759 1057 962 1112 firmius
985 1065 1038 1111 et
1063 1055 1309 1119 solidius,
1336 1053 1384 1109 id
1407 1053 1546 1123 quod
1569 1060 1654 1107 est
1678 1065 1928 1121 magnum

341 1161 398 1207 et
439 1167 648 1207 summa
691 1167 894 1206 rerum.
927 1149 1085 1220 Atqui
1125 1148 1168 1203 si
1214 1148 1364 1203 nullo
1405 1147 1606 1216 dignati
1649 1159 1928 1210 essemus,

341 1242 678 1308 sulfecisset;
709 1242 794 1297 vel
820 1243 982 1297 etiam
1015 1241 1117 1295 hoc
1141 1240 1184 1295 si
1213 1239 1414 1310 dignati
1442 1253 1706 1302 essemus,
1728 1235 1933 1304 absque

344 1350 433 1401 eo,
455 1333 597 1406 quod
624 1343 768 1390 esset
791 1341 1072 1396 mactatus,
1104 1332 1402 1386 suffecisset
1426 1347 1440 1385 :
1467 1345 1588 1385 cum
1614 1341 1790 1383 autem
1818 1329 1932 1382 haec

345 1409 453 1481 duo
479 1428 611 1489 sint,
641 1441 798 1496 quam
826 1425 1037 1481 dicendi
1068 1423 1368 1480 facultatem
1404 1439 1509 1477 non
1547 1422 1732 1477 vicerit
1759 1429 1812 1475 et
1839 1436 1932 1474 su-

348 1519 656 1589 peraverit?
694 1517 810 1572 Non
851 1532 1038 1586 magna
1080 1531 1167 1572 res
1210 1525 1294 1571 est
1336 1514 1692 1578 resurrectio,
1721 1511 1934 1581 quando

349 1607 468 1664 lube
499 1620 704 1680 reputo.
739 1609 812 1664 De
851 1607 954 1662 hoc
992 1608 1154 1672 dicit,
1197 1605 1334 1660 Deus
1373 1603 1582 1658 Domini
1618 1603 1777 1657 nostri
1808 1601 1934 1655 Jcsu

349 1702 557 1770 Clu-isti,
589 1720 691 1757 non
721 1702 789 1757 de
818 1703 928 1756 Deo
951 1701 1147 1758 Verbo.
1180 1700 1540 1755 Revereamur
1564 1698 1935 1770 propinquita-

350 1803 458 1849 tem
502 1793 866 1863 cognationis,
909 1793 1192 1846 timeamus
1211 1806 1279 1846 ne
1301 1792 1420 1861 quis
1476 1789 1824 1845 abscindatur
1869 1787 1938 1843 ab

353 1886 456 1940 hoc
481 1900 726 1953 corpore,
758 1899 824 1948 ne
850 1884 970 1954 quis
1001 1881 1232 1944 excidat,
1263 1895 1330 1937 ne
1358 1880 1478 1951 quis
1505 1887 1761 1949 appareat
1796 1878 1937 1932 iudi-

353 1990 509 2042 gnus.
538 1973 595 2029 Si
621 1973 883 2044 quispiam
915 1971 1159 2027 diadema
1200 1979 1386 2026 nostro
1414 1969 1727 2039 imposuerit
1755 1969 1936 2038 capiti,

354 2069 397 2128 si
427 2082 681 2124 coronam
708 2081 947 2129 auream,
975 2081 1153 2119 annon
1182 2063 1358 2117 omnia
1386 2062 1689 2126 fecerimus,
1712 2069 1770 2114 ut
1792 2059 1940 2130 digni

353 2160 632 2214 videamur
673 2157 924 2214 inanimis
970 2155 1273 2226 lapidibus?
1311 2154 1464 2210 Nunc
1497 2162 1676 2209 autem
1713 2167 1820 2208 non
1858 2159 1942 2207 est

358 2262 543 2313 nostro
564 2252 726 2321 capiti
756 2250 1062 2320 impositum
1088 2247 1355 2314 diadema,
1387 2246 1482 2304 sed
1511 2255 1665 2316 caput
1698 2253 1941 2300 nostrum

359 2347 527 2398 iactus
553 2354 637 2399 est
663 2341 911 2401 Christus
934 2383 949 2405 ,
976 2341 1118 2410 quod
1154 2349 1238 2396 est
1273 2338 1445 2406 majus
1469 2379 1484 2400 .
1513 2347 1568 2394 et
1600 2337 1715 2407 ejus
1741 2336 1940 2390 nullam

360 2435 616 2498 habemus
639 2435 920 2490 rationem.
941 2432 1044 2488 Sed
1066 2432 1238 2503 angeli
1261 2431 1472 2502 quidem
1497 2430 1668 2499 ipsqu
1692 2443 1942 2484 reveren-

360 2535 448 2580 tur
471 2535 521 2580 et
548 2524 854 2593 archangeli
884 2533 938 2578 et
967 2537 1155 2577 omnes
1185 2521 1289 2577 illae
1316 2520 1550 2576 Virtutes
1578 2536 1592 2573 :
1620 2533 1719 2574 nos
1740 2527 1940 2584 autem,

361 2632 484 2671 cum
521 2617 682 2672 etiam
711 2606 828 2685 ejus
854 2629 1050 2683 corpus
1084 2613 1252 2667 simus
1277 2651 1291 2677 ,
1328 2625 1502 2681 neque
1543 2618 1763 2681 propter
1803 2609 1942 2676 hoc,

362 2723 537 2778 neque
584 2717 800 2778 propter
847 2707 976 2760 illud
1021 2702 1427 2761 reverebimur?
1465 2711 1518 2758 et
1556 2715 1803 2772 quaenam
1845 2699 1945 2754 erit

362 2814 487 2870 spes
517 2808 712 2853 nostra:
740 2797 973 2852 salutis?

436 2889 601 2961 Regni
640 2891 878 2947 telorum
925 2888 1130 2942 amissio
1176 2888 1317 2956 pejor
1361 2883 1610 2956 gehenua.
1651 2911 1722 2923 —-
1761 2881 1946 2952 Cogita

367 2979 615 3050 thronum
639 2980 864 3049 regium.
888 2980 1061 3048 cogita
1085 2992 1350 3032 summum
1375 2975 1634 3032 honorem
1659 2990 1673 3026 :
1699 2972 1802 3029 hoc
1828 2988 1947 3038 nos,

366 3071 411 3126 si
436 3071 661 3126 velimus
678 3112 692 3133 ,
723 3071 892 3139 magis
914 3083 1012 3123 nos
1042 3067 1235 3137 poterit
1263 3076 1467 3121 terrere
1493 3079 1652 3133 quam
1679 3063 1952 3134 gehenna.

366 3162 501 3218 Nam
543 3163 586 3216 si
633 3177 739 3216 non
781 3169 924 3215 esset
965 3159 1246 3230 gehenna,
1293 3165 1442 3212 tanto
1487 3156 1692 3211 honore
1732 3155 1953 3210 alie-ctus

370 3257 616 3309 inventos
644 3267 763 3308 esse
801 3251 1044 3322 indignos
1072 3259 1126 3305 et
1156 3249 1326 3304 malos
1350 3290 1366 3314 ,
1397 3263 1556 3319 quam
1591 3263 1698 3303 non
1729 3245 1953 3301 haberet

369 3361 620 3416 pinnam,
651 3343 788 3414 quod
831 3358 938 3398 non
983 3341 1341 3411 supplicium?
1367 3340 1551 3410 Cogita
1597 3353 1760 3408 prope
1791 3352 1952 3409 quem

369 3436 556 3491 sedeat
585 3445 733 3492 tuum
768 3444 966 3504 caput;
999 3435 1100 3490 hoc
1139 3433 1312 3491 solum
1343 3432 1409 3486 ad
1438 3433 1746 3488 universum
1787 3431 1953 3485 suile-

368 3527 544 3592 eerit;
588 3526 656 3582 ad
699 3527 850 3596 cujus
883 3526 1070 3582 sedeat
1098 3523 1398 3580 dexteram.
1428 3521 1536 3580 Sed
1578 3522 1708 3577 illud
1739 3521 1954 3591 quidem

371 3635 532 3691 super
563 3635 776 3675 onmem
809 3619 1161 3690 principatum
1184 3659 1198 3683 ,
1232 3626 1549 3688 potestatem
1579 3625 1635 3671 et
1662 3617 1910 3670 virtutem
1937 3629 1951 3678 ;

373 3711 489 3780 ejus
518 3722 695 3764 autem
726 3724 918 3779 corpus
956 3710 1300 3764 conculcatur
1338 3709 1496 3763 etiam
1526 3722 1555 3760 a
1583 3705 1955 3761 dzemonibus?

372 3804 479 3857 Sed
510 3803 649 3858 absit
678 3821 692 3856 :
722 3802 766 3857 si
795 3819 920 3858 vero
946 3803 1044 3866 sit,
1079 3803 1180 3856 hoc
1201 3809 1327 3855 ‘non
1377 3801 1539 3858 fuerit
1579 3800 1808 3869 amplius
1837 3814 1957 3854 cor-

374 3911 494 3968 pus.
525 3896 694 3966 Caput
721 3904 866 3949 tuum
897 3904 1220 3950 venerantur
1246 3893 1385 3949 servi
1416 3891 1573 3963 frugi,
1603 3901 1656 3948 et
1683 3892 1772 3962 qui
1803 3893 1956 3947 bona;

376 3995 497 4038 sunt
519 3985 928 4040 existimationis
948 4002 962 4046 ;
988 3993 1042 4040 et
1063 3999 1258 4052 corpus
1280 3983 1499 4053 subjicis
1522 3985 1585 4037 iis
1607 3984 1696 4054 qui
1720 3983 1957 4038 offende-

377 4079 535 4134 runt?
564 4093 671 4148 quo
697 4092 804 4132 non
838 4077 1031 4146 dignus
1067 4077 1175 4131 eris
1218 4077 1520 4146 supplicio?
1546 4075 1601 4132 Si
1639 4077 1757 4145 quis
1795 4076 1957 4144 pedes

377 4169 520 4237 regis
568 4168 766 4236 pedicis
804 4167 988 4238 alliget
1012 4175 1067 4223 et
1095 4168 1148 4221 in
1181 4166 1467 4236 compedes
1505 4167 1745 4234 injiciat,
1776 4181 1955 4220 annon

377 4260 480 4313 erit
507 4259 771 4314 obnoxius
810 4269 1050 4314 extremo
1091 4257 1389 4328 supplicio?
1428 4257 1506 4311 Tu
1553 4265 1722 4310 totum
1761 4272 1957 4326 corpus

375 4349 562 4418 objicis
591 4350 718 4405 feris
744 4351 1082 4416 immanibus,
1109 4358 1162 4403 et
1189 4365 1293 4402 non
1321 4347 1546 4403 horres?
1571 4347 1677 4404 Sed
1704 4348 1957 4418 quoniam

376 4443 551 4511 agitur
578 4442 645 4497 de
673 4457 900 4513 corpore
927 4441 1158 4502 Domini.
1182 4455 1279 4510 age
1308 4441 1448 4494 illius
1467 4441 1626 4494 etiam
1655 4439 1961 4495 memineri-

388 4548 507 4586 mus
527 4573 544 4598 ,
574 4536 716 4603 quod
761 4536 812 4588 in
843 4549 1056 4590 crucem
1088 4533 1186 4588 fuit
1218 4542 1392 4588 actum
1414 4574 1428 4597 ,
1458 4534 1597 4604 quod
1633 4533 1798 4588 clavis
1823 4548 1956 4588 con-

385 4626 568 4687 lisum,
601 4634 658 4680 et
692 4628 1043 4684 sacrificatur.
1061 4627 1115 4682 Si
1157 4642 1218 4683 es
1254 4627 1451 4680 Christi
1473 4641 1685 4696 corpus,
1719 4626 1798 4680 fer
1831 4643 1960 4682 cru-

380 4732 527 4780 cem;
575 4733 696 4770 nam
740 4718 1080 4789 illelquoque
1124 4720 1289 4773 tulit:
1327 4719 1406 4773 fer
1461 4727 1649 4788 sputa,
1681 4717 1763 4772 fer
1815 4719 1960 4773 cola-

383 4809 548 4877 phos,
606 4807 688 4862 fer
738 4809 935 4864 clavos.
989 4809 1120 4864 Tale
1157 4818 1274 4863 erat
1335 4809 1464 4863 illud
1507 4823 1721 4876 corpus.
1753 4806 1962 4877 Corpus

383 4898 512 4952 illud
556 4897 898 4967 impeccabile
941 4907 1054 4952 erat
1084 4915 1097 4950 :
1129 4897 1401 4951 Peccatum
1457 4914 1556 4950 non
1586 4897 1724 4966 fecit,
1768 4913 1857 4951 nec
1889 4909 1960 4952 est

380 4992 610 5050 iuventus
640 4991 786 5044 dolus
818 4990 870 5044 in
909 5005 999 5043 ore
1033 4990 1141 5060 ejus
1169 4987 1330 5056 (Isai.
1363 4990 1450 5044 55.
1485 4988 1552 5057 9)
1583 5008 1596 5043 :
1629 5003 1819 5043 manus
1847 4989 1963 5059 ejus

382 5083 560 5135 omnia
589 5080 816 5152 agebant
844 5080 909 5134 ad
941 5079 1372 5135 benel‘aciemlum
1407 5079 1469 5133 iis
1494 5080 1580 5149 qui
1608 5080 1831 5148 egebant
1859 5097 1872 5133 :
1901 5096 1963 5136 os

383 5171 500 5239 ejus
539 5173 672 5226 nihil
709 5171 889 5227 emisit
928 5170 1066 5241 quod
1107 5185 1211 5224 non
1237 5169 1455 5224 deceret
1485 5187 1498 5223 :
1528 5170 1758 5236 audivit,
1793 5169 1964 5225 Habes

383 5259 688 5315 dicmouiuui
717 5261 910 5334 (locu.
946 5263 999 5316 7.
1037 5261 1168 5330 20),
1207 5270 1262 5316 et
1300 5259 1433 5314 nihil
1476 5260 1704 5315 dicebat.
1733 5261 1865 5328 Quia
1894 5261 1964 5317 de

385 5368 611 5422 corpore
639 5370 668 5406 a
701 5356 852 5409 nobis
893 5355 1095 5426 agitur,
1129 5353 1451 5422 quicumque
1492 5351 1735 5419 corporis
1778 5367 1962 5408 sumus

387 5445 698 5513 participes,
731 5447 1050 5514 quicumque
1078 5455 1353 5514 gustamus
1382 5442 1690 5511 sanguinem
1713 5482 1726 5505 ,
1758 5443 1961 5512 cogite-

389 5552 506 5590 mus
540 5535 680 5604 qnod
725 5536 864 5590 illius
910 5537 1192 5606 participes
1231 5537 1427 5599 simus,
1464 5535 1552 5604 qui
1593 5533 1722 5590 nihil
1763 5534 1829 5589 ab
1871 5535 1960 5589 illo

383 5625 583 5692 differt,
609 5625 698 5696 qui
735 5641 897 5694 supra
928 5626 1099 5690 sedet,
1131 5628 1220 5696 qui
1247 5629 1500 5682 adorator
1525 5627 1591 5680 ab
1621 5626 1843 5697 angelis,
1871 5626 1959 5696 qui

383 5717 580 5773 assidet
609 5733 774 5788 pr0pe
801 5716 948 5772 illam
978 5717 1340 5788 incorruptam
1369 5717 1629 5774 Virtutem
1658 5733 1673 5771 :
1697 5718 1835 5772 hunc
1862 5733 1960 5785 gu-

382 5818 601 5864 stamus.
637 5809 732 5866 llei
775 5807 905 5870 mihi
942 5822 1106 5881 quam
1150 5809 1330 5865 multa:
1361 5810 1457 5864 via:
1500 5811 1650 5865 nobis
1685 5819 1864 5881 pateat
1892 5807 1956 5863 ad

2034 499 2297 557 salutem!
2329 500 2439 557 Nos
2473 518 2669 574 corpus
2692 520 2850 562 suum
2880 506 3022 573 fecit,
3054 523 3209 564 somn
3239 525 3432 581 corpus
3463 514 3615 569 nobis

2032 593 2307 662 impertiit,
2337 604 2391 650 et
2420 595 2551 651 nihil
2581 597 2775 653 horum
2804 615 2904 654 nos
2928 603 3120 656 avertit
3145 617 3175 656 a
3203 603 3376 658 malis.
3399 604 3445 660 0
3467 615 3617 662 tene-

2032 683 2155 738 bras
2179 726 2195 750 ,
2221 701 2256 740 o
2300 686 2618 755 profundum
2658 688 2907 760 abyssum
2933 732 2949 757 ,
2977 706 3010 746 ο
3038 701 3313 761 stuporem
3343 705 3398 750 et
3425 710 3617 752 sensus

2031 779 2354 842 egestatem!
2390 779 2517 843 Qua:
2545 794 2746 834 sursum
2784 791 2934 846 sunt,
2968 784 3134 853 inquit
3154 823 3170 847 ,
3198 787 3390 856 sapite,
3422 787 3508 840 ubi
3545 799 3616 842 est

2031 864 2263 920 Christus
2289 867 2358 920 ad
2386 869 2644 924 dexteram
2682 871 2776 927 Dei
2801 874 2978 927 sedens
3007 875 3236 946 (Coloss.
3266 879 3317 932 3.
3348 877 3400 931 2.
3435 880 3455 933 l
3482 879 3498 947 )
3522 897 3535 938 :
3564 889 3618 936 et

2034 965 2152 1026 post
2190 956 2305 1014 haec
2342 960 2554 1029 quidam
2587 963 2654 1019 de
2692 965 2932 1034 pecuniis
2971 976 3094 1022 sunt
3127 969 3373 1035 solliciti,
3403 971 3492 1026 alii
3531 987 3618 1027 ca-

2034 1047 2252 1117 piuntur
2280 1049 2347 1106 ab
2374 1052 2537 1108 animi
2574 1055 3082 1123 perturbationibus.

2105 1141 2160 1194 4.
2191 1141 2306 1196 Non
2340 1143 2531 1200 videtis
2559 1146 2699 1215 quod
2732 1149 2784 1201 io
2815 1159 2998 1203 nostro
3026 1163 3239 1221 quoque
3267 1165 3491 1222 corpore
3519 1153 3617 1207 ab-

2035 1233 2348 1290 scinduntur
2374 1245 2430 1292 et
2461 1248 2802 1307 amputantur
2826 1257 3175 1313 qua‘cumque
3211 1255 3335 1300 sunt
3363 1260 3617 1316 superva-

2036 1337 2201 1379 canea
2226 1336 2280 1380 et
2311 1327 2512 1382 inutilia
2529 1330 2552 1383 ?
2569 1340 2622 1385 et
2643 1331 2846 1386 nullum
2869 1333 3074 1388 lucrum
3101 1336 3344 1390 attuli-rit
3367 1337 3416 1389 id
3433 1353 3543 1404 cor.
3565 1355 3618 1392 o-

2037 1418 2081 1471 ri
2104 1457 2119 1483 ,
2143 1419 2357 1488 quando
2384 1421 2544 1477 fuerit
2576 1425 2896 1488 mutilatum,
2921 1428 3132 1496 quando
3154 1439 3326 1483 morte
3344 1429 3616 1497 aﬂ‘ectum,

2037 1511 2252 1578 quando
2289 1514 2640 1582 putrefactum
2661 1557 2678 1583 ,
2706 1518 2918 1588 quando
2950 1522 3110 1574 etiam
3151 1524 3450 1591 corruperit
3491 1523 3617 1576 reli-

2037 1603 2238 1669 quum?
2275 1602 2354 1658 Ne
2394 1620 2522 1675 ergo
2563 1608 2938 1676 conﬁdamus,
2970 1612 3110 1682 quod
3153 1613 3316 1667 semel
3368 1613 3619 1669 fuerimus

2040 1691 2301 1760 corporis.
2349 1694 2403 1749 Si
2447 1707 2624 1752 autem
2673 1699 2776 1754 hoc
2819 1716 3017 1772 corpus
3061 1719 3181 1758 cum
3227 1705 3298 1758 sit
3341 1709 3616 1769 naturale.

2043 1793 2219 1841 tamen
2249 1787 2580 1846 abscinditur
2611 1811 2624 1846 :
2657 1794 2700 1847 si
2731 1810 2835 1849 non
2869 1804 3080 1851 maneat
3111 1798 3302 1852 stabile
3326 1808 3377 1854 ct
3409 1799 3618 1855 lirmunt

2041 1878 2206 1933 animi
2250 1881 2577 1948 institutum,
2607 1887 2732 1955 quid
2762 1905 2868 1942 non
2909 1905 3068 1958 grave
3109 1892 3371 1959 patietur?
3397 1892 3620 1960 Quando

2044 1983 2150 2022 non
2181 1969 2336 2027 fuerit
2366 1988 2561 2044 corpus
2601 1977 2758 2046 hujus
2797 1981 3033 2034 alimenti
3081 1982 3378 2051 particeps,
3410 1984 3623 2052 «ptanda

2043 2061 2301 2119 obstructi
2342 2065 2541 2123 fuerint
2581 2071 2693 2138 puri
2715 2111 2728 2132 ,
2759 2081 2883 2126 tunc
2911 2087 3084 2127 morte
3111 2074 3340 2128 afficitur
3366 2094 3379 2128 :
3413 2076 3623 2145 quando

2043 2153 2273 2210 obturati
2303 2167 2511 2214 meatus
2534 2170 2588 2214 et
2614 2161 2806 2221 fistula:
2831 2205 2844 2227 ,
2876 2174 3000 2218 tunc
3031 2165 3087 2218 lit
3127 2183 3392 2221 mancum.
3424 2167 3494 2220 Ita
3525 2183 3624 2222 nos

2046 2260 2255 2314 quoque
2276 2249 2486 2317 quando
2506 2266 2665 2307 aures
2681 2254 3127 2320 obturaverimus,
3148 2273 3333 2310 manca
3356 2273 3418 2312 ac
3440 2259 3622 2314 mutla

2046 2345 2225 2390 nostra
2265 2337 2324 2392 fit
2362 2341 2536 2396 anima
2581 2361 2594 2396 :
2634 2345 2850 2414 quando
2891 2361 2997 2401 non
3046 2348 3300 2401 fuerimus
3341 2348 3623 2417 participes

2045 2429 2281 2486 alimenti
2326 2434 2654 2503 spiritualis,
2686 2438 2902 2506 quando
2927 2448 3298 2509 corruptorum
3342 2439 3621 2494 humerum

2049 2522 2340 2589 pravitates
2381 2539 2571 2580 noxam
2603 2528 2758 2582 nobis
2791 2529 3096 2596 attulerint,
3130 2531 3242 2585 haec
3271 2533 3447 2584 ouinia
3485 2547 3628 2586 more

2046 2613 2174 2668 bum
2216 2615 2431 2685 pariunt
2452 2657 2468 2683 ,
2497 2619 2739 2674 morbum
2773 2636 2986 2691 gravem
3011 2662 3026 2686 ,
3059 2621 3302 2676 morbum
3333 2623 3420 2692 qtti
3453 2625 3624 2678 tabem

2048 2703 2202 2758 affert
2224 2714 2279 2759 et
2307 2709 2767 2778 consumptionem
2799 2727 2812 2761 :
2843 2712 2986 2766 etde
3011 2721 3207 2767 caetero
3235 2712 3324 2766 illo
3351 2714 3469 2782 igne
3493 2727 3628 2782 Opus

2050 2793 2309 2861 habebit,
2351 2807 2442 2851 aut
2486 2813 2619 2867 opus
2664 2799 2883 2855 habebit
2918 2813 2974 2856 ut
3009 2801 3297 2857 dividatur.
3339 2803 3452 2857 Non
3485 2804 3626 2858 enim

2051 2885 2248 2953 patitur
2275 2886 2518 2943 Christus
2561 2906 2682 2944 cum
2727 2891 2816 2945 tali
2859 2907 3088 2962 corpore
3124 2892 3328 2963 ingredi
3361 2894 3413 2947 in
3455 2892 3629 2948 thala-

2051 2993 2219 3032 mum.
2261 2979 2318 3034 Si
2357 2994 2482 3035 eum
2526 2981 2746 3036 abduxit
2785 2990 2839 3037 et
2875 2983 3078 3053 expulit
3111 2985 3201 3055 qui
3238 2983 3450 3038 sordida
3485 2993 3632 3038 veste

2053 3077 2170 3124 erat
2199 3069 2413 3123 indutus
2437 3089 2452 3136 ;
2479 3071 2528 3126 ei
2555 3073 2643 3141 qui
2671 3074 2884 3142 corpori
2921 3075 3108 3128 sordes
3146 3075 3477 3137 adhibuerit.
3505 3073 3630 3144 quid

2053 3176 2158 3216 non
2199 3162 2375 3226 faciet,
2400 3163 2670 3233 quomodo
2701 3181 2806 3219 non
2837 3181 2958 3220 cum
2988 3166 3229 3221 afficiet?

2126 3251 2314 3308 Christi
2353 3270 2536 3323 corpus
2578 3257 2828 3326 quomodo
2871 3257 3203 3323 sumendum,
3234 3257 3414 3324 quibus
3458 3256 3632 3310 diebus

2055 3344 2123 3397 ad
2146 3345 2199 3397 id
2226 3345 2575 3399 «cedebatur.
2609 3375 2678 3386 —
2706 3347 2899 3402 Multos
2937 3348 3091 3402 video
3133 3348 3224 3418 qui
3264 3347 3462 3402 Clu-isti
3505 3363 3629 3402 cor-

2057 3435 2202 3505 poris
2250 3444 2375 3490 sunt
2422 3437 2706 3506 participes
2759 3437 3148 3493 inconsiderate
3192 3447 3245 3493 et
3297 3447 3532 3503 temere,
3581 3447 3636 3492 et

2058 3525 2226 3596 magis
2270 3541 2337 3581 es
2376 3527 2766 3583 consuetudine
2803 3537 2858 3583 et
2895 3544 2963 3584 es
3006 3530 3338 3598 praescripto,
3377 3544 3538 3598 quam
3568 3544 3638 3584 ex

2058 3617 2377 3686 Cogitatione
2405 3627 2460 3673 et
2485 3619 2936 3675 consideratione.
2985 3621 3039 3676 Si
3087 3621 3398 3688 advenerit,
3431 3620 3635 3690 inquit,

2061 3716 2268 3777 tempus
2311 3721 2510 3765 sancta:
2553 3710 3022 3780 Quadragesimte,
3048 3712 3450 3782 qualiscumque
3478 3711 3639 3766 fuerit

2061 3800 2341 3868 quispiam,
2385 3800 2440 3854 fit
2471 3801 2737 3871 particeps
2763 3811 3246 3866 sacramentorum,
3277 3803 3322 3857 si
3353 3803 3639 3857 advenerit

2061 3890 2174 3945 dies
2197 3889 2612 3959 Epiphaniorum
2641 3891 2738 3961 (α).
2764 3893 2926 3961 Atqui
2959 3893 3086 3948 illud
3119 3903 3326 3963 tempus
3349 3892 3638 3948 accedendi

2061 3997 2166 4034 nou
2192 3990 2275 4035 est
2307 3997 2320 4035 :
2353 3995 2459 4034 non
2495 3980 2787 4050 Epiphania
2807 4024 2822 4049 ,
2866 3998 3040 4053 neque
3071 3983 3484 4054 Quadragcsima
3519 3982 3643 4037 facit

2061 4073 2248 4143 dignos
2289 4074 2378 4142 qui
2419 4073 2710 4139 accedant,
2743 4075 2838 4130 sed
2866 4075 3058 4129 anima:
3087 4077 3369 4132 sinceritas
3404 4087 3459 4132 ct
3496 4077 3642 4145 puri-
3674 4118 3680 4124 .

2064 4175 2164 4218 las.
2203 4162 2335 4218 Cum
2383 4179 2444 4218 ea
2467 4180 2681 4233 seraper
2709 4167 2928 4229 accede,
2956 4167 3158 4236 absque
3185 4168 3296 4236 ipsa
3329 4183 3640 4238 numquam.

2065 4253 2271 4318 Quoties
2311 4255 2463 4319 enim,
2506 4255 2697 4325 inquit,
2727 4256 2821 4310 hoc
2844 4258 3034 4327 facitis,
3066 4268 3277 4312 mortem
3305 4257 3513 4312 Domini
3543 4277 3641 4312 au-

2065 4347 2305 4400 nuutiatis
2335 4348 2408 4415 (l.
2442 4346 2560 4402 Cor.
2591 4348 2678 4402 ll.
2709 4347 2824 4417 26).
2856 4347 2969 4402 Hoc
2996 4356 3099 4411 est,
3133 4349 3186 4402 in
3214 4351 3524 4404 memoriam
3560 4367 3644 4404 re-

2064 4439 2265 4491 vocatis
2296 4445 2524 4491 vestram
2549 4437 2812 4501 salutem,
2856 4453 3034 4492 meum
3065 4438 3401 4493 beneﬁcium.
3454 4439 3643 4510 Cogita

2063 4529 2154 4598 qui
2183 4527 2379 4582 veteris
2411 4527 2694 4597 participes
2719 4537 2872 4582 erant
2895 4528 3164 4592 sacrificii,
3193 4539 3388 4598 quanta
3417 4529 3644 4583 uteban-

2067 4627 2151 4672 tur
2196 4617 2498 4686 frugalitate
2543 4625 2598 4671 et
2637 4617 2957 4672 abstinentia
3001 4635 3014 4671 :
3059 4618 3186 4689 quid
3229 4634 3333 4672 non
3373 4617 3646 4689 agebant?

2066 4709 2190 4778 quid
2217 4725 2322 4764 non
2353 4708 2656 4764 faciebant?
2689 4707 2932 4779 Undique
2957 4719 3011 4764 et
3035 4724 3250 4778 semper
3273 4709 3646 4779 expurgaban-

2067 4811 2154 4855 tur
2188 4819 2202 4856 :
2234 4811 2288 4855 tu
2333 4810 2513 4855 autem
2559 4801 2824 4856 accedens
2866 4799 2933 4854 ad
2980 4799 3301 4854 sacrificium
3354 4799 3496 4868 quod
3545 4800 3647 4870 ipsi

2067 4902 2282 4962 stupent
2298 4903 2353 4947 et
2379 4901 2702 4946 venerantur
2727 4892 2922 4960 angeli.
2943 4901 3244 4959 temporum
3275 4889 3510 4961 periodis
3531 4904 3647 4946 rem

2067 4985 2258 5039 deliuis
2283 5000 2346 5038 ac
2371 4984 2809 5040 circumscribis?
2858 4983 2923 5036 Et
2956 4983 3223 5050 quomodo
3266 4983 3432 5037 stabis
3456 4982 3524 5037 ad
3556 4985 3648 5038 tri-

2070 5077 2226 5131 bttnal
2247 5076 2468 5138 Christi.
2509 5077 2597 5146 qui
2641 5075 2856 5146 pollutis
2884 5074 3128 5128 manibus
3157 5083 3210 5128 et
3233 5074 3396 5128 labris
3422 5074 3487 5130 ad
3519 5090 3646 5132 cor-

2070 5183 2167 5237 pus
2213 5167 2345 5222 illud
2383 5167 2583 5223 audeas
2629 5164 2927 5221 accedere?
2973 5164 3038 5219 Et
3077 5179 3256 5234 regem
3296 5163 3510 5234 quidem
3551 5182 3650 5221 ore

2132 5327 2205 5388 (η)
2239 5325 2616 5388 Epiphaniorum
2646 5330 2701 5388 et
2742 5323 3161 5388 Theophaniorum
3205 5331 3402 5388 tempus
3439 5322 3648 5388 idipsum

2069 5383 2197 5448 erat,
2219 5383 2628 5448 et'a'quibusdam
2646 5383 3335 5448 Ecclesiastjcisscriptoribus
3359 5399 3449 5448 pro
3459 5383 3543 5433 die
3567 5391 3648 5448 Isa-

2069 5447 2149 5497 tali
2175 5449 2352 5500 Christi
2362 5445 2598 5506 habetur;
2618 5460 2790 5496 verum
2815 5446 3082 5496 iuHomilia
3103 5445 3168 5496 de
3191 5447 3334 5497 beato
3348 5445 3647 5506 l’bilogonio,

2068 5515 2198 5572 'Ijom.
2223 5509 2261 5567 Ι,
2278 5508 2499 5572 ροῌὸὶ,
2523 5509 2890 5572 Cbrysostomus
2905 5508 3262 5572 Epiphaniam}:
3286 5510 3538 5572 Nativitate
3555 5507 3645 5553 dis.

2068 5567 2582 5633 tiuguit._}’ideturque
2607 5567 2768 5633 tamen
2794 5567 2926 5618 illam
2942 5567 3160 5633 natalem
3187 5569 3361 5633 Christi
3377 5569 3519 5633 diem
3538 5579 3650 5633 esse

2067 5627 2234 5681 dicere
2258 5631 2462 5682 Homilia
2481 5627 2588 5681 l'de
2611 5631 2662 5680 S.
2687 5631 3004 5691 Pentecoste,
3020 5631 3079 5680 'l‘.
3105 5631 3170 5689 ll,
3195 5630 3287 5678 col.
3305 5631 3414 5691 454,
3437 5629 3514 5691 De
3539 5627 3652 5691 Epi-

2069 5692 2240 5755 phania
2263 5693 2376 5741 alihi
2399 5705 2597 5755 quoque
2633 5692 2866 5755 loquitur.
2885 5689 3077 5755 γει-ιω]
3105 5704 3164 5755 ea
3196 5691 3259 5755 de
3283 5703 3350 5755 re,
3365 5689 3556 5755 plenius
3579 5689 3652 5755 lo-

2069 5707 2240 5755 pnama
2263 5707 2376 5741 antu
2399 5707 2597 5755 quoque
2634 5707 2680 5740 to
2717 5707 2866 5742 nitur.
2901 5707 3077 5741 verum
3105 5707 3163 5740 ea
3196 5707 3259 5739 oe
3283 5707 3340 5739 re
3365 5707 3556 5750 ptemns
3579 5707 3652 5734 m-

2069 5756 2265 5816 qtmturi
2289 5767 2457 5820 sumus
2479 5761 2624 5820 T9_mo_
2649 5707 2856 5820 Xllltin
2878 5753 3102 5803 Diatriha
3137 5753 3201 5820 de
3226 5749 3489 5820 Disciplina
3513 5757 3564 5798 et
3588 5750 3652 5798 de

2070 5812 2500 5867 consuetudinibus
2514 5815 2871 5867 Ecclesiasticis
2895 5822 3115 5877 tempore
3135 5812 3471 5871 Chrysostumi.
