4052 6214
340 273 408 329 ’7
1272 266 1338 323 IN
1369 262 1589 323 EPIST.
1621 262 1712 316 AD
1751 257 1929 315 EI'HE

2037 257 2186 316 CAP.
2218 261 2259 317 1.
2302 260 2537 321 IIOMIL.
2574 266 2665 321 IH.
3522 274 3593 330 28

342 387 518 448 ὅντως
549 383 645 438 καὶ
670 383 738 437 τὸ
757 381 1069 453 κεφάλαιον.
1098 382 1288 436 Καίτοι
1314 384 1363 435 εί
1383 382 1479 436 καὶ
1512 380 1740 452 μηδενὸς
1758 379 1924 451 ἠξιώ-

344 474 547 544 θημεν,
575 472 740 542 ἢρκει
769 489 784 501 ·
819 470 852 542 ἢ
886 470 980 524 καὶ
1023 470 1214 525 τούτου
1257 471 1306 524 εί
1357 467 1701 539 ἠξιώθημεν,
1755 466 1925 538 χωρὶς

342 560 447 614 τοῦ
504 559 707 628 σφάξαι
766 559 926 629 ῆρκει
955 572 971 586 ⁸
1005 559 1133 612 ὅταν
1176 558 1233 611 δὲ
1265 558 1335 610 τά
1373 553 1542 632 δύοῇ,
1576 555 1701 609 τίνα
1728 555 1828 608 οὐκ
1854 551 1921 607 ἂν

342 649 660 721 ύπερϐολῆν
716 649 875 717 λόγου
926 650 1170 719 νικήσειε
1213 646 1309 701 καὶ
1336 645 1605 718 ὑπερϐαίη
1635 660 1650 709 ;
1680 645 1755 697 Οὐ
1783 641 1926 714 μέγα

343 739 383 809 ἡ
416 738 715 800 ἀνάστασις
742 738 910 800 ,ὅταν
958 736 1131 791 ταῦτα
1172 737 1498 806 λογίσωμαι.
1548 734 1685 804 Περὶ
1728 729 1925 785 τούτου

345 826 551 897 φησίν·
596 825 662 877 '0
706 826 852 891 Θεὸς
905 825 1011 878 τοῦ
1059 825 1280 890 Κυρίου
1338 823 1508 892 ἡμῶν
1544 817 1751 888 Ἰησοῦ
1790 820 1926 887 Χρι-

346 912 531 974 στοῦ,
583 912 648 965 ού
708 912 839 982 περὶ
884 910 979 964 τοῦ
1023 909 1159 963 Θεοῦ
1201 910 1398 977 Λόγου.
1442 907 1789 977 Αίδεσθῶμεν
1827 903 1927 975 την

348 1000 635 1069 ἐγγύτητα
678 997 781 1066 τῆς
822 998 1179 1066 συγγενείας,
1215 995 1548 1066 φοϐηθῶμεν
1581 995 1653 1066 μή
1686 1010 1770 1057 τις
1788 993 1928 1047 ἀπο-

346 1092 494 1159 κοπῇ
542 1087 635 1141 τοῦ
677 1087 930 1157 σώματος
958 1086 1177 1150 τούτου,
1222 1086 1295 1155 μή
1342 1101 1426 1147 τις
1471 1082 1704 1153 ἐκπέσῃ,
1743 1081 1815 1152 μή
1844 1096 1931 1144 τις

347 1176 574 1242 ἀνάξιος
635 1177 799 1245 φανῇ.
833 1175 896 1227 Et
924 1172 1160 1242 διάδημά
1214 1190 1299 1235 τις
1345 1170 1502 1243 ἡμῶν
1544 1169 1835 1239 περιέθηκε
1860 1170 1926 1239 τῇ

348 1262 587 1334 κεφαλῇ,
610 1263 873 1330 στέφανον
895 1261 1148 1334 χρυσοῦν,
1164 1255 1275 1331 ἆρα
1299 1259 1399 1312 οῦκ
1421 1259 1484 1312 ἂν
1498 1258 1673 1311 πάντα
1700 1255 1932 1326 ἐπράξα-

351 1348 634 1418 μεν,ῶστε
651 1349 761 1401 τῶν
783 1345 1421 1417 ἀψύχωνλίθωνόφθῆναι
1452 1343 1589 1408 ἄξιοι
1617 1361 1631 1409 ;
1660 1343 1773 1397 Νῦν
1792 1342 1846 1396 δὲ
1870 1343 1930 1396 οῦ

346 1438 593 1506 διάδημα
625 1435 786 1506 ἡμῶν
820 1436 1125 1506 περίκειται
1162 1436 1228 1504 τῇ
1268 1432 1511 1503 κεφαλῇ,
1544 1430 1679 1485 ἀλλά
1720 1430 1932 1501 κεφαλὴ

349 1524 514 1593 ἡμῶν
535 1524 761 1592 γέγονεν
776 1522 1069 1594 όΧριστδς,
1089 1523 1224 1589 ὅπερ
1246 1520 1364 1574 ἐστὶ
1388 1520 1593 1589 μεῖζον,
1620 1520 1714 1572 καὶ
1746 1518 1935 1573 οὐδένα

348 1612 514 1678 λόγον
538 1610 863 1679 ποιούμεθα.
901 1609 1041 1662 Ἀλλ’
1071 1609 1297 1677 ἄγγελοι
1333 1608 1432 1678 μὲν
1463 1606 1631 1678 αὐτὴν
1660 1606 1932 1661 αἰδοῦνται

351 1700 454 1752 καὶ
507 1698 839 1770 ἀρχάγγελοι
893 1697 987 1751 καὶ
1046 1698 1218 1750 πᾶσαι
1268 1697 1472 1749 ἐκεῖναι
1524 1695 1582 1748 αἱ
1628 1693 1885 1764 δυνάμεις
1913 1710 1927 1724 ο

351 1788 521 1857 ἡμεῖς
553 1786 628 1849 δὲ,
653 1786 703 1839 οί
740 1784 900 1854 σῶμα
932 1782 1098 1837 αὑτοῦ
1131 1783 1304 1847 ὄντες,
1326 1780 1450 1836 οὔτε
1478 1780 1568 1835 διά
1597 1779 1777 1844 τοῦτο,
1807 1778 1932 1835 οὔτε

348 1874 428 1928 δι’
485 1876 666 1928 ἐκεῖνο
709 1871 1143 1943 αίδεσθησόμεθα
1174 1888 1190 1939 ;
1226 1871 1323 1926 καὶ
1358 1871 1444 1935 τίς
1470 1871 1603 1941 ἡμῖν
1633 1868 1790 1923 ἐσται
1823 1885 1933 1922 σωο

350 1962 567 2032 τηρίας
589 1962 771 2027 ἐλπίςς

446 2091 646 2145 Ἐννόει
672 2092 764 2145 τὸν
782 2090 973 2162 θρόνον
1005 2089 1097 2144 τδν
1115 2085 1416 2160 βασιλικὸν,
1440 2086 1614 2140 ἐννόει
1636 2084 1737 2155 τῆς
1765 2083 1933 2154 τιμῆς

352 2178 464 2249 τὴν
524 2178 827 2249 ῦπερϐολήν
854 2195 869 2209 ο
903 2177 1061 2232 τοῦτο
1082 2177 1177 2231 καὶ
1209 2176 1457 2247 γεέννης,
1482 2173 1601 2246 [21]
1634 2174 1688 2227 εῐ
1706 2188 1769 2241 γε
1805 2169 1932 2241 βου-

352 2265 612 2336 λοίμεθα,
660 2265 860 2337 μᾶλλον
913 2266 1061 2336 ἡμᾶς
1107 2264 1342 2334 φοϐῆσαι
1383 2261 1694 2333 δυνήσεται.
1724 2261 1787 2313 Εί
1825 2257 1933 2330 γὰρ

363 2355 444 2425 μὴ
473 2354 671 2421 γέεννα
706 2348 775 2422 ῆν
795 2393 811 2416 ,
835 2353 896 2405 τδ
927 2351 1262 2422 τιμηθέντας
1291 2348 1563 2419 τοσαύτην
1582 2346 1769 2418 τιμὴν,
1799 2341 1932 2399 an.

358 2439 508 2506 ξίους
548 2440 840 2510 εύρεθῆναι
872 2441 965 2492 καὶ
1013 2438 1238 2503 κακοῦς,
1263 2436 1385 2491 τίνα
1411 2437 1512 2490 οὐκ
1535 2435 1601 2491 ἀν
1634 2436 1748 2505 ἔχοι
1772 2433 1935 2487 κόλα-

359 2544 471 2593 σιν,
499 2528 621 2581 τίνα
655 2526 956 2597 τιμωρίαν;
1002 2526 1283 2597 Ἐννόησον
1312 2524 1455 2588 τίνος
1474 2524 1639 2592 ἐγγὺς
1659 2523 1693 2593 ἠ
1720 2519 1931 2591 κεφαλή

362 2614 750 2683 σοῦ’κάθηται
773 2630 788 2644 ·
818 2612 978 2666 τοῦτο
1035 2612 1192 2682 μόνον
1261 2611 1358 2664 καὶ
1399 2609 1613 2680 ἀπόχρη
1648 2607 1783 2678 πρὸς
1824 2608 1935 2660 πᾶν

356 2700 544 2756 ὁτιοῦν
566 2701 743 2765 ’τίνος
775 2701 832 2754 ἐν
852 2698 999 2769 δεξιᾷ
1032 2699 1259 2768 ἵδρυται.
1297 2696 1435 2751 Ἀλλ’
1460 2695 1600 2766 αῦτη
1638 2696 1737 2767 μὲν
1769 2696 1938 2767 ὑπερ-

359 2788 480 2840 άνω
526 2787 709 2856 πάσης
758 2787 929 2856 ἀρχῆς
967 2786 1060 2838 καὶ⁵
1089 2784 1335 2851 ἐξουσίας
1390 2783 1485 2837 καὶ
1527 2782 1844 2853 δυνάμεως’
1876 2782 1937 2834 τὸ

357 2873 422 2927 δὲ
450 2872 657 2944 ταύτης
685 2872 845 2942 σῶμα
884 2873 978 2925 καὶ
1013 2872 1118 2924 ὑπὸ
1146 2871 1415 2940 δαιμόνων
1450 2871 1737 2933 πατεῖται;
1777 2867 1937 2921 Ἀλλά

365 2959 448 3030 μὴ
468 2959 677 3027 γένοιτο
707 2975 722 2987 ·
751 2960 800 3011 εί
838 2960 947 3029 γάρ
975 2957 1184 3026 γένοιτο
1202 2995 1218 3021 ,
1257 2956 1359 3010 οὐκ
1388 2956 1454 3009 ἂν
1484 2956 1570 3027 εἴη
1598 2956 1660 3008 τὸ
1697 2954 1937 3009 τοιοῦτον

364 3046 537 3116 σῶμα
560 3047 763 3100 λοιπόν.
793 3046 905 3117 Την
928 3046 1169 3116 κεφαλήν
1203 3062 1298 3098 σου
1329 3046 1423 3099 καὶ
1448 3047 1495 3099 οἱ
1521 3044 1938 3115 εὐδοκιμοῦντες

360 3134 477 3187 τῶν
519 3133 723 3187 δούλων
754 3133 1058 3203 πεφρίκασι
1078 3171 1093 3196 ,
1134 3132 1230 3186 καὶ
1265 3132 1329 3186 τὸ
1361 3133 1521 3202 σῶμα
1561 3134 1672 3196 τοῖς
1697 3147 1937 3202 προσκε-

365 3222 662 3292 κρουκόσιν
683 3220 1006 3282 ὑποϐάλλεις
1029 3237 1045 3286 ;
1078 3221 1175 3273 καί⁵
1213 3224 1386 3289 πόσης
1414 3221 1515 3273 οὐκ
1534 3219 1634 3294 ἔσῃ
1659 3220 1941 3284 κολάσεως

368 3308 552 3375 ἄξιοςς
587 3310 655 3363 Εἰ
680 3325 766 3371 τις
785 3309 913 3371 τοὺς
935 3308 1103 3371 πόδας
1126 3307 1221 3361 τοῦ
1256 3306 1523 3377 βασιλέως
1551 3307 1750 3371 κλοιοῖς
1777 3324 1938 3377 περι-

369 3394 523 3449 ϐάλοι
552 3397 650 3449 καί⁵
680 3395 869 3460 πέδαις
892 3435 907 3458 ,
937 3391 1046 3466 ἆρα
1069 3396 1188 3466 οὐχὶ
1213 3395 1313 3464 τῆς
1340 3394 1575 3464 ἐσχάτης
1594 3394 1748 3465 δίκης
1769 3394 1939 3448 ὑπεύ-

368 3482 530 3546 θυνος
579 3482 773 3549 ισται;
800 3484 873 3537 Σὺ
897 3483 1017 3537 ὅλον
1047 3483 1112 3537 τί,
1138 3483 1298 3553 σῶμα
1327 3481 1539 3552 θηρίοις
1568 3483 1939 3555 παραϐάλλεις

372 3569 658 3640 χαλεποῖς,
685 3571 779 3624 καὶ
798 3571 862 3623 ού
900 3571 1180 3640 φρίττεις;
1217 3569 1357 3623 Ἀλλ’
1384 3569 1572 3640 ἐπειδὴ
1603 3572 1731 3640 περὶ
1758 3570 1943 3640 σώμα-

386 3672 487 3719 τος
519 3658 797 3728 Κυριακοῦ
830 3660 859 3712 ό
892 3659 1073 3727 λόγος,
1107 3659 1261 3729 φέρε.
1291 3660 1386 3712 καὶ
1421 3659 1549 3728 περὶ
1573 3659 1783 3712 ἐκείνου
1810 3675 1941 3730 μνη-

374 3743 733 3815 μονεύσωμεν
750 3787 764 3807 ,
789 3746 877 3798 τοῦ
904 3745 1325 3815 σταυρωθέντος,
1350 3743 1445 3798 τοῦ
1476 3744 1938 3816 προσηλωθέντος,

366 3831 468 3884 τοῦ
509 3829 793 3900 θυομένου.
823 3833 886 3885 Et
915 3831 1076 3904 σῶμα
1130 3828 1183 3885 εῐ
1237 3833 1333 3886 τοῦ
1372 3831 1642 3904 Χριστοῦ,
1672 3832 1806 3903 φέρε
1849 3833 1941 3887 τὸν

372 3916 606 3989 σταυρόν
638 3934 654 3947 ·
679 3919 777 3971 καὶ
803 3920 911 3991 γὰρ
939 3920 1146 3982 ἐκεῖνος
1181 3920 1380 3990 ῆνεγκε
1404 3935 1417 3949 ·
1447 3918 1577 3989 φέρε
1613 3919 1941 3990 ἐμπτύσμα-

368 4020 459 4060 τα.
488 4004 625 4074 φέρε
656 4005 1005 4074 ῥαπίσματα,
1036 4004 1167 4077 φέρε
1191 4005 1374 4077 ῆλους.
1409 4004 1662 4060 Τοιοῦτον
1689 4007 1862 4060 ἐκεῖνο
1880 4006 1941 4061 τδ

368 4090 531 4158 σῶμα
562 4086 652 4160 ἦν.
683 4091 759 4142 Τὸ
780 4091 939 4161 σῶμα
967 4093 1142 4144 ἐκεῖνο
1169 4091 1554 4163 ἀναμάρτητον
1585 4088 1652 4163 ἦν
1680 4108 1693 4121 ·
1733 4093 1941 4163 Ἀμαρ-

366 4179 505 4230 τίαν
526 4180 659 4248 γάρ,
691 4179 875 4249 φησὶν,
910 4181 1022 4232 οὐκ
1049 4180 1356 4246 ἐποίησεν,
1388 4179 1529 4234 οὐδὲ
1549 4180 1729 4247 δόλος
1764 4181 1832 4234 ἐν
1862 4181 1940 4248 τῷ

363 4267 622 4331 στόματι
647 4267 833 4321 αὑτοῦ
865 4267 1078 4336 εὑρέθη
1104 4284 1117 4297 ⁸
1149 4269 1202 4321 αί
1230 4271 1409 4339 χεῖρες
1436 4268 1600 4322 αὑτοῦ
1623 4270 1760 4341 πρὸς
1783 4272 1940 4343 εὐερ-

364 4355 562 4421 γεσίαν
628 4352 845 4408 ἅπαντα
884 4354 1147 4424 ἔπραττον
1187 4357 1295 4409 τῶν
1329 4355 1600 4426 δεομένων
1627 4373 1640 4387 ⁸
1677 4357 1829 4412 οὐδὲν
1879 4359 1941 4412 τὸ

366 4442 549 4512 στόμα
607 4443 833 4506 ἐξέϐαλε
888 4444 997 4497 τῶν
1035 4445 1103 4496 ού
1162 4445 1548 4516 προσηκόντων
1580 4460 1594 4474 ⁸
1626 4446 1943 4513 Δαιμόνιον

362 4529 554 4595 ἔχεις,
610 4529 836 4598 ἢκουσε,
868 4531 960 4582 καὶ
1013 4530 1165 4584 οὐδὲν
1212 4532 1484 4585 ἀντεῖπεν.
1532 4530 1686 4586 Ἐπεὶ
1730 4532 1786 4586 δὲ
1815 4534 1942 4604 περὶ

366 4612 627 4682 σώματος
656 4613 787 4681 ἡμῖν
814 4614 842 4665 ό
875 4612 1051 4680 λόγος,
1085 4614 1200 4666 ὅσοι
1222 4615 1520 4685 μετέχομεν
1541 4615 1633 4669 τοῦ
1666 4614 1938 4686 σώματος,

363 4694 484 4747 ὅσοι
524 4694 619 4747 τοῦ
650 4695 882 4764 αἵματος
919 4696 1305 4767 ἀπογευόμεθα
1333 4697 1524 4750 τούτου
1552 4740 1564 4764 ,
1598 4700 1829 4753 ἐννοεῖτε
1859 4701 1940 4753 ὃτι

360 4782 463 4835 τοῦ
500 4782 669 4853 μηδὲν
698 4783 908 4836 ἐκείνου
948 4784 1294 4856 διαφέροντος
1333 4786 1452 4839 οὐδὲ
1490 4786 1775 4851 διεστῶτος
1820 4805 1943 4859 μετ·

363 4867 571 4938 ἔχομεν
590 4869 727 4939 προς
761 4870 996 4939 μετοχὴν
1013 4877 1057 4933 ⁸,
1083 4871 1165 4923 ὃτι
1192 4870 1400 4923 ἐκείνου
1429 4870 1523 4923 τοῦ
1554 4871 1666 4925 ἄνω
1693 4871 1942 4943 καθημέ-

364 4971 486 5018 νου,
530 4954 625 5007 τοῦ
666 4957 1137 5027 προσκυνουμένου
1190 4956 1341 5028 ποιρά
1401 4958 1668 5027 ἀγγέλων,
1699 4959 1794 5013 τοῦ
1842 4961 1942 5030 τῆς

363 5043 656 5123 ἀκηράτου
701 5044 983 5114 δυνάμεως
1047 5046 1236 5113 ἐγγὺς,
1299 5045 1489 5099 τούτου
1537 5048 1939 5118 ἀπογευόμεθα.

365 5128 560 5198 Οῗμοι,
588 5128 751 5182 πόσαι
783 5128 919 5200 πρὸς
954 5130 1229 5202 σωτηρίαν
1259 5132 1389 5201 ἡμῖν
1409 5132 1552 5187 όδοίί
1592 5134 1759 5204 Σῶμα
1794 5136 1944 5205 ἡμᾶς

365 5214 573 5269 ἑαυτοῦ
604 5215 848 5288 ἐποίησε,
873 5216 1032 5287 σῶμα
1059 5219 1190 5289 ἡμῖν
1210 5218 1271 5271 τὺ
1299 5218 1494 5272 ἐαυτοῦ
1526 5222 1819 5290 μετέδωκε,
1850 5223 1943 5275 καὶ

362 5301 527 5353 οὐδὲν
565 5300 771 5354 τούτων
824 5304 973 5373 ἡμᾶς
1018 5304 1318 5376 ἀποτρέπει
1365 5305 1474 5359 τῶν
1512 5307 1720 5362 κακῶν.
1758 5310 1821 5361 Ὢ
1848 5310 1941 5363 τοῦ

364 5390 601 5452 σκότους
623 5428 638 5453 ,
671 5391 763 5443 καὶ
791 5390 885 5444 τοῦ
924 5390 1087 5461 βυθοῦ
1112 5391 1207 5444 τοῦ
1240 5391 1438 5445 πολλοῦ
1467 5394 1480 5447 !
1511 5393 1556 5447 ὢ
1581 5395 1680 5463 τῆς
1703 5396 1939 5468 ἀναλγη-

365 5475 528 5536 σίαςί
562 5477 638 5530 Τὰ
652 5477 796 5541 ἄνω,
820 5480 975 5547 φησι,
1003 5477 1296 5547 φρονεῖτε,
1325 5475 1396 5535 οὗ
1425 5482 1459 5534 ό
1490 5483 1742 5550 Χριστός
1768 5485 1941 5539 ἐστιν

367 5716 669 5841 η’ἓεῖὼα,
717 5721 833 5783 πρὸς
879 5723 1101 5785 μετοχήν,
1145 5727 1280 5773 recte
1325 5723 1523 5775 inclusit
1569 5723 1720 5776 Savil.
1767 5734 1820 5778 ul
1856 5742 1941 5777 su-

2029 376 2100 429 ér
2148 377 2319 446 δεξιᾷ
2366 381 2471 436 τοῦ
2530 384 2681 437 Θεοῦ
2729 384 3064 454 καθήμενος
3091 402 3105 418 ο
3133 388 3225 442 καὶ
3253 388 3389 459 μετά
3424 388 3596 443 ταῦτα

2031 465 2331 560 χρημάτων
2367 470 2712 538 φροντίζουσι
2739 487 2885 536 τινες
2904 511 2920 538 ,
2944 474 3124 543 ιτεροι
3147 474 3253 528 ὑπὸ
3280 475 3389 530 τῶν
3408 476 3598 530 παθῶν

2032 566 2317 606 αι.ισκοντα
2325 570 2340 606 ι
2348 593 2362 608 ο

2096 638 2162 693 δ’.
2193 642 2305 712 Ούχ
2333 644 2521 713 δρᾶτε,
2544 645 2625 699 ὅτι
2647 649 2741 700 καὶ
2762 648 2819 701 ἐν
2847 648 2928 722 τῷ
2959 649 3175 719 σώματι
3202 648 3279 722 τῷ
3319 649 3596 722 ἡμετέρῳ,

2033 723 2133 779 ὅσα
2177 729 2278 799 μὲν
2324 728 2446 806 ἀνῇ
2494 735 2726 804 περιττά
2754 737 2848 790 καὶ
2899 739 3165 809 ἄχρηστα,
3201 738 3599 809 ἀποτέμνεται,

2032 818 2456 889 περικόπτεταις
2484 822 2576 874 καὶ
2605 821 2756 875 οὐδὲν
2787 822 2998 895 κέρδος,
3030 824 3111 877 ὅτι
3144 825 3334 893 γέγονε
3354 824 3447 879 τοῦ
3483 825 3595 879 σώ-

2035 922 2222 973 ματος,
2273 906 2404 959 ὅταν
2463 906 2950 983 πεπηρωμένονῇ,
2982 913 3109 964 ὅταν
3168 912 3602 983 νενεκρωμένον,

2031 992 2160 1045 ὅταν
2206 994 2463 1062 σεσηπδς,
2497 997 2625 1049 ὅταν
2673 998 2767 1049 καὶ
2814 998 2891 1069 τῷ
2919 998 3092 1068 λοιπῷ
3110 998 3441 1072 λυμαίνηται
3466 1017 3481 1066 ;
3511 1001 3601 1071 Μὴ

2031 1078 2211 1131 τοίνυν
2237 1078 2552 1151 θαρῥῶμεν,
2585 1082 2664 1135 ὄτι
2690 1083 2997 1153 γεγόναμεν
3030 1085 3177 1152 ἅπαξ
3203 1086 3295 1139 τοῦ
3332 1087 3601 1158 σώματος.

2033 1162 2095 1219 Et
2121 1165 2177 1219 δὲ
2211 1166 2274 1219 τὸ
2299 1168 2456 1239 σῶμα
2483 1169 2640 1222 τοῦτο
2674 1171 2901 1239 φυσικὸν
2922 1170 3001 1245 δν,
3029 1172 3179 1241 ὅμως
3212 1174 3604 1245 ἀποτέμνεται,

2032 1256 2099 1308 τά
2128 1254 2229 1326 τῆς
2257 1258 2631 1326 προαιρέσεως
2661 1257 2726 1311 ἀν
2763 1259 2839 1329 μὴ
2873 1244 3028 1332 μένη,
3053 1260 3103 1313 τί
3123 1261 3184 1313 οῦ
3217 1244 3463 1314 πείσεται
3494 1261 3604 1315 δει-

2033 1345 2157 1412 νόν;
2194 1346 2363 1399 Ὅταν
2394 1348 2470 1416 μὴ
2505 1346 2710 1419 μετέχῃ
2736 1350 2832 1420 τῆς
2871 1350 3080 1419 τροφῆς
3105 1349 3310 1421 ταύτης
3336 1351 3395 1403 τὸ
3424 1351 3604 1422 σῶμα,

2034 1434 2159 1487 ὅταν
2188 1435 2236 1486 οί
2269 1433 2424 1503 πόροι
2472 1435 2821 1505 ὲμφραγῶσι,
2851 1437 2974 1489 τότε
3035 1437 3322 1503 νεκροῦται
3345 1452 3358 1468 ο
3387 1439 3515 1491 ὅταν
3554 1440 3603 1490 οἱ

2032 1520 2364 1591 ὀχετοὶ,τότε
2381 1523 2671 1593 πηροῦται.
2685 1524 2841 1578 Οῦτω
2858 1526 2950 1579 καὶ
2968 1528 3129 1596 ἡμεῖς
3141 1528 3268 1579 ὅταν
3285 1525 3607 1594 ἀποφράξιιι-

2036 1625 2135 1679 μεν
2156 1608 2252 1672 τὰς
2272 1610 2462 1674 ἀκοὰς,
2481 1611 2748 1682 πηροῦται
2777 1612 2933 1682 ημῶν
2961 1615 2993 1682 ή
3015 1612 3189 1685 ψυχή’
3215 1614 3344 1667 ὅταν
3367 1616 3440 1684 μὴ
3479 1628 3609 1683 μετ-

2034 1696 2248 1767 έχωμεν
2270 1696 2385 1769 [22]
2416 1698 2516 1767 τῆς
2537 1701 2913 1770 πνευματικῆς
2938 1703 3165 1771 τροφῆς,
3196 1701 3324 1754 ὅταν
3350 1700 3607 1770 πονηρίαι

2032 1786 2180 1849 τινὲς
2202 1788 2324 1839 ἀντὶ
2370 1788 2562 1858 χυμῶν
2592 1787 3005 1859 διεφθαρμένων
3035 1790 3183 1857 ἡμᾶς
3212 1787 3607 1858 λυμαίνωνται,

2034 1873 2216 1928 πάντα
2245 1875 2417 1928 ταῦτα
2457 1874 2633 1928 τίκτει
2666 1875 2761 1945 τὴν
2785 1876 2938 1929 νόσον
2973 1874 3236 1946 χαλεπὴν,
3266 1876 3419 1928 νόσον
3448 1892 3611 1945 τηκε-

2028 1962 2154 2015 δόνα
2189 1963 2216 2002 δ
2242 1961 2617 2033 ἐργαζομένην
2650 1976 2665 1990 '
2698 1964 2792 2016 καὶ
2829 1963 3079 2035 δεήσεται
3124 1964 3219 2017 τοῦ
3244 1946 3250 1953 ’
3273 1963 3445 2034 πυρὸς
3474 1963 3613 2015 ὲκεί-

2030 2065 2123 2102 νου
2180 2048 2391 2113 λοιπὸν,
2423 2049 2676 2121 δεήσεται
2731 2050 2829 2104 τοῦ
2877 2049 3305 2121 διχοτομηθῆναι
3366 2049 3441 2103 Οὐ
3499 2048 3608 2121 γάρ

2032 2139 2286 2209 ἀνέχεται
2344 2142 2483 2209 μετά
2537 2139 2780 2194 τοιούτου
2828 2139 3079 2212 σώματος
3110 2140 3377 2195 εἰσελθεῖν
3410 2142 3489 2205 είς
3517 2140 3611 2194 τὸν

2032 2227 2298 2298 νυμφῶνα
2325 2230 2354 2279 ό
2389 2229 2642 2299 Χριστός.
2672 2230 2734 2282 Εί
2760 2228 2851 2282 τὸν
2902 2229 3092 2300 ἱμάτια
3148 2230 3368 2301 ῥυπαρά
3397 2228 3610 2282 ἐνδεδυ-

2036 2316 2194 2385 μένον
2227 2317 2479 2389 ἀπήγαγε
2523 2318 2617 2371 καὶ
2658 2317 2875 2382 ἐξέϐαλε
2898 2359 2912 2385 ,
2942 2319 3032 2372 τὸν
3075 2318 3153 2389 τῷ
3183 2318 3396 2389 σώματι
3439 2314 3610 2389 ῥύπον

2033 2404 2389 2473 προστιθέντα
2417 2405 2468 2457 τί
2488 2405 2588 2458 οὐκ
2618 2406 2906 2475 ἐργάσεται
2938 2422 2954 2471 ;
2988 2405 3040 2459 τί
3060 2407 3121 2459 ού
3155 2406 3399 2477 διαθήσει
3433 2424 3447 2473 ;

2105 2491 2338 2556 Πολλοὺς
2381 2492 2490 2563 δρῶ
2524 2494 2649 2556 τοῦς
2680 2491 2929 2564 σώματος
2964 2492 3056 2546 τοῦ
3084 2494 3322 2564 Χριστοῦ
3355 2494 3612 2564 μετέχον-

2032 2599 2132 2645 τας
2159 2580 2344 2644 ἀπλῶς
2375 2582 2468 2633 καὶ
2496 2580 2572 2643 ὠς
2601 2580 2775 2656 ἔτυχε,
2792 2580 2883 2634 καὶ
2903 2580 3159 2652 συνηθείᾳ
3180 2582 3379 2652 μᾶλλον
3403 2584 3497 2635 καὶ
3525 2580 3613 2634 νό-

2037 2686 2140 2737 μῳ,
2166 2668 2199 2739 ἢ
2237 2666 2480 2738 λογισμῷ
2509 2668 2601 2720 καὶ
2626 2668 2851 2739 διανοίᾳ.
2883 2670 2979 2720 Ἂν
2996 2670 3216 2739 ἐπιστῇ,
3246 2670 3432 2738 φησὶν,
3455 2670 3484 2721 ό
3514 2670 3611 2738 τῆς

2033 2757 2195 2827 ἀγίας
2225 2756 2678 2828 Τεσσαρακοστῆς
2734 2756 2941 2826 καιρὸς,
2969 2751 3080 2821 οἶος
3127 2753 3288 2828 mi,
3331 2774 3434 2822 τις,
3477 2774 3610 2827 μετ-

2034 2846 2146 2917 έχει
2176 2846 2282 2899 τῶν
2315 2846 2647 2917 μυστηρίων,
2677 2844 2742 2899 ἂν
2768 2847 2962 2915 ἐπιστῇ
2994 2846 3026 2916 ή
3069 2843 3177 2898 τῶν
3221 2844 3553 2915 Ἐπιφανίων
3583 2854 3607 2883 ε

2034 2935 2238 3005 ἡμέρα.
2280 2936 2475 2987 Καίτοι
2521 2933 2717 3004 καιρὸς
2766 2934 2826 2986 οὐ
2861 2932 3018 2986 τοῦτο
3050 2932 3317 3003 προσόδου
3354 2947 3368 2961 ⁸
3397 2932 3459 2983 ού
3503 2930 3612 3001 γάρ

2047 3022 2356 3092 Ἐπιφάνια,
2370 3022 2488 3075 οὐδὲ
2505 3020 2930 3093 Τεσσαρακοστὴ
2959 3023 3103 3073 ποιεῖ
3119 3020 3302 3084 ἀξίους
3318 3019 3412 3072 τοῦ
3440 3035 3614 3088 προσ-

2039 3111 2197 3171 ιέναι,
2234 3110 2368 3163 ἀλλά
2404 3109 2581 3180 ψυχῆς
2617 3110 2935 3180 είλικρίνεια
2977 3109 3073 3161 καὶ
3111 3105 3614 3180 καθαρότης.Μετά

2035 3197 2242 3268 ταύτης
2268 3198 2357 3251 ἀεὶ
2387 3196 2629 3268 πρόσιθι,
2662 3198 2829 3267 χωρὶς
2860 3194 3063 3266 ταύτης
3098 3194 3388 3266 μηδέποτε.
3430 3194 3610 3249 ’σο-ά-

2035 3301 2131 3350 xu;
2184 3284 2317 3353 γὰρ,
2345 3284 2499 3352 φησὶ,
2558 3282 2738 3338 τοῦτο
2792 3281 3034 3346 ποιεῖτε,
3056 3281 3165 3336 τὸν
3194 3282 3458 3337 θάνατον
3505 3282 3613 3337 τοῦ

2037 3372 2257 3440 Κυρίου
2328 3370 2795 3439 καταγγέλῖετε·
2869 3368 3148 3423 τουτέστιν
3177 3411 3193 3437 ,
3270 3369 3612 3441 Ὑπόμνησιν

2037 3460 2242 3513 ποιεῖτε
2286 3457 2384 3527 τῆς
2416 3458 2690 3528 σωτηρίας
2732 3457 2832 3527 τῆς
2868 3457 3011 3527 ὑπὲρ
3055 3457 3230 3527 ὑμῶν,
3265 3457 3368 3527 τῆς
3391 3457 3615 3527 εὐεργε-

2040 3549 2160 3608 σίας
2209 3546 2311 3616 τῆς
2335 3546 2497 3617 ἐμῆς.
2528 3546 2833 3616 Ἐννόησον,
2869 3546 2920 3599 οί
2946 3546 3047 3615 τῆς
3078 3545 3269 3608 θυσίας
3294 3545 3615 3615 μετέχοντες

2036 3637 2135 3706 τῆς
2167 3635 2402 3698 παλαιᾶς
2443 3634 2585 3705 πόσῃ
2620 3634 2915 3705 ἐκέχρηντο
2959 3636 3027 3705 τῆ
3065 3634 3257 3703 φειδοῖ.
3294 3633 3360 3686 Τί
3385 3633 3495 3705 γὰρ
3516 3634 3621 3686 οὐκ

2038 3725 2302 3794 ἔπραττον
2326 3740 2341 3789 ;
2370 3722 2423 3776 τί
2455 3722 2513 3776 δὲ
2542 3724 2641 3776 ούκ
2668 3721 2887 3774 ἐποίουν
2911 3738 2926 3787 ;
2967 3723 3203 3776 Πάντοτε
3235 3720 3612 3793 ἐκαθαίροντοσ

2040 3814 2103 3865 σὺ
2139 3812 2194 3865 δὲ
2223 3810 2385 3883 θυσία
2417 3808 2658 3883 προσιὼν
2688 3811 2754 3881 ἢν
2782 3812 2875 3865 καὶ
2905 3811 3126 3880 ἄγγελοι
3150 3811 3457 3882 φρίττουσι,
3489 3828 3616 3864 και-

2042 3900 2149 3973 ρῶν
2197 3900 2465 3970 περιόδοις
2505 3899 2566 3952 τὸ
2591 3901 2822 3971 πρᾶγμα
2858 3897 3092 3970 όρίζειςς
3132 3898 3226 3952 καὶ¹
3260 3898 3376 3962 πῶς
3439 3915 3617 3969 παρα-

2041 3991 2211 4060 στήσῃ
2254 3987 2331 4059 τῷ
2374 3988 2577 4059 βήματι
2616 3987 2708 4041 τοῦ
2748 3987 3007 4058 Χριστοῦ,
3042 3991 3268 4058 μιαραῖς
3314 3987 3471 4058 χερσὶ
3520 3987 3616 4039 καὶ

2038 4076 2243 4148 χείλεσι
2288 4076 2643 4148 κατατολμῶν
2676 4076 2838 4130 αὐτοῦ
2872 4075 2966 4129 τοῦ
2996 4075 3286 4145 σώματοςς
3318 4074 3425 4128 Καὶ
3460 4074 3618 4144 βασι-

2038 4163 2135 4216 λέα
2190 4164 2287 4234 μὲν
2335 4164 2437 4218 οῦκ
2491 4164 2557 4225 ἂν
2607 4164 2750 4217 ’ἐλοιο
2806 4164 3192 4234 καταφιλῆσαι,
3224 4161 3476 4225 όδωδότος
3518 4176 3613 4213 σου

2039 4249 2133 4304 τοῦ
2167 4252 2433 4321 στόματος
2454 4268 2466 4281 ·
2500 4252 2591 4305 τὸν
2619 4250 2675 4302 δὲ
2703 4249 2937 4304 Βασιλέα
2958 4248 3051 4302 τοῦ
3077 4248 3307 4320 ούρανοῦ
3340 4250 3484 4318 ψυχῇ
3518 4265 3621 4300 κα-

2040 4340 2286 4406 ταφιλεῖς
2328 4339 2591 4410 ὀδωδυίας
2632 4340 2833 4410 ’Ὕϐρις
2877 4339 2938 4392 τδ
2986 4338 3223 4409 πρᾶγμά
3272 4337 3438 4391 ἐστιν.
3476 4335 3619 4389 Εἰπέ

2045 4445 2156 4498 μοι,
2192 4423 2300 4499 ἆρα
2351 4427 2417 4479 ἂν
2453 4425 2594 4479 ἕλοιο
2622 4426 2807 4497 χερσὶν
2854 4426 3097 4488 ἀνίπτοις
3132 4427 3197 4495 τῇ
3241 4424 3399 4494 θυσία
3448 4439 3617 4494 προσ-

2042 4514 2260 4581 ελθεῖν;
2315 4514 2429 4568 Οὐκ
2475 4512 2650 4582 ἔγωγε
2693 4509 2845 4584 οἶμαι
2878 4530 2892 4545 ·
2928 4512 3045 4567 ἀλλ’
3085 4513 3292 4575 ἐθέλοις
3350 4512 3417 4566 ἂν
3477 4512 3617 4583 μηδὲ

2043 4602 2179 4664 ὅλως
2244 4600 2637 4672 προσελθεῖν,ἢ
2668 4602 2941 4672 ῥυπαραῖς
3007 4600 3213 4672 χερσίν.
3272 4595 3406 4655 Εἶτα
3452 4600 3510 4652 ἐν
3539 4597 3623 4669 τῷ

2046 4688 2229 4760 μικρῷ
2247 4689 2418 4753 οὕτως
2442 4688 2517 4741 ῶν
2534 4688 2788 4759 εὐλαϐὴς,
2808 4686 2986 4760 ψυχὴν
3009 4688 3149 4760 ἔχων
3167 4688 3421 4759 ῥυπαρὰν
3446 4702 3615 4758 προσο

2044 4777 2200 4849 έρχῃ,
2240 4777 2336 4830 καὶ
2374 4776 2637 4831 ἅπτεσθαι
2684 4776 2935 4849 τολμᾷςς
2970 4776 3163 4830 Καίτοι
3214 4777 3320 4829 ὑπὸ
3368 4777 3467 4847 μὲν
3505 4775 3617 4828 τῶν

2044 4864 2244 4936 χειρῶν
2263 4864 2397 4936 προς
2412 4865 2602 4935 καιρὸν
2630 4865 2942 4936 κατέχεται,
2961 4868 3041 4929 είς
3067 4864 3123 4918 δὲ
3155 4866 3370 4931 ἐκείνην
3393 4862 3616 4933 ὁλόκλη-

2048 4968 2140 5022 ρος
2162 4950 2470 5005 ἀναλύεται.
2498 4951 2564 5004 Τί
2596 4951 2651 5004 δέ
2685 4954 2825 5023 ;ούχ
2870 4954 3003 5023 ὁρᾷς
3049 4952 3120 5005 τά
3152 4952 3317 5022 σκεύη
3348 4950 3489 5002 οῦτω
3519 4965 3617 5000 πε‹

2048 5039 2457 5111 ρικλυξόμενας
2497 5038 2671 5102 οὕτως
2714 5039 3137 5110 ἀπολάμποντας
3189 5040 3404 5092 Τούτων
3446 5035 3613 5089 καθα-

2049 5135 2290 5200 ρωτέρας
2348 5128 2481 5198 ἡμῖν
2522 5123 2663 5180 εἶναι
2696 5127 2777 5180 δεῖ
2803 5128 2901 5189 τάς
2927 5128 3125 5199 ψυχάς,
3160 5126 3360 5179 τούτων
3380 5123 3612 5193 ἀγιωτέ-

2048 5234 2146 5289 ρας
2188 5218 2283 5272 καὶ
2319 5216 2727 5289 λαμπροτέρας.
2768 5218 2834 5269 Τί
2887 5218 3089 5288 δήποτε
3124 5234 3137 5281 ;
3171 5216 3294 5268 Ὅτι
3333 5216 3516 5266 ἐκεῖνα
3540 5211 3610 5267 δι’

2045 5307 2189 5376 ἡμᾶς
2236 5306 2459 5359 τοιαῦτα
2488 5308 2715 5375 γίνεται.
2757 5306 2973 5358 Ἐκεῖνα
3000 5304 3061 5356 ού
3091 5304 3305 5372 μετέχει
3338 5301 3434 5354 τοῦ
3462 5303 3611 5355 ἐνόν-

2042 5410 2153 5456 τος,
2182 5394 2281 5446 ούκ
2312 5394 2626 5446 αἰσθάνεται
2663 5410 2678 5425 σ
2716 5395 2876 5464 ἡμεῖς
2900 5391 2980 5455 δὲ,
3005 5390 3115 5444 ναί.
3146 5390 3260 5443 Νῦν
3281 5390 3336 5444 δὲ
3371 5390 3601 5461 ῥυπαρῷ

2045 5484 2146 5557 μὲν
2175 5484 2276 5536 οὐκ
2304 5481 2369 5536 ἂν
2400 5482 2542 5536 ἐλοιο
2562 5480 3100 5554 χρήσασθαι,σκεύει,
3134 5483 3354 5554 ῥυπαρᾷ
3377 5482 3432 5535 δὲ
3460 5480 3609 5552 ψυχῇ

2102 5716 2131 5756 δ
2155 5729 2315 5778 Codex
2338 5741 2467 5776 unus
2492 5731 2543 5773 et
2569 5737 2722 5783 marg.
2760 5721 2930 5792 savii”
2954 5724 3207 5792 σῃπιδόνσ.

2114 5796 2134 5824 ε
2164 5793 2367 5852 Quidam
2393 5803 2504 5838 mss.
2537 5794 2588 5837 Cl
2613 5799 2761 5849 marg.
2792 5788 2963 5847 εει-11η
2986 5788 3256 5848 θεοφανιων.
