4080 6218
290 374 349 429 ‘29
1203 365 1267 421 IN
1308 364 1522 422 EPIST.
1564 363 1655 419 AD
1696 363 1827 418 ΠΗ

1935 405 1939 416 .
1982 367 2135 424 CAP.
2182 369 2219 424 Ι.
2270 370 2500 427 ιιυλιιιλ.
2543 372 2631 427 lli.
3475 382 3546 435 30

293 486 410 541 male
431 484 611 537 olente
641 480 945 535 densenlari
974 478 1246 543 nolueris;
1288 478 1406 533 εωιί
1438 488 1617 532 autem
1648 478 1851 546 Regem

294 576 468 635 timenti
495 586 553 629 et
580 575 718 629 male
743 574 909 627 olenti
941 573 1119 627 anima
1149 571 1444 627 oscularis?
1492 570 1546 624 Id
1588 571 1743 640 plane
1773 580 1854 622 est

297 669 607 725 contumelia.
643 667 739 721 Dic
765 665 919 732 mihi,
951 665 1188 720 vellesne
1222 662 1289 716 ad
1319 662 1643 718 sacrilicium
1678 660 1851 713 mani-

303 767 393 817 ltus
407 762 557 816 illatis
586 759 881 816 accedere?
910 758 1025 812 Non
1053 758 1278 828 opinor;
1324 756 1418 811 sed
1458 755 1647 810 malles
1679 755 1856 824 potius

310 867 484 922 prorsus
516 868 624 906 non
655 850 936 914 accedere,
965 864 1123 919 quam
1152 847 1384 903 sordidis
1407 848 1671 901 manibus.
1710 847 1854 900 Itane

306 959 396 998 euut
419 944 460 996 in
485 957 547 998 re
571 956 732 1011 parva
759 942 834 997 sis
868 941 1005 996 adeo
1032 955 1286 995 reverens
1316 948 1370 993 et
1400 939 1703 1010 religiosus,
1736 954 1853 994 sor.

303 1036 443 1088 didam
470 1044 526 1088 et
553 1033 885 1088 immundam
916 1032 1120 1087 habens
1144 1031 1401 1097 animam,
1430 1029 1645 1084 accedis
1673 1038 1727 1083 ct
1750 1044 1848 1083 au-

297 1128 374 1181 des
399 1135 617 1194 tangere
636 1125 661 1178 ?
683 1124 841 1196 Atqui
869 1124 936 1178 ad
965 1134 1172 1194 tempus
1193 1122 1407 1193 quidem
1441 1131 1651 1176 tettetnr
1679 1122 1847 1175 mani-

294 1219 398 1280 ltus;
428 1217 477 1269 in
511 1216 658 1270 illam
695 1225 875 1271 autent
908 1225 1048 1269 totus
1069 1225 1122 1269 et
1149 1215 1355 1281 integer
1382 1214 1685 1269 resttlvitur.
1711 1212 1844 1280 Quid

288 1307 430 1362 vero?
468 1322 649 1361 annon
696 1306 845 1361 vides
901 1320 1026 1359 vasa
1065 1305 1143 1359 sic
1165 1303 1388 1358 abluta?
1417 1304 1551 1359 adeo
1581 1304 1743 1357 nitida
1788 1312 1843 1357 et

284 1398 581 1468 splendida?
629 1397 719 1453 llis
761 1398 919 1466 longe
951 1395 1259 1450 mundiores
1287 1394 1441 1449 nobis
1466 1404 1679 1465 oportet
1723 1409 1844 1449 esse

279 1494 487 1555 animas,
523 1491 604 1545 his
633 1490 928 1546 sanctiores
954 1498 1008 1544 et
1035 1487 1447 1558 splendidiores.
1469 1490 1643 1554 Quare
1665 1488 1843 1557 ?Quo-

279 1584 407 1637 niam
442 1583 529 1635 illa
564 1591 781 1651 propter
811 1595 909 1636 nos
942 1579 1077 1634 fiunt
1109 1580 1257 1634 talia.
1308 1579 1398 1633 Illa
1427 1594 1547 1635 cunt
1574 1580 1663 1650 qui
1703 1580 1843 1635 inest

276 1690 371 1726 non
401 1674 737 1743 participant,
766 1687 871 1726 non
908 1672 1182 1735 sentiunt,
1214 1686 1313 1725 nos
1350 1681 1527 1726 autem
1552 1672 1841 1741 participa«

274 1783 384 1819 ntus
407 1776 461 1820 et
488 1766 775 1821 sentimus.
815 1765 963 1821 Nune
999 1774 1178 1819 autem
1208 1779 1334 1819 vase
1362 1764 1575 1834 quidem
1621 1766 1841 1822 sordido

271 1867 321 1912 ct
344 1857 618 1911 immundo
654 1858 730 1911 uti
764 1857 1013 1921 nolueris,
1043 1855 1258 1911 sordida
1278 1865 1456 1911 autem
1479 1856 1689 1912 accedis
1720 1857 1838 1910 ani-

269 1964 352 1999 ma
374 1949 401 2000 ?
420 1948 639 2002 Multam
671 1948 823 2003 video
850 1948 921 2003 rei
950 1947 1380 2017 ina-qualitatem.
1404 1947 1461 2002 lit
1486 1947 1605 2002 aliis
1624 1948 1835 2018 quidem

269 2039 617 2105 tenqutrihtts,
657 2052 774 2092 cum
814 2053 879 2093 ne
905 2037 1085 2091 tttuttdi
1106 2036 1322 2107 quidem
1345 2051 1488 2107 srepe
1512 2037 1652 2105 sitis,
1680 2053 1833 2094 acce-

265 2128 422 2191 ditis;
469 2128 520 2182 itt
567 2128 820 2184 l'aschate
860 2140 1037 2183 autem
1085 2128 1293 2184 etiamsi
1343 2128 1559 2199 aliquod
1601 2130 1833 2185 scelusa

266 2218 414 2271 vobis
440 2218 505 2272 sit
532 2218 816 2273 admissum
840 2260 853 2279 ,
884 2219 1159 2274 acceditis.
1212 2220 1256 2274 0
1303 2220 1769 2286 consuetudinem,
1802 2237 1835 2276 ο

266 2314 759 2381 pra-Stttttptimtent!
832 2312 1048 2367 Frustra
1094 2324 1177 2368 est
1221 2313 1589 2383 iptotidiantnn
1629 2314 1831 2369 saerili-

264 2405 435 2469 cium,
485 2408 675 2459 lrttstra
716 2404 989 2459 adstanms
1015 2404 1166 2459 altari
1196 2422 1210 2459 :
1241 2422 1396 2459 nemo
1423 2415 1505 2460 est
1547 2405 1633 2474 qui
1665 2406 1830 2474 parti-

262 2500 411 2565 cipet.
444 2497 565 2552 lltcc
599 2497 741 2560 dico,
774 2514 878 2552 non
908 2508 963 2551 ιιι
990 2507 1192 2553 temere
1225 2497 1588 2568 participelis,
1639 2498 1735 2553 sed
1775 2508 1832 2554 ιιι

264 2602 349 2641 vos
372 2588 556 2657 dignus
587 2588 845 2643 redtlatis.
890 2588 1004 2643 Non
1034 2605 1092 2645 es
1113 2589 1306 2659 dignus
1346 2590 1629 2655 sacrificio,
1660 2605 1831 2661 neque

262 2681 690 2750 jttttirijntioue?
740 2681 882 2751 Ergo
932 2695 1032 2736 nec
1088 2696 1267 2751 prece.
1318 2682 1484 2735 Audis
1529 2696 1827 2751 praeconem

259 2783 474 2827 stantem
503 2785 552 2827 et
580 2772 846 2828 dlCt'JllCIII
879 2791 893 2826 :
928 2774 1245 2842 Quicumque
1270 2774 1388 2828 estis
1415 2775 1465 2828 in
1498 2776 1790 2844 ptettiteutin
1809 2814 1824 2839 ,

258 2864 396 2917 abite.
442 2866 643 2920 Omnes
679 2866 769 2935 qui
814 2882 919 2920 non
952 2867 1288 2936 participant,
1329 2868 1528 2921 suntin
1556 2869 1825 2937 pmniteu-

260 2954 340 3005 tia.
392 2955 449 3010 Si
489 2971 549 3010 es
595 2972 658 3011 ex
700 2957 763 3010 iis
786 2957 875 3026 qtti
905 2968 1026 3013 sunt
1058 2957 1110 3012 itt
1139 2958 1470 3027 ptenitenlia,
1521 2974 1625 3011 tton
1657 2958 1825 3012 debes

259 3047 568 3116 ptt'ticipare
606 3066 619 3100 :
653 3064 768 3101 nam
796 3048 884 3119 qui
918 3064 1022 3102 non
1054 3048 1352 3118 participat,
1373 3058 1453 3103 est
1487 3049 1536 3103 in
1565 3051 1826 3119 pmttiten-

259 3138 342 3188 tia.
370 3138 476 3190 L'ur
499 3151 631 3207 ergo
657 3136 803 3203 dicit,
837 3138 1001 3202 .lbitc,
1027 3139 1113 3205 qui
1138 3155 1238 3191 non
1270 3141 1473 3209 potestis
1505 3143 1737 3207 precari;
1768 3152 1823 3195 lu

256 3238 417 3281 autent
461 3239 577 3283 stas
626 3227 1000 3297 itttptttlcnter?
1067 3232 1133 3283 At
1182 3246 1287 3283 non
1336 3244 1393 3284 es
1444 3246 1508 3285 ex
1551 3231 1668 3296 Itis,
1723 3232 1821 3286 sed

258 3334 313 3371 σεε
360 3321 418 3373 iis
461 3320 549 3389 qtti
600 3330 822 3388 possunt
854 3319 1193 3389 participare,
1229 3321 1434 3375 etuiltil
1477 3322 1675 3375 curas?
1704 3338 1817 3377 rem

257 3409 373 3464 nihil
402 3427 517 3466 esse
541 3412 743 3480 putas?

316 3502 366 3553 5.
406 3501 720 3567 Considera,
748 3517 929 3573 qnmso
948 3544 961 3558 .
1014 3502 1180 3559 Adest
1208 3518 1388 3559 mensa
1417 3508 1558 3575 regia
1581 3547 1596 3571 ,
1626 3507 1821 3563 adsunt

250 3594 412 3657 angeli
441 3594 824 3659 ministrantes,
855 3597 1005 3650 adest
1037 3597 1144 3651 llex
1179 3597 1312 3666 ipse,
1357 3607 1412 3652 et
1435 3608 1488 3652 ιιι
1527 3608 1638 3653 stas
1681 3602 1819 3655 osci-

248 3686 403 3737 tans.’
449 3696 629 3740 vestes
671 3688 759 3740 tibi
799 3698 925 3742 sunt
954 3689 1215 3753 sordidat,
1245 3700 1298 3744 et
1340 3690 1482 3744 nulla
1510 3706 1538 3744 a
1569 3701 1619 3746 te
1663 3693 1818 3763 hujus

250 3773 472 3828 habetur
499 3778 637 3830 ratio
661 3776 685 3829 ?
723 3778 789 3831 At
818 3788 945 3832 sunt
977 3779 1225 3834 mundte?
1247 3782 1516 3837 Accumbe
1546 3798 1674 3853 ergo
1699 3826 1712 3849 ,
1765 3795 1820 3841 et

248 3866 508 3935 ικιιιὶιςὶιιτι.
542 3866 696 3921 Venit
720 3869 957 3937 quotidie
984 3880 1041 3923 ut
1071 3871 1244 3925 videat
1272 3873 1669 3940 accumbentes,
1694 3890 1811 3930 om-

250 3970 335 4008 nes
362 3958 650 4027 alloquitur
681 3975 695 4014 :
727 3970 780 4014 et
812 3974 951 4014 nunc
983 3961 1032 4014 in
1067 3972 1242 4015 vestra
1284 3962 1413 4018 dicit
1452 3966 1813 4035 conscientia,

246 4047 422 4113 Amici,
453 4050 733 4119 quomodo
760 4051 845 4107 hic
874 4053 1027 4108 statis
1056 4069 1160 4109 non
1198 4053 1454 4111 habentes
1490 4068 1688 4113 vestem
1720 4077 1817 4114 nu-

248 4138 441 4204 plialcm
474 4142 697 4209 (.lluttlt.
730 4143 822 4197 9.9..
860 4143 989 4214 l2)?
1016 4145 1131 4199 Non
1161 4146 1332 4213 dixit,
1353 4149 1461 4204 Cur
1484 4152 1817 4207 accubuisti?

244 4230 327 4283 sed
367 4244 490 4288 ante
525 4235 838 4289 accubitum
865 4245 920 4291 et
948 4237 1244 4307 ingressum
1274 4255 1397 4294 eum
1427 4240 1554 4295 dicit
1592 4257 1710 4297 esse
1737 4243 1818 4298 in-

244 4318 439 4388 dignum
468 4340 482 4376 ε
514 4339 628 4379 non
658 4326 795 4380 dixit
832 4328 973 4382 enim
999 4369 1014 4391 ,
1059 4328 1169 4384 Cur
1194 4330 1525 4385 accubuisti?
1551 4335 1644 4388 sed
1666 4377 1680 4401 ,
1708 4335 1817 4390 Cur

244 4410 473 4469 intrasti?
502 4415 637 4471 llzec
663 4432 792 4487 ergo
823 4434 963 4474 nunc
987 4436 1201 4491 quoque
1227 4423 1523 4478 dieitnobis
1543 4428 1812 4497 omnibus,

244 4502 319 4568 qui
360 4505 710 4574 impudenter
734 4517 788 4563 et
824 4508 1179 4566 inverecunde
1222 4522 1445 4569 stamus.
1487 4515 1817 4589 Quicumque

245 4594 368 4648 enim
390 4598 781 4667 mysteriorum
805 4611 1008 4656 nonest
1028 4602 1312 4673 particeps,
1338 4605 1384 4659 is
1408 4606 1687 4675 impudens
1712 4619 1818 4665 stat

243 4694 288 4734 ct
311 4686 461 4742 nimis
509 4688 794 4745 audacter.
843 4690 941 4758 Qui
989 4704 1113 4747 sunt
1160 4694 1211 4749 in
1241 4697 1504 4764 peccatis,
1535 4710 1816 4769 propterea

244 4778 431 4844 priores
460 4782 780 4852 cjiciuntur.
806 4783 954 4840 Sicut
983 4788 1126 4842 enim
1157 4804 1279 4843 cum
1312 4789 1561 4846 dominus
1588 4794 1739 4848 adest
1764 4795 1816 4849 in

244 4884 431 4938 mensa,
462 4890 576 4930 non
605 4886 822 4946 oportet
841 4877 1030 4934 adesse
1059 4880 1285 4936 famulos
1318 4884 1407 4953 qui
1439 4883 1777 4941 offenderunt
1797 4928 1812 4951 ,

243 4962 321 5016 Sed
363 4965 553 5035 procul
602 4968 963 5023 amaudanlur
988 4990 999 5023 :
1025 4971 1093 5025 ita
1128 4972 1212 5026 hic
1251 4988 1463 5043 quoque
1505 4991 1626 5029 eum
1664 4978 1819 5031 effer-

245 5060 317 5105 tur
358 5058 714 5124 sacrificium,
746 5070 800 5114 et
828 5062 1073 5117 Christus
1109 5066 1460 5129 sacrificatur,
1486 5078 1539 5122 et
1567 5072 1681 5123 ovis
1712 5071 1817 5123 llo-

241 5145 449 5206 minica:
479 5150 707 5220 quando
732 5152 987 5221 audieris,
1024 5155 1236 5211 Oremus
1263 5175 1436 5213 omnes
1462 5163 1815 5229 communiter,

243 5240 440 5304 quando
465 5242 677 5297 videris
704 5242 841 5297 trahi
866 5260 958 5300 eas
983 5262 1102 5316 qum
1141 5249 1192 5302 iit
1224 5250 1376 5304 ostiis
1404 5261 1527 5304 sunt
1545 5254 1779 5305 cortinas
1802 5296 1815 5317 ,

244 5337 353 5383 tunc
375 5334 635 5388 existima
660 5335 850 5388 cadum
880 5350 1113 5406 superne
1146 5339 1362 5406 diduci,
1407 5352 1462 5396 et
1489 5342 1816 5400 descendere

242 5423 462 5490 angelos.
496 5424 964 5490 Quemadmodum
992 5446 1121 5499 ergo
1161 5432 1362 5485 mtllum
1393 5443 1603 5503 oportet
1624 5436 1815 5490 adesse

244 5528 294 5565 ex
324 5515 383 5569 iis
411 5518 503 5585 qui
548 5519 827 5587 mysteriis
867 5538 970 5575 non
1007 5521 1457 5595 suntinitiati,ita
1507 5542 1606 5582 nec
1647 5546 1708 5582 ex
1751 5531 1812 5582 iis

250 5606 326 5671 qui
358 5619 482 5663 sunt
518 5611 717 5668 initiati
746 5622 798 5667 et
826 5613 1049 5670 sordidi.
1084 5615 1174 5672 Die
1204 5616 1407 5681 ntihi,si
1444 5620 1561 5689 quis
1591 5620 1655 5675 ad
1684 5638 1817 5675 con-

1965 480 2160 536 virium
2207 483 2460 539 invitatus
2497 502 2684 543 manus
2730 487 2919 544 laverit
2957 500 3010 548 et
3049 491 3355 547 accubuerit
3395 504 3445 549 el
3477 496 3542 549 ad

1965 586 2204 626 mensam
2253 586 2469 644 paratus
2523 576 2724 643 fuerit,
2776 591 2830 635 et
2876 580 3071 637 deinde
3108 599 3211 636 non
3242 585 3544 653 fttcritcjns

1963 662 2250 733 particeps,
2282 680 2459 721 annon
2479 671 2800 725 contutneiia
2831 671 2995 726 afﬁcit
3016 689 3138 727 eutn
3164 674 3252 742 qtti
3282 674 3543 728 invitavit?

1960 767 2138 807 annon
2171 766 2315 811 esset
2345 758 2534 813 melius
2563 776 2683 814 eum
2714 778 2780 817 ne
2819 764 3051 820 adfuisse
3078 766 3333 835 quidem?
3382 767 3454 820 Ita
3487 779 3542 821 tu

1960 856 2173 913 Quoque
2199 845 2414 902 adfuisti
2447 866 2460 901 :
2488 849 2741 920 hymnum
2774 856 2998 908 cantasti
3020 896 3034 917 ,
3077 871 3196 910 cum
3220 857 3395 927 dignis
3424 874 3542 911 ont-

1959 933 2113 988 ttihus
2162 944 2213 990 te
2253 950 2311 991 es
2361 939 2632 1007 professus
2658 983 2672 1006 ,
2712 957 2777 996 eo
2819 944 2958 1012 quod
3002 960 3122 999 cum
3157 946 3386 1016 indignis
3431 964 3537 1001 non

1958 1025 2246 1081 recesseris
2272 1045 2284 1081 :
2309 1031 2579 1098 quomodo
2614 1034 2850 1087 mansisti
2881 1045 2934 1088 et
2971 1051 3171 1091 mensze
3201 1052 3304 1090 nou
3332 1052 3389 1091 es
3418 1051 3538 1105 par-

1958 1115 2162 1186 ticeps?
2208 1118 2375 1186 Sunt,
2421 1122 2627 1193 inquit,
2678 1124 2947 1195 indignus.
3008 1126 3149 1198 Ergo
3193 1128 3278 1181 illa
3323 1142 3536 1196 quoque

1954 1208 2329 1265 communione
2360 1220 2411 1266 et
2437 1215 2693 1269 societate
2736 1231 2855 1285 qua:
2894 1226 2975 1272 est
3007 1216 3058 1270 itt
3094 1219 3340 1286 precibus
3362 1234 3423 1274 es
3448 1220 3531 1273 itt-

1952 1296 2163 1366 dignus.
2215 1300 2332 1356 Non
2374 1305 2518 1357 enim
2567 1306 2738 1360 solunt
2782 1324 2875 1375 per
2912 1309 3213 1377 proposita,
3244 1309 3338 1364 sed
3368 1312 3529 1364 etiam

1953 1403 2047 1456 per
2086 1391 2294 1446 cantica
2341 1394 2572 1463 undique
2615 1397 2893 1451 descendit
2934 1398 3180 1467 Spiritus.
3225 1399 3339 1454 Non
3382 1401 3531 1455 vides

1950 1478 2178 1534 famulos
2206 1494 2418 1538 nosnos
2446 1500 2683 1540 mensam
2709 1488 2926 1558 spongia
2951 1489 3207 1555 lavantes,
3230 1500 3284 1544 et
3309 1491 3527 1546 domum

1947 1570 2285 1638 ntuttdatttes,
2316 1583 2367 1629 et
2388 1574 2566 1631 discos
2593 1592 2791 1632 mensa:
2822 1579 3189 1649 itnponentcs?
3217 1581 3329 1635 lloc
3350 1582 3406 1635 fit
3436 1597 3529 1651 per

1951 1675 2137 1729 preces
2160 1703 2174 1725 ,
2207 1678 2303 1733 per
2331 1665 2620 1720 clamorem
2653 1669 2913 1737 praeconis
2947 1686 2960 1724 :
2992 1679 3259 1740 tamquam
3299 1674 3526 1743 Spongia

1948 1750 2187 1807 lavamus
2208 1755 2512 1822 ecclesiam,
2538 1766 2594 1810 ut
2627 1758 2680 1812 in
2728 1759 2923 1813 munda
2956 1761 3181 1815 ecclesia
3213 1763 3319 1817 sint
3346 1765 3524 1819 omnia

1945 1847 2240 1912 proposita,
2289 1855 2347 1900 ut
2392 1848 2537 1902 nulla
2571 1848 2643 1904 sit
2685 1850 2888 1904 macula
2910 1892 2924 1914 ,
2959 1852 3101 1905 nulla
3133 1868 3280 1922 ruga.
3312 1853 3446 1909 Sunt
3470 1865 3527 1911 et

1943 1936 2083 1990 oculi
2111 1952 2296 1992 eorum
2325 1938 2524 2010 indigni
2549 1940 2634 1995 his
2659 1943 3002 2011 spectaculis,
3026 1953 3254 2000 etaures
3271 1946 3522 2016 indigum.

1945 2023 2009 2078 Et
2036 2029 2080 2080 si
2103 2029 2279 2094 bestia,
2313 2030 2502 2101 inqttit,
2531 2043 2748 2087 montem
2777 2045 2972 2105 tangat,
3002 2037 3240 2090 obruetur
3265 2039 3523 2108 lapidibus

1941 2116 2135 2182 (hired.
2168 2119 2256 2174 l9.
2293 2120 2405 2188 15).
2440 2121 2589 2178 Adeo
2638 2138 2738 2178 nec
2782 2123 2928 2194 digiti
2975 2126 3191 2195 quidem
3235 2139 3389 2184 erant
3430 2131 3522 2200 qui

1939 2210 2292 2266 ascenderem
2327 2230 2339 2266 :
2372 2215 2519 2283 atqui
2574 2224 2759 2285 postea
2815 2217 2975 2270 etiam
3030 2230 3410 2286 accesserunt,
3465 2232 3521 2277 et

1940 2302 2187 2357 viderunt
2238 2303 2326 2358 ubi
2374 2314 2598 2360 steterat
2627 2306 2785 2361 Deus.
2820 2306 2967 2362 Licet
3006 2319 3190 2377 postea
3238 2311 3518 2379 accedere,

1936 2405 1990 2447 et
2020 2394 2201 2450 videre
2234 2412 2249 2448 :
2281 2395 2377 2449 sed
2408 2396 2623 2466 quando
2652 2397 2905 2464 adfuerit,
2936 2400 3021 2455 abi
3049 2419 3062 2453 :
3111 2416 3219 2456 non
3249 2404 3391 2457 enim
3422 2404 3519 2460 tibi

1938 2486 2104 2556 magis
2133 2486 2279 2552 licet,
2311 2502 2471 2557 quam
2499 2488 2908 2544 eateeltumeno.
2962 2490 3077 2545 Non
3106 2503 3232 2547 sunt
3254 2495 3398 2550 enim
3426 2511 3520 2565 pa-

1936 2577 2038 2639 ria,
2071 2588 2406 2633 sacramenta
2430 2579 2666 2634 nondum
2714 2596 2834 2636 esse
2884 2594 3253 2654 asscqltutum,
3291 2595 3343 2640 et
3373 2597 3519 2654 post-

1934 2680 2092 2735 quam
2121 2665 2284 2721 fucris
2311 2678 2650 2739 asscquutus,
2694 2681 2748 2725 et
2785 2672 3105 2741 offenderis,
3150 2676 3429 2745 despicere
3463 2688 3519 2735 et

1933 2773 1993 2813 ea
2028 2773 2086 2814 re
2119 2768 2167 2814 te
2195 2760 2468 2832 indignum
2501 2763 2745 2819 reddere.
2774 2765 2988 2820 Licebat
3016 2768 3164 2836 plura
3195 2771 3514 2827 terribiliora

1931 2852 2131 2918 dicere,
2160 2853 2256 2909 sed
2281 2871 2350 2909 ne
2380 2866 2613 2912 mentem
2643 2867 2881 2913 vestram
2909 2876 3147 2930 gravem,
3192 2863 3311 2917 haze
3357 2866 3513 2918 sufﬁ-

1930 2946 2076 3000 ciunt
2111 2964 2123 3000 :
2156 2962 2276 3001 nam
2312 2949 2403 3019 qui
2432 2949 2512 3005 his
2539 2965 2645 3004 non
2670 2953 3020 3022 castigantur,
3052 2955 3085 3008 ii
3120 2970 3215 3010 nec
3246 2956 3511 3024 pluribus.

1929 3037 2008 3092 Ne
2037 3054 2166 3109 ergo
2187 3040 2340 3095 vobis
2370 3041 2542 3111 majus
2563 3041 2823 3097 faciamus
2844 3044 3122 3113 judicium,
3148 3062 3277 3115 rogo
3298 3047 3510 3116 quidem

1928 3144 2046 3189 vos.
2076 3141 2261 3185 nonut
2286 3148 2390 3186 non
2417 3134 2629 3199 adsitis,
2649 3136 2741 3190 sed
2772 3145 2828 3189 ut
2858 3138 3137 3204 pra-sentin
3161 3147 3214 3192 et
3241 3138 3384 3192 aditu
3417 3156 3512 3195 vos

1928 3221 2163 3276 reddatis
2194 3222 2404 3293 dignos.
2440 3224 2535 3280 Dic
2563 3225 2691 3279 mibi
2715 3266 2729 3291 ,
2760 3227 2803 3280 si
2836 3242 2927 3280 rex
2956 3227 3177 3295 jusserit
3203 3239 3255 3283 et
3283 3229 3506 3297 dixerit,

1927 3312 1981 3366 Si
2006 3314 2124 3382 quis
2156 3314 2254 3369 hoe
2282 3317 2408 3385 agit,
2442 3332 2471 3370 a
2504 3333 2619 3372 mea
2650 3335 2832 3373 mensa
2869 3320 3168 3387 abstineat,
3201 3339 3378 3377 annon
3411 3341 3507 3393 pro

1927 3403 2028 3456 ltoc
2056 3406 2233 3458 omnia
2264 3404 2543 3461 feceritis?
2586 3409 2645 3463 ltt
2688 3409 2850 3462 ca-los
2892 3426 2991 3466 nos
3031 3414 3237 3468 vocavit
3263 3414 3329 3468 ad
3352 3432 3505 3470 men-

1924 3506 2037 3546 sam
2077 3494 2238 3563 Rt-gis
2280 3496 2456 3565 magni
2502 3507 2558 3552 et
2599 3498 2950 3566 admirabilis,
3006 3510 3061 3555 et
3106 3518 3415 3559 recusamus
3454 3517 3509 3559 ιιι

1924 3597 2255 3651 cunctamur,
2290 3598 2344 3643 et
2368 3589 2433 3643 ad
2458 3605 2574 3644 eam
2606 3606 2717 3644 rem
2753 3608 2855 3645 non
2885 3595 3216 3649 occurrimus
3236 3596 3258 3649 ?
3282 3607 3333 3650 et
3361 3613 3506 3666 qutu-

1925 3692 2045 3729 nant
2073 3685 2155 3732 est
2181 3677 2335 3731 nobis
2361 3693 2485 3746 spes
2515 3680 2737 3733 salutis?
2778 3681 2890 3735 Non
2934 3683 3057 3736 licet
3095 3686 3303 3739 causari
3337 3686 3506 3741 imbe-

1922 3768 2217 3835 cillitatem,
2253 3784 2349 3824 nec
2379 3771 2589 3840 culpant
2626 3773 2874 3828 conferre
2915 3776 2965 3827 in
3001 3785 3242 3830 naturam
3275 3795 3287 3830 :
3320 3792 3505 3833 socero

1920 3859 2007 3914 dia
2049 3861 2223 3915 solum
2253 3873 2307 3917 et
2334 3862 2541 3933 ignavia
2572 3880 2669 3919 nos
2702 3865 2876 3920 reddit
2904 3867 3172 3937 indignos.
3217 3869 3340 3924 ch
3380 3872 3504 3940 qui-

1921 3950 2042 4004 dem
2069 3952 2209 4006 dicta
2238 3963 2363 4006 sunt
2392 3970 2420 4006 a
2442 3954 2598 4008 nobis
2627 3972 2640 4008 :
2669 3956 2756 4022 qui
2778 3965 2954 4011 autem
2984 3959 3292 4028 compungit
3315 3962 3501 4026 corda,

1922 4043 2008 4110 qui
2053 4042 2145 4097 dat
2187 4044 2431 4113 spiritum
2472 4048 2921 4114 compunctionis,
2967 4059 3287 4121 compungat
3338 4052 3502 4106 corda

1922 4146 2115 4201 vestra,
2159 4146 2214 4191 et
2256 4137 2307 4191 in
2354 4138 2671 4206 profundum
2702 4140 2951 4193 immittat
2977 4142 3205 4207 semina,
3241 4150 3297 4195 ιιι
3337 4158 3401 4197 ex
3434 4145 3503 4195 ti-

1922 4245 2070 4285 more
2098 4230 2213 4299 ejus
2233 4233 2546 4301 concipiatis
2572 4243 2625 4287 et
2654 4234 2872 4301 pariatis
2910 4235 3157 4303 spiritum
3196 4236 3404 4300 salutis,
3446 4249 3501 4292 et

1921 4334 2041 4375 cum
2074 4321 2263 4375 fiducia
2304 4324 2594 4378 accedatis.
2643 4323 2763 4377 Filii
2816 4326 2983 4390 enim,
3020 4325 3207 4394 ittqttit,
3260 4328 3334 4380 tui
3371 4338 3502 4381 lam-

1919 4429 2069 4479 qunm
2118 4414 2325 4466 novella:
2354 4414 2600 4466 olivarum
2640 4415 2693 4467 in
2732 4416 2949 4467 circuitu
2978 4428 3283 4471 meumtuw
3323 4418 3497 4487 (Psal.

1923 4506 2044 4558 1:27.
2077 4505 2155 4573 5).
2188 4504 2329 4557 Nihil
2369 4505 2438 4558 sit
2465 4514 2639 4571 vetus,
2672 4505 2805 4558 nihil
2838 4506 3061 4570 immite,
3095 4507 3223 4561 nihil
3250 4509 3500 4564 crudum.

1922 4594 2234 4663 llujttsmodi
2268 4595 2409 4649 enim
2443 4597 2664 4649 novellte
2707 4596 3061 4665 plantationes
3090 4608 3228 4668 apte
3274 4609 3399 4655 sunt
3434 4602 3501 4657 ad

1923 4688 2175 4750 fructum,
2214 4687 2440 4741 fructum
2482 4688 2872 4750 admirandum,
2904 4689 3059 4754 olete,
3108 4690 3353 4763 inquam,
3387 4692 3501 4749 fru-

1922 4793 2066 4837 ctum
2099 4794 2187 4838 :et
2210 4783 2375 4838 fortes
2401 4792 2525 4838 sunt
2553 4792 2605 4837 et
2634 4783 2844 4847 validm,
2892 4792 2951 4838 ut
2974 4784 3080 4839 sint
3100 4802 3285 4841 omnes
3318 4786 3369 4840 itt
3398 4789 3500 4842 eir-

1922 4877 2066 4930 cuitu
2091 4891 2311 4943 mensm,
2341 4892 2514 4947 neque
2545 4886 2750 4930 temere
2792 4886 2847 4930 et
2882 4875 3018 4931 forte
3063 4876 3277 4932 fortuna
3309 4894 3504 4933 conve-

1925 4967 2093 5030 niant,
2141 4966 2235 5022 sed
2270 4982 2391 5022 cum
2431 4976 2578 5021 metu
2619 4977 2672 5021 et
2712 4968 2926 5021 timore.
2966 4966 3056 5022 Sic
3084 4970 3227 5023 enim
3250 4979 3304 5024 et
3325 4970 3501 5037 ipsum

1922 5058 2191 5114 Christum
2224 5060 2335 5114 illic
2378 5060 2626 5116 videbitis
2672 5076 2793 5115 cum
2837 5060 3060 5127 fiducia,
3090 5070 3145 5115 et
3182 5060 3378 5115 caelesti
3412 5076 3500 5114 re-

1924 5167 2029 5222 gno
2070 5152 2215 5222 digni
2262 5152 2557 5207 reddentini
2602 5170 2615 5206 :
2660 5153 2802 5223 qttod
2850 5154 3007 5209 detur
3052 5155 3207 5208 nobis
3253 5154 3506 5211 omnibus

1925 5248 2215 5317 eonsequi,
2256 5247 2425 5316 gratia
2471 5256 2522 5302 et
2559 5247 2890 5315 benignitate
2924 5246 3129 5299 Domini
3173 5247 3340 5301 nostri
3378 5247 3505 5305 Jesu

1926 5342 2145 5407 Christi,
2178 5356 2299 5395 cum
2325 5355 2431 5410 quo
2461 5339 2601 5394 Patri
2630 5350 2680 5393 et
2710 5339 2927 5408 Spiritui
2955 5347 3141 5393 sancto
3175 5339 3361 5409 gloria,
3404 5344 3504 5396 int-

1929 5436 2151 5503 perium,
2186 5434 2374 5498 honor,
2419 5448 2556 5486 nunc
2578 5440 2631 5486 et
2653 5446 2881 5500 semper,
2929 5438 2978 5483 et
3012 5429 3065 5484 itt
3097 5431 3291 5485 steeula
3328 5448 3500 5489 rte-:e-

1928 5531 1993 5583 lot
2010 5544 2119 5582 unt.
2151 5528 2338 5579 Amen.

1644 5794 2047 5819 Maca...—
