4080 6218
490 415 524 437 ρ.

485 315 548 370 δι
1201 314 1260 371 8.
1298 311 1576 368 JOANNIS
1622 309 2093 366 CIIRYSOSTOMI
2148 311 2460 369 ARCHIEP.
2499 316 3031 376 CONSTANTINOP.
3698 327 3778 385 3'2

3737 429 3775 437 ..-

1849 448 2192 511 HOMILIA
2237 451 2343 515 IV.

489 576 623 634 Cn.
661 577 715 632 ἓ.
778 593 828 633 v.
887 579 939 633 i.
983 576 1048 632 Et
1103 589 1192 631 vos
1254 589 1370 628 cum
1421 572 1590 627 essetis
1642 571 1826 624 mortui
1874 571 2072 624 delictis

569 679 616 721 et
661 668 878 738 peccatis
910 667 1105 732 vestris,
1152 665 1209 718 Ξ.
1249 665 1302 718 in
1335 664 1514 734 quibus
1541 661 1818 732 aliquando
1837 662 2070 714 ambula-

563 759 653 812 stis
704 758 979 810 secundum
1041 755 1282 809 stcculum
1342 754 1515 807 mundi
1559 753 1753 820 hujus,
1796 751 2070 806 secundum

565 845 844 914 principem
876 843 1140 911 potestatis
1169 841 1300 894 aeris
1335 842 1522 910 hujus,
1554 841 1763 909 spiritus
1804 839 1890 908 qui
1935 854 2070 891 nunc

559 945 798 1005 operatur
824 935 874 986 in
900 934 1032 1002 filios
1063 933 1372 1003 diffidentiae,
1400 933 1452 986 5.
1485 933 1536 984 in
1560 932 1739 1000 quibus
1764 939 1809 982 et
1840 946 1928 983 nos
1958 946 2067 982 om-

564 1043 652 1082 nes
684 1026 961 1095 aliquando
991 1026 1269 1079 conversati
1310 1041 1483 1078 sumus
1510 1025 1560 1076 in
1591 1022 1854 1077 desideriis
1899 1023 2070 1075 carnis

561 1127 748 1171 nostra:
770 1159 785 1182 ,
812 1119 1052 1187 facientes
1083 1120 1385 1170 voluntatem
1410 1115 1577 1168 carnis
1601 1125 1646 1167 et
1670 1114 2065 1185 cogitationum,

555 1221 603 1264 et
634 1223 834 1263 eramus
863 1219 1044 1263 natura
1077 1210 1170 1277 ﬁlii
1211 1209 1302 1262 ira:
1329 1209 1457 1260 sicut
1485 1217 1531 1260 et
1556 1209 1744 1262 ueteri.

557 1307 612 1358 l.
657 1305 747 1359 Est
777 1305 989 1374 quidem
1033 1302 1372 1357 n'iorlilicatio
1411 1301 1711 1371 corporalis
1731 1343 1746 1365 ,
1775 1309 1858 1355 est
1883 1309 2062 1356 autem

478 1406 534 1451 et
581 1397 823 1450 animalis
859 1414 872 1450 :
905 1405 957 1449 et
994 1396 1136 1449 illius
1177 1393 1390 1463 quidem
1431 1408 1553 1447 esse
1593 1391 1930 1461 participem.
1963 1407 2063 1446 nec

478 1498 564 1542 est
613 1488 816 1542 crimen
871 1502 969 1542 nec
1015 1486 1306 1555 periculum
1360 1501 1373 1537 :
1416 1499 1504 1537 res
1538 1484 1680 1538 enim
1723 1493 1805 1538 est
1833 1491 2057 1548 naturm,

480 1593 586 1633 non
632 1577 859 1632 instituti
887 1577 1048 1630 animi
1075 1585 1127 1630 ct
1157 1576 1304 1628 liberi
1336 1574 1562 1628 arbitrii.
1604 1573 1734 1627 Nam
1763 1582 1816 1626 et
1839 1585 1953 1626 orta
1981 1585 2064 1628 est

479 1687 545 1725 ex
580 1671 1004 1738 transgressione
1044 1668 1380 1736 protOplasti,
1427 1674 1481 1718 et
1521 1679 1607 1719 res
1637 1664 1829 1719 deinde
1867 1665 2064 1720 decidit

477 1761 531 1815 in
566 1770 806 1814 naturam
839 1778 851 1808 ε
887 1757 1082 1826 alioqui
1111 1766 1286 1810 autem
1317 1757 1474 1808 etiam
1504 1755 1612 1808 cito
1639 1755 1895 1808 solvetur.
1941 1753 2059 1823 ipsa

478 1864 612 1906 vero
657 1849 994 1903 mortificatio
1022 1846 1289 1911 animalis,
1319 1857 1438 1900 cum
1465 1846 1533 1899 sit
1562 1846 1786 1899 instituti
1813 1845 1976 1899 animi
2007 1853 2062 1899 et

478 1942 630 1997 liberi
678 1942 923 2008 arbitrii,
965 1941 1166 1995 crimen
1211 1939 1368 1994 habet
1395 1947 1448 1992 et
1476 1939 1679 1992 nullam
1716 1939 2056 1993 solutionem.

477 2031 612 2088 Vide
640 2043 768 2104 ergo
806 2032 1075 2103 quomodo
1105 2031 1299 2086 Paulus
1341 2040 1464 2085 cum
1491 2030 1601 2098 jam
1630 2029 1782 2084 valde
1809 2041 2058 2100 magnum

472 2125 822 2188 ostendisset,
851 2134 906 2179 et
939 2122 1077 2194 quod
1108 2123 1279 2191 majus
1318 2123 1388 2175 sit
1419 2129 1592 2176 morte
1630 2120 1833 2176 all‘ectze
1860 2120 2057 2176 mederi

430 2207 670 2270 'auiune
710 2230 866 2284 quam
916 2213 1179 2268 suscitare
1230 2219 1493 2275 mortuos,
1543 2225 1684 2265 nunc
1728 2225 1940 2280 quoque
1980 2209 2059 2264 sic

479 2307 628 2375 ponit
655 2316 923 2374 tamquam
973 2318 1222 2372 magnum
1260 2319 1272 2355 :
1303 2301 1368 2354 Et
1392 2317 1475 2355 vos
1504 2317 1617 2354 cum
1645 2302 1832 2366 essetis,
1867 2302 2054 2370 inquit,

475 2395 663 2448 mort‘ni
689 2395 884 2448 delictis
911 2405 959 2447 et
980 2394 1196 2463 peccatis
1235 2392 1412 2446 vestris
1432 2435 1447 2459 ,
1481 2393 1534 2445 in
1577 2391 1756 2458 quibus
1782 2391 2056 2462 aliquando

470 2489 788 2554 ambulastis,
815 2487 1091 2542 secundum
1118 2487 1359 2540 stuculum
1378 2486 1553 2539 mundi
1586 2486 1758 2556 hujus,
1783 2487 2057 2560 secundum

475 2582 753 2650 principem
780 2581 1035 2648 potestatis
1065 2579 1216 2642 aeris,
1263 2580 1472 2648 spiritus
1507 2581 1595 2649 qui
1640 2596 1772 2633 nunc
1819 2591 2057 2650 operatur

470 2672 526 2726 in
573 2673 706 2740 filios
755 2670 1061 2741 difﬁdentiae.
1101 2671 1262 2726 Vides
1293 2671 1438 2725 l'auli
1468 2670 1928 2726 mansuetudinem
1950 2710 1964 2734 ,
2000 2681 2055 2727 et

472 2763 741 2834 quomodo
790 2765 982 2834 ubique
1037 2765 1347 2817 ennsolatur
1397 2762 1715 2828 aitditorem,
1773 2776 1897 2817 eum
1947 2779 2050 2818 non

468 2857 738 2911 Onerans?
780 2855 912 2910 Nam
960 2857 1206 2926 quoniam
1261 2856 1470 2910 dixerat
1516 2870 1610 2909 eos
1654 2854 1720 2908 ad
1755 2865 2051 2909 extremum

475 2963 643 3016 usque
664 2946 849 3000 vitium
869 2961 990 3001 esse
1011 2957 1290 3015 provectos
1319 2946 1443 3015 (hoc
1472 2946 1613 2999 enim
1640 2952 1716 2998 est
1740 2959 1860 2999 esse
1881 2954 2052 3000 morte

468 3036 717 3110 all‘ectos)
738 3054 753 3103 ;
781 3051 846 3091 ne
872 3051 967 3091 eos
985 3036 1136 3089 valde
1155 3043 1403 3105 gravaret
1427 3039 1571 3105 (nam
1596 3034 1799 3102 pudore
1820 3032 2053 3088 alliciun-

471 3142 558 3184 tnr
588 3131 854 3194 homines,
879 3141 998 3182 eum
1027 3127 1203 3197 priora
1229 3125 1368 3179 mala
1395 3123 1692 3180 afferuntur
1717 3125 1769 3178 in
1794 3124 2048 3190 medium,

467 3223 676 3276 etiamsi
708 3221 810 3275 sint
836 3220 1100 3282 absoluta,
1129 3227 1182 3273 ct
1210 3218 1412 3272 nullum
1443 3217 1674 3271 habeant
1704 3215 2048 3287 periculum),

468 3313 562 3366 dat
601 3313 681 3366 eis
721 3311 1044 3378 adjuto-rem,
1097 3325 1164 3363 ne
1213 3309 1612 3364 existimaretur
1640 3317 1804 3361 totum
1833 3309 1910 3363 eis
1931 3323 2050 3362 esse

469 3403 865 3472 ilmmtandum,
899 3413 953 3457 et
981 3403 1280 3472 adjutorem
1306 3401 1518 3456 fortem.
1568 3399 1902 3466 Quemnam?
1930 3399 2050 3454 Dia-

469 3500 671 3554 bolum.
704 3498 792 3553 Sic
840 3499 1001 3551 etiam
1051 3496 1175 3550 facit
1225 3496 1278 3549 in
1326 3494 1562 3563 Epistola
1599 3492 1667 3548 ad
1691 3492 2048 3548 Corinthios:

467 3605 588 3644 nam
621 3604 744 3643 cum
770 3587 1014 3651 dixisset,
1053 3585 1226 3639 Nolite
1249 3600 1441 3647 errare,
1492 3599 1650 3652 neque
1672 3583 2008 3653 fornicatores
2031 3623 2047 3646 ,

467 3696 626 3748 neque
667 3679 988 3739 idololatria;
1017 3685 1074 3732 et
1111 3676 1310 3744 reliqua
1343 3675 1520 3727 omnia
1562 3676 1946 3739 recensuisset,
1996 3681 2052 3726 et

466 3771 874 3838 sn-hjunxisset,
924 3769 1154 3838 Regnum
1201 3764 1296 3819 Dei
1352 3780 1454 3819 non
1507 3765 1875 3834 possidebunt;
1923 3775 2051 3819 tunc

467 3871 678 3929 quoque
725 3858 891 3912 dicit:
928 3856 993 3911 Et
1037 3859 1142 3911 ham
1184 3857 1385 3926 quidem
1432 3855 1598 3926 fuistis
1641 3855 1725 3925 (Ι.
1754 3854 1871 3908 Cor.
1905 3853 1957 3908 6.
1991 3855 2044 3910 9.

471 3949 635 4022 sqq.).
694 3949 807 4004 Non
863 3949 992 4004 dixit
1037 3949 1280 4002 absolute
1317 3948 1508 4014 fuistis,
1557 3946 1670 4010 sed,
1700 3956 1819 4008 τινὲς
1859 3952 1962 4010 ἥτε,
1996 3946 2048 4001 id

467 4051 584 4105 est.
608 4042 777 4111 Aliqui
800 4043 988 4112 fuistis,
1023 4041 1122 4094 hoc
1161 4048 1264 4105 est,
1306 4039 1384 4093 sic
1419 4037 1811 4108 quodammodo
1854 4038 2046 4093 fuistis.

542 4133 813 4188 Mauiehwi
840 4141 1140 4200 carpuntur.
1171 4159 1240 4169 —
1266 4128 1361 4183 llic
1402 4129 1640 4183 haeretici
1689 4127 1804 4183 hinc
1848 4129 1915 4184 de
1940 4129 2048 4182 Deo

470 4225 610 4279 dicta
668 4237 790 4278 esse
832 4222 1030 4275 acriter
1079 4220 1439 4286 conitendum,
1487 4229 1542 4274 et
1582 4220 1890 4275 ellreuatam
1944 4221 2048 4275 Iin-

469 4327 624 4386 gnam
693 4314 848 4384 longe
907 4320 1250 4376 exserentes,
1296 4310 1410 4366 inec
1472 4311 1582 4366 Deo
1631 4313 1883 4382 adoptant
1929 4329 2047 4382 quae

467 4417 594 4464 sunt
643 4408 812 4464 solius
879 4407 1098 4462 diaboli.
1151 4404 1430 4472 Quomodo
1485 4421 1611 4476 ergo
1665 4421 1726 4461 os
1782 4408 1861 4462 eis
1919 4407 2047 4462 obs-

467 4499 746 4555 truemus?
786 4498 862 4553 Ex
914 4497 1044 4568 ipsis
1082 4496 1280 4550 verbis.
1310 4496 1439 4550 Nam
1491 4498 1533 4550 si
1583 4508 1665 4552 est
1709 4497 1904 4568 justus.
1937 4499 2046 4553 sic-

466 4603 521 4645 ut
563 4591 762 4658 dicitis,
793 4590 906 4644 lnec
956 4599 1132 4644 autem
1159 4593 1356 4659 gessit;
1391 4588 1502 4643 haec
1531 4603 1616 4643 res
1646 4604 1751 4643 non
1783 4602 1865 4643 est
1893 4590 2044 4658 justi,

471 4681 564 4736 sed
596 4681 752 4735 valde
779 4681 960 4749 injusti
987 4691 1040 4734 et
1069 4679 1316 4734 scelerati
1343 4697 1356 4732 :
1385 4680 1523 4733 Deus
1548 4689 1724 4732 autem
1756 4695 2044 4749 ntunquam

464 4773 625 4829 fuerit
667 4772 981 4826 sceleratus.
1014 4771 1123 4826 Cur
1155 4787 1284 4825 vero
1314 4771 1445 4825 dicit
1469 4786 1590 4824 eum
1620 4772 1914 4840 principem
1943 4789 2046 4828 sa:-

462 4865 568 4920 ('uli
598 4863 778 4933 hujus?
791 4861 1052 4929 Quoniam
1077 4870 1186 4914 tota
1211 4860 1320 4914 fere
1338 4861 1564 4915 humana
1586 4870 1769 4916 natura
1795 4878 1852 4917 se
1876 4863 2043 4932 ipsam

464 4956 541 5011 illi
571 4953 739 5015 dedit.
769 4963 824 5009 et
851 4967 1040 5007 omnes
1083 4965 1176 5006 sua
1218 4960 1408 5021 sponte
1445 4952 1494 5006 ei
1523 4951 1762 5006 serviunt
1799 4961 1854 5007 et
1880 4968 1944 5007 ex
1975 4953 2042 5008 li-

469 5045 601 5102 bero
630 5044 793 5098 animi
833 5042 1077 5097 arbitrio.
1133 5043 1198 5096 Et
1243 5042 1458 5097 Christo
1495 5041 1710 5112 quidem
1743 5042 1880 5097 bona
1913 5059 2044 5113 pro-

466 5138 698 5192 mittenti
742 5133 1150 5190 innumerabilia
1200 5148 1268 5188 ne
1309 5135 1545 5187 animum
1575 5133 1796 5204 quidem
1827 5134 2045 5190 adhibet

465 5231 728 5299 quispiam
757 5247 771 5284 :
799 5227 875 5283 illi
902 5235 1078 5282 autem
1109 5225 1242 5280 nihil
1273 5226 1378 5280 tale
1404 5226 1694 5296 pollicenti,
1726 5225 1821 5281 sed
1851 5227 1915 5281 ad
1948 5243 2041 5296 ge-

463 5321 694 5376 hennam
725 5319 1133 5384 transmittenti,
1157 5317 1354 5374 cedunt
1377 5334 1587 5375 omnes.
1620 5320 1686 5374 Et
1712 5320 2042 5390 principatus

464 5413 583 5483 ejus
603 5423 687 5468 est
711 5413 764 5466 in
789 5416 889 5468 hoc
914 5413 1132 5476 sascnlo,
1155 5421 1210 5467 et
1237 5411 1282 5465 is
1303 5413 1484 5478 plures
1509 5411 1666 5466 habet
1691 5427 1849 5482 quam
1875 5413 2034 5477 Deus,

462 5517 518 5558 et
545 5503 595 5557 ei
616 5502 782 5572 magis
810 5502 1063 5559 cedentes
1089 5519 1247 5573 quam
1283 5502 1411 5566 Deo,
1441 5511 1634 5572 printer
1664 5517 1881 5572 paucos,
1914 5519 2040 5572 pro-

464 5609 585 5670 pter
627 5607 858 5651 nostram
892 5595 1214 5650 socordiam.
1257 5595 1548 5650 Secundam
1598 5604 1928 5663 potestatem,
1955 5595 2040 5649 iu-

463 5689 601 5758 quit,
629 5687 752 5740 aerii
779 5686 1008 5754 spiritus.
1040 5685 1150 5740 Hoc
1176 5703 1363 5742 rursus
1385 5687 1533 5752 dicit,
1561 5686 1700 5758 quod
1735 5687 1909 5742 locum
1940 5687 2038 5742 ha-

465 5782 548 5837 bet
577 5781 674 5836 sub
694 5779 846 5845 caelo.
873 5788 924 5834 et
949 5777 1166 5849 spiritus
1193 5794 1378 5835 rursus
1399 5778 1526 5834 aerii
1557 5789 1680 5835 sunt
1706 5779 2034 5852 incorporea:

2180 582 2471 642 potestates
2499 591 2565 631 eo
2589 587 2868 646 operante.
2899 578 3030 636 Nam
3061 581 3201 650 quod
3245 584 3518 641 surcularis
3549 586 3619 641 sit
3646 586 3768 658 ejus

2179 666 2509 737 principatus
2529 709 2544 732 ,
2579 667 2681 722 hoc
2709 678 2793 723 est
2814 709 2830 735 ,
2861 671 2954 738 qui
2981 686 3100 725 cum
3133 676 3384 742 praesenti
3413 677 3614 731 ste-culo
3647 678 3761 733 dis-

2175 757 2437 823 solvitur,
2469 760 2589 814 audi
2621 776 2742 814 eum
2771 761 3038 816 dicentem
3080 763 3132 818 in
3176 765 3282 820 line
3327 765 3610 835 epistolas:
3640 767 3760 824 Non

2174 856 2246 900 est
2295 848 2436 902 nobis
2477 850 2768 902 colluctatio
2806 852 3044 905 adversus
3091 857 3382 924 sanguinem
3420 866 3466 910 et
3513 873 3756 925 carnem,

2172 938 2261 990 sed
2286 938 2524 992 adversus
2555 940 2806 1009 principes
2830 951 2878 993 et
2911 952 3196 1010 potestates,
3232 954 3279 997 et
3308 945 3549 1000 adversus
3581 951 3757 1003 mundi

2174 1037 2386 1082 rectores
2414 1030 2728 1082 tenebrarum
2774 1032 2923 1102 hujus
2949 1033 3118 1086 steculi
3141 1033 3356 1104 (Ep/tes.
3388 1035 3440 1089 ϐ.
3476 1037 3585 1109 12).
3619 1038 3752 1092 Nam

2171 1136 2238 1175 ne
2267 1136 2387 1175 cum
2414 1120 2644 1174 audieris
2663 1162 2678 1186 ,
2711 1120 2896 1174 Mundi
2928 1135 3143 1177 rectores
3169 1166 3182 1188 ,
3208 1124 3354 1179 dicas
3384 1125 3543 1179 etiam
3575 1128 3751 1197 ipsum

2169 1226 2289 1266 csse
2317 1210 2634 1272 increatum,
2654 1211 2816 1273 addit,
2847 1210 3183 1265 Tetti-brorum
3208 1216 3400 1270 siccati.
3424 1215 3565 1270 Alibi
3587 1218 3747 1273 etiam

2169 1318 2397 1371 nequam
2446 1303 2701 1356 smeulum
2735 1302 2892 1374 (Gul.
2928 1305 2980 1359 l.
3010 1307 3080 1374 4)
3112 1316 3263 1360 vocat
3285 1316 3496 1377 tempus
3529 1297 3750 1374 pert-er-

2168 1408 2283 1447 sum
2313 1435 2327 1457 ,
2361 1409 2466 1448 non
2493 1394 2681 1448 dicens
2726 1395 2792 1448 de
2837 1397 3118 1451 creaturis.
3165 1397 3293 1452 Mihi
3325 1400 3466 1453 enim
3493 1401 3743 1466 videtur,

2168 1484 2310 1554 quod
2341 1484 2384 1538 si
2417 1483 2604 1539 luisset
2636 1485 2882 1554 princeps
2912 1486 3012 1539 sub
3041 1487 3196 1549 earlo,
3231 1504 3336 1541 non
3370 1489 3556 1544 fuisset
3585 1507 3742 1545 casu-

2169 1591 2261 1629 rus
2290 1591 2317 1628 a
2347 1575 2644 1644 principatu
2670 1617 2686 1643 ,
2732 1578 2890 1630 etiam
2938 1587 3057 1645 post
3107 1581 3607 1650 tmnsgressionem.
3645 1584 3743 1650 Qui

2167 1681 2299 1718 nunc
2326 1677 2562 1735 operatur
2588 1667 2640 1719 in
2670 1667 2803 1734 filios
2847 1668 3152 1738 diﬁidentiae.
3191 1669 3356 1726 Vides
3385 1673 3524 1741 quod
3554 1691 3658 1728 non
3689 1676 3743 1730 vi

2168 1755 2369 1809 inducit
2397 1767 2498 1811 nec
2525 1757 2841 1826 tyrannide,
2887 1759 2980 1813 sed
3011 1761 3396 1827 persuasione?
3428 1763 3571 1818 Dixit
3595 1767 3740 1821 enim

2119 1885 2122 1888 λ
2164 1849 2426 1912 ἀπείθειαν,
2457 1862 2520 1900 ac
2549 1849 2592 1900 si
2621 1847 2790 1914 dicas,
2825 1848 3139 1919 deceptione
3166 1861 3220 1904 et
3249 1855 3590 1921 persuasione
3617 1871 3740 1910 om-

2164 1953 2261 1993 nes
2295 1940 2533 1994 attrahit.
2579 1937 2687 1995 Nec
2733 1941 2833 1996 hoc
2877 1943 3049 1996 Solum
3097 1957 3192 1998 eos
3228 1947 3564 2012 consolatur,
3595 1949 3737 2017 quod

2162 2030 2372 2085 dederit
2415 2032 2617 2086 socium
2638 2072 2654 2098 ,
2687 2031 2779 2086 sed
2809 2031 2969 2088 etiam
2996 2033 3139 2102 quod
3169 2049 3228 2089 se
3253 2048 3372 2089 cum
3414 2037 3522 2092 illis
3553 2049 3730 2108 ponat.

2160 2120 2228 2174 lu
2256 2121 2431 2191 quibus
2453 2163 2467 2187 ,
2500 2123 2704 2191 inquit,
2737 2132 2782 2176 et
2813 2139 2904 2176 nos
2939 2139 3108 2177 omnes
3155 2124 3429 2194 aliquando
3458 2131 3737 2184 corwersati

2159 2230 2352 2267 sumus.
2375 2211 2561 2267 Omnes
2581 2229 2600 2268 :
2627 2227 2732 2268 non
2763 2215 2904 2268 enim
2933 2215 3057 2270 licet
3085 2215 3261 2270 dicere
3289 2217 3427 2287 quod
3457 2231 3739 2289 ert-ruptus

2161 2316 2305 2359 esset
2333 2305 2545 2375 aliquis.
2576 2303 2602 2358 Ι
2611 2323 2643 2358 η
2664 2306 2929 2359 desideriis
2955 2308 3123 2360 carnis
3145 2318 3350 2372 uostrcr,
3378 2310 3617 2379 facientes
3647 2329 3736 2364 ro-

2161 2393 2401 2448 luntatem
2425 2396 2592 2448 carnis
2620 2406 2665 2449 et
2693 2396 3048 2466 cogitationum
3070 2440 3083 2459 ,
3113 2408 3159 2451 et
3186 2414 3385 2451 eramus
3426 2410 3608 2453 natura
3637 2403 3737 2469 filii

2158 2485 2269 2548 inc,
2299 2486 2426 2540 sicut
2461 2495 2507 2538 et
2550 2487 2719 2539 cwteri
2759 2501 2950 2540 omnes.
2987 2487 3097 2540 Hoc
3139 2497 3242 2551 est,
3275 2488 3405 2542 nihil
3456 2492 3735 2559 spirituale

2157 2576 2444 2645 sapientes.
2469 2574 2573 2630 Sed
2597 2590 2663 2629 ne
2680 2589 2896 2630 carnem
2927 2577 2978 2629 in
3010 2577 3260 2631 invidiam
3283 2589 3435 2633 vocet
3453 2590 3507 2634 et
3527 2581 3731 2647 odium,

2157 2679 2330 2734 neque
2360 2679 2606 2734 maguum
2653 2665 2926 2721 existimes
2965 2667 3256 2734 delictum,
3301 2669 3424 2724 vide
3464 2673 3735 2740 quouiodo

2155 2757 2254 2813 sibi
2284 2766 2486 2812 caveat.
2519 2756 2804 2823 Facientes,
2839 2759 3028 2828 inquit,
3063 2762 3368 2814 voluntatem
3392 2765 3559 2816 carnis
3582 2773 3628 2817 et
3647 2781 3734 2818 co-

2154 2851 2455 2920 gitotionum
2485 2860 2770 2904 nostrarum
2790 2892 2806 2917 ,
2853 2852 2955 2906 hoc
2981 2862 3082 2918 est,
3118 2854 3404 2923 voluptatis
3427 2855 3732 2912 all'ectiones

2152 2955 2210 3000 et
2250 2953 2448 3009 motus,
2490 2944 2656 2998 Deum
2691 2945 3018 3000 irritat-imus
3058 2955 3112 3000 et
3154 2946 3219 3000 ad
3262 2948 3390 3000 iram
3423 2951 3735 3017 provocavi-

2155 3049 2276 3088 mus
2303 3051 2315 3087 :
2352 3033 2455 3088 hoc
2482 3043 2594 3101 est,
2628 3034 2704 3088 ira
2737 3035 2962 3099 luimus,
2990 3045 3044 3091 et
3086 3035 3218 3090 nihil
3263 3037 3428 3091 aliud.
3461 3040 3731 3103 Quemad-

2154 3126 2369 3182 modum
2413 3125 2556 3182 euim
2599 3127 2688 3194 qui
2717 3138 2802 3181 est
2848 3127 2988 3182 lilius
3036 3127 3268 3183 hominis
3288 3168 3302 3193 ,
3332 3138 3415 3183 est
3447 3129 3604 3184 homo
3635 3147 3731 3183 na-

2156 3227 2271 3273 tura
2289 3259 2304 3283 ,
2331 3218 2400 3271 ita
2424 3232 2522 3270 nos
2548 3232 2761 3286 quoque
2787 3218 2927 3272 sicut
2951 3227 3006 3273 et
3030 3219 3213 3273 caeteri
3238 3220 3328 3273 ine
3359 3220 3450 3274 lilii
3476 3235 3686 3275 eranms
3710 3239 3726 3274 :

2155 3309 2208 3365 id
2237 3319 2318 3364 est
2337 3349 2353 3375 ,
2381 3309 2557 3363 nullus
2589 3309 2725 3363 liber
2749 3319 2868 3365 erat
2894 3351 2909 3376 ,
2939 3311 3032 3365 sed
3059 3326 3249 3366 omnes
3273 3328 3392 3382 qua:
3423 3315 3498 3366 ira
3531 3313 3616 3367 Dei
3648 3314 3730 3367 di-

2152 3414 2253 3470 gna
2279 3408 2432 3454 erant
2461 3398 2801 3454 iaciebamus.
2835 3402 2888 3454 4.
2927 3400 3060 3454 Deus
3086 3414 3274 3468 autem,
3305 3404 3391 3472 qui
3418 3404 3552 3457 dives
3571 3413 3642 3457 est
3670 3405 3723 3457 in

2152 3490 2518 3543 misericordia.
2567 3489 2681 3542 Non
2724 3489 2860 3543 dixit
2907 3492 3153 3547 absolute
3180 3535 3194 3556 ,
3232 3494 3559 3558 Misericors,
3589 3495 3682 3548 sed
3704 3534 3726 3563 ,

2153 3579 2304 3633 Dives
2329 3581 2384 3633 in
2420 3579 2768 3632 misericordia
2794 3619 2810 3643 ,
2843 3581 2980 3636 sicut
3002 3592 3057 3636 ct
3076 3583 3200 3636 alibi
3226 3583 3374 3644 dicit.
3404 3583 3470 3636 In
3501 3585 3729 3638 multitu-

2153 3673 2271 3726 dine
2294 3671 2651 3726 misericordia
2670 3682 2804 3738 luce;
2826 3683 2882 3728 et
2907 3691 3135 3738 rursum,
3167 3676 3404 3731 Miserere
3428 3679 3522 3732 mei
3546 3693 3727 3732 secun-

2153 3763 2274 3816 dum
2301 3780 2534 3834 magnam
2560 3766 2957 3820 misericordiam
2982 3781 3118 3820 tuam
3144 3768 3314 3836 (Psal.
3338 3770 3426 3823 68.
3453 3770 3539 3823 i7.
3563 3780 3609 3822 et
3634 3771 3723 3826 50.

2154 3853 2242 3924 1).
2278 3853 2494 3921 Propter
2531 3856 2738 3908 nimiam
2765 3857 3021 3910 caritatem
3063 3875 3208 3911 suam
3228 3899 3244 3924 ,
3274 3874 3370 3928 qua
3407 3857 3582 3911 dilexit
3612 3874 3726 3913 nos.

2151 3945 2428 4001 Undenam
2453 3960 2550 4000 nos
2573 3945 2764 4000 dilexit
2784 3949 3040 4004 ostendit.
3073 3950 3197 4004 l-la-c
3217 3949 3354 4003 enim
3381 3967 3484 4003 nou
3517 3966 3728 4004 tueren-

2153 4044 2237 4088 tur
2264 4035 2606 4090 dilectionem
2628 4077 2642 4100 ,
2671 4037 2765 4090 sed
2812 4039 2944 4093 iram
2975 4051 3027 4093 et
3057 4051 3352 4096 extremum
3381 4041 3723 4110 supplicium.

2151 4126 2214 4180 Et
2244 4125 2344 4178 hoc
2373 4142 2500 4195 ergo
2530 4143 2594 4180 ex
2629 4129 2788 4182 multa
2836 4131 3222 4186 misericordia.
3255 4134 3307 4189 5.
3341 4131 3406 4186 Et
3449 4148 3563 4186 cum
3591 4149 3726 4186 esse-

2149 4232 2263 4268 mus
2294 4218 2478 4269 mortui
2507 4218 2557 4270 in
2587 4218 2802 4283 delictis,
2826 4223 3184 4286 canitiei/ienuit
3205 4226 3254 4275 in
3275 4223 3492 4278 Christo.
3522 4224 3726 4278 Rursus

2148 4307 2395 4362 Christus
2421 4318 2504 4362 est
2534 4313 2742 4363 medius
2761 4353 2775 4374 ,
2803 4322 2862 4368 et
2907 4329 2994 4367 res
3023 4325 3105 4367 est
3156 4315 3259 4368 ﬁde
3289 4316 3464 4384 digna.
3497 4317 3554 4370 Si
3583 4317 3725 4371 enim
3749 4350 3758 4353 -

2150 4400 2398 4470 primitia:
2430 4401 2637 4465 vivunt,
2669 4411 2723 4456 et
2749 4419 2846 4457 nos
2885 4420 2900 4456 :
2934 4406 3216 4460 viviticavit
3245 4416 3298 4461 et
3327 4407 3495 4472 illum,
3521 4416 3575 4460 et
3606 4421 3722 4460 nos.

2218 4491 2272 4544 2.
2309 4491 2468 4546 Vides
2512 4493 2652 4562 quod
2697 4495 2874 4548 omnia
2907 4497 3048 4550 dicta
3093 4499 3201 4550 sint
3247 4498 3314 4552 de
3340 4515 3438 4554 eo.
3469 4499 3610 4567 quod
3642 4505 3728 4552 est

2148 4583 2441 4636 secundum
2484 4585 2742 4636 carnem?
2789 4585 2974 4638 Vidisti
3022 4598 3431 4655 exsuperantem
3476 4590 3594 4656 ejus
3625 4604 3723 4656 po-

2150 4675 2330 4728 tentia:
2363 4675 2782 4744 magnitudinem
2813 4678 2862 4730 in
2896 4695 2993 4732 nos
3022 4682 3108 4747 qui
3137 4682 3440 4736 credimus?
3467 4683 3556 4750 qui
3581 4700 3725 4736 utor-

2150 4765 2224 4819 tui
2253 4781 2466 4820 eramus
2493 4773 2546 4819 et
2591 4767 2684 4820 lilii
2729 4768 2842 4830 irtn,
2880 4767 2978 4823 hos
3016 4771 3318 4826 viviticavit.
3352 4772 3543 4828 Vidisti
3575 4789 3723 4842 spem

2147 4857 2482 4911 vocationis?
2508 4857 2560 4911 6.
2592 4856 3013 4912 Conresuscitavit
3060 4871 3105 4914 et
3151 4863 3416 4916 consedere
3462 4865 3598 4931 fecit.
3633 4863 3724 4916 Vi-

2147 4949 2267 5004 disti
2296 4949 2520 5018 gloriam
2550 4948 2667 5016 ejus
2690 4948 3047 5004 hereditatis?
3077 4952 3286 5016 Etiam,
3319 4954 3551 5023 inquies,
3596 4953 3725 5010 Con-

2145 5041 2456 5097 resuscitavit
2503 5039 2754 5108 quidem,
2806 5049 2890 5093 est
2943 5041 3320 5106 manufestum;
3371 5044 3496 5098 illud
3553 5063 3723 5110 vero,

2145 5135 2426 5192 Consedere
2449 5151 2540 5188 nos
2569 5133 2684 5202 fecit
2710 5133 2762 5185 in
2791 5133 3070 5188 cwlestibus
3098 5135 3150 5186 in
3181 5135 3380 5189 Christo
3404 5136 3530 5191 Jcsu
3549 5181 3565 5203 ,
3593 5154 3728 5209 quo.

2145 5229 2304 5284 modo
2351 5227 2492 5282 stat?
2544 5225 2614 5281 Ut
2660 5225 2823 5290 illud,
2867 5223 3289 5280 Conresustitavit
3319 5245 3331 5279 :
3358 5228 3537 5284 nullus
3580 5232 3726 5285 enim

2144 5321 2320 5376 adhuc
2340 5330 2422 5375 est
2448 5319 2754 5381 suscitatus,
2781 5317 2883 5371 nisi
2905 5317 3069 5387 quod,
3092 5335 3210 5373 eum
3231 5331 3392 5386 caput
3417 5337 3730 5378 resurrexe—

2145 5414 2245 5478 rit,
2296 5426 2395 5465 nos
2421 5425 2634 5481 quoque
2665 5424 2853 5464 sumus
2879 5411 3119 5465 suscitati
3153 5427 3167 5464 :
3196 5412 3335 5467 sicut
3378 5414 3485 5469 illic
3509 5431 3726 5485 quoque

2144 5518 2264 5558 cum
2291 5501 2456 5557 Jacoh
2486 5500 2782 5565 adorasset,
2817 5515 2949 5555 uxor
2981 5516 3192 5570 quoque
3219 5502 3460 5558 adoravit
3498 5504 3718 5572 Joseph.

2145 5595 2235 5651 Sic
2264 5610 2392 5666 ergo
2435 5593 2558 5648 fecit
2585 5608 2799 5662 quoque
2836 5594 3131 5649 consedere
3156 5613 3169 5648 :
3199 5595 3418 5650 sedente
3445 5597 3589 5651 enim
3625 5611 3726 5650 ca-

2147 5688 2254 5757 pite
2281 5686 2430 5741 sedet
2456 5698 2667 5754 quoque
2693 5698 2908 5754 corpus.
2946 5685 3230 5753 Propterea
3255 5685 3396 5739 enim
3423 5687 3723 5756 subjunxit,

2148 5779 2212 5834 In
2244 5778 2442 5834 Christo
2469 5775 2613 5830 Jcsu.
2664 5778 2768 5833 Aut
2803 5779 2846 5833 si
2881 5777 2981 5833 hoc
3011 5794 3116 5832 non
3167 5778 3236 5831 ita
3263 5779 3366 5843 sit,
3396 5779 3490 5833 sed
3521 5798 3722 5837 conre-
