4052 6214
594 381 665 439 33
1274 382 1335 438 S.
1374 381 1665 440 JOANNIS
1695 378 2184 439 CHRYSOSTOMI
2223 379 2538 440 ARCHIEP.
2576 382 3126 440 CONSTANTINOP.

595 497 735 552 σοῦ.
760 498 831 550 Ἣ
854 497 904 552 εί
923 497 998 570 μὴ
1016 497 1193 558 τοῦτο.
1217 498 1352 552 ἀλλά
1378 499 1665 571 συνήγειρε
1689 499 1777 553 διά
1795 499 1890 552 τοῦ
1914 498 2161 570 λουτροῦ,

595 581 714 643 πῶς
734 576 827 634 οὖν
853 582 1202 636 συνεκάθισεν
1219 599 1235 649 ;
1261 583 1330 636 El
1349 583 1457 653 γὰρ
1476 583 1874 653 ὑπομένομεν,
1895 602 1966 654 φη
1975 584 2049 648 cl,
2064 584 2161 637 καὶ

593 664 1195 734 συμϐασιλεύσομεν·
1229 668 1279 719 εἰ
1304 668 1665 738 ἀπεθάνομεν,
1701 671 1796 721 καὶ
1828 668 2156 737 συζήσομεν.

599 744 807 808 Ὄντως
840 746 1155 817 Πνεύματος
1176 748 1335 818 χρεία
1359 750 1456 801 καὶ
1481 748 1898 818 ἀποκαλύψεως.
1927 748 2069 802 ὥστε
2103 748 2163 802 τὸ

595 823 756 894 βάθος
798 828 984 897 νοῆσαι
1024 828 1132 882 τῶν
1164 831 1482 901 μυστηρίων
1509 830 1734 884 τούτων.
1774 827 1929 894 Εἶτα,
1965 832 2053 885 ἴνα
2086 832 2162 902 μὴ

593 909 922 980 ἀπιστήσῃς,
951 911 1053 981 δρα
1077 911 1130 964 τί
1158 913 1356 982 ἐπάγει
1381 931 1395 946 ·
1432 915 1564 969 Ἵνα
1582 914 1917 982 ἐνδείξηται
1942 916 2014 969 ἐν
2036 917 2162 981 τοῖς

589 990 765 1044 αιῶσι
784 991 907 1058 τοῖς
926 993 1350 1064 ἐπερχομένοις
1369 997 1475 1050 τὸν
1496 996 1950 1063 ὑπερϐάλλοντα
1974 997 2162 1052 πλοῦ-

589 1089 700 1125 τον
724 1072 837 1141 τῆς
879 1075 1121 1144 χάριτος
1149 1080 1334 1134 αὑτοῦ
1370 1080 1441 1134 ἐν
1481 1080 1844 1149 χρηστότητι
1875 1079 1966 1148 ἐφ’
2004 1078 2161 1148 ἡμᾶς

588 1154 659 1205 ἐν
690 1155 924 1222 Χριστῷ
970 1159 1193 1226 Ἰησοῦ.
1239 1162 1457 1233 Ἐπειδὴ
1487 1163 1598 1233 γὰρ
1641 1157 1763 1216 εἰπε
1789 1162 1857 1215 τὰ
1900 1163 2028 1234 περὶ
2064 1161 2159 1216 τοῦ

587 1235 635 1288 Χ
644 1237 846 1306 ριστοῦ.
870 1238 1043 1293 ταῦτα
1062 1240 1119 1294 δὲ
1140 1242 1295 1296 οὐδὲν
1309 1239 1379 1314 ἦν
1396 1245 1533 1316 πρὸς
1551 1246 1699 1314 ἡμᾶς
1733 1246 1820 1315 (Τί
1835 1245 1965 1316 γὰρ.
2000 1245 2156 1316 φησὶν

588 1319 727 1389 πρδς
753 1320 919 1390 ήμᾶς,
937 1323 986 1374 εἰ
1014 1325 1219 1388 ἐκεῖνος
1248 1326 1496 1397 ἀνέστη);
1524 1326 1691 1393 ἔδειξε
1723 1328 1822 1398 μὲν
1843 1324 1937 1381 οὖν
1957 1329 2039 1382 ὃτι
2064 1330 2159 1382 καὶ

588 1399 726 1469 πρὸς
753 1404 922 1471 ἡμᾶς.
969 1405 1023 1458 εἰ
1047 1422 1111 1470 γε
1149 1400 1303 1470 οὗτος
1332 1409 1465 1478 ἡμῖν
1495 1410 1700 1479 ἥνωται
1723 1427 1741 1443 θ
1782 1410 1920 1481 πλὴν
1954 1412 2035 1464 δτι
2065 1410 2159 1464 καὶ

584 1485 658 1536 τὰ
690 1484 845 1553 ήμῶν
899 1488 1019 1539 κατ’
1068 1488 1203 1542 ἰδίαν
1239 1490 1403 1560 φησίν
1427 1506 1442 1521 ο
1475 1493 1692 1559 Ὄντας
1724 1494 1835 1563 γὰρ
1872 1491 2030 1561 ἡμᾶς
2058 1510 2159 1547 νε-

587 1565 773 1632 κροὺς
800 1566 923 1633 τοῖς
950 1571 1383 1640 ποριιπτώμασι
1416 1573 1735 1645 συνήγειρε
1750 1577 1844 1628 καὶ
1863 1575 2158 1630 συνεκάθ-

588 1664 741 1703 ισεν.
767 1649 948 1711 Ὥστε.
961 1651 1099 1724 ὅπερ
1110 1653 1266 1723 ἔφην,
1295 1655 1370 1725 μὴ
1386 1655 1622 1719 ἀπίστει,
1639 1658 1748 1711 ἀπό
1761 1675 1822 1710 τε
1836 1659 1945 1711 τῶν
1958 1658 2157 1730 προτέ-

587 1746 697 1799 ρων
711 1731 819 1785 ἀπό
833 1749 891 1784 τε
902 1734 1000 1803 τῆς
1020 1736 1260 1805 κεφαλῆς
1277 1737 1386 1790 ἀπό
1396 1753 1456 1789 τε
1472 1737 1566 1790 τοῦ
1586 1737 1870 1807 βούλεσθαι
1888 1740 2159 1794 ἐνδείκνυ-

586 1811 711 1866 σθαι
733 1814 896 1868 αὐτὸν
920 1816 1019 1890 τῂν
1035 1817 1347 1887 ἀγαθότητα
1375 1818 1556 1873 λασὼν
1577 1820 1676 1892 τήν
1701 1820 1996 1886 ἀπόδειξιν.
2030 1820 2156 1885 Πῶς

583 1895 693 1967 γὰρ
722 1896 1034 1965 ἐνδείξεται,
1055 1900 1122 1955 ἂν
1150 1901 1307 1956 τοῦτο
1342 1903 1417 1975 μὴ
1445 1904 1702 1974 γένηται;
1734 1906 1843 1959 Kal
1865 1904 2154 1971 ἐνδείξεται

582 1979 642 2033 ἐν
660 1982 774 2045 τοῖς
799 1982 958 2036 αἰῶσι
978 1986 1088 2049 τοῖς
1112 1986 1517 2059 ἐπερχομένοις.
1542 1989 1607 2041 Τί
1629 2005 1645 2054 ;
1672 1990 1794 2042 Ὀτι
1822 1988 1916 2042 καὶ
1942 1988 2156 2057 μεγάλα

579 2061 650 2115 τὰ
680 2064 861 2133 ἀγαθά
883 2061 970 2137 ἦν,
1012 2069 1105 2121 καὶ
1143 2068 1361 2122 πάντων
1400 2071 1713 2141 πιστότερα.
1759 2069 1875 2123 Νῦν
1906 2070 2006 2140 μὲν
2044 2069 2156 2142 γὰρ

580 2144 746 2216 λῆρος
770 2142 910 2201 εἶναι
938 2149 1088 2202 δοκεῖ
1104 2153 1216 2213 τοῖς
1240 2152 1490 2216 ἀπίστοις
1520 2153 1589 2206 τά
1616 2153 1908 2223 λεγόμενα,
1938 2154 2061 2207 τότε
2094 2153 2153 2206 δὲ

579 2229 783 2293 πάντες
825 2229 1080 2286 εἴσονται.
1114 2231 1301 2286 Βούλει
1348 2233 1542 2304 μαθεῖν
1595 2236 1689 2289 καὶ
1730 2235 1848 2300 πῶς
1885 2237 2153 2290 συνεκάθ-

583 2326 728 2378 ισεν;
763 2312 960 2366 Ἄκουε
986 2314 1153 2368 αὐτοῦ
1173 2314 1268 2369 τοῦ
1300 2317 1536 2387 Χριστοῦ
1568 2318 1814 2386 λέγοντος
1836 2321 1948 2382 τοῖς
1972 2318 2153 2389 μαθη-

578 2394 697 2457 ταῖς
725 2410 739 2425 ·
768 2396 1105 2450 Καθίσεσθε
1141 2397 1239 2451 ἐπί
1263 2397 1493 2453 δώδεκα
1525 2401 1800 2469 θρόνους,
1843 2402 2153 2470 κρίνοντες

578 2475 687 2541 τὰς
711 2475 939 2531 δώδεκα
964 2482 1164 2548 φυλὰς
1193 2481 1301 2535 τοῦ
1333 2482 1583 2549 Ἰσραήλ
1606 2499 1622 2514 ο
1648 2484 1742 2537 καὶ
1766 2484 1946 2549 πάλιν,
1983 2484 2055 2539 Τὸ
2081 2485 2152 2539 δὲ

577 2560 819 2612 καθίσαι
845 2559 915 2614 ἐκ
945 2560 1160 2626 δεξιῶν
1176 2581 1295 2632 μου
1323 2564 1424 2618 καὶ
1461 2565 1530 2630 ἐξ
1564 2566 1885 2635 εὐωνύμων
1911 2568 2023 2622 οὐκ
2046 2566 2151 2621 ἕσ-

574 2655 672 2693 τιι·
701 2641 852 2711 ἐμὸν
886 2643 1118 2710 δοῦναι,
1153 2647 1292 2702 ἀλλ’
1317 2645 1408 2716 οῘς
1445 2651 1800 2720 ἡτοίμασται
1838 2652 1998 2720 παρὰ
2040 2650 2149 2705 τοῦ

573 2724 825 2791 Πατρός.
858 2726 1021 2780 Ὥστε
1062 2729 1411 2799 ἡτοίμασται.
1460 2733 1572 2786 Kal
1605 2733 1786 2796 καλῶς
1820 2728 1972 2787 εἶπεν
1995 2748 2011 2763 ’
2047 2736 2150 2789 Ἔν

573 2809 941 2892 χρηστότητι
984 2809 1079 2879 ἐφ’
1105 2810 1263 2881 ἡμᾶς
1289 2814 1360 2868 ἐν
1398 2814 1629 2883 Χριστῷ
1680 2816 1903 2885 Ἰησοῦ.
1930 2819 2004 2872 Τὸ
2038 2819 2146 2892 7&9

573 2889 797 2943 καθίσαι
821 2893 885 2945 ἐκ
908 2893 1098 2959 δεξιῶν
1124 2897 1288 2966 τιμῆς
1317 2900 1433 2951 ἑστι
1462 2898 1563 2968 τῆς
1582 2899 1724 2970 ὑπὲρ
1749 2903 1931 2954 πᾶσαν
1957 2889 2143 2972 τιμὴν,

574 2973 669 3026 καὶ
693 2974 811 3043 μεθ’
841 2976 908 3046 ήν
940 2977 1103 3049 ἑτέρα
1124 2980 1224 3032 οὐκ
1251 2980 1387 3034 ἐστι.
1417 2981 1589 3036 Τοῦτο
1609 2979 1704 3037 οὖν
1725 2984 1894 3052 λέγει,
1925 2985 2007 3039 ὅτι
2047 2985 2143 3039 καὶ

572 3059 735 3128 ἡμεῖς
776 3058 1172 3131 καθεδούμεθα.
1239 3064 1445 3128 Ὄντως
1467 3053 1841 3136 ’ὑπερϐάλλων
1890 3066 2138 3132 πλοῦτος,

568 3141 742 3205 ὅντως
776 3143 1111 3216 ὑπερϐάλλον
1148 3146 1211 3200 τὸ
1256 3147 1485 3218 μέγεθος
1512 3149 1612 3219 τῆς
1642 3149 1925 3219 δυνάμεως
1953 3150 2140 3215 αὐτοῦ,

574 3225 711 3292 μετά
736 3226 972 3295 Χριστοῦ
1010 3228 1253 3288 καθίσαι.
1287 3230 1406 3284 Κᾶν
1441 3231 1639 3302 μυρίας
1662 3232 1839 3304 ψυχὰς
1861 3233 2010 3305 ἔχῃς,
2042 3236 2143 3289 οὐκ

570 3305 858 3372 ἀπολλύεις
878 3310 1049 3374 αὐτὰς
1079 3311 1265 3366 ἕνεκεν
1290 3312 1487 3379 αὐτοῦ;
1516 3315 1566 3367 εἰ
1588 3314 1694 3386 7&9
1721 3317 1802 3380 εἰς
1830 3317 1943 3387 πῦρ
1972 3318 2143 3388 ἐμϐῆ-

570 3407 659 3441 ναι
696 3390 824 3454 ἔδει,
858 3391 1016 3447 τοῦτο
1053 3394 1154 3448 οὐκ
1185 3395 1356 3466 ἐχρῆν
1399 3396 1633 3468 ἑτοίμως
1671 3399 1996 3469 ὑπομεῖναις
2033 3402 2143 3455 Καὶ

568 3472 733 3537 αὐτὸς
769 3474 826 3528 δὲ
857 3476 1019 3554 πάλιν
1049 3478 1182 3548 φησί
1200 3497 1215 3512 ·
1245 3479 1415 3544 Θέλω,
1451 3480 1539 3534 ἶνα
1567 3480 1702 3535 ὅπου
1736 3483 1853 3554 εἰμὶ
1882 3484 2012 3553 ἐγὼ,
2046 3485 2143 3539 καὶ

568 3556 618 3606 οἱ
645 3555 880 3611 διάκονοι
909 3552 1043 3613 ὦσιν
1070 3561 1118 3614 οἰ
1144 3561 1286 3632 ἐμοί.
1321 3562 1382 3615 Εἰ
1409 3563 1516 3634 γὰρ
1556 3552 1997 3620 κατακόπτεσθαι
2032 3568 2140 3621 ἔδει

568 3638 690 3692 καθ’
707 3640 942 3710 ἑκάστην
956 3642 1187 3712 ἡμέραν,
1207 3643 1348 3712 ὑπὲρ
1363 3644 1567 3697 τούτων
1576 3646 1676 3699 οὐκ
1691 3644 1804 3719 [28]
1824 3648 1990 3718 ὲχρῆν
2002 3666 2139 3721 προ-

569 3721 757 3788 θύμως
772 3722 1167 3793 καταδέχεσθαι
1186 3740 1200 3788 ;
1219 3724 1504 3795 Ἐννόησον
1520 3726 1622 3779 ποῦ
1636 3728 1886 3781 ἐκάθισεν
1910 3730 2135 3795 ἐκεῖνος.

581 3801 808 3855 Ἐπάνω
835 3803 1040 3870 πάσης
1060 3804 1255 3875 ἀρχῆς
1287 3805 1385 3859 καὶ
1408 3806 1713 3875 ἐξουσίας.
1744 3810 1853 3862 Kal
1873 3810 1979 3865 τίνι
2007 3829 2139 3882 συγ-

568 3882 836 3952 κάθησαι;
897 3884 1141 3956 Ἐκείνῳ.
1179 3886 1276 3950 Τίς
1300 3884 1418 3941 ῶνα
1451 3905 1466 3955 ;
1503 3889 1732 3960 Νεκρδς,
1764 3889 1922 3959 φύσει
1952 3893 2139 3949 τέκνον

568 3964 758 4035 ὀργῆς.
804 3965 914 4019 Kal
943 3967 996 4020 τί
1031 3967 1435 4039 κατῶρθωσας;
1466 3971 1653 4027 οὐδέν.
1686 3974 1893 4038 Ὄντως
1922 3976 2018 4029 νῦν
2044 3977 2136 4031 εῦ-

571 4066 761 4120 καιρον
796 4050 1099 4121 ἀναϐοῆσαι
1118 4067 1133 4084 ο
1173 4053 1243 4109 Ὦ
1273 4054 1466 4122 ,βάθος
1487 4057 1758 4112 πλούτου
1789 4058 1886 4112 καὶ
1917 4061 2138 4129 σοφίας

566 4134 668 4185 καὶ
707 4132 982 4202 γνώσεως
1015 4134 1197 4190 Θεοῦί
1236 4137 1317 4206 Τῇ
1355 4138 1465 4207 γὰρ
1501 4137 1698 4206 χάριτι
1763 4141 1905 4196 ἐστε
1943 4157 2136 4197 σεσω-

566 4216 799 4284 σμένοι,
833 4217 1017 4286 φησίν.
1044 4218 1160 4271 Ἵνα
1191 4220 1300 4291 7&9
1333 4220 1408 4292 μὴ
1440 4220 1500 4274 τὸ
1527 4221 1754 4291 μέγεθος
1773 4223 1881 4276 τῶν
1911 4225 2136 4296 εὐεργε-

568 4298 702 4351 σιῶν
725 4298 904 4371 ὲπάρῃ
940 4315 1022 4365 σε,
1043 4300 1143 4371 δρα
1171 4301 1288 4365 πῶς
1322 4320 1381 4356 σε
1411 4303 1794 4359 καταστέλλει·
1826 4305 1907 4375 Τῇ
1935 4307 2136 4377 χάριτί

564 4381 705 4436 ἐστε
730 4382 1128 4452 σεσωσμένοι,
1163 4385 1316 4456 φησί.
1348 4386 1450 4439 Διὰ
1474 4387 1750 4454 πίστεως.
1784 4382 1920 4442 Εἶτα
1944 4391 2029 4444 ἵνα
2056 4392 2131 4463 μὴ

563 4465 725 4518 πάλιν
739 4464 800 4518 τὸ
833 4466 1174 4532 αὐτεξούσιον
1192 4467 1514 4539 λυμήνηται,
1536 4469 1699 4540 ἔθηκε
1723 4472 1815 4526 καὶ
1845 4471 1914 4527 τὰ
1933 4472 2092 4544 ἡμῶν
2113 4491 2129 4507 ο

561 4549 658 4600 καὶ
687 4547 848 4601 πάλιν
874 4550 1007 4602 αὐτὸ
1036 4550 1234 4617 ἀνεῖλε,
1266 4551 1360 4605 καί
1384 4567 1516 4623 φησι
1540 4568 1556 4585 ·
1585 4553 1696 4607 Καὶ
1718 4552 1893 4608 τοῦτο
1917 4559 2029 4609 οὐκ
2058 4557 2130 4622 ἐξ

561 4627 748 4712 ήμῶν.
789 4631 926 4712 Οὐδὲ
964 4634 996 4701 ή
1049 4632 1252 4697 πίστις,
1296 4636 1482 4703 φησὶν,
1523 4633 1583 4699 ἐξ
1616 4635 1807 4706 ήμῶν⁶
1843 4638 1901 4690 εἰι
1920 4638 2028 4710 γὰρ
2053 4639 2128 4712 μή

559 4703 743 4779 ἦλθεν,
778 4711 828 4762 εἰ
861 4713 971 4781 γὰρ
1001 4713 1075 4783 μὴ
1112 4714 1361 4783 ἐκάλεσε,
1396 4717 1515 4780 πῶς
1555 4703 1872 4788 ἠδυνάμεθα
1907 4703 2130 4775 maia;

563 4806 687 4858 σαι;
715 4791 846 4860 Πῶς
872 4793 1001 4863 γὰρ,
1037 4798 1192 4863 φησὶ,
1220 4799 1693 4864 πιστεύσουσιν,
1712 4799 1819 4854 ἐὰν
1834 4800 1921 4869 μὴ
1949 4803 2130 4858 ἀκού-

559 4889 786 4938 σωσιν;
819 4876 978 4930 Ὥστε
1005 4876 1126 4930 οὐδὲ
1158 4878 1218 4932 τί.
1241 4880 1339 4950 τῆς
1368 4880 1602 4944 πίστεως
1633 4881 1918 4952 ἡμέτερον.
1954 4885 2122 4954 Θεοῦ,

559 4960 716 5031 φησὶ,
771 4961 833 5015 τὸ
872 4959 1066 5029 δῶρον
1087 4976 1102 4991 ο
1143 4964 1254 5016 οὐκ
1298 4963 1368 5027 ἐξ
1396 4963 1603 5034 ἔργων.
1635 4965 1726 5035 Μὴ
1755 4966 1864 5037 γὰρ
1897 4968 2058 5039 ήρκει
2091 4972 2124 5042 ή

557 5043 740 5108 πίστις
765 5042 957 5109 σῶσαι,
990 5045 1194 5116 φησίν;
1239 5045 1377 5101 Ἀλλ’
1416 5047 1500 5101 ἵνα
1537 5047 1611 5119 μὴ
1637 5049 1824 5113 κενοὺς
1852 5052 1988 5122 μηδὲ
2021 5053 2124 5124 ἀρ-

557 5126 686 5193 γοὺς
716 5124 883 5199 σώσῃ,
916 5128 1118 5195 ταύτην
1148 5129 1410 5199 ἐζήτησεν
1448 5132 1477 5183 ὁ
1508 5131 1660 5195 Θεὸς,
1691 5131 1854 5201 φησίν
1875 5149 1888 5164 ο
1933 5130 2122 5202 Εἶπεν,

556 5207 699 5288 δῖιή
747 5209 929 5275 πίστις
979 5208 1159 5275 σώζει,
1210 5211 1346 5265 ἁλλά
1378 5213 1467 5267 διὰ
1510 5213 1681 5267 Θεοῦ·
1724 5215 1910 5286 ἐπειδὴ
1956 5216 2064 5288 γὰρ
2095 5219 2125 5271 ὁ

556 5286 687 5371 Θεὸς
711 5291 994 5364 ἠθέλησεν,
1028 5293 1264 5365 ἡπίστις
1299 5294 1522 5350 ἔσωσεν.
1562 5296 1713 5350 Ἐπεὶ
1743 5296 1858 5361 πῶς
1894 5286 2054 5362 σώζει
2086 5302 2119 5371 ή

556 5370 760 5434 πίστις,
788 5376 909 5428 εἰπέ
947 5394 1060 5446 μοι,
1092 5376 1221 5430 ἄνευ
1248 5378 1423 5450 ἔργων
1448 5394 1465 5444 ;
1498 5378 1667 5432 Τοῦτο
1694 5381 1824 5434 αὐτὸ
1852 5380 1987 5434 Θεοῦ
2016 5370 2120 5435 δῶὲ

557 5453 651 5522 ρὸν
678 5454 845 5518 ἐστιν,
877 5459 1000 5513 Ἵνα
1016 5461 1100 5529 μή
1126 5478 1215 5528 τις
1237 5460 1635 5531 καυχήσηται,
1663 5463 1748 5516 ἵνα
1770 5463 2122 5534 εὐγνώμονας

556 5534 684 5603 περὶ
717 5535 815 5607 τήν
836 5540 995 5609 χάριν
1034 5544 1253 5614 ποιήσῃ.
1282 5544 1347 5597 Τί
1374 5541 1486 5608 οὖν,
1510 5545 1698 5615 φησὶν,
1724 5545 1887 5609 αὐτὸς
1910 5545 2117 5600 ἐκώλυ-

556 5632 648 5672 σεν
684 5618 743 5686 ἐξ
768 5618 945 5691 ἔργων
979 5622 1363 5696 δικαιωθῆναις
1397 5626 1661 5700 Οὐδαμῶς
1683 5642 1697 5656 ·
1733 5626 1869 5694 ἀλλ’,
1910 5629 2115 5695 Οὐδεὶς,

614 5888 640 5917 ⁸
671 5886 805 5957 gnua
826 5888 1006 5957 deex_,
1023 5890 1118 5957 καὶ
1143 5891 1369 5957 ἐξουσίας.
1395 5894 1829 5957 φησίνηἘννὸησον
1851 5895 1921 5942 ὅτι
1947 5894 2111 5957 ἐκείνῳ

552 5949 795 6010 ἐγκαθίσαι
818 5952 884 6013 τῷ
918 5953 1165 6001 καλέσαντι
1189 5952 1345 6001 ἐπάνω
1368 5949 1521 6011 nam
1553 5955 1713 6018 ἀρχῆς.
1732 5949 1823 6011 -Τίς
1845 5958 1928 6005 ὧν.

1518 6130 1719 6185 Δ

3758 389 3854 447 35

2270 500 2456 568 φησὶν,
2491 501 2551 567 ἐξ
2581 500 2757 572 ἔργων
2794 500 3105 572 ἐδικαιώθη,
3157 501 3244 557 ἵνα
3278 502 3464 575 δειχθῇ
3497 503 3590 558 τοῦ
3630 506 3766 561 Θεοῦ
3811 511 3858 577 ἡ

2268 585 2426 655 χάρις
2473 586 2568 638 καὶ
2603 587 2637 655 ή
2677 584 3074 655 φιλανθρωπία.
3116 585 3250 655 Οὐχὶ
3292 586 3515 656 ἔχοντας
3557 587 3694 659 ἔργα
3724 590 3857 643 ἀπ-

2263 667 2463 730 ώσατο,
2508 667 2646 721 ἀλλά
2688 668 3108 739 προδεδομένους
3150 668 3259 721 ἀπὸ
3302 670 3413 723 τῶν
3445 670 3623 741 ἔργων
3652 674 3857 744 χάριτι

2262 750 2487 815 ἔσωσεν,
2516 750 2659 805 ὥστε
2701 750 2905 822 μηδένα
2928 750 3116 805 λοιπὸν
3144 751 3288 823 ἔχειν
3321 754 3650 825 καυχᾶσθαι.

2330 938 2399 1000 γ’.
2429 930 2562 987 Εἶτα
2578 932 2664 985 ἵνα
2683 932 2757 1004 μὴ
2783 930 3040 995 ἀκούσας,
3055 932 3137 986 δτι
3161 931 3261 986 οὐκ
3281 932 3339 999 ἐξ
3360 932 3540 1004 ἔργων
3578 934 3713 989 ἀλλὰ
3739 936 3855 990 πί-

2262 1031 2378 1069 στει
2405 1017 2466 1070 τὸ
2496 1017 2604 1070 πᾶν
2632 1014 2992 1087 κατωρθώθη,
3021 1016 3189 1086 ἀργὸς
3220 1017 3375 1088 μένῃ,
3410 1018 3513 1089 ὅρα
3538 1019 3592 1071 τί
3623 1021 3856 1089 ἐπήγα-

2259 1116 2392 1169 γεν·
2444 1100 2641 1156 Αὐτοῦ
2685 1098 2795 1169 γάρ
2847 1100 3035 1166 ἐσμεν
3082 1101 3329 1169 ποίημα.
3373 1102 3719 1171 κτισθέντες
3765 1104 3855 1158 ἐν

2259 1183 2490 1253 Χριστῷ
2530 1183 2736 1250 Ἰησοῦ
2767 1182 2865 1236 ἐπὶ
2904 1182 3101 1252 ἔργοις
3134 1183 3400 1252 ἀγαθοῖς,
3433 1180 3526 1251 οἷς
3553 1188 3855 1256 προητοί-

2254 1284 2454 1338 μασεν
2478 1271 2510 1322 ό
2534 1266 2697 1332 Θεὸς.
2720 1266 2905 1319 ἵναὲν
2926 1264 3129 1331 αὐτοῖς
3149 1265 3664 1338 περιπατήσωμεν.
3685 1271 3851 1340 Ὅρα

2258 1351 2421 1404 αὐτὸν
2448 1350 2502 1404 τί
2530 1367 2664 1419 φησι
2688 1366 2701 1379 ·
2729 1350 2826 1421 τὴν
2855 1348 3212 1419 ἀναγέννησιν
3243 1348 3477 1405 ἐνταῦθα
3506 1354 3845 1410 αἰνίττεται.

2263 1436 2467 1499 Ὄντως
2499 1435 2676 1499 κτίσις
2713 1434 2874 1505 ἑτέρα
2920 1434 3070 1487 ἐστίν
3094 1450 3107 1465 ·
3148 1436 3212 1487 ἐκ
3243 1434 3338 1488 τοῦ
3366 1436 3441 1506 μὴ
3469 1437 3624 1501 ὄντος
3654 1440 3737 1502 εἰς
3771 1440 3849 1493 τὸ

2257 1516 2394 1572 εἶναι
2432 1517 2811 1589 παρήχθημεν.
2847 1518 3019 1588 Ὅπερ
3055 1514 3196 1587 ἦμεν
3231 1519 3516 1590 πρότερον,
3557 1521 3849 1577 ἀπεθάνοο

2259 1619 2379 1673 μεν,
2407 1602 2703 1663 τουτέστιν,
2738 1602 2767 1654 δ
2800 1599 3025 1661 παλαιὸς
3046 1600 3328 1670 ἄνθρωπος
3347 1616 3362 1630 ⁸
3388 1604 3523 1675 ὅπερ
3548 1606 3649 1659 οὐκ
3680 1600 3847 1677 ἦμεν

2258 1685 2539 1756 πρότερον,
2583 1684 2897 1754 ἐγενόμεθα.
2938 1683 3077 1754 ’Δρα
3098 1683 3273 1749 κτίσις
3304 1684 3366 1738 τὸ
3406 1688 3638 1757 πρᾶγμα
3679 1689 3851 1751 ἐστι,

2256 1770 2476 1838 καὶτῆς
2517 1766 2708 1837 ἑτέρας
2752 1766 3050 1835 τιμιωτέρα
3074 1782 3090 1797 ο
3122 1765 3182 1831 ἐξ
3229 1767 3443 1839 ἐκείνης
3484 1770 3584 1839 μὲν
3611 1769 3723 1843 γάρ
3764 1774 3842 1826 τὸ

2254 1851 2375 1921 ζῇν,
2405 1853 2470 1905 ἐκ
2495 1849 2552 1903 δὲ
2596 1848 2802 1919 ταύτης
2830 1849 2890 1902 τὸ
2921 1848 3099 1911 καλῶς
3137 1849 3237 1920 ζῇν
3275 1850 3408 1919 ἡμῖν
3447 1852 3837 1922 περιγέγονεν,

2266 1935 2393 1988 Ἐπὶ
2427 1934 2623 2005 ἔργοις
2664 1933 2927 2003 ἀγαθοῖς,
2973 1927 3063 1999 οἷς
3097 1934 3539 2002 προητοίμασεν
3576 1938 3611 1989 ό
3652 1938 3845 2004 Θεὸς,

2252 2020 2354 2074 ἵνα
2379 2018 2449 2073 ἐν
2469 2015 2675 2083 αὐτοῖς
2703 2016 3202 2085 περιπατήσωμεν
3221 2032 3235 2046 ο
3265 2017 3365 2087 οὐχ
3393 2018 3479 2072 ἵνα
3501 2018 3835 2091 ἀρξώμεθα,

2253 2107 2391 2169 ἀλλ’,
2416 2107 2550 2161 Ἵνα
2568 2102 3062 2174 περιπατήσωμεν
3077 2118 3091 2133 ’
3115 2100 3370 2173 διαρκοῦς
3385 2102 3495 2173 γὰρ
3511 2104 3640 2174 ήμῖν
3662 2122 3759 2175 χρε
3770 2106 3839 2160 ἔα.

2252 2189 2353 2259 τῆς
2396 2187 2601 2258 ἀρετῆς
2632 2185 2728 2240 καὶ
2775 2183 3141 2253 ὲκτεταμένης
3181 2185 3261 2246 εἰς
3285 2182 3381 2253 τὴν
3423 2184 3679 2257 τελευτὴν
3717 2186 3837 2257 τὴν

2253 2271 2549 2344 ἡμετέραν.
2590 2269 2724 2323 Οὐδὲ
2754 2268 2884 2340 γὰρ,
2920 2269 2968 2320 εί
3003 2266 3238 2337 βαδίζειν
3266 2267 3384 2321 ὁδὸν
3412 2267 3519 2321 ἔδει
3552 2270 3632 2330 εἰς
3661 2270 3837 2324 πόλιν

2251 2357 2522 2427 φέρουσαν
2549 2351 2851 2423 βασιλικὴν,
2877 2345 2999 2403 εἷτα
3019 2349 3078 2403 τὸ
3105 2350 3267 2403 πλέον
3295 2350 3465 2421 αὐτῆς
3496 2349 3838 2420 ἀνύσαντες,

2251 2440 2379 2511 περὶ
2403 2439 2463 2493 τὸ
2490 2438 2641 2500 τέλος
2672 2435 2803 2490 αὐτὸ
2836 2432 3259 2505 μαλακισθέντες
3285 2434 3639 2507 ὲκαθίσαμεν,
3677 2438 3834 2510 an")-

2252 2540 2343 2578 σεν
2382 2522 2456 2577 ἂν
2490 2524 2641 2592 ἡμᾶς
2678 2520 2738 2573 τὸ
2784 2517 3032 2589 βαδίσαι’
3081 2516 3253 2580 οὕτως
3287 2517 3410 2572 οὐδὲ
3447 2520 3480 2590 ή
3525 2519 3680 2584 ἐλπὶς
3713 2523 3831 2591 τῆς

2248 2607 2492 2680 κλήσεως
2510 2604 2772 2675 ὠνήσειεν
2794 2602 2858 2657 ἄν
2878 2618 2930 2654 τι
2946 2600 3072 2663 τοὺς
3095 2616 3263 2671 κεκτη
3272 2599 3467 2669 μένους
3481 2600 3543 2654 τὸ
3558 2605 3832 2673 πρᾶγμα,

2249 2690 2316 2744 ἂν
2346 2689 2421 2760 μὴ
2459 2688 2627 2752 ἀξίως
2653 2684 3114 2756 περιπατήσωμεν
3138 2682 3232 2735 τοῦ
3276 2681 3621 2749 καλέσαντος.
3665 2686 3828 2757 Κλη-

2246 2773 2432 2835 θέντες
2456 2767 2550 2825 οῦν
2577 2771 2664 2824 ἐπ’
2693 2768 2876 2839 ἔργοις
2904 2765 3146 2835 ἀγαθοῖς,
3187 2764 3439 2837 μένωμεν
3469 2766 3684 2821 ἅπαντα
3714 2769 3824 2840 ἑρ-

2245 2855 2555 2926 γαζόμενοι.
2589 2852 2687 2906 Διά
2719 2848 2880 2904 τοῦτο
2907 2849 3017 2920 γὰρ
3044 2848 3374 2919 ἐκλήοημεν,
3397 2849 3496 2920 οὐχ
3525 2851 3610 2903 ἴνα
3635 2851 3694 2904 ἓν
3718 2852 3825 2922 ἔρ-

2244 2956 2341 3009 γον
2375 2935 2759 3007 ὲργασώμεθα,
2803 2934 2919 2987 ἀλλ’
2958 2934 3045 2987 ἴνα
3071 2932 3267 2987 πάντα.
3304 2934 3515 3006 Ὠσπερ
3548 2932 3663 3006 [29]
3698 2935 3817 3007 γὰρ

2245 3021 2527 3093 αἰσθήσεις
2586 3021 2720 3090 ἡμῖν
2769 3018 2932 3072 πέντε
2982 3016 3111 3079 εἰσὶ,
3164 3016 3259 3071 καὶ
3301 3015 3505 3080 πάσαις
3561 3020 3639 3083 εἰς
3688 3018 3818 3073 δέον

2243 3105 2544 3176 κεχρῆσθαι
2572 3104 2691 3167 δεῖ,
2721 3101 2864 3154 οὕτω
2899 3101 2991 3153 καὶ
3013 3099 3216 3162 πάσαις
3245 3101 3362 3162 ταῖς
3392 3100 3634 3169 ἀρεταῖς.
3665 3101 3818 3154 Εἰδὲ

2241 3208 2325 3254 τις
2342 3185 2645 3261 σωφρονοίη
2673 3185 2794 3256 μὲν,
2824 3183 3140 3255 ἀνελεήμων
3159 3181 3217 3236 δὲ
3239 3182 3349 3253 εἴη,
3378 3182 3411 3250 ἢ
3435 3181 3558 3252 ὲλεή
3568 3200 3680 3252 μων
3707 3184 3816 3252 μὲν

2243 3276 2350 3346 εἴη,
2382 3270 2710 3341 πλεονέκτης
2741 3269 2821 3330 δὲ,
2857 3268 2890 3338 ἦ
2926 3266 3184 3337 ἀπέχοιτο
3213 3265 3312 3336 μὲν
3343 3265 3452 3317 τῶν
3487 3266 3808 3338 ἀλλοτρίων,

2242 3357 2349 3410 τῶν
2374 3356 2430 3410 δὲ
2468 3352 2631 3408 αὑτοῦ
2670 3353 2745 3422 μὴ
2780 3350 3065 3422 μεταδιδοῖ,
3098 3349 3276 3403 πάντα
3304 3350 3428 3419 εἰκῆ
3458 3349 3683 3417 γίνεται.
3728 3349 3809 3402 Οῦ

2240 3440 2347 3511 7&9
2376 3440 2538 3509 ἀρκεῖ
2581 3437 2681 3507 μία
2718 3435 2876 3505 μόνον
2911 3431 3079 3503 ἀρετὴ
3107 3432 3457 3502 παραστῆσαι
3490 3432 3568 3502 τῷ
3601 3432 3811 3502 βήματι

2238 3523 2333 3578 τοῦ
2380 3518 2615 3593 Χριστοῦ
2665 3517 2803 3589 μετὰ
2849 3516 3159 3589 παρρησίας
3195 3517 3365 3587 ἡμᾶς,
3414 3515 3554 3570 ἀλλά
3607 3516 3808 3586 πολλῆς

2240 3608 2371 3677 ἡμῖν
2413 3604 2496 3658 δεῖ
2538 3602 2632 3656 καὶ
2670 3600 2918 3668 ποικίλης
2955 3599 3050 3652 καὶ
3087 3597 3452 3669 παντοδαπῆς,
3498 3598 3594 3651 καὶ
3625 3598 3807 3668 πάσης

2239 3689 2428 3759 αὐτῆς.
2458 3688 2660 3740 Ἀκουε
2688 3683 2797 3753 7&9
2823 3681 2917 3736 τοῦ
2956 3680 3192 3750 Χριστοῦ
3217 3680 3466 3749 λέγοντος
3488 3683 3599 3745 τοῖς
3628 3682 3808 3751 μαθη-

2236 3774 2357 3834 ταῖς
2376 3787 2392 3804 ο
2426 3766 2822 3837 Πορευθέντες
2851 3764 3265 3834 μαθητεύσατε
3295 3763 3490 3817 πάντα
3521 3765 3595 3817 τὰ
3634 3764 3802 3831 ἔθνη,

2236 3853 2627 3917 διδάσκοντες
2649 3848 2870 3913 αὐτοὺς
2891 3847 3092 3915 τηρεῖν
3113 3846 3331 3911 πάντα,
3360 3846 3477 3901 ὅσα
3508 3846 3805 3902 ἐνετειλὰ·

2231 3954 2358 4008 μην
2385 3936 2528 4007 ὑμῖν
2546 3952 2560 3967 ·
2595 3935 2689 3988 καὶ
2720 3932 2904 3994 πάλιν,
2931 3933 3039 3986 Ἂν
3070 3932 3236 3999 λύσῃ
3275 3947 3362 3996 τις
3382 3930 3530 3999 μίαν
3557 3929 3675 3984 τῶν
3698 3932 3800 3985 ἐν-

2235 4012 2431 4075 τολῶν
2459 4018 2684 4072 τούτων
2704 4014 2820 4069 τῶν
2841 4014 3199 4082 ἐλαχίστων,
3225 4012 3548 4082 ἐλάχιστος
3576 4014 3804 4081 κληθή-

2235 4118 2403 4158 σεται
2434 4102 2502 4155 ἐν
2533 4098 2607 4168 τῇ
2623 4098 2914 4164 βασιλείᾳ
2941 4096 3060 4151 τῶν
3092 4095 3385 4164 οὐρανῶν,
3415 4097 3710 4162 τουτέστιν,
3740 4099 3802 4149 ἐν

2234 4189 2298 4256 τῇ
2325 4186 2636 4239 ἀναστάσει.
2664 4182 2738 4235 Οὐ
2765 4181 2873 4252 γάρ
2894 4180 2957 4251 δὴ
2978 4181 3059 4243 εἰς
3089 4178 3366 4249 βασιλείαν
3398 4178 3798 4233 εἰσελεύσεται·

2233 4263 2340 4322 οἶδε
2370 4267 2479 4336 γὰρ
2510 4265 2605 4319 καὶ
2630 4265 2789 4318 αὐτὸν
2814 4264 2905 4317 τδν
2933 4262 3123 4333 καιρὸν
3147 4264 3247 4332 τῆς
3267 4262 3614 4324 ἀναστάσεως
3647 4261 3804 4331 βασι⁴

2232 4351 2380 4405 λείαν
2418 4350 2621 4404 καλεῖν.
2670 4350 2829 4402 Μίαν
2870 4346 2979 4400 ἐὰν
3015 4347 3200 4412 λύσῃ,
3246 4346 3432 4415 φησὶν,
3476 4344 3800 4415 ἐλάχιστος

2232 4434 2618 4503 κληθήσεται.
2650 4433 2813 4486 Ὥστε
2844 4429 3030 4485 πασῶν
3067 4432 3198 4500 ἡμῖν
3225 4429 3325 4483 δεῖ.

2300 4616 2410 4670 Kal
2428 4615 2529 4685 ὅρα
2554 4612 2670 4678 πῶς
2697 4612 2798 4666 οὐκ
2825 4611 2901 4666 ἔνι
2923 4611 3092 4683 χωρὶς
3116 4611 3239 4680 ὲλεη
3249 4611 3484 4679 μοσύνης
3513 4608 3795 4673 εἰσελθεῖν,

2228 4700 2364 4755 ἀλλὰ
2393 4699 2498 4753 κᾶν
2538 4698 2675 4769 αῦτη
2715 4696 2851 4768 μόνη
2890 4695 3103 4768 ἐλλίπῃ,
3133 4696 3214 4757 εἰς
3252 4693 3314 4747 τὸ
3351 4692 3462 4765 πῦρ
3499 4692 3798 4746 ἀπελευσό-

2233 4782 2390 4855 μεθα.
2434 4781 2745 4838 Ἀπέλθετε
2785 4780 2914 4849 7&9,
2959 4779 3144 4850 φησὶν,
3174 4778 3229 4831 οί
3273 4775 3671 4843 κατηραμένοι
3708 4776 3797 4840 είς

2227 4868 2292 4921 τὸ
2334 4866 2454 4935 πῦρ
2477 4864 2716 4919 αἰώνιον
2740 4864 2805 4918 τὸ
2835 4861 3272 4931 ’ἡτοιμασμένον
3300 4858 3380 4924 τῷ
3410 4859 3662 4923 διαϐόλῳ
3692 4858 3792 4912 καί

2226 4948 2351 5013 τοῖς
2370 4947 2647 5018 ἀγγέλοις
2670 4947 2877 5001 αὐτοῦ.
2906 4946 3060 5009 Τίνος
3083 4945 3288 5007 ἕνεκεν,
3315 4943 3407 4996 καὶ
3435 4941 3522 4995 διά
3551 4942 3601 4993 τί
3625 4957 3640 5006 ;
3670 4941 3794 4994 Ὅτι

2224 5031 2536 5095 ἐπείνασα,
2561 5030 2657 5083 καί
2680 5031 2792 5083 οὐκ
2819 5028 3076 5083 ἐδώκατέ
3089 5046 3192 5097 μοι
3215 5025 3427 5097 φαγεῖν
3451 5041 3465 5055 ο
3501 5024 3792 5091 ἐδίψησα,

2225 5120 2323 5173 καί
2377 5120 2488 5172 οὐκ
2529 5116 2847 5170 ἐποτίσατέ
2886 5131 2982 5185 με.
3044 5110 3196 5178 Εἶδες
3242 5112 3358 5174 πῶς
3406 5110 3558 5163 οὐδὲν
3605 5109 3795 5182 ἕτερον

2224 5201 2600 5272 ἐγκληθέντες,
2626 5199 2713 5253 διὰ
2737 5199 2893 5253 τοῦτο
2915 5199 3074 5270 μόνον
3095 5196 3372 5251 ἀπώλοντο
3395 5211 3410 5259 ;
3441 5194 3550 5246 Kal
3573 5195 3629 5247 al
3654 5211 3790 5264 παρ-

2224 5286 2365 5339 θένοι
2406 5282 2495 5338 διὰ
2537 5281 2696 5336 τοῦτο
2732 5282 2896 5352 μόνον
2941 5280 3309 5350 ἐξεϐλήθησαν
3349 5276 3444 5331 τοῦ
3480 5277 3798 5346 νυμφῶνος..

2222 5367 2398 5422 καίτοι
2442 5383 2507 5435 γε
2542 5363 2893 5436 σωφροσύνην
2931 5360 3076 5434 εἰχον
3100 5378 3114 5393 ⁸
3154 5363 3267 5417 ἀλλ’
3311 5361 3500 5432 ἐπειδὴ
3530 5362 3630 5431 τῆς
3682 5361 3790 5414 ἀπὸ

2222 5448 2588 5521 ὲλεημοσύνης
2623 5443 2763 5519 ἦσαν
2795 5446 2989 5518 ἔρημοι
3021 5446 3296 5518 βοηθείας,
3346 5444 3426 5515 τῷ
3466 5444 3684 5514 νυμφίῳ
3725 5443 3800 5496 οὐ-

2222 5531 2588 5602 συνεισῆλθον.
2614 5530 2898 5598 Εἰρήνην,
2928 5531 3080 5600 φησί,
3101 5531 3252 5600 μετὰ
3269 5529 3510 5583 πάντων
3529 5527 3786 5591 διώκετε,

2219 5613 2314 5670 καὶ
2354 5613 2464 5668 τὸν
2512 5613 2827 5682 ἁγιασμόν,
2866 5609 2939 5668 οὗ
2978 5614 3159 5681 χωρὶς
3205 5614 3407 5680 οὐδεὶς
3438 5612 3648 5680 ὄψεται
3682 5610 3791 5664 τὸν

2218 5699 2457 5765 Κύριον.
2498 5696 2778 5767 Ἐννόησον
2808 5696 3009 5762 τοίνυν,
3044 5698 3128 5751 ὅτι
3158 5697 3329 5768 χωρὶς
3369 5697 3469 5767 μὲν
3501 5695 3788 5767 σωφροσύ-

2218 5800 2315 5852 νης
2342 5782 2443 5835 οὐκ
2475 5780 2554 5834 ἔνι
2596 5780 2724 5834 ἰδεῖν
2756 5779 2848 5833 τὸν
2884 5781 3089 5850 Κύριον
3114 5796 3128 5809 ’
3169 5781 3230 5833 οὐ
3277 5781 3496 5843 πάντως
3547 5780 3604 5831 δὲ
3648 5777 3790 5847 μετά

2220 5865 2573 5934 σωφροσύνης
2613 5863 2836 5917 δυνατὸν
2880 5864 3008 5917 ἰδεῖν
3030 5880 3043 5892 ⁸
3073 5863 3331 5927 πολλάκις
3358 5863 3467 5934 γὰρ
3490 5862 3678 5931 ἕτερον
3704 5864 3788 5914 ὲν-

2220 5946 2451 6002 επόδισε.
2477 5947 2650 6001 Πάλιν
2668 5947 2731 6002 ἂν
2758 5948 2930 6002 πάντα
2962 5947 3414 6019 κατορθώσωμεν,
3446 5949 3536 6002 τδν
3563 5948 3619 6002 δὲ
3649 5946 3785 6013 πλη·-
