4052 6214
236 250 292 303 33
1141 248 1204 303 IN
1247 249 1463 304 EPIST.
1511 249 1599 304 AD
1641 249 1883 304 EPllES.
1925 249 2078 306 CAP.
2123 252 2185 309 ll.
2228 253 2457 312 HUMIL.
2503 256 2589 314 IV.
3433 278 3502 333 Μ

231 361 496 415 suscitavit
530 377 642 430 per
687 363 998 428 lavacrum,
1043 367 1318 434 quomodo
1345 380 1474 437 ergo
1517 371 1815 422 consedere

227 451 367 506 fecit?
398 452 539 507 Nam
594 454 661 508 Si
685 456 1017 519 sustinemus,
1055 457 1262 527 inquit,
1311 467 1358 512 et
1400 461 1818 530 conregnabimus

233 543 314 616 (ἰ.
350 542 488 596 Tim.
521 545 584 598 ‘2.
621 544 688 600 12
718 547 759 618 ).
818 546 874 601 Si
924 549 1220 613 morimur,
1250 550 1411 605 etiam
1460 552 1616 606 simul
1667 553 1814 606 vive—

229 652 350 689 mus.
379 635 594 704 Spiritu
648 653 835 692 revera
879 653 1014 708 opus
1037 651 1121 694 est
1155 650 1210 695 et
1237 641 1563 696 revelatiOne
1589 682 1604 708 ,
1636 653 1690 696 ut
1737 646 1788 695 in

227 726 520 794 telligamus
569 730 899 798 profundum
944 729 1134 785 horum
1181 733 1575 803 mysteriorum.
1614 734 1810 787 Deimls

227 835 281 871 ue
319 817 474 872 ﬁdem
523 835 641 873 non
692 820 926 887 habeas,
956 821 1079 877 vide
1108 823 1234 892 quid
1280 823 1568 894 subjungat
1599 841 1611 877 :
1645 827 1696 878 7.
1743 822 1810 878 Ut

224 911 488 962 ostenderet
522 911 581 962 iu
611 911 814 964 sceculis
840 915 1301 977 supervenientibus
1337 917 1649 969 abundantes
1678 916 1809 968 divi-

225 1005 304 1055 tias
330 1002 512 1072 grutiw
550 1019 701 1066 aute,
726 1006 778 1058 in
809 1005 1029 1059 bonitate
1063 1023 1216 1074 super
1238 1025 1329 1062 nos
1357 1009 1408 1062 in
1431 1008 1632 1063 Christo
1662 1010 1806 1063 Iesu.

224 1093 333 1146 Nam
360 1095 626 1162 quoniam
663 1096 752 1149 illa
776 1095 909 1150 dixit
929 1097 997 1151 de
1018 1096 1268 1162 Christo;
1296 1115 1416 1168 qme
1443 1107 1621 1152 autem
1651 1099 1804 1166 dixit,

224 1184 276 1237 ad
302 1201 393 1239 nos
426 1185 565 1239 nih'.l
603 1199 803 1240 erant:
853 1204 972 1241 nam
1017 1189 1142 1258 quid
1186 1188 1250 1243 ad
1282 1205 1380 1245 nos
1423 1191 1468 1244 si
1498 1191 1586 1246 ille
1631 1207 1808 1244 resur-

224 1279 374 1332 rexit?
401 1278 659 1331 ostendit
685 1279 733 1331 id
759 1294 970 1348 quoque
991 1279 1056 1333 ad
1082 1295 1178 1335 nos
1211 1283 1497 1350 pertinere,
1517 1281 1561 1334 si
1588 1281 1802 1351 quidem

224 1373 260 1424 is
283 1369 428 1423 nobis
457 1381 547 1424 est
597 1371 818 1434 unitus;
850 1370 949 1423 nisi
975 1371 1115 1440 quod
1145 1387 1387 1426 seorsum
1436 1373 1563 1426 dicit
1589 1389 1708 1444 quae
1735 1374 1803 1429 ad
1867 1372 1884 1388 '

224 1477 305 1513 nos
334 1461 616 1528 pertinent
649 1478 665 1513 τ
700 1461 764 1513 Et
794 1477 909 1513 cum
937 1477 1156 1514 essemus
1186 1465 1370 1515 mortui
1399 1465 1614 1530 peccatis
1634 1504 1649 1527 ,
1681 1482 1803 1517 con-

222 1553 512 1605 resuscitavit
544 1563 594 1604 et
628 1553 900 1606 consedere
923 1553 1059 1619 fecit.
1110 1554 1491 1622 Quamobrem,
1556 1556 1692 1610 sicut
1721 1557 1801 1611 tli-

220 1645 387 1696 rebam
408 1687 422 1708 ,
457 1643 567 1696 noli
602 1659 714 1697 non
749 1643 948 1698 habere
978 1644 1132 1699 tidem
1155 1686 1169 1706 ,
1211 1639 1436 1714 accepta
1455 1647 1797 1702 demonstra.

221 1736 347 1790 tione
390 1745 446 1789 et
493 1751 564 1789 ex
615 1736 886 1804 prioribus
933 1744 988 1792 et
1033 1752 1097 1791 ex
1147 1739 1321 1806 capite
1349 1749 1402 1792 et
1434 1755 1499 1792 ex
1545 1755 1612 1792 eo
1657 1740 1798 1808 quod

223 1830 334 1882 velit
360 1828 660 1882 ostendere
686 1843 839 1883 suam
881 1829 1190 1884 bonitatem.
1239 1830 1518 1896 Quomodo
1546 1831 1687 1884 enim
1713 1847 1799 1884 os-

223 1921 420 1984 tendet,
473 1922 521 1976 si
566 1921 675 1974 hoc
715 1937 822 1975 non
872 1921 1066 1976 factum
1113 1921 1313 1976 fuerit?
1359 1923 1422 1975 Et
1451 1923 1698 1976 ostemlet
1745 1923 1796 1976 in

225 2014 419 2066 srculis
474 2014 1001 2082 supervenientibus.
1059 2013 1360 2081 Quidnam?
1407 2015 1557 2082 Quod
1604 2031 1792 2083 magna

225 2105 312 2156 sint
340 2105 475 2156 bona
502 2114 559 2157 et
590 2105 844 2157 munibus
871 2105 1228 2158 credibilium.
1257 2103 1387 2158 Nam
1414 2119 1552 2158 nunc
1579 2105 1792 2174 quidem

224 2213 325 2263 qua:
352 2197 614 2249 dicuntur
634 2237 648 2260 ,
681 2197 967 2249 incredulis
998 2196 1243 2249 videntur
1281 2210 1399 2250 esse
1443 2210 1594 2264 nugas
1620 2212 1635 2260 ;
1671 2207 1794 2249 tum:

224 2299 380 2338 autem
428 2303 624 2341 omnes
675 2288 866 2341 scient.
922 2287 1010 2340 Vis
1053 2287 1259 2340 discere
1316 2287 1473 2340 etiam
1523 2286 1793 2356 quomodo

226 2378 330 2431 fecit
359 2378 696 2432 consedere?
725 2377 858 2430 Audi
897 2379 1066 2446 ipsum
1097 2377 1367 2430 Christum
1412 2377 1678 2430 dicentem
1707 2377 1785 2428 di-

223 2471 426 2537 scipulis
459 2489 470 2521 :
503 2470 759 2524 Sedebitis
789 2486 939 2531 super
975 2470 1238 2523 duodecim
1279 2469 1422 2522 sedes
1442 2511 1456 2530 ,
1499 2468 1791 2538 jndicantt-s

227 2562 469 2613 duoderim
512 2562 673 2613 tribus
738 2559 938 2620 Israel;
978 2569 1032 2614 et
1075 2575 1294 2623 rursus,
1333 2559 1522 2613 Sedere
1557 2567 1724 2610 autem
1760 2576 1790 2610 ιι

225 2658 424 2708 dexteris
464 2658 588 2708 meis
633 2666 680 2708 et
709 2672 738 2707 a
779 2656 994 2708 sinistris
1019 2695 1034 2718 ,
1077 2671 1175 2707 non
1206 2665 1277 2707 est
1320 2668 1484 2705 meum
1521 2652 1678 2714 dare,
1701 2652 1789 2703 sed

225 2749 385 2815 quibus
417 2758 651 2816 paratum
679 2757 751 2801 est
781 2765 811 2799 a
838 2746 991 2799 Putre
1018 2763 1126 2798 meo
1149 2745 1368 2817 (.llattlt.
1393 2745 1480 2799 19.
1510 2745 1599 2798 ‘28.
1629 2756 1675 2796 et
1696 2743 1786 2798 20.

224 2839 324 2900 25).
356 2841 443 2892 Est
472 2841 650 2908 itaque
681 2847 943 2907 paratum.
990 2837 1054 2890 Et
1085 2850 1228 2890 recte
1259 2836 1420 2900 dicit,
1468 2834 1528 2888 In
1570 2835 1789 2888 bonitate

228 2948 361 3000 super
394 2949 485 2984 nos
521 2933 575 2984 in
620 2930 815 2984 Christo
855 2929 998 2983 Iesu.
1045 2929 1245 2985 Sedere
1285 2929 1425 2982 enim
1456 2944 1483 2981 a
1515 2928 1748 2983 dexteris
1770 2969 1785 2992 ,

228 3035 294 3076 est
339 3023 560 3076 honoris
604 3023 690 3092 qui
729 3037 936 3076 onmem
984 3032 1201 3092 superat
1249 3021 1530 3086 hooorem,
1578 3031 1632 3074 et
1670 3027 1788 3088 post

233 3129 369 3181 quem
398 3130 504 3167 non
534 3123 658 3166 sunt
700 3114 822 3166 alia.
854 3112 963 3166 Iloc
992 3129 1120 3182 ergo
1152 3113 1303 3176 dixit,
1321 3127 1417 3165 nos
1438 3128 1646 3182 quoque
1674 3127 1786 3166 ses-

233 3217 386 3257 suros.
419 3204 554 3259 Vere
579 3212 705 3258 sunt
730 3215 1112 3273 exsuperantes
1143 3203 1374 3271 divitiae,
1407 3219 1530 3258 vere
1557 3219 1786 3273 exsupe-

235 3311 346 3348 rans
381 3297 682 3367 magnitudo
727 3296 846 3366 ejus
892 3296 1136 3362 virtutis,
1171 3297 1358 3351 sedere
1394 3311 1515 3350 cmn
1543 3293 1780 3351 Christo.

237 3386 434 3440 Etiamsi
462 3390 602 3444 mille
632 3389 833 3442 habeas
858 3388 1087 3454 animas,
1114 3388 1520 3458 propteripsmn
1549 3403 1641 3442 eas
1675 3403 1780 3440 non

234 3482 429 3548 perdis?
467 3498 583 3536 nam
637 3484 736 3538 etsi
783 3483 834 3536 in
885 3485 1058 3552 ignem
1105 3491 1248 3536 esset
1291 3480 1593 3535 intrandum
1622 3521 1637 3545 ,
1683 3495 1782 3534 an-

232 3591 324 3628 non
352 3585 616 3644 oporteret
656 3575 756 3629 hoc
811 3583 1056 3644 prompte
1108 3574 1408 3629 sustinere?
1457 3573 1624 3628 Porro
1669 3572 1784 3640 ipse

229 3681 428 3735 quoque
485 3681 664 3719 rursus
705 3667 864 3728 dicit,
919 3665 1052 3720 Volo
1104 3674 1159 3718 ut
1197 3664 1285 3719 ubi
1337 3679 1454 3718 smn
1504 3679 1634 3734 ego,
1681 3664 1780 3717 mi-

229 3758 367 3810 nistri
396 3771 601 3826 quoque
631 3758 728 3810 mei
771 3759 876 3811 sint
904 3755 1085 3824 (Joan.
1121 3755 1208 3810 l2.
1241 3754 1357 3825 26).
1394 3755 1523 3809 Nam
1555 3755 1598 3809 si
1628 3769 1782 3824 opor-

230 3857 351 3902 teret
373 3848 605 3919 quotidie
639 3848 890 3903 dissecari
913 3889 926 3912 ,
958 3863 1136 3902 annon
1175 3856 1449 3916 oporteret
1487 3845 1536 3899 id
1584 3861 1678 3913 pro
1715 3861 1782 3900 eo

230 3951 453 4009 prompto
480 3951 533 3996 et
579 3941 742 3996 alacri
790 3941 970 3994 animo
1011 3941 1326 4010 suscipere?
1352 3939 1538 4009 Cogita
1572 3940 1658 3992 ubi
1692 3939 1780 3995 ille

230 4030 407 4086 sederit
437 4053 450 4085 :
479 4032 654 4102 Supra
679 4048 877 4086 onmem
904 4032 1246 4101 principatum
1273 4039 1320 4084 et
1347 4041 1664 4102 potestatem.
1713 4031 1781 4086 Et

229 4139 331 4176 eum
370 4141 469 4194 quo
514 4124 816 4179 consedcs?
857 4125 989 4180 Cum
1043 4125 1152 4178 illo.
1195 4123 1450 4190 Quisnam
1494 4139 1615 4177 cum
1662 4124 1780 4177 sis?

229 4214 471 4279 Mortuus,
501 4228 691 4271 natura
743 4216 882 4270 ﬁlius
923 4217 1038 4270 iraa.
1082 4216 1147 4270 Et
1171 4214 1295 4284 quid
1337 4226 1483 4270 recte
1521 4214 1780 4284 gessisti?

229 4305 369 4360 Nihil.
401 4307 538 4363 Vere
565 4322 694 4376 ergo
721 4317 802 4361 est
826 4315 1184 4376 opportunum
1212 4306 1516 4361 exclamare
1542 4325 1553 4360 :
1589 4305 1633 4360 Ο
1661 4304 1781 4359 alti-

227 4399 328 4450 tudo
343 4399 628 4452 divitiarum
645 4409 690 4452 et
711 4399 971 4468 sapientia:
985 4407 1030 4452 et
1045 4397 1347 4468 cognitionis
1367 4396 1466 4451 Dei
1486 4396 1658 4466 (Rom.
1686 4399 1706 4451 1
1724 4398 1742 4452 Ἰ
1759 4437 1774 4452 .

229 4489 336 4556 55)!
367 4491 414 4544 8.
443 4489 628 4545 Gratia
651 4491 806 4552 enim,
833 4491 1022 4561 inquit,
1056 4490 1170 4544 estis
1199 4489 1400 4543 saluati.
1435 4488 1563 4542 Nam
1595 4503 1658 4543 ne
1688 4489 1780 4543 be-

228 4581 509 4636 ncﬁciorum
564 4580 874 4651 magnitudo
915 4589 966 4634 te
997 4580 1247 4645 extollat,
1278 4579 1399 4634 vide
1427 4579 1696 4649 quomodo
1728 4590 1779 4641 te

228 4683 405 4725 torri-et
424 4681 478 4726 et
496 4672 837 4740 comprimit:
858 4670 1035 4724 Gratia
1052 4672 1203 4732 enim,
1229 4669 1416 4740 inquit,
1437 4671 1553 4724 estis
1576 4671 1776 4726 saluati.

234 4763 310 4817 Per
335 4766 501 4832 ﬁderit.
554 4765 757 4819 Deinde
807 4779 992 4817 rursus
1039 4779 1105 4818 ne
1151 4763 1376 4818 liberum
1429 4764 1780 4833 perimeretur

229 4855 496 4918 arbitrium,
541 4857 717 4924 pOsuit
745 4856 902 4909 etiam
931 4871 1050 4923 qutc
1090 4864 1213 4908 sunt
1241 4863 1417 4908 nostra
1443 4873 1458 4920 ;
1495 4863 1549 4911 et
1594 4871 1780 4911 rursus

231 4945 370 5014 ipsum
397 4948 641 5010 sustulit,
671 4957 725 5002 et
747 4947 896 5010 dicit,
926 4945 991 4998 Et
1014 4947 1107 4998 hoc
1142 4963 1240 4999 non
1268 4962 1329 5000 ea:
1357 4947 1516 5000 nobis.
1550 4947 1625 5000 Ne
1649 4949 1778 5001 fides

229 5041 404 5103 quidem
432 5083 446 5109 ,
475 5042 655 5112 inquit
681 5083 695 5106 ,
724 5049 809 5095 est
838 5057 900 5094 ex
932 5040 1084 5094 nobis
1113 5057 1127 5093 ε
1157 5055 1278 5093 nam
1310 5040 1354 5094 si
1387 5057 1488 5094 non
1521 5044 1774 5097 venisset.

228 5130 262 5182 εἰ
288 5147 375 5187 non
399 5141 667 5197 vocasset,
690 5131 958 5202 quomodo
983 5131 1339 5201 potuissemus
1359 5132 1615 5186 credere?
1642 5134 1753 5199 Quo

230 5228 352 5279 modo
378 5231 542 5290 enim,
574 5227 764 5295 inquit,
794 5225 1016 5290 credent,
1050 5224 1148 5276 nisi
1173 5224 1459 5276 audiverint
1487 5225 1662 5293 (Rom.
1695 5229 1776 5277 Η).

233 5317 347 5384 ll)?
373 5322 543 5390 Quare
575 5337 678 5375 nec
723 5320 842 5374 ﬁdei
869 5331 948 5373 est
982 5329 1244 5372 nostrum.
1294 5317 1422 5383 Dei,
1469 5320 1667 5388 inquit,
1708 5331 1778 5372 cst

231 5412 502 5475 donum;9.
552 5430 652 5465 non
703 5427 766 5465 ex
807 5412 1059 5480 operibus.
1111 5409 1224 5464 Non
1253 5411 1396 5464 enim
1445 5411 1776 5476 suffecisset,

232 5497 392 5566 inquit,
420 5505 550 5560 ﬁdes
577 5504 642 5556 ad
672 5504 922 5558 salutem.
951 5503 1053 5558 Sed
1081 5520 1146 5557 ne
1179 5503 1329 5558 nobis
1352 5506 1533 5558 vacuis
1562 5515 1612 5558 et
1641 5508 1779 5557 Otio-

233 5590 288 5638 εἱε
313 5592 395 5647 det
424 5597 671 5658 salacem,
708 5594 860 5657 Eam,
889 5596 1076 5665 inquit,
1115 5597 1254 5650 Dens
1286 5597 1580 5666 requisivit.
1615 5597 1777 5659 Dixit,

231 5685 346 5738 ‘lumi
386 5686 560 5743 salvos
615 5688 800 5744 fecerit
849 5690 1012 5755 ﬁdes,
1059 5689 1150 5744 sed
1182 5705 1274 5758 [ver
1303 5689 1465 5744 Deum
1497 5704 1777 5759 :quomam

1928 369 2066 468 Deus
2109 374 2317 468 voluit,
2371 378 2548 434 salvos
2597 380 2724 436 fecit
2770 385 2922 442 ﬁdes.
2974 391 3186 463 Alioqui
3238 407 3508 468 quomodo

1923 460 2100 516 salvos
2135 461 2260 518 facit
2308 465 2440 522 ﬁdes
2481 470 2682 540 absque
2713 477 3004 542 operibus?
3048 460 3157 538 Iloc
3207 460 3376 557 ipsum
3422 505 3506 551 est

1927 550 2017 644 Dei
2066 550 2291 644 donum,
2327 555 2410 610 Ne
2437 561 2551 628 quis
2579 563 2821 632 glorietur
2841 609 2854 629 ,
2889 581 2939 623 ut
2972 588 3068 627 nos
3097 550 3278 644 gratos
3307 550 3503 638 efficiat

1920 641 2063 743 circa
2114 643 2364 711 gratiam.
2413 649 2550 715 Quid
2601 668 2766 723 ergo,
2826 657 3026 730 inquit,
3078 666 3350 734 prohilmit
3391 673 3506 746 ipse

1912 731 2196 803 justiﬁcari
2248 753 2311 792 ex
2360 744 2652 809 Operibus?
2693 747 3036 822 Nequaquam
3066 731 3091 810 ε-
3109 760 3201 814 sed
3237 802 3253 827 ,
3281 731 3494 828 Nullius,

1925 825 2129 894 inquit,
2173 825 2495 896 justiﬁcatus
2541 845 2622 889 est
2669 852 2733 892 ex
2777 845 3028 910 operibus
3054 889 3070 914 ,
3105 860 3160 903 ut
3187 825 3502 913 ostendatur

1918 915 2008 970 Dei
2041 921 2207 987 gratia
2237 932 2290 976 et
2317 923 2638 994 benignitas.
2662 928 2776 984 Non
2803 938 2998 1002 repulit
3029 938 3287 998 habentes
3312 963 3498 1015 opera,

1915 1009 2007 1062 sed
2037 1025 2162 1075 eos,
2192 1013 2279 1082 qui
2327 1026 2450 1070 sunt
2481 1022 2675 1088 proditi
2723 1024 2792 1076 ab
2822 1029 3074 1094 operibus
3101 1072 3116 1096 ,
3167 1009 3498 1094 salvos-fecit

1913 1101 2100 1168 gratia,
2134 1113 2188 1156 ut
2223 1105 2399 1161 nullus
2429 1107 2496 1163 dc
2521 1124 2721 1167 czutero
2750 1118 2916 1184 possit
2943 1120 3182 1189 gloriari.

1982 1193 2035 1248 5.
2070 1195 2274 1251 Deinde
2307 1214 2372 1253 ne
2396 1243 2410 1267 ,
2441 1216 2564 1257 cum
2596 1205 2830 1262 audieris
2850 1250 2866 1275 ,
2896 1213 3037 1280 quod
3080 1231 3185 1269 non
3215 1233 3280 1272 ex
3309 1223 3490 1290 operi-

1911 1284 2031 1350 bus,
2062 1288 2158 1342 sed
2191 1291 2294 1346 lide
2319 1302 2484 1349 totum
2511 1308 2718 1366 gestum
2749 1303 2837 1368 sit,
2867 1306 3074 1363 otiosus
3101 1284 3495 1381 maneaspvide

1910 1377 2036 1445 quid
2052 1381 2414 1450 subjunxerit;
2439 1388 2524 1442 10.
2544 1387 2571 1442 Ι
2576 1392 2716 1459 psius
2738 1397 2868 1448 enim
2896 1414 3068 1454 sumus
3088 1405 3306 1472 factura,
3326 1377 3494 1461 creati

1908 1467 1959 1566 in
2008 1469 2208 1526 Christo
2256 1475 2382 1530 Jesu
2429 1479 2482 1532 iu
2529 1484 2764 1550 operibus
2808 1487 2988 1556 bonis,
3033 1467 3146 1562 qua:
3185 1467 3494 1566 prtepararit

1912 1556 2046 1613 Deus
2094 1571 2148 1614 ttt
2192 1565 2244 1617 in
2295 1569 2396 1621 illis
2440 1575 2771 1630 ambulemus.
2809 1578 2941 1634 Vide
2979 1556 3104 1652 quid
3156 1556 3270 1657 ipse
3293 1556 3437 1647 dicat
3474 1611 3489 1651 ι

1908 1655 2369 1720 regenerationem
2399 1660 2482 1714 hic
2513 1664 2835 1723 subindicat.
2861 1671 3063 1728 Revera
3093 1655 3195 1732 alia
3226 1690 3308 1735 est
3334 1697 3487 1737 Creu-

1907 1740 1981 1794 tio
2011 1760 2024 1794 :
2059 1761 2124 1798 ex
2156 1747 2323 1804 nihilo
2351 1753 2595 1820 producti
2646 1773 2830 1814 smnus
2860 1764 2925 1816 ad
2976 1766 3078 1822 hoc
3117 1782 3173 1824 ut
3222 1789 3484 1832 essemus.

1903 1833 2055 1900 Quod
2087 1854 2302 1894 eraums
2347 1846 2492 1912 prius
2517 1889 2531 1912 ,
2565 1854 2758 1906 mortui
2804 1869 2990 1913 sumus
3011 1901 3025 1923 ,
3057 1862 3158 1916 hoc
3185 1876 3286 1930 est,
3323 1867 3486 1922 homo

1905 1937 2088 1991 vetus;
2122 1932 2259 1998 quod
2293 1935 2436 2001 prius
2465 1954 2568 1992 non
2599 1957 2834 2012 eramus,
2871 1948 2991 2002 l‘acti
3033 1967 3238 2008 sumus.
3277 1958 3485 2014 Recens

1901 2033 2027 2086 ergo
2070 2030 2152 2074 est
2197 2027 2396 2080 creatio
2429 2031 2606 2097 priore
2637 2035 2828 2091 melior
2865 2049 2919 2093 et
2955 2048 3332 2111 praestantior:
3359 2068 3480 2106 nam

1901 2126 1962 2202 es
1996 2112 2084 2164 illa
2114 2115 2352 2182 quidem,
2380 2133 2435 2172 ut
2456 2122 2791 2192 viveremus;
2814 2145 2877 2183 ex
2913 2130 3008 2186 hac
3036 2147 3236 2203 autem,
3262 2149 3317 2192 ut
3347 2143 3481 2196 bene

1901 2194 2199 2251 viveremus
2223 2200 2472 2257 ell'ectum
2506 2216 2607 2260 est.
2638 2208 2703 2262 lu
2731 2214 2968 2280 operibus
2999 2217 3141 2271 bonis
3163 2261 3177 2283 ,
3208 2194 3322 2291 ante
3348 2194 3485 2294 pra;-

1898 2292 2095 2355 pararit
2148 2289 2281 2345 Deus
2309 2305 2360 2346 ut
2409 2297 2462 2350 in
2507 2299 2570 2352 iis
2615 2301 2962 2369 ambulemus;
2995 2326 3120 2372 non.
3153 2289 3228 2368 Ut
3255 2289 3480 2386 incipia-

1899 2393 2017 2431 mus
2038 2419 2052 2442 .
2085 2382 2177 2435 sed
2206 2423 2220 2444 ,
2253 2383 2320 2438 Ut
2362 2387 2673 2446 ambulemus
2697 2408 2716 2446 :
2738 2409 2992 2464 perpetua
3019 2403 3160 2456 enim
3193 2405 3344 2461 nobis
3365 2382 3481 2463 vir-

1900 2475 2010 2521 tute
2026 2485 2160 2538 opus
2177 2483 2277 2536 est,
2305 2484 2362 2529 et
2380 2487 2600 2532 extensa
2630 2497 2799 2553 usque
2818 2486 2884 2540 ad
2905 2501 3143 2548 uostrmn
3167 2495 3473 2555 decessum.

1895 2556 2078 2626 Neque
2107 2563 2279 2626 enim,
2323 2567 2366 2619 si
2399 2580 2542 2623 esset
2584 2571 2992 2641 ingrediendum
3023 2582 3103 2636 via
3134 2603 3252 2656 qtue
3279 2588 3382 2644 fert
3409 2593 3476 2647 ad

1895 2652 2082 2707 urbem
2125 2657 2364 2725 regiam,
2406 2661 2603 2717 deinde
2647 2681 2766 2720 cum
2819 2672 3076 2739 majorem
3109 2652 3224 2747 eius
3273 2695 3476 2752 partem

1894 2745 2311 2803 conlecissemus
2333 2792 2348 2818 ,
2400 2754 2540 2810 circa
2589 2761 2760 2827 ipsum
2794 2762 2951 2818 linem
2984 2745 3157 2835 ignavi
3184 2782 3238 2825 et
3275 2745 3476 2831 inolles

1895 2836 2087 2892 redditi
2135 2841 2460 2897 scdisscmus
2486 2889 2499 2912 ,
2534 2850 2688 2903 nobis
2738 2853 3026 2920 profuisset
3073 2860 3366 2931 ingressus.
3401 2867 3472 2923 Ita

1895 2943 1994 2982 nec
2035 2945 2157 3000 spes
2188 2935 2481 2989 vocationis
2513 2939 2800 3010 quidquam
2834 2945 3158 3014 profuisset,
3190 2968 3301 3006 rem
3331 2955 3473 3011 illam

1895 3021 2325 3091 possidentibus,
2375 3029 2480 3083 nisi
2509 3029 2668 3101 digne
2697 3035 2762 3087 ad
2793 3053 2978 3092 vocem
3007 3043 3331 3111 appellantis
3357 3064 3474 3101 am-

1893 3110 2279 3170 bulaverimus.
2320 3117 2503 3175 Vocati
2527 3139 2656 3194 ergo
2703 3126 2756 3182 in
2782 3131 3035 3198 operibus
3063 3110 3252 3200 bonis,
3289 3153 3472 3208 perse-

1889 3218 2160 3273 veremus,
2185 3210 2360 3262 omnia
2390 3225 2693 3281 operantes.
2729 3218 3017 3289 Propterea
3058 3227 3198 3280 enim
3222 3230 3474 3298 appellati

1890 3308 2075 3348 sumus
2099 3337 2112 3359 ,
2143 3313 2247 3352 non
2285 3310 2340 3354 ιιι
2369 3318 2527 3356 unum
2555 3305 2833 3362 dumtaxat
2863 3327 2997 3380 opus
3027 3328 3342 3384 Opercmur,
3373 3325 3468 3377 sel

1894 3393 1950 3438 ut
1977 3387 2180 3440 omnia.
2209 3388 2356 3444 Sicut
2387 3393 2529 3447 enim
2559 3397 2712 3451 nobis
2739 3409 2863 3453 sunt
2887 3403 3121 3475 quinque
3152 3424 3340 3466 sensus
3363 3453 3379 3474 .
3417 3423 3473 3468 et

1888 3478 2138 3532 omnibus
2164 3479 2230 3533 ad
2261 3481 2309 3533 id
2342 3484 2482 3550 quod
2510 3496 2720 3554 oportet
2763 3493 3014 3548 utendmn
3059 3508 3168 3563 est,
3215 3501 3282 3554 ita
3310 3504 3468 3557 etiam

1889 3570 2141 3624 omnibus
2169 3574 2479 3632 virtutibus.
2532 3577 2586 3632 Si
2629 3580 2749 3649 quis
2789 3595 2968 3638 autem
3017 3588 3085 3642 sit
3128 3600 3470 3662 temperans,

1887 3661 1981 3715 sed
2003 3662 2402 3730 immiscricors,
2428 3678 2519 3722 aut
2546 3670 2852 3727 misericors
2873 3676 3108 3746 quidem,
3133 3682 3226 3735 sed
3257 3699 3471 3752 avarus,

1887 3762 1979 3805 aut
2005 3753 2072 3809 ab
2101 3755 2291 3811 alienis
2320 3758 2533 3828 quidem
2562 3761 2852 3831 abstineat,
2882 3768 2976 3823 sed
3000 3769 3066 3824 de
3093 3773 3206 3827 suis
3237 3790 3340 3829 non
3369 3777 3472 3832 im-

1889 3848 2101 3914 pertiat,
2137 3847 2332 3905 frustra
2364 3851 2498 3906 ﬁunt
2537 3856 2737 3910 omnia.
2780 3857 2895 3913 Non
2954 3864 3094 3917 enim
3131 3867 3328 3921 suflicit
3368 3885 3472 3925 una

1887 3940 2054 3994 virtus
2079 3982 2093 4007 ,
2137 3951 2194 3996 ut
2239 3958 2358 3998 cum
2387 3943 2576 4001 ﬁducia
2603 3950 2856 4006 sistamur
2882 3952 2948 4007 ad
2977 3954 3211 4011 tribunal
3248 3956 3470 4028 Christi,

1885 4031 1979 4085 sed
2036 4033 2241 4100 nmlta,
2295 4035 2439 4091 varia
2484 4047 2538 4093 et
2595 4041 2772 4094 omnis
2821 4045 3031 4112 generis
3061 4087 3075 4111 ,
3122 4057 3284 4119 atque
3333 4052 3472 4107 adio

1885 4122 2032 4176 omni
2089 4125 2283 4180 virtute
2331 4137 2415 4181 est
2467 4144 2623 4198 opus.
2676 4131 2814 4186 Audi
2873 4135 3014 4190 enim
3067 4137 3336 4196 Christum
3386 4147 3471 4198 di-

1884 4223 2097 4268 centem
2141 4215 2414 4286 discipulis
2445 4237 2458 4273 :
2489 4219 2680 4276 Euntes
2723 4224 2894 4278 docete
2940 4242 3111 4282 omnes
3151 4241 3344 4300 gentes,
3376 4237 3473 4287 do-

1884 4313 2048 4357 centes
2077 4322 2159 4358 eos
2184 4323 2382 4361 servare
2401 4312 2571 4363 omnia
2592 4328 2705 4379 qua:
2729 4316 2964 4369 mandavi
2995 4321 3148 4382 vobis,
3174 4331 3226 4376 et
3257 4339 3468 4395 rursus,

1887 4397 1948 4451 Si
1976 4399 2089 4466 quis
2113 4401 2314 4454 solverit
2348 4420 2503 4455 unum
2531 4421 2594 4458 ea:
2620 4409 2873 4464 mandatis
2903 4413 3012 4475 istis
3043 4417 3283 4484 minimis,
3316 4421 3437 4472 mini
3448 4449 3468 4460 ο

1885 4507 1994 4543 mus
2022 4492 2276 4546 vocabitur
2303 4495 2354 4547 in
2385 4512 2540 4567 regno
2568 4500 2806 4554 etulorum
2833 4509 2851 4574 (
2874 4504 3066 4561 Matth.
3093 4510 3184 4563 28.
3218 4511 3301 4566 l9.
3337 4523 3384 4567 et
3411 4515 3496 4571 5.‘

1887 4583 1976 4655 l9)
2006 4602 2018 4636 :
2051 4585 2150 4638 hoc
2192 4595 2310 4652 est,
2358 4587 2409 4641 in
2443 4593 2858 4649 resurrectione.
2903 4596 3019 4651 Non
3051 4601 3193 4664 enim
3249 4603 3468 4661 intrabit

1886 4678 1937 4732 in
1967 4694 2185 4748 regnum
2220 4696 2378 4734 :nam
2410 4681 2580 4751 ipsum
2620 4701 2832 4757 quoque
2864 4698 3075 4760 tempus
3118 4697 3472 4753 resurrectio-

1887 4771 1970 4826 nis
1999 4786 2221 4840 regmun
2253 4788 2447 4829 vocare
2474 4776 2628 4831 solet.
2677 4777 2738 4832 Si
2767 4795 2921 4832 unum
2947 4823 2962 4849 ,
2993 4784 3199 4853 inquit,
3230 4788 3467 4856 solverit,

1886 4865 2122 4920 minimus
2139 4865 2773 4936 vocabitur.Quamobrem
2791 4874 2942 4928 nobis
2955 4892 3089 4946 opus
3103 4888 3183 4933 est
3199 4879 3467 4935 omnibus.

1959 4956 2086 5010 Sine
2105 4956 2420 5028 eleemosyna
2442 4977 2540 5013 non
2571 4962 2788 5017 intratur
2808 4966 2861 5019 in
2881 4984 3089 5038 regnum
3120 4971 3376 5024 ca'lorum.
3399 4999 3471 5012 --

1893 5047 2020 5101 Vide
2048 5056 2223 5101 autem
2251 5051 2520 5118 quomodo
2551 5068 2654 5107 non
2700 5055 2816 5110 sine
2846 5058 3187 5129 eleemosyna
3233 5061 3356 5115 licet
3385 5061 3470 5114 in-

1887 5150 2064 5204 lrarc,
2111 5140 2205 5193 sed
2248 5142 2290 5194 si
2335 5142 2444 5210 ipsa
2487 5144 2599 5199 sola
2643 5145 2780 5201 desit
2816 5189 2830 5214 ,
2860 5150 3123 5204 abibimus
3165 5153 3215 5204 in
3268 5153 3466 5220 ignem.

1890 5231 2048 5292 Abite,
2095 5229 2292 5300 inquit,
2328 5232 2582 5287 maledicti
2608 5276 2622 5301 ,
2651 5237 2702 5290 in
2732 5238 2894 5308 ignem
2923 5252 3164 5294 retentum
3187 5279 3205 5306 ,
3236 5255 3469 5310 paratum

1887 5322 2087 5375 diabolo
2111 5333 2156 5376 et
2186 5325 2380 5394 angelis
2407 5327 2534 5395 ejus.
2560 5327 2666 5382 Cur
2691 5340 2744 5383 et
2773 5346 2998 5398 quanam
3019 5331 3084 5385 de
3106 5347 3264 5387 causa
3330 5335 3470 5404 Quo-

1888 5415 2024 5467 niam
2053 5416 2223 5477 csurii,
2254 5425 2299 5469 et
2329 5435 2425 5470 non
2457 5417 2666 5473 dedistis
2696 5422 2821 5474 mihi
2845 5422 2980 5487 quod
3010 5427 3320 5481 comrderent
3346 5445 3366 5483 :
3393 5430 3467 5482 si-

1887 5511 2002 5572 tiri,
2040 5522 2084 5564 et
2114 5528 2214 5564 non
2258 5511 2464 5566 dedistis
2501 5515 2622 5566 mihi
2651 5523 2822 5584 patum
2859 5514 3070 5587 (Matth.
3115 5518 3206 5576 9.5.
3232 5522 3322 5576 41.
3355 5521 3470 5591 42).

1889 5601 2077 5656 Vidisti
2127 5603 2396 5672 quomodo
2443 5606 2640 5660 nullius
2684 5607 2905 5663 alterius
2935 5614 3212 5680 accusati,
3253 5624 3472 5683 propter

1891 5693 1992 5749 hoc
2023 5695 2190 5748 sotmn
2221 5696 2533 5764 perierunz?
2564 5696 2631 5752 Et
2661 5697 2889 5769 virgines
2932 5715 3148 5774 propter
3175 5706 3272 5758 hoc
3298 5703 3473 5760 solum
