4080 6218
524 225 598 279 5εό
1225 213 1277 271 S.
1315 210 1593 270 JOANNIS
1629 204 2095 266 CHRYSOSTOMI
2135 205 2448 264 ARCHIEP.
2486 206 3018 264 CONSTANTINOP.
3734 205 3807 262 δυ

527 344 710 407 ejectm
755 344 878 390 sunt
906 349 934 388 e
980 330 1246 393 thalamo,
1278 330 1401 383 licet
1442 327 1708 380 haberent
1755 324 2102 392 castitatem;

527 430 620 482 sed
664 429 786 498 quia
817 427 1174 495 eleemosynze
1204 435 1383 474 vacum
1411 427 1596 481 erant,
1627 431 1748 470 cum
1793 429 1993 484 sponso
2034 414 2114 468 in-

529 532 726 587 gresszc
755 532 858 570 non
885 523 1037 587 sunt.
1061 512 1245 566 Pacem
1267 553 1282 572 ,
1315 508 1483 578 inquit
1505 547 1519 568 ,
1548 522 1663 559 cum
1690 505 1921 558 euntibus
1948 520 2115 572 perse-

528 609 758 678 quimini.
785 618 832 661 et
859 604 1265 664 sanctimoniam,
1299 600 1406 653 sine
1425 615 1524 667 qua
1550 613 1695 651 nemo
1724 595 1904 649 videbit
1937 595 2115 649 Domi-

531 718 651 752 nam
695 697 879 768 (Hebr.
911 696 996 750 12.
1035 695 1140 763 14).
1175 693 1362 760 Cogita
1391 705 1519 760 ergo
1559 689 1698 758 quod
1727 689 1842 742 sine
1868 689 2113 742 castitate

529 791 742 860 quidem
776 803 880 841 non
927 788 1051 840 licet
1100 784 1268 837 Dettm
1301 781 1518 845 videre;
1550 797 1654 835 non
1688 781 1908 832 omuino
1933 789 2112 832 autem

530 896 649 933 eum
698 879 941 933 castitate
989 883 1165 943 potest
1216 871 1387 927 videri
1421 887 1435 924 :
1468 887 1609 938 saepe
1647 865 1789 924 enim
1839 869 1980 924 aliud
2013 871 2110 922 im-

530 971 698 1040 pedit.
753 970 954 1021 Rursus
984 966 1027 1018 si
1075 965 1250 1018 omnia
1283 973 1431 1018 recte
1472 963 1829 1029 gesserimus,
1873 963 2112 1030 proximo

528 1071 705 1114 autem
727 1059 852 1112 nihil
877 1057 1249 1128 profucrimns,
1271 1071 1369 1110 nec
1391 1055 1466 1108 sic
1490 1055 1804 1107 inti-abimus
1822 1054 1872 1105 in
1893 1067 2111 1122 regnmu

531 1151 669 1221 (Jac.
702 1151 755 1204 Ξ.
798 1149 907 1217 10).
947 1149 1220 1203 Undenam
1269 1147 1369 1202 hoc
1394 1146 1642 1199 constat?
1677 1145 1749 1198 Ex
1790 1145 1958 1198 servis
1998 1146 2114 1213 qui-

531 1244 628 1297 bus
669 1242 870 1298 credita
919 1241 1130 1294 fUt'l'lllli.
1178 1241 1371 1293 talenta
1415 1235 1625 1308 (Matth.
1669 1235 1786 1306 25).
1830 1234 1958 1288 Nam
2006 1234 2113 1288 illic

529 1338 697 1390 virtus
723 1335 896 1389 omnis
923 1345 1040 1389 erat
1078 1333 1280 1400 integra
1321 1339 1374 1385 et
1399 1331 1605 1384 sincera
1631 1370 1645 1393 ,
1681 1340 1734 1383 et
1781 1329 1910 1381 nibil
1944 1327 2148 1382 fuerat'

531 1427 983 1498 prmtermissnm;
1016 1423 1108 1478 sed
1138 1423 1388 1492 quoniam
1422 1421 1568 1489 piger
1597 1419 1694 1472 fuit
1721 1419 1771 1471 in
1802 1417 2116 1488 negotiatio-

532 1537 598 1576 ne
622 1561 638 1586 ,
665 1519 857 1573 merito
885 1517 980 1570 l'uit
1012 1516 1233 1583 ejectus.
1268 1513 1546 1568 Deturbari
1576 1512 1736 1566 etiam
1771 1520 1945 1581 potest
1969 1511 2115 1581 quis-

531 1612 671 1682 piam
697 1612 746 1663 in
777 1608 1074 1678 gehennam
1104 1623 1168 1662 ex
1195 1605 1313 1660 solo
1341 1603 1621 1658 maledicto
1650 1617 1667 1658 :
1700 1619 1820 1656 nam
1851 1602 1938 1673 qui
1965 1602 2110 1665 dicit,

530 1705 719 1773 inquit,
750 1702 900 1772 fratri
927 1717 1017 1754 suo
1040 1740 1056 1764 ,
1086 1699 1236 1752 stulte
1257 1739 1271 1762 ,
1303 1697 1548 1751 obnoxius
1576 1697 1670 1750 erit
1699 1698 1940 1767 gehent
1982 1695 2115 1766 ignis

531 1795 749 1866 (illiut/1.
780 1795 833 1848 5.
871 1792 988 1862 22).
1037 1791 1261 1845 Etiamsi
1294 1792 1412 1860 quis
1453 1789 1632 1843 omnia
1673 1800 1818 1843 recte
1846 1789 2112 1858 gesserit,

529 1890 602 1942 sit
626 1899 804 1944 autem
828 1885 1282 1949 contumeliosus,
1314 1900 1418 1937 non
1457 1883 1694 1936 intrabit.
1725 1880 1833 1935 Nec
1852 1881 2115 1950 quispiam

531 1977 696 2034 Deum
727 1987 940 2032 accuset
970 1974 1323 2038 crudelitatis,
1353 1975 1395 2027 si
1429 1987 1543 2036 eos,
1573 1973 1661 2041 qui
1693 1972 1772 2026 sic
1793 1973 1923 2040 lapsi
1953 1981 2073 2025 sunt
2096 2011 2112 2036 ,

530 2070 749 2141 expellit
777 2085 846 2123 ex
891 2084 1054 2138 regno
1093 2067 1369 2120 ctclornm.
1415 2064 1546 2117 Nam
1589 2064 1635 2117 si
1679 2062 1819 2131 apud
1871 2062 2116 2116 homines

529 2165 791 2236 quispiam
825 2161 1114 2232 quidquam
1149 2158 1332 2212 fecerit
1363 2158 1601 2226 iniquutn
1637 2165 1692 2210 et
1722 2164 1918 2224 prteter
1947 2155 2113 2225 leges,

531 2257 849 2312 amandatur
891 2271 920 2308 a
966 2262 1256 2322 conspectu
1294 2251 1436 2320 regis
1457 2291 1471 2314 ,
1500 2250 1600 2304 etsi
1631 2264 1790 2302 unam
1821 2262 1888 2302 ex
1912 2248 2116 2303 consti-

537 2350 667 2401 tutis
698 2345 906 2415 legibus
933 2344 1002 2397 sit
1043 2355 1445 2411 transgressus;
1475 2349 1530 2393 et
1559 2341 1602 2394 si
1643 2353 1905 2393 accusans
1929 2339 1999 2391 sit
2023 2353 2116 2393 ca-

533 2437 819 2492 lumniatus
852 2476 868 2501 ,
920 2433 1095 2502 perdit
1150 2435 1516 2502 magistratum
1553 2446 1568 2495 ;
1602 2439 1658 2484 et
1705 2431 1751 2484 si
1796 2429 2116 2484 adulterium

532 2529 869 2585 commiserit
914 2535 972 2582 et
1018 2529 1090 2580 sit
1137 2525 1460 2589 COIH'lclllS,
1515 2522 1759 2577 redditur
1805 2522 2054 2592 indignus
2099 2539 2115 2576 :

534 2622 778 2692 quamvis
818 2619 1229 2676 innumerabilia
1281 2627 1429 2671 recte
1473 2617 1736 2685 gesserit,
1778 2617 1950 2684 perit;
1979 2625 2034 2670 et
2072 2616 2116 2668 si

535 2713 738 2769 caedem
772 2711 958 2766 fecerit
980 2753 994 2776 ,
1025 2718 1078 2764 ct
1110 2709 1391 2779 probatum
1439 2707 1634 2770 fuerit,
1667 2706 1768 2760 hoc
1798 2721 2013 2776 quoque
2049 2707 2116 2760 ad

539 2820 662 2859 eum
710 2801 1042 2873 perdendum
1094 2797 1312 2854 sul‘licit.
1372 2797 1428 2852 Si
1477 2797 1750 2851 hominum
1797 2796 1943 2866 leges
1985 2796 2120 2851 adeo

535 2905 723 2950 exacte
767 2901 1084 2954 servantur,
1127 2901 1328 2961 quanto
1371 2889 1540 2956 magis
1581 2889 1726 2958 leges
1753 2889 1887 2942 Dei?
1933 2890 2000 2941 At
2036 2896 2122 2942 est

537 2988 712 3043 bonus
735 3029 748 3050 ,
779 2985 970 3055 inquit.
999 2985 1286 3051 Quousque
1308 2981 1423 3034 hinc
1454 2981 1614 3034 stulta
1642 2979 1921 3035 dicemus?
1946 2979 2118 3034 Stulta

537 3093 716 3136 autem
763 3079 912 3143 dixi,
966 3092 1072 3130 non
1118 3073 1260 3144 quod
1309 3090 1416 3128 non
1462 3074 1532 3128 sit
1580 3072 1782 3134 bonus,
1835 3072 1928 3126 sed
1979 3072 2120 3142 quod

539 3172 911 3228 existimemus
952 3169 1069 3239 ejus
1113 3168 1404 3222 bonitatem
1433 3165 1498 3220 ad
1529 3164 1642 3218 ba-c
1685 3164 1838 3218 nobis
1867 3178 1987 3219 esse
2014 3165 2120 3217 uti-

539 3265 676 3331 lem,
719 3265 818 3319 etsi
862 3260 1272 3317 innumerabilia
1302 3259 1372 3314 de
1399 3258 1481 3312 his
1508 3273 1651 3326 saepe
1682 3257 2118 3312 disseruerimns.

540 3355 677 3410 Audi
705 3356 847 3410 enim
875 3352 1202 3422 Scripturam
1228 3350 1496 3403 dicentem
1524 3365 1536 3402 :
1571 3345 1651 3402 Ne
1671 3347 1882 3413 dixeris,
1915 3346 2124 3400 Misera-

541 3447 613 3500 tio
654 3446 764 3516 ejus
803 3454 875 3498 est
930 3443 1128 3506 multa,
1173 3439 1489 3494 multitudini
1533 3449 1851 3509 peccatorum
1899 3453 2120 3491 meorum

542 3535 903 3605 pmpitiabitur
947 3531 1137 3603 (Ecclt'.
1168 3531 1224 3587 5.
1257 3529 1335 3602 δ).
1379 3529 1492 3585 Non
1539 3530 1785 3600 prohibet
1817 3542 1916 3582 nos
1943 3528 2125 3584 dicere

545 3627 766 3681 multam
815 3640 935 3679 esse
979 3627 1096 3692 ejus
1145 3622 1550 3678 miserationem
1587 3639 1602 3686 ;
1648 3621 1821 3686 absit;
1871 3638 1978 3676 non
2025 3621 2126 3678 hoc

542 3717 733 3770 suadet
758 3757 772 3778 ,
805 3715 898 3768 sed
927 3723 981 3768 et
1011 3729 1110 3766 nos
1141 3713 1252 3765 vult
1279 3711 1382 3765 hoc
1409 3711 1628 3765 assidue
1654 3711 1837 3766 dicere
1863 3753 1879 3778 ,
1911 3722 1965 3766 et
1997 3728 2126 3782 pro-

546 3819 726 3877 pterea
777 3807 957 3859 iunuia
1004 3813 1184 3859 movet
1229 3793 1464 3869 Paulus;
1511 3803 1604 3857 sed
1639 3815 1855 3874 prOpter
1902 3821 1966 3859 ea
2007 3821 2126 3875 qua:

543 3899 796 3968 deinceps
825 3908 1149 3967 sequuntur.
1181 3895 1260 3950 Ne
1291 3895 1412 3950 ideo
1438 3936 1453 3961 ,
1487 3895 1694 3966 inquit,
1722 3895 2006 3950 admireris
2035 3898 2125 3951 Dei

545 3988 924 4056 benignitatem
976 3994 1032 4039 ut
1061 4000 1278 4054 pecces,
1307 3995 1362 4040 et
1387 3985 1540 4038 dicas
1561 4025 1576 4050 ,
1613 3983 1970 4039 Misericvrdia
2015 3987 2126 4056 ejus

548 4079 862 4133 multitudini
891 4087 1211 4148 peccatorum
1237 4092 1462 4130 meorum
1495 4077 1876 4147 prapitiabitur.

621 4174 676 4227 4.
715 4171 840 4226 ideo
869 4171 1012 4226 enim
1059 4180 1166 4224 tam
1199 4169 1364 4224 multa
1396 4169 1709 4223 disserimus
1753 4169 1820 4225 de
1847 4169 2083 4226 bonitate
2111 4213 2128 4238 ,

548 4282 656 4320 non
685 4274 740 4318 ut
768 4264 816 4318 ei
845 4263 1178 4319 conlidentes
1202 4278 1422 4333 agamus
1448 4263 1627 4318 omnia
1653 4280 1668 4327 ;
1695 4262 1890 4333 alioqui
1924 4264 2132 4320 bonitas

547 4357 651 4412 erit
688 4355 754 4410 ad
796 4364 994 4409 nostra:
1038 4355 1228 4408 salutis
1255 4353 1515 4418 exitium;
1547 4353 1642 4409 sed
1687 4369 1756 4410 ne
1783 4354 2133 4424 desperemus

550 4449 604 4503 in
633 4449 862 4519 peccatis
881 4489 898 4512 ,
927 4462 1115 4502 verum
1144 4462 1367 4516 agamus
1395 4447 1787 4516 paenitentiam.
1819 4447 2133 4518 Benignitas

550 4543 693 4597 enim
726 4542 818 4595 Dei
853 4553 906 4597 te
933 4540 1079 4594 ducit
1105 4540 1169 4593 ad
1203 4539 1572 4610 pmnitentiam
1596 4582 1609 4603 ,
1643 4555 1747 4593 non
1775 4539 1843 4593 ad
1875 4539 2025 4608 plura
2056 4541 2136 4595 vi-

552 4633 645 4684 tia.
673 4631 728 4686 Si
759 4641 937 4686 autem
978 4632 1149 4685 malus
1189 4642 1242 4685 et
1284 4631 1578 4685 sceleratus
1605 4633 1698 4684 lias
1726 4641 1943 4700 propter
1987 4633 2139 4688 beni-

551 4723 807 4792 gnitatem
827 4765 840 4783 ,
873 4732 928 4775 tu
957 4739 1080 4776 eum
1127 4723 1294 4792 magis
1325 4724 1376 4777 in
1424 4723 1606 4777 odium
1642 4738 1802 4777 vocas
1831 4735 1885 4777 et
1913 4740 2136 4782 accusas

551 4812 691 4881 apud
719 4812 962 4866 homines
986 4829 998 4863 :
1025 4814 1221 4866 multos
1247 4814 1391 4866 enim
1424 4813 1666 4868 videmus
1692 4825 2014 4871 accusantes
2043 4817 2136 4872 Dei

555 4902 853 4957 leuitatem.
880 4901 1240 4968 Quamobrem
1263 4902 1414 4956 dabis
1444 4918 1648 4972 pinnas,
1678 4905 1721 4957 si
1745 4919 1806 4958 ea
1833 4920 1938 4959 non
1974 4909 2138 4962 utaris

556 5004 614 5048 ut
637 4992 870 5066 oportet.
904 4993 1042 5046 Deus
1071 5003 1155 5047 est
1185 4993 1491 5062 benignus?
1523 4993 1617 5047 sed
1659 5004 1740 5049 est
1773 4995 1935 5050 etiam
1961 4994 2141 5066 justus

552 5085 739 5156 judex.
761 5084 1041 5140 Condonat
1070 5084 1324 5153 peccata?
1345 5083 1439 5137 sed
1469 5084 1629 5137 etiam
1654 5085 1830 5139 reddit
1849 5087 2137 5157 unicuique

559 5175 854 5230 secundum
885 5189 1048 5244 Opera
1090 5189 1208 5229 sua.
1251 5173 1504 5227 Transilit
1546 5174 1853 5244 iniquitates
1877 5218 1892 5241 ,
1923 5188 1977 5231 et
2003 5179 2138 5231 tollit

561 5266 824 5335 peccata?
869 5265 964 5321 sed
1005 5281 1067 5321 ea
1109 5279 1323 5336 quoque
1353 5265 1640 5319 examinat.
1687 5266 1966 5333 Quomodo
2009 5284 2138 5340 ergo

563 5370 668 5408 non
692 5366 815 5410 sunt
839 5357 955 5412 hsce
975 5357 1282 5412 contraria?
1311 5355 1426 5410 Non
1458 5366 1583 5410 sunt
1612 5359 1901 5422 contraria,
1936 5360 1978 5412 si
2007 5369 2141 5414 tem-

563 5448 784 5516 poribus
811 5464 872 5502 ea
901 5449 1243 5504 diviserimus
1285 5468 1298 5504 :
1331 5447 1469 5502 tollit
1496 5447 1583 5501 hic
1610 5459 1827 5516 peccata
1862 5465 1958 5519 per
1987 5451 2137 5505 lava-

564 5550 715 5590 crum
733 5545 786 5588 et
813 5539 1181 5606 ptenitcntiam
1209 5556 1223 5602 ;
1253 5538 1389 5592 facta
1418 5537 1525 5592 illic
1546 5539 1816 5592 examinat
1843 5555 1940 5609 per
1964 5541 2138 5610 ignem

567 5636 620 5680 ct
666 5634 948 5682 tormenta.
983 5629 1038 5684 Si
1067 5645 1193 5699 ergo
1220 5672 1232 5696 ,
1277 5630 1485 5704 inquies
1513 5673 1527 5698 ,
1559 5644 1678 5683 cum
1707 5639 1763 5687 et
1789 5633 1928 5686 tnala
1957 5633 2137 5688 iecero

2222 338 2387 392 pauet:
2411 363 2424 387 ,
2456 331 2674 394 propter
2715 339 2878 380 unum
2919 323 3105 393 ejiciar
3129 363 3144 389 ,
3173 333 3226 380 ct
3264 341 3292 378 a
3325 339 3488 394 regno
3513 324 3757 380 excidam
3787 367 3804 392 ,

2219 429 2318 470 cur
2346 416 2484 469 mala
2507 420 2688 471 omnia
2709 431 2815 470 non
2841 417 3077 486 operor?
3105 416 3300 487 Ingrati
3322 418 3466 472 servi
3488 428 3571 471 est
3591 420 3800 472 oratio:

2221 506 2315 560 sed
2351 514 2528 562 tamen
2557 507 2694 562 hanc
2721 522 2936 578 quoque
2979 508 3336 563 dissolvemus
3377 511 3695 564 orationem.
3724 509 3809 563 No

2221 599 2360 654 mala
2388 599 2632 668 opereris
2655 640 2670 664 ,
2706 609 2762 654 ut
2810 600 2904 654 tibi
2934 600 3109 668 prosis
3134 617 3149 655 :
3184 616 3304 654 nam
3329 615 3358 653 a
3386 616 3553 670 regno
3582 601 3804 670 quidem

2219 707 2407 748 omnes
2449 691 2698 749 similiter
2734 693 3082 759 excidemus;
3113 693 3165 748 in
3195 692 3437 762 gehenua
3485 704 3665 747 autem
3693 710 3805 748 non

2218 787 2433 841 easdem
2463 801 2648 855 pinnas
2674 788 2919 843 dabimus
2947 803 3137 845 omnes
3165 831 3179 852 ,
3208 790 3301 844 sed
3336 790 3420 843 hie
3450 791 3664 860 quidem
3689 807 3808 844 ma-

2213 879 2362 943 jores
2383 919 2399 940 .
2445 879 2533 932 ille
2577 895 2704 934 vero
2749 880 3014 935 mitiores.
3046 879 3177 933 Nam
3205 880 3254 934 ἐἰ
3285 889 3337 933 ιιι
3380 881 3596 950 qidem
3623 891 3678 935 et
3707 883 3807 937 ille

2219 967 2577 1037 despexeritis
2599 1011 2614 1034 ,
2647 981 2701 1026 et
2730 971 2820 1041 qui
2855 971 2906 1024 in
2937 972 3119 1026 multis
3145 979 3201 1024 et
3228 972 3318 1040 qui
3365 972 3416 1024 in
3449 971 3628 1040 paucis
3672 989 3808 1041 pec-

2219 1069 2303 1112 cat
2327 1101 2342 1123 ,
2375 1061 2622 1115 similiter
2648 1078 2679 1116 e
2709 1077 2874 1132 regno
2899 1063 3166 1116 excidetis
3193 1081 3205 1116 :
3236 1063 3278 1116 si
3307 1072 3482 1116 autem
3511 1077 3615 1116 non
3643 1064 3808 1118 simi-

2219 1150 2343 1205 liter
2391 1150 2788 1222 deSpexeritis,
2833 1152 2929 1208 sed
2975 1152 3111 1207 alius
3157 1153 3373 1221 quidem
3417 1154 3810 1222 magis,-alius

2223 1257 2350 1296 vero
2378 1243 2582 1304 minus.
2616 1243 2668 1296 in
2697 1242 2940 1302 gehenua
2988 1243 3233 1298 sentietis
3281 1242 3662 1298 dilTerentiam.
3693 1243 3808 1299 Cur

2219 1349 2347 1403 ergo
2391 1335 2624 1388 minatur
2670 1335 2735 1388 iis
2773 1336 2865 1405 qui
2896 1351 3004 1389 non
3047 1334 3309 1390 dederunt
3347 1347 3752 1406 eleemosynain
3783 1377 3802 1401 ,

2220 1440 2314 1480 eos
2354 1440 2476 1480 esse
2504 1425 2746 1480 abituros
2773 1427 2824 1480 in
2856 1428 3069 1496 ignem;
3100 1441 3272 1495 neque
3302 1428 3474 1479 solum
3506 1427 3558 1479 in
3589 1428 3795 1495 ignem,

2220 1514 2315 1568 sed
2344 1515 2434 1583 qui
2479 1525 2694 1584 paratus
2735 1525 2819 1570 est
2846 1515 3062 1571 diabolo
3100 1526 3155 1570 et
3181 1517 3387 1585 angelis
3428 1516 3588 1584 ejus?
3617 1531 3715 1569 cur
3737 1524 3804 1570 et

2220 1621 2322 1677 qua
2353 1606 2420 1661 de
2443 1607 2650 1661 causa?
2677 1607 2844 1662 Dento
2873 1607 3006 1662 nihil
3037 1621 3188 1676 mque
3220 1607 3432 1671 irritat,
3459 1616 3516 1660 ut
3552 1607 3598 1659 si
3643 1606 3810 1660 amici

2222 1698 2420 1768 injuste
2448 1698 2733 1753 laedantur.
2774 1697 2908 1753 Nam
2938 1699 2984 1753 si
3023 1709 3236 1769 oportet
3259 1699 3483 1770 diligere
3510 1698 3752 1752 inimicos
3785 1713 3805 1762 ;

2221 1791 2310 1858 qui
2344 1791 2506 1844 etiam
2541 1791 2746 1845 amicos
2774 1799 3089 1856 aversatur,
3125 1799 3180 1845 et
3203 1799 3288 1844 est
3330 1791 3381 1844 in
3423 1789 3526 1844 hoc
3567 1790 3810 1843 deterior

2223 1880 2495 1950 gentibus,
2522 1880 2661 1950 quod
2693 1896 2798 1934 non
2825 1881 3120 1936 merebitur
3156 1881 3473 1951 supplicium
3491 1882 3513 1934 ?
3534 1880 3812 1949 Quamob-

2221 1987 2335 2026 rem
2382 1972 2467 2026 hic
2510 1972 2820 2042 magnitudo
2848 1974 3049 2042 peccati
3070 1972 3192 2042 jure
3221 1973 3344 2027 fecit
3369 1988 3491 2026 eum
3513 1972 3661 2026 abire
3680 1987 3802 2028 etim

2222 2061 2439 2116 diabolo
2467 2080 2480 2115 :
2515 2062 2606 2117 Vae
2635 2063 2781 2117 enim
2810 2064 2859 2118 ei
2887 2065 2978 2133 qui
3006 2079 3111 2118 non
3140 2063 3266 2118 facit
3295 2064 3712 2134 eleemosynam.
3746 2065 3808 2119 Si

2224 2151 2326 2208 hoc
2355 2161 2534 2208 autem
2565 2163 2679 2208 erat
2709 2154 2760 2209 in
2793 2154 2969 2210 Veteri
2996 2195 3011 2219 ,
3044 2155 3212 2209 multo
3239 2156 3407 2223 magis
3440 2157 3492 2208 in
3519 2153 3670 2209 Novo
3696 2155 3809 2209 Te-

2223 2251 2527 2298 stamento:
2560 2245 2604 2298 si
2633 2245 2720 2298 ubi
2748 2253 2864 2299 erat
2884 2259 3197 2301 concessum
3223 2246 3499 2315 p0ssidere
3529 2248 3806 2315 pecunias,

2224 2334 2409 2403 eisque
2438 2334 2534 2390 frui
2565 2343 2619 2389 et
2644 2349 2738 2389 eas
2763 2351 2954 2390 curare
2974 2376 2990 2402 ,
3026 2344 3170 2390 tanta
3199 2337 3487 2406 gerebatur
3515 2351 3644 2390 cura
3683 2337 3807 2404 opis

2225 2421 2460 2477 ferenda:
2487 2424 2812 2493 pauperibus
2837 2441 2850 2477 :
2882 2434 3080 2494 quanto
3109 2426 3277 2495 magis
3308 2425 3394 2479 ubi
3420 2425 3670 2494 jubenmr
3691 2444 3810 2478 om-

2227 2513 2312 2567 nia
2359 2513 2600 2583 ejicere?
2638 2514 2772 2569 Nam
2803 2515 2929 2584 quid
2963 2515 3041 2570 illi
3083 2531 3188 2571 non
3217 2517 3524 2572 iaciebant?
3555 2517 3808 2572 Decimas

2225 2615 2279 2660 et
2326 2621 2512 2659 rursus
2565 2606 2804 2661 decimas
2854 2608 3168 2677 praebebant
3211 2610 3548 2679 :orpbanis,
3588 2610 3806 2676 viduis,

2227 2699 2513 2767 proselytis
2538 2701 2944 2752 succurrebant.
2974 2700 3079 2755 Sed
3108 2701 3237 2754 mihi
3269 2700 3486 2770 quidam
3525 2702 3804 2756 admirans

2225 2789 2472 2854 dicebat,
2507 2789 2597 2844 Ille
2638 2792 2728 2845 dat
2773 2791 3028 2846 decimas.
3077 2794 3289 2860 Quanto
3317 2801 3401 2848 est
3446 2794 3545 2848 hoc
3590 2796 3806 2863 plenum

2225 2883 2423 2952 probro
2451 2891 2505 2936 et
2537 2883 2801 2938 dedecore
2827 2924 2842 2949 ,
2872 2885 2915 2938 si
2938 2885 3079 2953 quod
3105 2885 3243 2954 apud
3271 2885 3487 2940 Juda-os
3514 2901 3616 2940 non
3646 2887 3812 2940 habe-

2231 2975 2388 3028 batur
2416 2974 2467 3026 in
2495 2974 2853 3027 admiratione
2877 3015 2892 3038 ,
2928 2973 3031 3029 hoc
3071 2976 3210 3044 apud
3243 2976 3578 3030 Christianos
3607 2974 3808 3030 factum

2226 3075 2310 3120 est
2359 3066 2717 3120 admirabile?
2764 3065 2821 3121 Si
2873 3076 2998 3120 tunc
3051 3078 3166 3121 erat
3217 3068 3516 3137 periculum
3565 3067 3807 3120 decimas

2228 3158 2477 3212 omittere
2502 3198 2518 3224 ,
2547 3160 2719 3228 cogita
2751 3167 3007 3228 quantum
3049 3175 3189 3214 nunc
3216 3163 3305 3213 sit.
3343 3159 3542 3214 Rursus
3573 3160 3810 3215 ebrietas

2229 3263 2334 3302 non
2369 3247 2530 3302 habet
2560 3249 2911 3303 hereditatem
2953 3253 3123 3320 regni.
3153 3251 3256 3306 Sed
3285 3252 3413 3320 quid
3440 3263 3520 3305 est
3559 3253 3698 3321 quod
3728 3253 3808 3303 «ιξ-

2229 3340 2368 3393 citur
2402 3355 2431 3392 a
2479 3341 2702 3393 multis?
2734 3342 2788 3394 Si
2819 3357 2918 3410 ego
2946 3353 2995 3395 et
3029 3343 3118 3396 ille
3159 3342 3345 3396 iisdem
3377 3352 3622 3396 tenemur
3645 3385 3659 3407 ,
3694 3359 3802 3396 non

2230 3441 2312 3488 est
2353 3449 2511 3501 parva
2539 3433 2857 3488 consolatio.
2895 3434 3033 3501 Quid
3075 3434 3358 3489 dicemus?
3389 3433 3547 3489 Certe
3575 3453 3678 3488 non
3709 3436 3812 3490 erit

2233 3521 2370 3576 idem
2401 3533 2549 3577 tuum
2578 3534 2633 3578 et
2660 3523 2805 3578 illius
2834 3526 3154 3594 supplicium
3195 3544 3208 3579 :
3240 3526 3480 3596 alioquin
3508 3537 3684 3581 autem
3711 3543 3812 3580 nec

2232 3613 2335 3669 hoc
2359 3625 2442 3669 est
2465 3617 2784 3670 consolatio.
2815 3616 2964 3671 Tunc
2989 3618 3130 3671 enim
3165 3617 3424 3671 malorum
3453 3619 3683 3672 socii-tas
3711 3618 3811 3672 ha-

2233 3705 2323 3760 bet
2368 3706 2790 3762 consolationem
2817 3750 2832 3772 ,
2867 3709 3082 3777 quando
3124 3710 3262 3762 tnala
3294 3725 3412 3779 quae
3444 3710 3674 3778 patimur
3701 3710 3814 3765 fite-

2235 3799 2342 3852 rint
2371 3800 2716 3868 proportione
2747 3801 2894 3869 paria
2925 3819 2938 3854 :
2973 3801 3186 3870 quando
3214 3811 3390 3854 autem
3417 3803 3811 3870 exsuperarint,

2233 3900 2287 3944 et
2333 3900 2390 3942 ut
2422 3901 2601 3944 mente
2639 3879 2975 3959 excedamus,
3004 3892 3279 3946 ell'ecerint
3304 3934 3318 3957 ,
3348 3909 3452 3946 non
3481 3893 3711 3962 amplius
3737 3896 3816 3947 si-

2236 3987 2370 4033 tiunt
2415 3979 2578 4033 ullam
2613 3979 2810 4035 habere
2839 3981 3282 4037 consolationem.
3327 3983 3422 4038 Dic
3461 3985 3603 4037 cnim
3646 3990 3692 4037 ei
3725 3984 3818 4052 qui

2237 4070 2373 4124 male
2422 4071 2708 4125 mulctatus
2757 4072 2808 4124 in
2857 4072 3035 4141 ignem
3064 4084 3146 4126 est
3179 4074 3443 4143 injectus,
3480 4075 3574 4129 llic
3604 4086 3690 4129 aut
3723 4077 3817 4131 illo

2239 4163 2339 4216 hoc
2365 4163 2598 4231 patitur;
2630 4178 2696 4216 ne
2726 4163 2920 4217 sentiet
2952 4164 3166 4232 quidem
3191 4164 3640 4218 consolationem.
3668 4164 3818 4218 Nun-

2239 4269 2307 4308 ne
2337 4268 2530 4307 oinnes
2559 4253 2716 4307 simul
2749 4255 3020 4324 perierunt
3054 4253 3352 4309 lsraelitm?
3397 4271 3683 4326 quamnam
3717 4258 3821 4310 hoc

2239 4349 2318 4402 eis
2343 4347 2521 4400 attulit
2555 4347 3016 4402 consolationem?
3045 4362 3224 4401 annon
3255 4348 3357 4402 hoe
3384 4349 3556 4418 ipsum
3582 4362 3677 4402 eos
3707 4363 3823 4402 ma-

2236 4441 2341 4510 jori
2369 4439 2556 4495 dolore
2593 4439 2904 4494 alliciebat?
2945 4442 3010 4495 Et
3043 4439 3164 4495 ideo
3197 4440 3482 4506 dicebant,
3517 4443 3774 4496 Periimus
3802 4481 3821 4506 ,

2244 4532 2566 4598 interiimus,
2586 4533 2891 4602 consumpti
2925 4546 3130 4586 smnus.
3153 4533 3408 4600 Quaenam
3435 4543 3517 4588 est
3551 4549 3680 4604 ergo
3709 4533 3826 4588 hmo

2220 4608 2582 4677 consolatio?
2613 4621 2832 4678 Frustra
2878 4638 2978 4679 nos
3023 4625 3122 4678 hac
3164 4638 3260 4692 Spe
3298 4627 3659 4680 consolamur.
3706 4623 3827 4680 Una

2243 4725 2358 4776 sola
2383 4733 2467 4777 est
2487 4723 2786 4776 consolatio
2806 4763 2821 4787 ,
2852 4722 2904 4776 in
2932 4721 3080 4776 illum
3110 4722 3198 4791 qui
3230 4722 3494 4790 exstingui
3523 4736 3624 4775 non
3653 4731 3831 4789 potest

2245 4812 2420 4882 igneut
2460 4829 2564 4866 non
2595 4813 2833 4866 incidere
2863 4831 2876 4867 :
2909 4815 2989 4867 eis
3027 4824 3204 4866 autem
3232 4855 3247 4876 ,
3275 4814 3366 4882 qui
3400 4813 3636 4867 incidere
3661 4851 3676 4874 ,
3720 4828 3828 4865 non

2247 4905 2369 4960 licet
2389 4905 2602 4975 assequi
2627 4905 3049 4959 consolationem
3079 4923 3093 4960 :
3118 4904 3208 4958 ubi
3231 4915 3315 4958 est
3336 4905 3537 4958 stridor
3563 4903 3828 4965 dentium.

2248 4997 2336 5052 ubi
2381 4995 2534 5052 fletus
2558 5038 2576 5063 ,
2604 4995 2695 5049 ubi
2748 4997 2948 5050 vermis
2991 4996 3080 5065 qui
3128 5011 3234 5050 non
3277 4996 3544 5058 moritur,
3572 4995 3659 5050 ubi
3693 4997 3836 5065 ignis

2245 5089 2334 5158 qui
2380 5103 2483 5142 non
2521 5086 2894 5156 exstinguitur.
2922 5084 3222 5142 Omninone
3265 5086 3424 5140 ullam
3467 5087 3692 5151 senties,
3723 5087 3839 5153 die,

2249 5193 2430 5246 quaest)
2451 5217 2467 5242 ,
2494 5177 2910 5232 co:.solationem
2936 5217 2953 5242 ,
2982 5191 3102 5230 cmn
3137 5177 3213 5232 sis
3243 5177 3295 5231 in
3331 5175 3624 5232 afﬂictione
3649 5187 3701 5231 et
3731 5192 3833 5231 an-

2249 5270 2464 5340 gustia?
2507 5269 2576 5324 de
2631 5277 2826 5324 ctctero
2881 5269 3022 5324 enim
3056 5268 3164 5324 eris
3206 5269 3345 5338 apud
3384 5279 3460 5327 te.
3497 5268 3608 5335 Ne,
3652 5283 3838 5338 (μικεο

2251 5372 2304 5414 et
2348 5376 2509 5430 rogo,
2551 5375 2618 5414 ne
2662 5375 2760 5414 nos
2809 5369 3014 5416 temere
3043 5361 3409 5432 decipiamus,
3443 5377 3498 5418 et
3543 5363 3625 5416 bis
3656 5361 3837 5416 verbis

2252 5453 2590 5506 consolemur
2609 5494 2624 5516 ,
2652 5453 2744 5507 sed
2773 5469 2835 5508 ea
2877 5455 3134 5510 faciamus
3159 5473 3279 5526 qua:
3307 5472 3408 5513 nos
3438 5465 3688 5526 poterunt
3715 5470 3837 5508 ser-

2255 5557 2396 5596 vare.
2425 5539 2556 5596 Cum
2585 5543 2799 5598 Christo
2826 5560 3116 5601 consessus
3145 5557 3230 5602 est
3269 5548 3363 5601 tibi
3407 5546 3710 5616 propositus
3731 5585 3750 5612 ,
3779 5557 3836 5599 et

2259 5646 2313 5689 tu
2361 5635 2428 5691 de
2473 5635 2556 5690 his
2595 5638 2806 5694 curiose
2850 5641 3145 5696 scrutaris?
3175 5639 3230 5695 Si
3277 5639 3478 5696 nullmn
3525 5648 3665 5695 esset
3696 5637 3837 5693 aliud
