4052 6214
312 245 381 300 5-,
1235 233 1300 293 IN
1345 237 1556 296 EPIST.
1600 241 1692 295 Al)
1731 237 1977 299 cenes.
2019 245 2171 300 car.
2219 249 2279 302 tl.
2327 246 2554 311 llO.\lll..
2596 250 2661 313 v.
3519 275 3586 327 ss

316 365 640 432 peccatum,
686 364 785 423 pro
825 354 909 407 his
956 353 1138 407 verbis
1185 365 1438 423 quantum
1485 368 1584 412 nos
1631 368 1906 427 oporteret

279 432 290 444 ’
316 448 503 505 subire
550 445 907 514 supplicium;
937 444 1076 513 quod
1122 445 1288 499 simus
1313 446 1450 501 adeo
1480 448 1692 517 ignavi,
1723 449 1903 504 miseri

310 549 370 594 et
403 536 661 592 socordes
682 575 697 602 ,
727 545 784 587 ut
811 541 960 587 tanto
989 534 1149 588 etiam
1178 536 1454 606 preposito
1482 538 1652 606 pretio
1673 538 1790 594 haec
1818 539 1904 594 di-

309 630 544 686 camus?
569 629 612 684 Ο
640 637 898 698 quantum
932 629 1253 698 ingemisees
1275 671 1288 692 ,
1313 630 1525 700 quando
1552 632 1786 687 audieris
1809 649 1902 688 eos

307 723 404 792 qui
430 722 567 774 bona
591 727 817 788 egerunt
842 721 1020 773 vocari
1051 721 1100 773 in
1132 736 1353 789 regnum
1393 730 1447 776 et
1489 721 1693 778 honore
1721 723 1900 777 afﬁci?

307 813 534 883 quando
557 812 759 866 videris
785 828 851 866 ex
880 813 1051 866 servis
1078 823 1131 867 et
1162 813 1346 868 humili
1381 816 1498 870 loco
1524 819 1663 872 natis
1688 834 1783 873 eos
1809 820 1898 889 qui

312 918 500 972 parum
542 903 629 956 hic
669 902 1015 967 laborarunt,
1048 903 1226 956 throni
1262 905 1392 975 regii
1421 921 1541 961 esse
1570 909 1900 978 participes?

304 997 501 1052 Annon
536 1009 598 1048 ea
627 1003 785 1048 erunt
816 993 909 1047 tibi
941 994 1119 1063 pejora
1169 997 1486 1064 punitione?
1514 997 1645 1051 Nam
1673 1000 1716 1054 si
1759 1014 1898 1054 nunc

300 1086 574 1158 quosdam
598 1085 790 1139 videns
818 1099 1074 1154 prospere
1102 1095 1352 1155 agentes,
1377 1089 1586 1142 etiamsi
1613 1089 1741 1142 nihil
1772 1091 1894 1143 mali

303 1179 526 1249 patiaris
547 1219 563 1243 ,
603 1177 710 1232 hoc
738 1177 887 1231 onmi
925 1179 1189 1247 supplicio
1229 1181 1443 1248 gravius
1469 1190 1622 1250 putas
1643 1223 1658 1245 ,
1689 1181 1896 1236 discru-

244 1260 251 1266 ’
300 1271 463 1325 ciaris
484 1312 501 1335 ,
535 1271 766 1340 teipsum
800 1269 948 1339 luges
978 1279 1032 1323 et
1075 1269 1392 1342 lacrymaris
1412 1313 1428 1339 ,
1470 1282 1524 1327 et
1553 1281 1603 1328 te
1631 1273 1891 1328 mortibus

2009 363 2155 416 mille
2182 365 2402 434 dignum
2447 384 2567 424 esse
2601 385 2828 428 censes:
2861 376 2988 446 quid
3022 387 3145 434 tunc
3175 379 3584 451 patierist'ham

2009 456 2053 509 si
2085 472 2190 510 non
2220 469 2366 514 esset
2393 461 2635 530 gehenna
2654 507 2670 531 ,
2697 466 2810 536 ipsa
2837 468 2905 522 de
2937 486 3103 540 regno
3131 476 3381 545 cogitatio
3407 495 3584 536 annon

2007 547 2278 603 sufﬁceret
2303 551 2370 604 ad
2403 555 2728 619 perdendum
2757 569 2804 612 et
2839 559 2901 612 ad
2925 561 3255 622 aﬁerendum
3279 571 3587 627 interitum?

2007 639 2157 708 Quod
2182 653 2358 698 autem
2387 656 2476 700 res
2509 648 2578 701 ita
2607 650 2675 702 sit
2705 664 2764 704 se
2794 651 3035 710 habitura
3055 697 3070 720 ,
3099 659 3231 714 satis
3251 661 3384 718 disci
3410 675 3587 732 potest

2003 745 2068 784 ex
2112 747 2289 786 rerum
2321 738 2672 803 experientia.
2704 740 2780 796 Ne
2811 757 2909 797 nos
2937 760 3066 815 ergo
3103 757 3304 806 temere
3343 753 3582 810 oblecto-

2004 838 2124 876 mus
2153 831 2207 876 et
2251 826 2592 882 consolemur
2637 829 2943 900 hujusmodi
2971 837 3148 893 verbis
3168 880 3182 904 ,
3211 842 3304 897 sed
3334 847 3580 900 attenda-

2005 929 2121 966 nms
2146 956 2162 979 ,
2192 925 2244 967 et
2271 916 2460 971 salutis
2487 929 2682 974 nostra:
2710 937 2893 977 curam
2919 940 3191 997 geramus,
3214 942 3265 986 et
3295 934 3362 990 de
3387 938 3583 994 virtute

2004 1006 2170 1058 simus
2210 1007 2423 1061 solliciti
2445 1051 2458 1072 ,
2489 1019 2541 1062 et
2583 1011 2648 1064 ad
2690 1011 2825 1066 bona
2859 1017 3090 1084 gerenda
3125 1036 3222 1075 nos
3250 1026 3576 1091 excitemus.

2004 1106 2060 1149 ιιι
2089 1097 2232 1165 digni
2265 1097 2554 1152 habeantur
2597 1102 2685 1170 qui
2720 1112 2917 1158 tantam
2946 1123 3294 1180 assequamur
3319 1117 3579 1187 gloriam,

2002 1187 2051 1238 in
2087 1185 2302 1242 Christo
2330 1188 2454 1243 Jesu
2484 1192 2705 1246 Domino
2737 1206 2940 1252 nostro.

2341 1402 2345 1404 .
2428 1397 2433 1418 ,
2675 1409 2683 1418 ,
2708 1409 3428 1434 ___.__.__._..__.
3436 1426 3575 1439 ___.

1733 1469 2080 1542 HOMILIA
2123 1482 2203 1542 V.

295 1618 430 1676 Cap.
461 1616 517 1676 2.
553 1639 603 1676 v.
641 1625 728 1678 11.
766 1623 982 1693 Propter
1008 1624 1144 1692 quod
1173 1639 1413 1679 memores
1440 1634 1599 1679 estote
1623 1624 1759 1694 quod
1787 1623 1888 1677 ali-

366 1717 574 1787 quando
621 1734 707 1770 ενοι
746 1719 901 1770 eratis
939 1728 1108 1787 gentes
1150 1718 1203 1770 in
1247 1733 1417 1782 carne,
1461 1717 1548 1785 qui
1589 1716 1887 1770 dicebamini

369 1810 676 1877 pra’pntium
712 1808 774 1860 ab
815 1825 874 1861 ea
911 1825 1023 1878 qua:
1063 1809 1246 1861 dicitur
1287 1809 1603 1862 circumcisio
1643 1809 1696 1860 in
1736 1823 1887 1860 carne

366 1905 667 1970 manufacta
685 1917 705 1954 :
723 1901 805 1955 l2.
825 1901 944 1970 quia
960 1901 1111 1954 eratis
1130 1900 1220 1954 illo
1237 1900 1288 1953 in
1304 1910 1526 1968 tempore
1543 1900 1650 1954 sine
1665 1899 1883 1962 Christo,

360 1991 580 2043 alienati
600 2007 632 2043 a
648 1991 1025 2044 conversatione
1043 1989 1230 2054 Israel,
1253 2000 1300 2044 et
1327 1991 1546 2060 hospites
1567 1998 1888 2044 testamento-

367 2097 487 2132 rum
520 2082 888 2149 promissionis,
917 2098 1054 2152 spem
1082 2097 1183 2135 non
1214 2080 1469 2148 habentes,
1499 2091 1545 2136 et
1568 2083 1675 2136 sine
1701 2080 1806 2137 Deo
1831 2083 1884 2137 in

367 2170 468 2222 hoc
495 2170 704 2225 mundo.

366 2261 423 2314 1.
454 2260 611 2314 Multa
641 2261 930 2316 ostendunt
954 2262 1048 2318 Dei
1076 2262 1458 2332 benignitatem
1484 2272 1537 2318 et
1561 2277 1799 2318 amorem
1829 2264 1879 2316 in

298 2350 545 2406 homines
570 2369 583 2403 :
610 2353 862 2420 primum,
886 2353 1028 2422 quod
1058 2367 1154 2422 per
1183 2367 1243 2408 se
1273 2354 1450 2408 salvos
1477 2353 1680 2417 fecerit,
1705 2361 1760 2407 et
1788 2367 1881 2420 per

294 2453 355 2493 se
402 2441 492 2494 tali
536 2440 698 2495 modo
729 2457 743 2494 :
774 2442 1013 2496 secundo
1041 2484 1057 2510 ,
1098 2443 1240 2513 quod
1285 2459 1406 2498 cum
1445 2443 1626 2513 quales
1663 2457 1879 2497 eramus

296 2529 480 2584 salvos
513 2530 699 2586 fecerit
724 2550 737 2584 :
765 2533 923 2586 tertio
946 2574 962 2600 ,
989 2549 1094 2603 quo
1123 2548 1222 2587 nos
1251 2532 1550 2588 deduxerit.
1581 2532 1704 2588 Haec
1733 2532 1875 2587 enim

291 2623 473 2676 omnia
502 2639 595 2691 per
622 2639 682 2679 se
711 2627 994 2678 maximam
1019 2625 1218 2681 habent
1240 2626 1613 2680 iudicationem
1642 2625 1758 2695 ejus
1779 2624 1884 2679 be-

292 2712 566 2782 nignitatis
591 2732 604 2767 :
627 2723 681 2768 et
707 2714 822 2769 haec
848 2716 1025 2769 omnia
1045 2715 1243 2771 Paulus
1267 2731 1408 2770 nunc
1430 2715 1670 2770 scribens
1689 2715 1873 2786 agitat.

293 2802 464 2871 Dixit,
495 2796 638 2875 quad
667 2821 786 2861 cum
814 2821 1058 2862 essemus
1087 2807 1281 2862 mortui
1308 2807 1518 2862 delictis
1543 2816 1598 2862 et
1624 2807 1714 2861 ﬁlii
1743 2808 1871 2874 ine,

290 2911 390 2951 nos
440 2897 624 2950 salvos
671 2897 853 2952 fecerit
885 2915 900 2952 :
932 2914 1074 2952 nunc
1120 2899 1249 2953 dicit
1292 2898 1488 2968 quibus
1537 2913 1636 2952 nos
1687 2897 1874 2953 fecerit

289 2987 552 3056 :rqnales,
583 2996 638 3040 et
664 2987 781 3041 ideo
806 2988 952 3054 dicit,
981 2987 1232 3043 Hemores
1256 2999 1426 3042 estote.
1457 2988 1701 3044 Solemus
1727 2989 1868 3043 enim

287 3091 512 3142 omnes,
539 3078 757 3146 quando
797 3079 863 3133 ab
905 3079 1093 3133 humili
1138 3080 1422 3134 admodum
1459 3079 1766 3134 conditione
1802 3079 1868 3134 ad

286 3171 610 3224 contrariam
639 3179 694 3225 et
721 3171 769 3225 ei
799 3187 863 3226 ex
891 3171 1119 3227 adverso
1146 3173 1561 3242 respondentem
1587 3181 1679 3226 aut
1705 3173 1866 3227 etiam

287 3261 540 3329 majorem
558 3263 727 3318 evecti
747 3261 1004 3318 fuerimus
1020 3262 1297 3328 honorem,
1312 3279 1380 3319 ne
1399 3265 1632 3334 priorum
1651 3265 1864 3334 quidem

286 3352 591 3406 meminisse
615 3393 630 3416 ,
665 3361 723 3406 ut
764 3354 853 3423 qui
893 3354 980 3408 illa
1023 3359 1319 3408 nutriamur
1357 3356 1544 3426 gloria.
1578 3356 1863 3425 Propterea

282 3439 441 3503 dicit,
493 3439 712 3509 Pr0pter
753 3443 889 3511 quod
931 3460 1172 3498 memores
1215 3455 1388 3498 estote.
1431 3445 1649 3514 Pmpter
1689 3448 1823 3516 quod
1843 3488 1858 3513 ,

280 3531 586 3598 quodnam?
613 3532 759 3598 Quod
784 3535 950 3588 creati
982 3551 1166 3589 sumus
1192 3536 1244 3589 in
1273 3537 1524 3606 operibus
1553 3537 1725 3593 bonis.
1751 3539 1861 3594 Hoc

279 3632 459 3674 autem
487 3621 685 3677 sufﬁcit
703 3623 768 3677 ad
791 3625 947 3679 nobis
971 3625 1396 3695 persuadendum
1421 3637 1476 3682 ut
1499 3643 1679 3682 curam
1707 3645 1860 3698 gera-

280 3726 398 3764 mus
429 3711 663 3766 virtutis.
697 3713 952 3769 Memores
987 3726 1162 3770 estote.
1202 3716 1409 3772 Sufﬁcit
1446 3720 1588 3772 enim
1622 3719 1708 3774 illa
1741 3735 1857 3774 nte-

277 3804 446 3857 moria
479 3805 544 3858 ad
570 3816 746 3875 gratos
772 3817 824 3862 et
855 3823 1121 3864 memores
1147 3809 1446 3865 reddendos
1471 3812 1523 3866 in
1548 3811 1854 3866 benefacto-

277 3910 412 3950 rcm.
449 3897 599 3962 Quod
632 3915 717 3953 vos
763 3901 1037 3970 aliquando
1077 3912 1265 3972 gentes.
1307 3903 1442 3958 Vide
1482 3907 1748 3973 quomodo
1789 3923 1851 3961 ea

272 3984 543 4054 deprimat
567 3989 757 4056 quibus
780 3990 950 4046 Judaei
978 3993 1376 4061 pratcellebant,
1400 4005 1454 4049 et
1476 4011 1538 4050 ea
1562 3996 1852 4052 admiretur

271 4076 468 4143 quibus
484 4089 674 4148 gentes
689 4093 842 4135 erant
866 4082 1142 4140 inferiores
1163 4101 1176 4149 ;
1201 4101 1318 4156 qua:
1339 4086 1550 4156 quidem
1575 4103 1678 4141 non
1699 4097 1851 4143 erant

270 4165 578 4234 hujnsmodi
624 4178 682 4222 ut
717 4170 996 4227 inferiores
1022 4189 1116 4228 eos
1141 4175 1460 4240 redderent,
1505 4177 1598 4232 sed
1631 4193 1660 4230 a
1689 4180 1848 4234 modo

266 4269 320 4310 et
350 4259 456 4312 vita
494 4261 730 4330 utrisque
757 4265 1058 4330 persuadet.
1081 4266 1179 4332 Qui
1199 4267 1499 4322 dicebann‘ni
1518 4271 1843 4339 praeputium.

270 4347 327 4402 In
371 4350 552 4404 verbis
593 4361 707 4405 erat
748 4351 954 4418 honor.
993 4355 1044 4410 in
1086 4372 1247 4412 carne
1289 4361 1634 4431 praerogativa
1668 4379 1680 4414 :
1712 4361 1843 4416 nihil

235 4439 406 4492 'enim
453 4451 537 4494 est
584 4444 934 4511 przeputinm,
981 4446 1115 4500 nihil
1157 4449 1511 4504 circumcisio.
1541 4450 1616 4504 Ab
1645 4467 1704 4504 ea
1731 4468 1844 4521 qua:

256 4530 452 4601 dicitur
471 4572 484 4593 ,
515 4531 714 4602 inquit,
747 4537 1061 4590 circumcisio
1087 4539 1138 4591 in
1163 4555 1315 4593 carne
1348 4545 1659 4612 manufacta.
1691 4543 1840 4608 Quod

257 4621 414 4673 eratis
437 4622 533 4674 illo
560 4632 780 4692 tempore
802 4627 910 4680 sine
937 4628 1157 4693 Christo,
1187 4632 1395 4685 alienati
1414 4650 1444 4684 a
1464 4637 1840 4689 conversatione

253 4709 428 4783 lsrael
447 4756 462 4776 ,
497 4724 544 4766 et
573 4714 792 4784 hospites
837 4728 1244 4773 testamentorum
1287 4724 1666 4792 promissionis,
1696 4743 1835 4794 spent

251 4817 359 4854 non
388 4803 644 4872 habentes,
676 4817 723 4860 et
764 4807 873 4860 sine
904 4807 1007 4863 Deo
1036 4811 1088 4863 in
1120 4812 1328 4866 mundo.
1364 4813 1488 4875 Vos,
1521 4815 1711 4884 inquit,
1741 4817 1832 4886 qui

251 4893 355 4947 hoc
384 4898 646 4950 vocantini
674 4914 702 4951 a
735 4899 954 4956 ludar-is.
988 4903 1095 4957 Cur
1122 4915 1297 4958 autem
1327 4922 1444 4959 cmn
1475 4918 1618 4962 esset
1647 4920 1831 4963 osten-

248 5003 408 5041 surus
439 4987 493 5042 in
521 4988 622 5044 hoc
651 4992 729 5044 eis
753 4993 1002 5047 eollatum
1034 4994 1197 5050 fuisse
1229 4997 1544 5053 beneﬁcium
1567 5002 1707 5070 quod
1735 5017 1828 5056 eos

245 5077 436 5133 fecerit
469 5083 781 5137 societatem
801 5083 1000 5140 habere
1020 5101 1138 5140 eum
1163 5087 1378 5153 lsraele,
1403 5105 1588 5144 rursus
1615 5092 1824 5146 Israeli-

243 5169 406 5223 ticam
431 5186 535 5224 non
560 5172 810 5242 deprimit
831 5175 1164 5245 dignitatem,
1193 5181 1285 5234 sed
1312 5196 1429 5236 eam
1458 5182 1508 5235 itt
1540 5182 1620 5236 his
1647 5183 1822 5238 extol-

241 5259 301 5312 lit
321 5261 348 5311 Ἰ
379 5260 599 5315 Extollit
625 5264 676 5317 in
707 5264 774 5318 iis
803 5281 922 5335 qua:
959 5277 1080 5320 sunt
1109 5272 1406 5324 necessaria
1429 5313 1443 5337 ,
1475 5273 1524 5326 in
1556 5274 1620 5328 iis
1645 5286 1820 5329 autem

236 5349 498 5418 deprimit
533 5351 584 5405 in
628 5355 819 5422 quibus
844 5357 923 5410 eis
960 5373 1064 5412 non
1107 5358 1202 5412 fuit
1231 5362 1479 5416 societas.
1516 5364 1820 5422 Procedens

231 5439 380 5491 enim
411 5439 570 5506 dicit,
603 5441 743 5498 Estis
781 5446 908 5500 cives
937 5460 1227 5503 sanctorum
1266 5461 1311 5504 et
1338 5453 1594 5507 domestici
1619 5455 1716 5510 Dei
1744 5458 1814 5529 (υ.

232 5528 347 5597 19).
387 5529 524 5587 Vide
551 5535 823 5604 quomodo
851 5553 954 5592 non
983 5539 1232 5610 deprimit
1258 5561 1270 5595 :
1297 5543 1440 5607 llaec.
1472 5546 1660 5616 inquit,
1691 5558 1818 5603 sunt

226 5617 613 5677 indifferentia.
639 5623 718 5678 Ne
744 5628 1080 5692 existimetis,
1117 5631 1305 5701 inquit,
1331 5651 1424 5691 vos
1451 5636 1808 5694 circumcisio-

547 5716 815 5777 PATuOL.
863 5721 977 5781 Gn.
1029 5725 1217 5790 LXII.

1999 1637 2124 1676 nem
2156 1638 2260 1677 non
2303 1637 2702 1694 consequutus,
2747 1647 2812 1686 eo
2853 1636 2994 1702 quod
3037 1639 3153 1695 sitis
3194 1642 3246 1697 in
3276 1650 3578 1717 prwputio,

1994 1713 2225 1781 aliquam
2255 1713 2453 1770 habere
2481 1717 2857 1776 dim-renuant.
2893 1725 3006 1781 lloc
3031 1740 3147 1785 erat
3175 1748 3336 1802 grave
3363 1713 3428 1793 ac
3453 1713 3575 1794 mo;

1994 1801 2208 1869 lestum,
2238 1806 2380 1874 quod
2403 1817 2584 1862 essent
2605 1809 2720 1865 sine
2740 1812 2974 1882 Christo,
2999 1821 3139 1886 quod
3163 1801 3337 1879 essent
3356 1829 3572 1885 alienati

1990 1904 2020 1942 a
2045 1896 2454 1950 conversatione
2483 1897 2647 1954 lsrael
2671 1918 2686 1965 ',
2715 1901 2815 1957 hoc
2842 1915 3020 1962 autem
3051 1927 3154 1966 non
3177 1924 3260 1969 est
3286 1932 3572 1974 conversa-

1992 1983 2065 2035 tio
2095 2001 2108 2035 :
2140 1985 2282 2054 quod
2312 2001 2442 2042 vero
2471 2000 2655 2045 essent
2684 1991 2922 2064 hospites
2963 2008 3402 2063 testamentorum
3446 2027 3570 2080 pro-

1989 2073 2262 2130 missionis
2289 2118 2302 2141 ,
2336 2079 2478 2147 quod
2513 2097 2617 2134 non
2660 2083 2921 2142 haberent
2948 2105 3097 2160 spem
3130 2093 3360 2153 futuram
3383 2142 3398 2167 ,
3430 2073 3570 2171 quod

1985 2179 2168 2222 essent
2198 2169 2248 2222 in
2293 2169 2392 2224 hoe
2420 2174 2616 2228 tmmdo
2643 2177 2759 2232 sine
2789 2179 2899 2236 Deo
2933 2200 2946 2238 :
2977 2183 3092 2240 h:ec
3118 2190 3296 2245 omnia
3323 2169 3476 2248 erant
3505 2197 3566 2248 il-

1987 2256 2182 2312 lorum.
2221 2259 2360 2315 Dixit
2387 2262 2454 2317 de
2500 2265 2658 2322 rebus
2697 2269 3036 2338 emlestibus;
3067 2276 3194 2333 dicit
3226 2281 3384 2338 etiam
3411 2285 3478 2340 de
3509 2289 3569 2342 iis

1983 2363 2102 2416 qua:
2131 2361 2254 2404 sunt
2285 2366 2448 2422 super
2476 2365 2696 2426 terram,
2720 2364 2968 2431 quoniam
2991 2366 3058 2422 de
3085 2369 3214 2439 ipsis
3253 2373 3422 2430 Juda-i
3459 2395 3569 2433 ma~

1980 2452 2138 2507 gnam
2172 2440 2438 2498 habebant
2465 2447 2914 2507 existimationem
2943 2469 2995 2511 et
3021 2459 3266 2527 gloriam.
3303 2464 3374 2518 lta
3407 2469 3565 2523 etiam

1980 2529 2226 2586 Christus
2255 2537 2538 2593 consolans
2560 2541 2872 2611 discipulos,
2903 2560 3180 2619 postquam
3213 2556 3366 2625 dixit,
3397 2560 3562 2627 Beati,

1985 2627 2074 2692 qui
2090 2632 2517 2700 persequutionem
2535 2638 2796 2705 patiuntur
2817 2653 3022 2711 prapter
3031 2648 3304 2716 justitiam,
3327 2657 3565 2721 quoniam

1983 2716 2208 2786 ipsorum
2230 2732 2301 2775 est
2321 2740 2532 2794 regnum
2551 2728 2814 2795 cwlorum,
2840 2735 2986 2801 ponit
3010 2735 3061 2790 id
3083 2742 3222 2808 quod
3247 2716 3560 2805 est'minus:

1985 2808 2075 2864 Sic
2112 2814 2244 2866 enim
2290 2820 2576 2886 persequuti
2612 2832 2729 2875 sunt
2773 2826 3045 2894 prophetas
3086 2833 3172 2899 qui
3202 2837 3408 2903 fummt
3446 2852 3567 2896 ante

1981 2914 2066 2954 vos
2095 2902 2305 2971 (Matth.
2345 2907 2399 2960 5.
2439 2909 2524 2963 10.
2557 2910 2669 2981 12).
2714 2913 2844 2968 Nam
2885 2917 2987 2974 hoc
3025 2902 3278 2993 quidem,
3309 2930 3452 2998 quod
3491 2934 3556 2986 ad

1979 2994 2396 3062 magnitudinem
2425 3001 2633 3064 attinet.
2663 3013 2746 3058 est
2774 3007 2948 3064 minus
2971 3026 2986 3064 :
3011 3011 3057 3065 si
3083 2994 3354 3083 spectetur
3380 3031 3556 3078 autem

1978 3084 2119 3152 quod
2152 3102 2320 3157 prope
2349 3092 2458 3145 sint
2485 3104 2539 3147 et
2567 3095 2931 3164 crediderint,
2964 3112 3049 3156 est
3079 3121 3330 3176 magnum
3363 3123 3418 3168 et
3444 3116 3557 3167 suf-

1975 3172 2180 3238 ﬁciens.
2213 3186 2268 3232 et
2295 3195 2537 3250 magnam
2567 3186 2670 3238 vim
2701 3187 2880 3244 habet.
2915 3190 3024 3248 Hoc
3047 3172 3332 3265 ergoverat,
3359 3201 3556 3261 habere

1974 3271 2463 3327 conversationem.
2490 3275 2603 3329 Non
2631 3276 2784 3343 dixit,
2814 3282 3054 3350 Separati
3075 3326 3091 3352 ,
3118 3289 3245 3356 sed,
3273 3293 3493 3351 Alienati
3521 3317 3552 3353 tt

1971 3361 2366 3416 conversatione.
2396 3363 2508 3419 Non
2531 3365 2684 3433 dixit,
2710 3369 2822 3425 Non
2846 3376 3206 3444 attendentes,
3230 3386 3346 3450 sed,
3369 3387 3551 3457 Neque

1973 3451 2352 3520 participantes
2374 3496 2389 3521 ,
2423 3465 2478 3510 et
2511 3456 2769 3526 llospites.
2803 3463 2984 3532 Magna
3016 3479 3099 3523 est
3126 3475 3407 3532 verborutn
3436 3451 3548 3535 ein.

1970 3539 2172 3609 phasis,
2202 3561 2443 3615 magnam
2467 3551 2756 3607 ostendens
2783 3559 3196 3623 separationem.
3226 3565 3358 3622 Nam
3384 3572 3543 3626 etiam

1970 3631 2222 3687 lsraelit-e
2253 3645 2405 3692 erant
2431 3649 2583 3694 extra
2615 3648 3111 3719 conversationem,
3141 3656 3234 3710 sed
3266 3673 3370 3713 non
3405 3669 3544 3717 tam-

1967 3739 2124 3791 quam
2155 3726 2314 3781 alieni
2336 3769 2352 3795 ,
2386 3746 2568 3786 verum
2601 3742 2868 3806 tamquam
2912 3740 3047 3810 pigri
3085 3754 3140 3798 et
3165 3745 3418 3805 desidiosi
3444 3794 3458 3817 ,
3488 3767 3540 3809 et

1964 3815 2279 3872 exciderunt
2297 3834 2325 3872 a
2351 3824 2702 3890 testamentis,
2722 3828 2814 3882 sed
2833 3845 2938 3884 non
2963 3840 3227 3904 tamquam
3253 3815 3538 3912 peregrini.

1962 3906 2216 3972 Quaenam
2242 3922 2420 3968 autem
2448 3928 2601 3972 erant
2633 3929 2948 3978 testamenta
2979 3906 3351 3995 promissionis
3374 3937 3397 3990 ?
3426 3936 3539 3992 Tibi

1959 4007 2004 4050 et
2030 4001 2206 4053 semini
2230 4013 2316 4056 tuo
2337 4005 2466 4060 dabo
2495 4020 2678 4064 terram
2708 4013 2837 4067 hanc
2866 4014 3018 4084 (Gen.
3054 4020 3140 4077 l5.
3167 4025 3275 4092 15),
3304 4035 3359 4082 et
3384 4044 3532 4098 qua:-

1957 4102 2184 4158 cumque
2209 4095 2309 4148 alia
2343 4101 2604 4166 promisit.
2636 4102 2811 4170 Spem,
2844 4106 3032 4178 inquit,
3067 4129 3164 4166 non
3196 4095 3451 4183 habentes,
3485 4134 3532 4176 et

1955 4181 2064 4235 sine
2086 4181 2218 4239 Deo.
2246 4188 2404 4256 Atqui
2429 4189 2558 4246 deos
2583 4193 2874 4250 adorabant
2895 4239 2908 4261 ,
2943 4200 3035 4254 sed
3065 4217 3168 4256 non
3195 4217 3385 4261 erant:
3412 4181 3529 4264 ido.

1955 4272 2062 4328 lum
2090 4279 2230 4330 enim
2263 4279 2392 4334 nihil
2424 4293 2526 4337 est.
2561 4286 2642 4339 15.
2678 4285 2833 4340 Nunc
2861 4301 3028 4344 autem
3063 4294 3114 4347 in
3144 4295 3343 4353 Christo
3366 4300 3488 4357 Iesu
3510 4345 3524 4369 ,

1951 4380 2055 4430 vos,
2079 4368 2166 4436 qui
2185 4369 2460 4437 aliquando
2486 4376 2635 4430 eratis
2661 4377 2827 4446 longe,
2855 4382 2983 4449 [acti
3003 4386 3123 4437 estis
3148 4405 3304 4458 prape
3333 4391 3382 4444 in
3409 4368 3526 4447 san4

1949 4456 2100 4524 guine
2129 4457 2334 4512 Christi.
2375 4461 2461 4515 11.
2500 4461 2620 4532 Ipse
2659 4467 2791 4520 enint
2825 4479 2898 4522 est
2935 4487 3038 4538 paa:
3069 4456 3262 4541 nostra,
3295 4481 3379 4544 qui
3409 4485 3524 4553 fecit

1947 4553 2155 4614 utraque
2193 4564 2350 4601 unum
2369 4591 2384 4615 ,
2427 4561 2473 4604 et
2517 4555 2732 4609 medium
2764 4559 3002 4626 parietem
3034 4567 3264 4622 maceria:
3287 4572 3483 4628 solvens
3504 4617 3518 4643 ,

1945 4635 2233 4691 inimicitias
2254 4639 2305 4691 in
2325 4657 2475 4694 carne
2493 4660 2602 4697 sua.
2629 4645 2738 4700 lloc
2759 4657 2842 4702 est
2861 4666 3008 4720 ergo,
3035 4653 3226 4724 inquit,
3245 4635 3516 4733 magnum,

1943 4727 2081 4791 quod
2114 4731 2352 4784 venimus
2398 4734 2448 4786 in
2491 4733 2794 4791 Judzeorum
2840 4727 3358 4807 conversationeml
3389 4727 3514 4826 quid

1939 4817 2112 4874 dicis?
2136 4839 2481 4894 quaecumque
2510 4839 2632 4882 sunt
2661 4829 2709 4884 in
2742 4834 2887 4887 etelis
2915 4843 2970 4890 et
2997 4853 3116 4908 quae
3140 4853 3265 4897 sunt
3293 4846 3342 4898 in
3372 4817 3512 4901 terra

1939 4911 2254 4967 instauravit
2296 4925 2350 4969 et
2395 4918 2444 4970 in
2490 4935 2646 4974 unam
2695 4938 2956 4980 summam
3003 4933 3243 5002 redegit,
3281 4945 3333 4989 et
3374 4954 3512 4993 nunc

1935 5001 2068 5056 dicis
2089 5004 2156 5058 de
2176 5004 2460 5063 lsraelitis?
2481 5010 2660 5078 Certe,
2689 5015 2874 5082 inquit.
2903 5018 3030 5075 Nam
3057 5001 3147 5076 illa
3165 5026 3376 5093 quidem
3406 5031 3510 5083 ﬁde

1932 5103 2143 5161 oportet
2179 5110 2488 5166 assumere,
2533 5101 2647 5157 hmc
2691 5115 2868 5161 autem
2911 5111 3072 5164 etiam
3113 5114 3261 5166 factis
3297 5116 3426 5183 ipsis
3455 5133 3504 5173 et

1930 5185 2200 5252 operibus.
2234 5188 2386 5242 Nunc
2415 5200 2580 5245 autem
2608 5195 2659 5246 in
2685 5194 2883 5251 Christo
2904 5199 3052 5266 Jesu,
3085 5202 3270 5270 inquit,
3302 5223 3386 5261 vos
3414 5214 3500 5278 qni

1927 5276 2199 5343 aliquando
2226 5282 2375 5333 eratis
2403 5281 2570 5351 longe,
2598 5287 2720 5352 [acti
2745 5289 2861 5340 estis
2889 5305 3045 5356 prape
3073 5293 3142 5343 ad
3166 5276 3499 5353 conuersatio-

1926 5383 2057 5419 nem.
2086 5366 2215 5421 Nam
2250 5370 2377 5424 illud
2409 5372 2563 5441 longe
2591 5387 2643 5428 et
2673 5376 2799 5431 illud
2831 5393 3016 5448 prope,
3046 5392 3129 5437 est
3155 5385 3321 5442 solius
3349 5391 3497 5446 liberi

1923 5459 2125 5512 arbitrii
2155 5469 2208 5514 et
2234 5461 2526 5519 electionis.
2559 5463 2679 5534 Ipse
2700 5477 2770 5521 est
2791 5469 2924 5524 enim
2953 5489 3057 5540 pax
3080 5487 3252 5530 nostra
3271 5483 3354 5549 qui
3381 5485 3497 5552 fecit

1922 5559 2129 5618 utraque
2157 5566 2330 5604 unum.

1991 5642 2046 5696 2.
2081 5642 2214 5710 Quid
2257 5647 2356 5702 hoc
2391 5657 2472 5702 est
2497 5689 2512 5716 ,
2545 5646 2769 5720 Utraque
2805 5658 3007 5711 unum?
3034 5657 3148 5711 Non
3193 5659 3291 5714 hoc
3332 5662 3493 5730 dicit,

3092 5763 3131 5818 3
