4080 6218
407 307 476 358 5:)
1177 297 1233 350 S.
1276 292 1549 347 .itMNNiS
1585 286 2046 342 CHRYSOSTUMI
2089 285 2400 341 ARCllllil’.
2445 290 2968 346 CONSTANTINOP.
3606 301 3680 354 40

407 420 548 488 quod
592 431 687 472 nos
717 415 954 470 erexerit
983 413 1046 467 ad
1081 412 1229 468 illam
1258 410 1471 479 generis
1498 407 1862 468 nobilitatem,
1893 404 1986 459 sed

407 524 455 563 et
489 511 628 578 quod
671 522 769 562 nos
808 516 861 560 et
903 507 1020 559 illos
1059 503 1123 556 ad
1165 502 1460 569 majorem;
1502 497 1672 566 majus
1704 507 1877 550 tamen
1907 505 1990 549 est

411 601 727 656 heuelicium
759 614 864 667 quo
909 611 1007 650 nos
1035 595 1208 649 allecti
1240 606 1442 646 sumus.
1476 589 1604 644 Nam
1645 589 1750 642 illis
1776 587 1988 657 quidem

410 707 464 750 et
507 693 826 764 promissmn
868 689 1073 752 fuerat,
1119 697 1172 741 et
1211 678 1362 738 erant
1403 682 1501 751 ipsi
1542 681 1986 753 prOpEnquiores;

412 787 566 842 nobis
581 794 759 839 autem
784 798 880 836 nec
902 780 1235 851 promiserat,
1251 785 1306 831 et
1321 789 1534 830 eramus
1557 774 1780 843 longius.
1797 772 1990 838 Quam-

409 883 592 935 obrent
617 879 764 942 dicit,
791 876 972 929 Gentes
992 882 1158 925 autent
1200 887 1291 938 pro
1329 867 1674 922 misericordia
1706 864 1994 933 gloriﬁcare

411 971 573 1025 Deum
601 969 774 1038 (Itoni.
805 966 888 1020 15.
912 964 993 1028 9).
1017 963 1342 1016 Promiserat
1365 957 1578 1028 quidem
1601 956 1871 1018 lsraelitis,
1897 953 1992 1006 sed

411 1071 563 1115 erant
605 1058 844 1127 indigni;
897 1056 1050 1108 nobis
1098 1063 1274 1108 autem
1328 1066 1434 1105 non
1488 1049 1844 1117 promiserat,
1899 1044 1989 1098 sed

414 1153 650 1222 hospites
670 1164 916 1206 eramus:
938 1147 1071 1201 nihil
1096 1156 1206 1200 erat
1231 1145 1385 1200 nobis
1404 1158 1522 1197 cum
1544 1142 1671 1211 ipsis
1686 1154 1988 1200 commune,

412 1256 463 1298 et
496 1260 592 1298 nos
621 1243 745 1298 fecit
770 1256 954 1299 nomn,
992 1254 1099 1291 non
1132 1252 1227 1290 nos
1255 1235 1359 1289 illis
1383 1233 1737 1302 conjungens,
1767 1230 1863 1286 sed
1892 1243 1992 1283 nos

413 1347 467 1390 et
493 1337 612 1390 illos
636 1349 796 1386 unum
821 1331 1043 1385 faciens.
1068 1329 1246 1382 Dicam
1269 1335 1447 1379 autem
1465 1321 1766 1392 exemplum
1794 1337 1806 1371 :
1832 1333 1995 1388 pona-

415 1444 532 1481 mus
558 1441 676 1480 esse
701 1424 834 1477 duas
861 1431 1085 1482 statuas,
1116 1433 1273 1472 unam
1303 1432 1365 1470 ex
1397 1423 1646 1484 argento,
1674 1412 1894 1465 alteram
1927 1423 1992 1464 ex

417 1517 664 1586 plumbo;
711 1511 904 1566 deinde
951 1509 1135 1563 ambas
1174 1507 1318 1561 fusas
1361 1513 1415 1559 et
1453 1502 1710 1557 conflalas
1738 1498 1996 1568 prodiisse

415 1623 625 1662 aureas.
662 1607 798 1659 Ecce
839 1604 971 1656 duas
999 1616 1162 1654 unum
1191 1599 1335 1651 fecit.
1378 1598 1479 1647 Aut
1522 1594 1681 1647 etiam
1711 1591 1900 1644 aliter:
1929 1589 1998 1641 sit

417 1713 553 1752 unus
578 1711 764 1751 servm
793 1735 806 1758 ,
839 1695 975 1745 alius
1003 1693 1051 1743 in
1087 1690 1253 1742 lilium
1286 1685 1599 1754 adoptatus;
1632 1681 1789 1735 ambo
1815 1688 1991 1733 autem

417 1789 666 1844 t'ltttidcm
697 1787 960 1843 adorent,
993 1781 1077 1833 bie
1104 1777 1318 1848 quidem
1350 1775 1655 1829 declaratus
1685 1786 1806 1826 cum
1837 1770 1905 1823 sit
1933 1768 1996 1821 ﬁ-

419 1884 520 1936 lius
545 1922 558 1943 ,
605 1880 694 1933 ille
729 1891 856 1930 vero
901 1872 1187 1942 fugitivus,
1222 1878 1274 1923 et
1315 1867 1403 1937 qui
1437 1882 1502 1920 ne
1543 1877 1744 1933 patrem
1785 1859 1996 1930 quidem

420 1974 565 2030 novit
593 1990 606 2026 :
635 1969 826 2024 deinde
871 1969 996 2019 liaut
1036 1963 1193 2018 ambo
1239 1961 1464 2015 heredes
1484 2001 1498 2024 ,
1529 1968 1584 2012 et
1613 1955 1850 2027 germani
1886 1953 1994 2006 lilii.

421 2067 559 2120 Ecce
586 2061 651 2117 ad
680 2076 842 2116 unum
874 2059 1131 2111 honorem
1163 2063 1288 2108 sunt
1308 2051 1548 2122 perducti
1571 2068 1583 2102 :
1603 2049 1710 2104 duo
1732 2047 1852 2102 facti
1879 2055 2003 2098 sum

422 2171 606 2215 unum,
632 2152 721 2207 ille
743 2149 956 2217 quidem
984 2161 1103 2200 cum
1129 2144 1363 2197 venisset
1385 2157 1413 2194 e
1437 2140 1744 2208 longinquo,
1770 2137 1854 2190 hic
1875 2150 2002 2189 vero

421 2263 542 2302 cum
568 2261 598 2298 e
622 2242 940 2314 propinquo,
979 2248 1028 2290 et
1068 2236 1233 2304 magis
1261 2243 1343 2288 est
1367 2245 1650 2302 germanus
1675 2243 1830 2298 quam
1856 2237 1979 2280 ante

423 2353 582 2408 quam
614 2333 945 2390 oll'eudisset.
983 2329 1209 2381 Medium
1230 2369 1242 2388 ,
1276 2325 1477 2394 inquit,
1508 2325 1745 2392 parietem
1774 2318 2006 2373 maceria:

425 2431 639 2483 solvens.
683 2425 813 2492 Quis
857 2431 938 2476 est
983 2419 1190 2473 medius
1234 2416 1446 2486 paries?
1477 2414 1798 2476 Inimicitias,
1830 2411 1920 2474 ait,
1955 2410 2005 2462 in

427 2538 576 2573 carne
595 2536 706 2572 sua.
737 2518 820 2572 15.
843 2515 1022 2586 Legem
1043 2511 1396 2565 mandatorum
1419 2509 1469 2561 in
1494 2507 1706 2560 decretis
1736 2519 2004 2558 evacuans.

429 2609 678 2664 Nonnulli
717 2606 928 2676 quidem
960 2604 1181 2665 dicunt,
1211 2600 1352 2668 quod
1387 2599 1469 2652 lex
1509 2598 1578 2650 sit
1606 2596 1816 2650 medius
1836 2594 2008 2664 paries

433 2706 568 2755 inter
593 2699 805 2753 Jtidmos
835 2706 889 2750 et
915 2694 1134 2749 Graecos
1163 2709 1176 2744 :
1208 2690 1326 2744 ideo
1360 2690 1531 2758 legem
1563 2687 1715 2752 dixit,
1746 2685 2008 2754 inquiunt,

430 2793 573 2863 quod
602 2807 705 2846 non
734 2790 858 2844 sivit
889 2788 1034 2854 ipsos
1061 2784 1273 2838 misceri
1302 2801 1314 2835 :
1341 2781 1471 2859 mibi
1497 2788 1674 2833 autem
1703 2792 1809 2831 non
1839 2777 1907 2830 ita
1937 2776 2016 2828 vi-'

435 2887 632 2950 detur;
678 2881 771 2937 sed
817 2877 1146 2934 inimicitiam
1191 2876 1242 2928 in
1282 2887 1445 2928 carne
1481 2871 1712 2925 medium
1754 2869 2012 2937 parietem

433 2979 598 3042 dicit,
631 2975 721 3044 qui
765 2987 861 3026 nos
886 2970 1070 3024 ambos
1099 2983 1127 3020 a
1158 2968 1266 3021 Deo
1295 2973 1542 3033 separet,
1576 2963 1712 3016 sicut
1735 2960 1862 3014 dicit
1894 2973 2013 3028 pro-

437 3071 592 3141 pheta
621 3088 635 3124 :
665 3070 845 3120 Annon
885 3072 1089 3132 peccata
1129 3070 1292 3114 vestra
1336 3067 1574 3128 separant
1601 3057 1733 3110 inter
1756 3071 1833 3107 me
1858 3065 1904 3108 et
1931 3069 2015 3108 vos

436 3162 590 3233 (lsai.
619 3160 706 3215 50.
731 3158 826 3227 2)?
855 3157 922 3211 Et
945 3155 1066 3226 jure
1092 3170 1106 3208 :
1130 3162 1402 3222 tamquam
1433 3149 1640 3204 medius
1667 3149 1808 3202 enim
1841 3147 2017 3216 paries

439 3252 730 3309 inimicitia:
755 3259 929 3313 erant,
958 3262 1077 3317 qua:
1099 3246 1148 3300 ei
1176 3241 1574 3298 intercedebant
1597 3255 1715 3295 cum
1737 3238 1938 3294 .lmlmis
1963 3244 2019 3293 et

438 3347 658 3402 Graecis.
687 3342 820 3397 Cum
852 3348 994 3394 esset
1019 3345 1194 3390 autem
1223 3335 1304 3390 lex
1327 3375 1340 3398 ,
1369 3348 1474 3386 non
1505 3332 1675 3386 solum
1704 3346 1809 3384 non
1839 3329 2016 3383 solve-

441 3438 656 3501 bantur,
677 3432 771 3488 sed
791 3430 953 3486 etiam
978 3427 1144 3498 magis
1166 3425 1510 3480 crescebant:
1529 3422 1636 3476 Lex
1655 3422 1808 3486 enim,
1827 3419 2015 3489 inquit,

438 3533 568 3584 iram
593 3535 832 3597 aperatur
857 3523 1031 3594 (Rom.
1059 3523 1113 3576 4.
1145 3519 1260 3590 15).
1293 3519 1363 3574 Ut
1391 3533 1519 3588 ergo
1547 3517 1651 3572 illic
1677 3517 1882 3582 dicens,
1918 3512 2024 3568 Lm:

435 3624 568 3675 imm
591 3627 850 3688 operatur,
883 3628 988 3668 non
1011 3613 1058 3667 ei
1085 3621 1253 3666 totum
1275 3609 1549 3672 adscribit,
1572 3608 1666 3663 sed
1688 3606 2019 3669 subauditur,

442 3713 697 3781 quoniam
721 3705 1040 3774 transgressi
1064 3717 1248 3756 sumus
1274 3719 1287 3755 :
1313 3701 1383 3753 ita
1412 3699 1498 3753 hic
1523 3713 1732 3768 quoque
1753 3713 1870 3753 eam
1897 3696 2024 3751 dicit

446 3803 683 3857 medium
712 3798 990 3868 parietem,
1019 3794 1269 3864 quoniam
1295 3791 1420 3845 dum
1447 3792 1494 3846 ei
1523 3807 1628 3844 non
1650 3791 1916 3846 obeditur.
1948 3790 2023 3841 fa-

443 3894 614 3949 ciebat
644 3888 968 3945 inimicitias.
999 3887 1104 3941 Lex
1135 3893 1248 3939 erat
1275 3898 1463 3951 sepcs;
1491 3882 1583 3936 sed
1602 3897 1662 3935 ea
1681 3882 1892 3951 quidem
1911 3890 2025 3934 erat

447 3994 502 4037 ut
543 3991 684 4036 tutos
722 3977 1010 4043 redderet,
1042 3984 1096 4030 ct
1128 3975 1246 4030 ideo
1273 3975 1431 4029 etiam
1463 3975 1733 4028 nominata
1763 3981 1846 4028 est
1872 3987 2025 4040 sepcs

448 4085 502 4128 ut
528 4072 950 4142 circumsepiret.
979 4067 1114 4123 Audi
1140 4068 1280 4121 enim
1305 4081 1490 4119 rursus
1512 4065 1824 4135 prophetam
1849 4064 2023 4118 dicen-

451 4178 558 4221 tem
583 4183 597 4219 :
625 4163 690 4216 Et
717 4178 883 4232 sepem
908 4160 986 4214 illi
1016 4157 1324 4212 circmndrdi
1351 4155 1501 4226 (Isai.
1531 4155 1583 4211 5.
1612 4156 1668 4224 εξ)
1693 4173 1706 4220 ;
1736 4165 1788 4210 et
1812 4157 2024 4220 iterum,

452 4256 712 4313 Abstuliin
755 4269 920 4323 sepem
966 4252 1096 4322 ejus,
1143 4259 1189 4303 et
1235 4248 1537 4303 vindemiant
1582 4264 1690 4301 eam
1729 4264 1898 4300 omnes
1943 4247 2028 4314 qui

449 4358 713 4404 transeunt
740 4363 826 4417 per
860 4346 991 4399 viam
1025 4341 1195 4414 (Psal.
1227 4340 1315 4396 79.
1351 4341 1463 4409 15).
1494 4339 1868 4393 Tutameutum
1899 4352 2027 4406 ergo

453 4442 602 4496 dii-it.
635 4440 698 4493 lit
725 4451 911 4492 rursus
935 4476 950 4498 ,
995 4436 1236 4504 Auferam
1266 4449 1430 4502 sepem
1457 4433 1566 4501 ejus
1585 4472 1599 4496 ,
1633 4441 1679 4484 et
1705 4432 1796 4484 erit
1827 4431 1881 4492 in,
1902 4447 2024 4482 con-

453 4535 821 4594 rnlcatienem;
849 4537 901 4582 et
929 4541 1132 4592 rursus,
1161 4524 1340 4594 Legem
1371 4525 1506 4576 dedit
1527 4525 1577 4576 in
1602 4524 1846 4577 auxilium
1873 4521 2026 4589 (lsai.

455 4625 506 4677 5.
536 4625 591 4676 5.
624 4633 668 4674 et
695 4623 746 4674 8.
775 4619 867 4685 20)
893 4635 907 4681 ;
948 4627 1001 4672 et
1040 4619 1228 4671 iterum
1253 4655 1266 4679 ,
1299 4613 1513 4668 Fariens
1542 4614 1933 4667 misericordiam
1982 4623 2030 4668 et

453 4713 699 4776 indicium
716 4709 984 4770 Dominus,
1005 4720 1148 4761 notas
1169 4708 1284 4774 fecit
1296 4706 1689 4775 justiﬁcationes
1709 4723 1825 4759 suas
1848 4705 2029 4758 Israeli

457 4802 634 4874 (Paul.
671 4800 791 4855 1οἳ.
823 4801 874 4853 6.
910 4799 986 4868 7).
1029 4798 1188 4852 Facta
1232 4809 1316 4852 est
1357 4807 1532 4852 autem
1575 4797 1781 4851 medius
1821 4799 2026 4866 paries,

465 4913 569 4950 non
591 4910 684 4950 eos
714 4903 853 4946 tutos
875 4889 1124 4954 reddens,
1148 4889 1243 4946 sed
1269 4904 1362 4943 eos
1389 4905 1418 4944 a
1449 4890 1556 4942 Deo
1583 4903 1858 4958 separans.
1889 4888 2033 4959 Ejus-

464 4983 604 5042 moili
643 4993 725 5040 est
765 4981 972 5037 medius
1013 4981 1187 5049 paries
1219 4980 1308 5049 qui
1353 4988 1436 5034 est
1471 4995 1500 5033 a
1541 4995 1687 5047 sepe.
1726 4979 2031 5049 Cuiusmodi

459 5087 635 5132 autem
662 5076 734 5131 sit
755 5088 818 5128 ca
847 5072 1107 5136 declarat,
1135 5070 1425 5140 sumit-iens
1449 5087 1461 5122 :
1487 5067 1789 5123 Inimicitias
1810 5071 1860 5123 in
1882 5086 2033 5124 carne

457 5185 568 5221 sua.
603 5165 782 5236 Legem
812 5162 1170 5216 mandatorum
1195 5176 1457 5214 evacuans.
1490 5159 1815 5225 Quomodo?
1849 5159 1913 5215 Ut
1943 5161 2033 5230 qui

456 5255 890 5326 circumsepserit
929 5264 982 5308 et
1025 5251 1330 5306 inimicitias
1373 5251 1482 5305 illic
1519 5251 1758 5305 Solverit.
1792 5251 1899 5305 Nec
1932 5251 2032 5306 hoc

461 5349 632 5402 solum
660 5364 776 5401 eam
809 5348 986 5412 solvit,
1011 5343 1103 5400 sed
1132 5345 1294 5398 etiam
1318 5357 1410 5412 per
1437 5343 1554 5411 ejus
1581 5343 2030 5397 observationem.

459 5437 598 5503 Quid
616 5437 782 5500 enim,
799 5438 842 5490 si
865 5435 1072 5492 liberati
1094 5449 1333 5489 essemus
1354 5447 1384 5486 a
1407 5434 1569 5502 priori
1590 5434 2028 5502 transgressione,

461 5543 648 5584 rursus
665 5537 842 5581 autem
860 5543 976 5581 eam
994 5542 1212 5582 necesse
1231 5525 1548 5581 haberemus
1565 5525 1814 5580 scrvare?
1832 5524 2033 5579 Rursus

463 5621 688 5688 idipsum
721 5626 863 5670 esset
887 5635 899 5669 :
925 5618 1020 5670 sed
1045 5634 1162 5672 eam
1190 5634 1399 5688 quoque
1429 5618 1584 5672 solvit
1609 5635 1622 5671 :
1647 5615 1828 5688 Legem
1857 5617 2034 5681 enim,

464 5714 651 5780 inquit,
676 5707 1025 5763 mandatorum
1047 5709 1095 5762 in
1117 5709 1328 5764 decretis
1347 5726 1612 5778 evacuans,
1639 5709 1812 5778 Papa),
1836 5720 2031 5778 quat—ita

2097 405 2398 474 benignitas
2425 409 2436 460 !
2477 407 2623 461 dedit
2655 411 2806 462 nobis
2841 412 3010 478 legem
3041 412 3358 466 servandam
3385 430 3398 465 :
3424 416 3672 484 quoniam

2096 504 2273 550 autem
2306 511 2410 549 non
2439 504 2790 564 servavimus,
2823 515 2942 554 cum
2973 511 3245 569 oporteret
3273 503 3473 572 puniri,
3506 506 3674 575 legem

2095 585 2290 638 solvit:
2317 597 2371 640 ut
2405 587 2448 641 si
2480 588 2599 655 quis
2627 603 2747 642 cmn
2781 605 3000 658 puerum
3033 590 3339 647 tradidisset
3365 593 3677 666 ptcdagogo,

2095 679 2344 746 quoniam
2373 694 2479 732 non
2505 679 2706 745 obedit,
2735 682 2892 734 etiam
2922 698 2949 734 a
2978 682 3266 754 pwdagogo
3293 685 3603 742 liberaverit
3625 701 3674 744 et

2096 770 2396 826 abduxerit.
2438 772 2661 838 Quantae
2701 782 2784 827 est
2825 773 2925 828 hoc
2967 774 3515 845 benignitatis?Quid
3554 791 3674 844 est,

2099 857 2161 912 In
2190 859 2399 914 decretis
2423 878 2667 916 evacuans
2685 863 2711 916 .9
2736 863 2999 933 Magnam,
3026 865 3217 933 inquit,
3244 865 3333 920 hic
3353 868 3503 936 ponit
3523 869 3676 924 dilic-

2097 950 2325 1004 rentiam
2363 952 2597 1007 mandati
2643 963 2700 1008 et
2739 953 3103 1010 decretorum.
3152 959 3259 1010 Aut
3307 957 3464 1012 [idem
3511 960 3682 1026 dicit,

2099 1041 2265 1110 ipsam
2288 1058 2483 1098 vocans
2507 1044 2814 1110 decretum;
2844 1062 2872 1100 a
2897 1047 3008 1100 sola
3033 1048 3176 1101 enim
3203 1049 3302 1102 tide
3326 1051 3502 1106 salvos
3523 1051 3676 1107 fecit:

2102 1143 2195 1187 aut
2241 1147 2562 1206 praeceptum
2590 1179 2605 1202 ,
2645 1139 2782 1193 sicut
2825 1138 3031 1194 dicebat
3059 1140 3341 1206 Christus,
3375 1143 3486 1215 Ego
3515 1156 3682 1199 autem

2104 1226 2219 1280 diro
2251 1228 2419 1294 vobis,
2451 1245 2514 1282 ne
2537 1231 2740 1284 omnino
2767 1232 3059 1284 irascamini
3087 1232 3296 1301 (Matth.
3329 1234 3405 1305 5).
3438 1235 3550 1289 Hoc
3577 1248 3684 1303 est,

2097 1315 2152 1372 Si
2199 1318 2498 1375 credideris
2538 1321 2680 1390 quod
2725 1322 2866 1376 Deus
2910 1338 3033 1376 enm
3076 1324 3325 1378 excitavit
3355 1340 3387 1379 a
3418 1327 3678 1390 mortuis,

2099 1409 2275 1464 salvus
2303 1412 2430 1466 eris.
2463 1412 2529 1467 Et
2549 1429 2755 1478 rursus,
2783 1413 2956 1485 Prope
2982 1426 3052 1469 est
3083 1415 3285 1469 verbum
3305 1417 3359 1470 in
3389 1434 3476 1472 ore
3505 1428 3611 1486 tuo,
3635 1431 3681 1472 et

2099 1502 2151 1555 in
2177 1503 2328 1556 corde
2357 1515 2442 1557 tuo
2473 1505 2651 1573 (Rom.
2682 1506 2768 1560 10.
2802 1507 2879 1575 8).

2172 1593 2224 1646 '5.
2254 1593 2330 1648 Ne
2369 1595 2567 1649 dixeris
2589 1637 2604 1662 ,
2638 1597 2767 1663 Quis
2803 1597 3058 1652 ascendet
3087 1598 3136 1651 in
3167 1599 3357 1653 czelum
3394 1641 3409 1664 ,
3449 1609 3539 1654 aut
3565 1602 3686 1670 quis

2101 1682 2387 1738 descendet
2415 1685 2466 1738 in
2487 1687 2758 1757 abyssum,
2783 1696 2872 1742 aut
2894 1689 3014 1757 quis
3042 1689 3213 1758 ipsum
3243 1691 3458 1744 sustulit
3481 1706 3512 1746 e
3538 1707 3685 1746 mor-

2105 1775 2250 1830 tuis?
2278 1776 2380 1829 Pro
2413 1777 2518 1830 vita
2549 1778 2704 1832 tidem
2741 1779 3054 1834 introduxit.
3086 1780 3221 1834 Nam
3251 1791 3308 1834 ut
3352 1796 3458 1835 non
3486 1791 3689 1836 temere

2102 1866 2279 1920 salvos
2321 1865 2540 1933 faceret,
2571 1878 2624 1923 et
2652 1870 2764 1937 ipse
2805 1869 2904 1924 fuit
2952 1870 3186 1939 punitus,
3231 1879 3286 1926 et
3329 1869 3485 1926 ﬁdem
3517 1872 3584 1926 ab
3609 1873 3693 1927 cis

2103 1955 2278 2025 exegit
2333 1971 2426 2025 per
2480 1956 2713 2012 decreta.
2772 1955 2839 2013 Ut
2882 1959 3012 2014 duos
3047 1959 3231 2014 condat
3267 1960 3322 2013 in
3369 1962 3696 2030 semetipsum

2103 2048 2156 2100 in
2208 2064 2362 2101 unum
2406 2065 2587 2103 novum
2626 2050 2897 2106 hominem.
2944 2052 3106 2107 Vides
3154 2069 3260 2107 non
3307 2052 3561 2109 Graecum
3601 2053 3685 2106 la-

2105 2147 2246 2192 etum
2284 2139 2524 2194 Judteu-m
2551 2183 2564 2206 ,
2617 2141 2709 2194 sed
2747 2151 2801 2196 et
2848 2143 2989 2196 hunc
3041 2152 3096 2198 et
3140 2144 3285 2197 illum
3318 2144 3592 2199 venientes
3619 2143 3686 2198 ad

2105 2229 2333 2283 alterum
2380 2232 2614 2284 statum?
2651 2231 2764 2284 Non
2800 2241 2856 2286 ut
2895 2232 3037 2287 hunc
3074 2234 3234 2287 alium
3278 2233 3470 2298 faciat,
3521 2235 3689 2305 legem

2107 2323 2401 2388 cvacuavit,
2431 2322 2527 2378 sed
2551 2333 2608 2377 ut
2636 2325 2771 2379 duos
2797 2327 2996 2380 condat
3016 2342 3079 2381 ac
3101 2337 3266 2382 creet.
3303 2329 3368 2384 Et
3391 2338 3536 2382 recte
3564 2329 3650 2383 ubi
3669 2357 3684 2369 ο

2109 2429 2211 2480 que
2237 2428 2366 2469 usus
2411 2424 2493 2470 est
2524 2417 2742 2472 nomine
2766 2457 2783 2483 ,
2811 2417 3032 2474 Condat.
3071 2419 3178 2474 Nec
3204 2418 3374 2482 dixit,
3402 2420 3601 2486 Mutet,
3636 2430 3694 2475 ut

2108 2507 2420 2562 ostenderet
2447 2507 2739 2563 efficaciam
2773 2510 2890 2578 ejus
2918 2509 3056 2579 quod
3094 2511 3288 2565 factum
3317 2521 3400 2566 est
3426 2552 3442 2579 ,
3473 2511 3692 2580 etquod

2110 2597 2322 2651 etiamsi
2351 2599 2554 2653 creatio
2584 2599 2738 2654 cadat
2770 2602 2870 2655 sub
2897 2613 3174 2670 aspectum
3194 2643 3207 2666 ,
3241 2603 3330 2658 illa
3361 2612 3539 2658 tamen
3584 2618 3698 2658 non

2112 2698 2192 2741 est
2220 2688 2332 2744 lucc
2359 2691 2534 2744 minor
2557 2732 2572 2756 ,
2615 2693 2831 2762 etquod
2863 2693 2932 2748 de
2966 2704 3162 2748 caetero
3189 2710 3294 2749 non
3335 2697 3404 2750 sit
3435 2697 3584 2751 nobis
3613 2712 3698 2751 re~

2115 2783 2396 2837 siliendutn
2429 2799 2456 2836 a
2483 2787 2644 2838 rebus
2669 2787 3021 2841 naturalibus.
3060 2787 3127 2841 Ut
3158 2787 3308 2853 duos,
3341 2789 3530 2856 inquit,
3567 2806 3693 2843 cono

2115 2876 2201 2926 dat
2230 2876 2282 2928 in
2319 2877 2487 2944 seipso
2535 2892 2554 2929 :
2581 2877 2682 2930 hoc
2727 2887 2807 2931 est
2831 2917 2845 2942 ,
2895 2894 2990 2947 per
3021 2881 3276 2948 seipsum.
3307 2880 3420 2934 Non
3467 2883 3554 2935 alii
3596 2880 3698 2934 hoc

2117 2966 2406 3032 mandavit,
2431 2967 2523 3022 sed
2555 2985 2648 3037 per
2675 2970 2932 3038 seipsum,
2959 2987 3078 3023 cum
3113 2982 3167 3025 et
3200 2972 3338 3026 hunc
3363 2983 3416 3026 et
3444 2973 3588 3026 illum
3619 2973 3698 3027 [ιιι-

2117 3057 2284 3112 disset
2315 3068 2369 3112 et
2406 3059 2715 3126 conﬂasset,
2766 3077 2926 3115 unum
2977 3063 3230 3132 produxit
3283 3065 3694 3131 admirabilem,

2119 3164 2238 3204 cum
2281 3152 2393 3221 ipse
2422 3151 2523 3206 hoc
2551 3154 2788 3222 primum
2812 3154 2983 3209 lactus
3012 3165 3158 3210 esset
3189 3173 3203 3210 :
3233 3157 3374 3225 quod
3403 3169 3484 3212 est
3527 3158 3701 3227 majus

2121 3242 2280 3311 priori
2331 3253 2594 3297 creatura.
2646 3245 2755 3299 Hoc
2801 3254 2885 3300 est
2913 3247 3093 3314 enim,
3120 3245 3189 3301 In
3233 3250 3532 3318 semetipso,
3576 3265 3696 3303 cum

2123 3335 2235 3404 ipse
2285 3335 2484 3404 primus
2531 3335 2755 3391 formam
2807 3339 3093 3406 prsebucrit
3133 3351 3188 3395 et
3229 3344 3521 3411 exemplar.
3569 3341 3697 3396 Nam

2122 3439 2240 3479 cum
2261 3425 2383 3480 hinc
2405 3427 2664 3482 tenuisset
2688 3427 2926 3482 Judaeum
2957 3439 3012 3484 et
3036 3431 3181 3485 illinc
3209 3431 3478 3499 (it-arcum,
3507 3441 3560 3487 et
3587 3433 3704 3502 ipse

2125 3515 2308 3569 fuisset
2329 3515 2556 3583 medius,
2582 3526 2636 3571 et
2659 3533 2753 3572 eos
2773 3521 3220 3590 commiscuisset,
3244 3533 3294 3576 et
3322 3523 3576 3592 quidquid
3606 3540 3700 3577 eo-

2127 3622 2242 3659 rutn
2298 3617 2415 3661 erat
2461 3607 2813 3663 abalienatum
2861 3609 3165 3672 delevisset,
3216 3613 3449 3684 desuper
3494 3614 3704 3669 reﬁnxit

2129 3711 2221 3764 per
2252 3697 2424 3767 ignem
2462 3707 2517 3752 et
2541 3712 2732 3768 aquam
2765 3718 2778 3754 :
2814 3715 2919 3754 non
2949 3703 3129 3771 utique
3155 3717 3249 3772 per
3277 3718 3470 3774 aquam
3506 3713 3560 3758 et
3587 3714 3709 3758 ter-

2129 3804 2264 3853 ram,
2315 3790 2406 3844 sed
2447 3804 2544 3859 per
2584 3806 2774 3861 aquam
2819 3801 2873 3847 et
2912 3796 3108 3864 ignem.
3146 3794 3337 3850 Factus
3373 3805 3454 3851 est
3488 3795 3704 3851 Judaeus

2128 3882 2474 3938 circumcisus
2497 3925 2512 3950 ,
2542 3883 2712 3937 factus
2752 3894 2833 3938 est
2862 3886 3176 3941 maledictus
3201 3905 3215 3954 ;
3249 3888 3418 3943 factus
3441 3899 3523 3943 est
3552 3889 3706 3943 Cra:-

2129 3988 2222 4028 cus
2251 3985 2398 4027 extra
2431 3974 2624 4044 legem,
2657 3976 2814 4029 etiam
2856 3993 3014 4046 supra
3041 3978 3258 4033 Grzecos
3284 3989 3338 4034 et
3365 3978 3602 4034 Judaeos.
3633 3980 3699 4032 In

2129 4081 2285 4118 unum
2313 4082 2515 4132 novum,
2546 4067 2736 4136 inquit,
2770 4069 3042 4124 hominem.
3075 4069 3294 4126 Faciens
3320 4089 3494 4141 pacem
3525 4073 3652 4142 ipsis
3689 4091 3702 4125 :

2131 4166 2184 4212 et
2209 4171 2327 4211 cum
2359 4157 2502 4224 Deo,
2533 4167 2589 4212 et
2619 4157 2757 4213 inter
2786 4175 2866 4214 se.
2911 4159 3026 4214 Non
3054 4163 3195 4215 enim
3232 4173 3509 4218 manentes
3535 4163 3711 4218 Juda~i

2131 4257 2185 4301 et
2213 4247 2379 4302 (ἓνωεί
2426 4258 2609 4303 essent
2655 4251 2960 4314 conciliati;
3003 4252 3103 4305 nisi
3148 4264 3327 4308 autem
3373 4270 3404 4308 a
3447 4269 3544 4309 suo
3569 4262 3705 4309 statu

2135 4339 2338 4394 liberati
2368 4341 2628 4406 fuissent,
2659 4343 2930 4410 quomodo
2959 4342 3232 4397 venissent
3258 4344 3322 4397 ad
3349 4345 3511 4400 alium
3539 4346 3705 4413 majo-

2134 4432 2288 4486 rem?
2316 4430 2555 4495 Judwus.
2587 4433 2729 4486 enim
2757 4442 2882 4487 tunc
2906 4431 3094 4488 Gra‘co
3113 4433 3472 4504 conjungitur,
3497 4437 3714 4505 quando

2133 4523 2305 4578 iactus
2336 4523 2496 4578 fuerit
2524 4523 2736 4579 lidclis:
2769 4534 2828 4579 ut
2853 4527 2895 4579 si
2919 4525 3138 4594 quidam
3162 4566 3178 4592 ,
3213 4527 3258 4580 si
3284 4527 3391 4581 sint
3413 4528 3520 4582 duo
3558 4527 3711 4581 habi-

2137 4615 2328 4682 tacula,
2361 4615 2567 4671 inferne
2593 4627 2650 4671 et
2675 4632 2908 4687 superne
2928 4633 3091 4672 unum
3116 4617 3489 4673 admirandum
3520 4628 3573 4674 ct
3593 4634 3709 4673 ma-

2133 4720 2316 4776 gnum,
2362 4722 2466 4761 non
2499 4721 2558 4761 se
2588 4709 2858 4772 potuerint
2884 4719 3068 4763 mutuo
3094 4709 3278 4764 videre
3311 4710 3486 4764 donec
3517 4711 3712 4764 iuerint

2135 4798 2400 4867 superius.
2447 4797 2664 4852 Faciem
2705 4817 2878 4870 pacem
2901 4816 2921 4864 ,°
2961 4801 3128 4872 magis
3162 4811 3341 4856 autem
3393 4816 3515 4856 cum
3553 4802 3662 4857 Deo
3694 4817 3708 4852 :

2137 4888 2278 4957 quod
2327 4890 2468 4943 enim
2501 4891 2747 4958 sequitur
2775 4891 2875 4945 hoc
2903 4891 3159 4946 ostendit.
3191 4891 3327 4957 Quid
3354 4892 3496 4943 enim
3537 4891 3715 4946 dicit?

2141 4979 2227 5033 16.
2251 4977 2319 5032 Ut
2334 4981 2620 5034 reconciliet
2641 4980 2812 5034 ambos
2836 4982 3002 5034 inuno
3024 4998 3232 5051 corpore
3255 4981 3360 5035 Deo
3378 4997 3467 5050 per
3491 4998 3713 5037 crucem.

2137 5069 2251 5123 Non
2277 5070 2718 5136 dixit,Conciliet,
2752 5072 2866 5134 sed,
2897 5071 3223 5135 Reconciliet,
3256 5074 3545 5128 ostemlens
3570 5075 3713 5144 quod

2139 5171 2295 5215 antea
2335 5160 2567 5214 humana
2597 5169 2784 5214 natura
2832 5171 2946 5215 erat
2976 5162 3041 5216 ad
3080 5163 3469 5217 conciliandum
3521 5166 3714 5232 facilis,

2139 5253 2341 5306 scilicet
2372 5252 2423 5305 in
2450 5253 2651 5306 sanctis
2673 5263 2727 5306 et
2752 5262 2878 5306 ante
2904 5254 3094 5322 legem.
3125 5252 3190 5307 In
3216 5271 3317 5309 uno
3347 5272 3560 5326 corpore
3580 5301 3596 5325 ,
3631 5259 3715 5311 in-

2139 5343 2274 5410 quit,
2306 5356 2403 5395 suo
2429 5343 2665 5411 quidem,
2684 5341 2812 5396 Deo.
2844 5343 3123 5409 Quomodo
3145 5344 3204 5399 ﬁt
3225 5345 3366 5402 hoc?
3396 5347 3466 5404 Ut
3485 5349 3575 5417 qui
3603 5363 3716 5419 pa!-

2141 5447 2262 5485 nam
2289 5473 2304 5497 ,
2339 5432 2546 5500 inquit,
2575 5448 2694 5502 qua:
2719 5431 3014 5488 debebatur
3041 5434 3157 5505 ipse
3201 5437 3428 5493 subierit
3465 5455 3561 5508 per
3585 5455 3712 5494 crn-

2140 5537 2278 5576 cem.
2334 5520 2657 5590 lnterﬁciens
2696 5523 2986 5579 inimicitias
3024 5527 3078 5580 in
3113 5530 3298 5600 seipso.
3345 5530 3485 5585 Nihil
3527 5540 3610 5585 est
3636 5531 3717 5585 his

2142 5615 2318 5669 verbis
2355 5617 2522 5685 magis
2553 5619 2826 5686 proprium
2850 5661 2863 5684 ,
2907 5619 3038 5675 nihil
3066 5622 3206 5690 quod
3235 5622 3490 5691 majorem
3526 5620 3713 5675 Italicat

2149 5707 2461 5776 emphasim.
2487 5708 2628 5762 Mors
2653 5709 2769 5774 ejus
2800 5713 3061 5769 interfecit
3090 5714 3392 5767 inimicitias
3416 5752 3430 5770 .
3465 5713 3714 5766 sauciam
