  <div class='ocr_page' id='page_1' title='image "/cluster/home/n/w/nwhite01/storage/ocr_20150623/62/hvd.32044054086319/045.png"; bbox 0 0 4052 6214; ppageno 0'>
   <div class='ocr_carea' id='block_1_1' title="bbox 346 292 3636 360">
    <p class='ocr_par' dir='ltr' id='par_1_1' title="bbox 346 292 3636 360">
     <span class='ocr_line' id='line_1_1' title="bbox 346 292 3636 360; baseline 0.001 -4"><span class='ocrx_word' id='word_1_1' title='bbox 346 292 349 297; x_wconf 48' lang='grc'><em>’</em></span> <span class='ocrx_word' id='word_1_2' title='bbox 407 304 466 356; x_wconf 74' lang='grc' dir='ltr'>Η</span> <span class='ocrx_word' id='word_1_3' title='bbox 1109 300 1165 353; x_wconf 81' lang='lat' dir='ltr'>S.</span> <span class='ocrx_word' id='word_1_4' title='bbox 1205 301 1489 359; x_wconf 75' lang='lat' dir='ltr'>JOANNIS</span> <span class='ocrx_word' id='word_1_5' title='bbox 1527 302 2021 360; x_wconf 77' lang='lat' dir='ltr'>CHRYSOSTOMI</span> <span class='ocrx_word' id='word_1_6' title='bbox 2058 304 2358 359; x_wconf 77' lang='lat' dir='ltr'>ARCHIEP</span> <span class='ocrx_word' id='word_1_7' title='bbox 2417 300 2961 359; x_wconf 49' lang='lat' dir='ltr'>CONSTABTINOP.</span> <span class='ocrx_word' id='word_1_8' title='bbox 3563 306 3636 360; x_wconf 68' lang='grc' dir='ltr'>ιε</span> 
     </span>
    </p>
   </div>
   <div class='ocr_carea' id='block_1_2' title="bbox 391 410 1962 488">
    <p class='ocr_par' dir='ltr' id='par_1_2' title="bbox 391 410 1962 488">
     <span class='ocr_line' id='line_1_2' title="bbox 391 410 1962 488; baseline -0.001 -21"><span class='ocrx_word' id='word_1_9' title='bbox 391 415 564 479; x_wconf 72' lang='grc' dir='ltr'>κικὸν,</span> <span class='ocrx_word' id='word_1_10' title='bbox 599 412 659 464; x_wconf 83' lang='grc' dir='ltr'>ού</span> <span class='ocrx_word' id='word_1_11' title='bbox 713 410 1035 481; x_wconf 75' lang='grc' dir='ltr'>τεχθήσεται</span> <span class='ocrx_word' id='word_1_12' title='bbox 1084 412 1279 484; x_wconf 81' lang='grc' dir='ltr'>ἐτέρα,</span> <span class='ocrx_word' id='word_1_13' title='bbox 1317 414 1452 468; x_wconf 75' lang='grc' dir='ltr'>ἀλλὰ</span> <span class='ocrx_word' id='word_1_14' title='bbox 1496 418 1648 486; x_wconf 85' lang='grc' dir='ltr'>μενεῖ</span> <span class='ocrx_word' id='word_1_15' title='bbox 1690 417 1724 487; x_wconf 92' lang='grc' dir='ltr'>ή</span> <span class='ocrx_word' id='word_1_16' title='bbox 1773 416 1962 488; x_wconf 82' lang='grc' dir='ltr'>εἰρήνη</span> 
     </span>
    </p>
   </div>
   <div class='ocr_carea' id='block_1_3' title="bbox 391 496 596 566">
    <p class='ocr_par' dir='ltr' id='par_1_3' title="bbox 391 496 596 566">
     <span class='ocr_line' id='line_1_3' title="bbox 391 496 596 566; baseline 0 -17"><span class='ocrx_word' id='word_1_17' title='bbox 391 496 596 566; x_wconf 76' lang='grc' dir='ltr'>εκείνη.</span> 
     </span>
    </p>
   </div>
   <div class='ocr_carea' id='block_1_4' title="bbox 473 578 1964 648">
    <p class='ocr_par' dir='ltr' id='par_1_4' title="bbox 473 578 1964 648">
     <span class='ocr_line' id='line_1_4' title="bbox 473 578 1964 648; baseline 0.001 -16"><span class='ocrx_word' id='word_1_18' title='bbox 473 578 759 648; x_wconf 84' lang='grc' dir='ltr'>Ἐννόησον</span> <span class='ocrx_word' id='word_1_19' title='bbox 783 578 892 647; x_wconf 85' lang='grc' dir='ltr'>γὰρ</span> <span class='ocrx_word' id='word_1_20' title='bbox 921 578 1045 632; x_wconf 81' lang='grc' dir='ltr'>ὅσον</span> <span class='ocrx_word' id='word_1_21' title='bbox 1073 579 1187 633; x_wconf 75' lang='grc' dir='ltr'>ἐστὶ</span> <span class='ocrx_word' id='word_1_22' title='bbox 1219 579 1407 643; x_wconf 81' lang='grc' dir='ltr'>κακὸν,</span> <span class='ocrx_word' id='word_1_23' title='bbox 1434 581 1677 636; x_wconf 87' lang='grc' dir='ltr'>τοσαῦτα</span> <span class='ocrx_word' id='word_1_24' title='bbox 1702 583 1795 635; x_wconf 90' lang='grc' dir='ltr'>τοῦ</span> <span class='ocrx_word' id='word_1_25' title='bbox 1826 580 1964 635; x_wconf 87' lang='grc' dir='ltr'>Θεοῦ</span> 
     </span>
    </p>
   </div>
   <div class='ocr_carea' id='block_1_5' title="bbox 390 661 1966 735">
    <p class='ocr_par' dir='ltr' id='par_1_5' title="bbox 390 661 1966 735">
     <span class='ocr_line' id='line_1_5' title="bbox 390 661 1966 735; baseline 0 -18"><span class='ocrx_word' id='word_1_26' title='bbox 390 661 980 735; x_wconf 86' lang='grc' dir='ltr'>πραγματευσαμένου,</span> <span class='ocrx_word' id='word_1_27' title='bbox 1013 662 1100 716; x_wconf 80' lang='grc' dir='ltr'>ἵνα</span> <span class='ocrx_word' id='word_1_28' title='bbox 1128 662 1580 733; x_wconf 87' lang='grc' dir='ltr'>καταλλαγῶμεν,</span> <span class='ocrx_word' id='word_1_29' title='bbox 1615 665 1708 717; x_wconf 78' lang='grc' dir='ltr'>καὶ</span> <span class='ocrx_word' id='word_1_30' title='bbox 1732 664 1966 718; x_wconf 83' lang='grc' dir='ltr'>ἀνύσαν-</span> 
     </span>
    </p>
   </div>
   <div class='ocr_carea' id='block_1_6' title="bbox 389 742 1964 815">
    <p class='ocr_par' dir='ltr' id='par_1_6' title="bbox 389 742 1964 815">
     <span class='ocr_line' id='line_1_6' title="bbox 389 742 1964 815; baseline -0.001 -16"><span class='ocrx_word' id='word_1_31' title='bbox 389 762 499 808; x_wconf 85' lang='grc' dir='ltr'>τος,</span> <span class='ocrx_word' id='word_1_32' title='bbox 531 743 694 798; x_wconf 90' lang='grc' dir='ltr'>πάλιν</span> <span class='ocrx_word' id='word_1_33' title='bbox 717 743 864 813; x_wconf 78' lang='grc' dir='ltr'>ἡμᾶς</span> <span class='ocrx_word' id='word_1_34' title='bbox 888 744 968 804; x_wconf 90' lang='grc' dir='ltr'>εἰς</span> <span class='ocrx_word' id='word_1_35' title='bbox 989 742 1188 813; x_wconf 78' lang='grc' dir='ltr'>ἔχθραν</span> <span class='ocrx_word' id='word_1_36' title='bbox 1218 744 1554 798; x_wconf 88' lang='grc' dir='ltr'>ἐπανελθεῖν.</span> <span class='ocrx_word' id='word_1_37' title='bbox 1588 746 1807 815; x_wconf 79' lang='grc' dir='ltr'>Ταύτην</span> <span class='ocrx_word' id='word_1_38' title='bbox 1833 746 1964 798; x_wconf 84' lang='grc' dir='ltr'>οὐκ-</span> 
     </span>
    </p>
   </div>
   <div class='ocr_carea' id='block_1_7' title="bbox 390 825 1964 897">
    <p class='ocr_par' dir='ltr' id='par_1_7' title="bbox 390 825 1964 897">
     <span class='ocr_line' id='line_1_7' title="bbox 390 825 1964 897; baseline 0 -16"><span class='ocrx_word' id='word_1_39' title='bbox 390 828 472 881; x_wconf 88' lang='grc' dir='ltr'>ἐτι</span> <span class='ocrx_word' id='word_1_40' title='bbox 498 826 742 895; x_wconf 84' lang='grc' dir='ltr'>λουτρὸν,</span> <span class='ocrx_word' id='word_1_41' title='bbox 775 825 890 878; x_wconf 79' lang='grc' dir='ltr'>ἀλλ’</span> <span class='ocrx_word' id='word_1_42' title='bbox 912 827 946 896; x_wconf 89' lang='grc' dir='ltr'>ή</span> <span class='ocrx_word' id='word_1_43' title='bbox 974 825 1167 894; x_wconf 80' lang='grc' dir='ltr'>γέεννα</span> <span class='ocrx_word' id='word_1_44' title='bbox 1192 826 1364 897; x_wconf 85' lang='grc' dir='ltr'>μένει,</span> <span class='ocrx_word' id='word_1_45' title='bbox 1391 828 1575 881; x_wconf 87' lang='grc' dir='ltr'>οὐκέτι</span> <span class='ocrx_word' id='word_1_46' title='bbox 1606 830 1820 897; x_wconf 81' lang='grc' dir='ltr'>ἄφεσις,</span> <span class='ocrx_word' id='word_1_47' title='bbox 1848 828 1964 882; x_wconf 85' lang='grc' dir='ltr'>ἀλλ’</span> 
     </span>
    </p>
   </div>
   <div class='ocr_carea' id='block_1_8' title="bbox 389 907 1962 981">
    <p class='ocr_par' dir='ltr' id='par_1_8' title="bbox 389 907 1962 981">
     <span class='ocr_line' id='line_1_8' title="bbox 389 907 1962 981; baseline 0.003 -20"><span class='ocrx_word' id='word_1_48' title='bbox 389 909 659 974; x_wconf 77' lang='grc' dir='ltr'>ἐξέτασις.</span> <span class='ocrx_word' id='word_1_49' title='bbox 689 907 949 978; x_wconf 79' lang='grc' dir='ltr'>Φρόνημα</span> <span class='ocrx_word' id='word_1_50' title='bbox 992 908 1093 978; x_wconf 84' lang='grc' dir='ltr'>τῆς</span> <span class='ocrx_word' id='word_1_51' title='bbox 1144 908 1371 978; x_wconf 83' lang='grc' dir='ltr'>σαρκὸς,</span> <span class='ocrx_word' id='word_1_52' title='bbox 1425 909 1640 981; x_wconf 83' lang='grc' dir='ltr'>τρυφή,</span> <span class='ocrx_word' id='word_1_53' title='bbox 1678 911 1962 981; x_wconf 75' lang='grc' dir='ltr'>σπατὰληο</span> 
     </span>
    </p>
   </div>
   <div class='ocr_carea' id='block_1_9' title="bbox 388 989 1963 1144">
    <p class='ocr_par' dir='ltr' id='par_1_9' title="bbox 388 989 1963 1144">
     <span class='ocr_line' id='line_1_9' title="bbox 391 989 1959 1065; baseline 0.003 -21"><span class='ocrx_word' id='word_1_54' title='bbox 391 992 645 1062; x_wconf 72' lang='grc' dir='ltr'>φρόνημα</span> <span class='ocrx_word' id='word_1_55' title='bbox 670 990 771 1059; x_wconf 81' lang='grc' dir='ltr'>τῆς</span> <span class='ocrx_word' id='word_1_56' title='bbox 802 989 1027 1060; x_wconf 82' lang='grc' dir='ltr'>σαρκὸς,</span> <span class='ocrx_word' id='word_1_57' title='bbox 1054 991 1343 1058; x_wconf 80' lang='grc' dir='ltr'>πλεονεξία</span> <span class='ocrx_word' id='word_1_58' title='bbox 1383 993 1477 1045; x_wconf 73' lang='grc' dir='ltr'>καὶ</span> <span class='ocrx_word' id='word_1_59' title='bbox 1508 994 1655 1046; x_wconf 76' lang='grc' dir='ltr'>πᾶσα</span> <span class='ocrx_word' id='word_1_60' title='bbox 1691 993 1959 1065; x_wconf 78' lang='grc' dir='ltr'>ἁμαρτία.</span> 
     </span>
     <span class='ocr_line' id='line_1_10' title="bbox 388 1070 1963 1144; baseline 0.003 -20"><span class='ocrx_word' id='word_1_61' title='bbox 388 1072 486 1125; x_wconf 81' lang='grc' dir='ltr'>Διὰ</span> <span class='ocrx_word' id='word_1_62' title='bbox 539 1070 592 1124; x_wconf 89' lang='grc' dir='ltr'>τί</span> <span class='ocrx_word' id='word_1_63' title='bbox 651 1072 906 1142; x_wconf 83' lang='grc' dir='ltr'>φρόνημα</span> <span class='ocrx_word' id='word_1_64' title='bbox 940 1073 1143 1143; x_wconf 79' lang='grc' dir='ltr'>σαρκὸς</span> <span class='ocrx_word' id='word_1_65' title='bbox 1175 1073 1426 1144; x_wconf 72' lang='grc' dir='ltr'>εῖρηταις</span> <span class='ocrx_word' id='word_1_66' title='bbox 1484 1073 1664 1127; x_wconf 87' lang='grc' dir='ltr'>καίτοι</span> <span class='ocrx_word' id='word_1_67' title='bbox 1706 1091 1771 1143; x_wconf 90' lang='grc' dir='ltr'>γε</span> <span class='ocrx_word' id='word_1_68' title='bbox 1810 1075 1963 1129; x_wconf 82' lang='grc' dir='ltr'>οὐδὲν</span> 
     </span>
    </p>
   </div>
   <div class='ocr_carea' id='block_1_10' title="bbox 433 1091 1872 1140">
    <p class='ocr_par' dir='ltr' id='par_1_10' title="bbox 433 1091 1872 1140">
     <span class='ocr_line' id='line_1_11' title="bbox 433 1091 1872 1140; baseline 0.003 -16"><span class='ocrx_word' id='word_1_69' title='bbox 433 1091 486 1125; x_wconf 81' lang='grc' dir='ltr'>ια</span> <span class='ocrx_word' id='word_1_70' title='bbox 539 1091 592 1124; x_wconf 90' lang='grc' dir='ltr'>τι</span> <span class='ocrx_word' id='word_1_71' title='bbox 651 1091 906 1140; x_wconf 83' lang='grc' dir='ltr'>φρονημα</span> <span class='ocrx_word' id='word_1_72' title='bbox 940 1091 1143 1140; x_wconf 89' lang='grc' dir='ltr'>σαρκος</span> <span class='ocrx_word' id='word_1_73' title='bbox 1175 1091 1426 1140; x_wconf 87' lang='grc' dir='ltr'>ειρηται;</span> <span class='ocrx_word' id='word_1_74' title='bbox 1484 1091 1664 1127; x_wconf 87' lang='grc' dir='ltr'>καιτοι</span> <span class='ocrx_word' id='word_1_75' title='bbox 1706 1091 1771 1140; x_wconf 91' lang='grc' dir='ltr'>γε</span> <span class='ocrx_word' id='word_1_76' title='bbox 1810 1091 1872 1129; x_wconf 81' lang='grc' dir='ltr'>ου</span> 
     </span>
    </p>
   </div>
   <div class='ocr_carea' id='block_1_11' title="bbox 386 1154 1964 1229">
    <p class='ocr_par' dir='ltr' id='par_1_11' title="bbox 386 1154 1964 1229">
     <span class='ocr_line' id='line_1_12' title="bbox 386 1154 1964 1229; baseline 0 -18"><span class='ocrx_word' id='word_1_77' title='bbox 386 1157 512 1211; x_wconf 80' lang='grc' dir='ltr'>ἄνευ</span> <span class='ocrx_word' id='word_1_78' title='bbox 545 1154 723 1226; x_wconf 80' lang='grc' dir='ltr'>ψυχῆς</span> <span class='ocrx_word' id='word_1_79' title='bbox 749 1155 1044 1225; x_wconf 76' lang='grc' dir='ltr'>εἰργάσατο</span> <span class='ocrx_word' id='word_1_80' title='bbox 1062 1156 1128 1210; x_wconf 75' lang='grc' dir='ltr'>ἄν</span> <span class='ocrx_word' id='word_1_81' title='bbox 1152 1155 1202 1210; x_wconf 71' lang='grc' dir='ltr'>ιι.</span> <span class='ocrx_word' id='word_1_82' title='bbox 1236 1156 1310 1208; x_wconf 84' lang='grc' dir='ltr'>Οὐ</span> <span class='ocrx_word' id='word_1_83' title='bbox 1337 1156 1641 1210; x_wconf 77' lang='grc' dir='ltr'>διαϐάλλων</span> <span class='ocrx_word' id='word_1_84' title='bbox 1662 1158 1763 1228; x_wconf 83' lang='grc' dir='ltr'>τὴν</span> <span class='ocrx_word' id='word_1_85' title='bbox 1785 1157 1964 1229; x_wconf 80' lang='grc' dir='ltr'>σάρκα</span> 
     </span>
    </p>
   </div>
   <div class='ocr_carea' id='block_1_12' title="bbox 385 1236 1962 1308">
    <p class='ocr_par' dir='ltr' id='par_1_12' title="bbox 385 1236 1962 1308">
     <span class='ocr_line' id='line_1_13' title="bbox 385 1236 1962 1308; baseline 0.003 -19"><span class='ocrx_word' id='word_1_86' title='bbox 385 1238 554 1306; x_wconf 84' lang='grc' dir='ltr'>λέγει,</span> <span class='ocrx_word' id='word_1_87' title='bbox 592 1237 715 1291; x_wconf 80' lang='grc' dir='ltr'>ἐπεὶ</span> <span class='ocrx_word' id='word_1_88' title='bbox 750 1237 845 1290; x_wconf 77' lang='grc' dir='ltr'>καὶ</span> <span class='ocrx_word' id='word_1_89' title='bbox 875 1236 1004 1290; x_wconf 82' lang='grc' dir='ltr'>ὅταν</span> <span class='ocrx_word' id='word_1_90' title='bbox 1033 1237 1163 1308; x_wconf 83' lang='grc' dir='ltr'>λέγῃ</span> <span class='ocrx_word' id='word_1_91' title='bbox 1186 1277 1201 1302; x_wconf 89' lang='grc'>,</span> <span class='ocrx_word' id='word_1_92' title='bbox 1237 1240 1505 1306; x_wconf 78' lang='grc' dir='ltr'>Ψυχικὸς</span> <span class='ocrx_word' id='word_1_93' title='bbox 1538 1238 1869 1308; x_wconf 81' lang='grc' dir='ltr'>ἄνθρωπος,</span> <span class='ocrx_word' id='word_1_94' title='bbox 1901 1241 1962 1294; x_wconf 86' lang='grc' dir='ltr'>ού</span> 
     </span>
    </p>
   </div>
   <div class='ocr_carea' id='block_1_13' title="bbox 384 1316 1967 1393">
    <p class='ocr_par' dir='ltr' id='par_1_13' title="bbox 384 1316 1967 1393">
     <span class='ocr_line' id='line_1_14' title="bbox 384 1316 1967 1393; baseline 0.001 -20"><span class='ocrx_word' id='word_1_95' title='bbox 384 1319 689 1374; x_wconf 75' lang='grc' dir='ltr'>διαϐάλλων</span> <span class='ocrx_word' id='word_1_96' title='bbox 720 1316 818 1388; x_wconf 80' lang='grc' dir='ltr'>τὴν</span> <span class='ocrx_word' id='word_1_97' title='bbox 842 1318 1020 1390; x_wconf 80' lang='grc' dir='ltr'>ψυχὴν</span> <span class='ocrx_word' id='word_1_98' title='bbox 1040 1319 1201 1372; x_wconf 89' lang='grc' dir='ltr'>τοῦτό</span> <span class='ocrx_word' id='word_1_99' title='bbox 1220 1336 1408 1391; x_wconf 86' lang='grc' dir='ltr'>φησιν,</span> <span class='ocrx_word' id='word_1_100' title='bbox 1434 1321 1551 1375; x_wconf 86' lang='grc' dir='ltr'>ἀλλ’</span> <span class='ocrx_word' id='word_1_101' title='bbox 1580 1322 1662 1375; x_wconf 87' lang='grc' dir='ltr'>ὃτι</span> <span class='ocrx_word' id='word_1_102' title='bbox 1684 1323 1783 1376; x_wconf 78' lang='grc' dir='ltr'>οὐκ</span> <span class='ocrx_word' id='word_1_103' title='bbox 1806 1324 1967 1393; x_wconf 86' lang='grc' dir='ltr'>ἀρκεῖ</span> 
     </span>
    </p>
   </div>
   <div class='ocr_carea' id='block_1_14' title="bbox 385 1400 1965 1475">
    <p class='ocr_par' dir='ltr' id='par_1_14' title="bbox 385 1400 1965 1475">
     <span class='ocr_line' id='line_1_15' title="bbox 385 1400 1965 1475; baseline 0.001 -19"><span class='ocrx_word' id='word_1_104' title='bbox 385 1403 508 1456; x_wconf 72' lang='grc' dir='ltr'>οὔτε</span> <span class='ocrx_word' id='word_1_105' title='bbox 541 1401 723 1472; x_wconf 87' lang='grc' dir='ltr'>σῶμα,</span> <span class='ocrx_word' id='word_1_106' title='bbox 768 1400 892 1455; x_wconf 75' lang='grc' dir='ltr'>οὔτε</span> <span class='ocrx_word' id='word_1_107' title='bbox 919 1401 1064 1472; x_wconf 79' lang='grc' dir='ltr'>ψυχή</span> <span class='ocrx_word' id='word_1_108' title='bbox 1095 1400 1216 1456; x_wconf 78' lang='grc' dir='ltr'>καθ’</span> <span class='ocrx_word' id='word_1_109' title='bbox 1244 1402 1464 1475; x_wconf 76' lang='grc' dir='ltr'>ἑαυτὴν,</span> <span class='ocrx_word' id='word_1_110' title='bbox 1504 1405 1579 1474; x_wconf 84' lang='grc' dir='ltr'>μὴ</span> <span class='ocrx_word' id='word_1_111' title='bbox 1623 1403 1725 1474; x_wconf 80' lang='grc' dir='ltr'>τῆς</span> <span class='ocrx_word' id='word_1_112' title='bbox 1757 1405 1965 1459; x_wconf 81' lang='grc' dir='ltr'>ἄνωθεν</span> 
     </span>
    </p>
   </div>
   <div class='ocr_carea' id='block_1_15' title="bbox 389 1483 1961 1558">
    <p class='ocr_par' dir='ltr' id='par_1_15' title="bbox 389 1483 1961 1558">
     <span class='ocr_line' id='line_1_16' title="bbox 389 1483 1961 1558; baseline 0.001 -21"><span class='ocrx_word' id='word_1_113' title='bbox 389 1484 563 1557; x_wconf 77' lang='grc' dir='ltr'>ῥοπῆς</span> <span class='ocrx_word' id='word_1_114' title='bbox 589 1483 964 1549; x_wconf 84' lang='grc' dir='ltr'>ἀπολαύουσα,</span> <span class='ocrx_word' id='word_1_115' title='bbox 1016 1485 1238 1556; x_wconf 81' lang='grc' dir='ltr'>ποιῆσαί</span> <span class='ocrx_word' id='word_1_116' title='bbox 1286 1502 1341 1539; x_wconf 92' lang='grc' dir='ltr'>τι</span> <span class='ocrx_word' id='word_1_117' title='bbox 1382 1489 1628 1555; x_wconf 89' lang='grc' dir='ltr'>γενναῖον</span> <span class='ocrx_word' id='word_1_118' title='bbox 1661 1487 1756 1541; x_wconf 82' lang='grc' dir='ltr'>καὶ</span> <span class='ocrx_word' id='word_1_119' title='bbox 1798 1487 1961 1558; x_wconf 83' lang='grc' dir='ltr'><strong>μέγα.</strong></span> 
     </span>
    </p>
   </div>
   <div class='ocr_carea' id='block_1_16' title="bbox 387 1564 1961 1639">
    <p class='ocr_par' dir='ltr' id='par_1_16' title="bbox 387 1564 1961 1639">
     <span class='ocr_line' id='line_1_17' title="bbox 387 1564 1961 1639; baseline 0.002 -21"><span class='ocrx_word' id='word_1_120' title='bbox 387 1568 486 1620; x_wconf 85' lang='grc' dir='ltr'>Διὰ</span> <span class='ocrx_word' id='word_1_121' title='bbox 528 1564 689 1620; x_wconf 85' lang='grc' dir='ltr'>τοῦτο</span> <span class='ocrx_word' id='word_1_122' title='bbox 739 1564 948 1636; x_wconf 78' lang='grc' dir='ltr'>ψυχικὰ</span> <span class='ocrx_word' id='word_1_123' title='bbox 997 1567 1182 1620; x_wconf 81' lang='grc' dir='ltr'>ἐκεῖνα</span> <span class='ocrx_word' id='word_1_124' title='bbox 1234 1566 1411 1631; x_wconf 87' lang='grc' dir='ltr'>καλεῖ,</span> <span class='ocrx_word' id='word_1_125' title='bbox 1458 1568 1497 1622; x_wconf 76' lang='grc' dir='ltr'>ἃ.</span> <span class='ocrx_word' id='word_1_126' title='bbox 1543 1567 1665 1621; x_wconf 83' lang='grc' dir='ltr'>καθ’</span> <span class='ocrx_word' id='word_1_127' title='bbox 1699 1568 1961 1639; x_wconf 81' lang='grc' dir='ltr'>ἐαυτήνὴ</span> 
     </span>
    </p>
   </div>
   <div class='ocr_carea' id='block_1_17' title="bbox 387 1647 1960 1721">
    <p class='ocr_par' dir='ltr' id='par_1_17' title="bbox 387 1647 1960 1721">
     <span class='ocr_line' id='line_1_18' title="bbox 387 1647 1960 1721; baseline 0.001 -19"><span class='ocrx_word' id='word_1_128' title='bbox 387 1650 534 1720; x_wconf 75' lang='grc' dir='ltr'>ψυχή</span> <span class='ocrx_word' id='word_1_129' title='bbox 574 1648 899 1721; x_wconf 70' lang='grc' dir='ltr'>ἐργάζεταισ</span> <span class='ocrx_word' id='word_1_130' title='bbox 957 1647 1052 1701; x_wconf 78' lang='grc' dir='ltr'>καὶ</span> <span class='ocrx_word' id='word_1_131' title='bbox 1081 1647 1323 1717; x_wconf 79' lang='grc' dir='ltr'>σαρκικὰ</span> <span class='ocrx_word' id='word_1_132' title='bbox 1347 1651 1531 1704; x_wconf 87' lang='grc' dir='ltr'>ἐκεῖνα</span> <span class='ocrx_word' id='word_1_133' title='bbox 1565 1649 1738 1716; x_wconf 89' lang='grc' dir='ltr'>καλεῖ,</span> <span class='ocrx_word' id='word_1_134' title='bbox 1774 1650 1810 1706; x_wconf 75' lang='grc' dir='ltr'>ἃ</span> <span class='ocrx_word' id='word_1_135' title='bbox 1840 1651 1960 1705; x_wconf 82' lang='grc' dir='ltr'>καθ’</span> 
     </span>
    </p>
   </div>
   <div class='ocr_carea' id='block_1_18' title="bbox 388 1728 1966 1802">
    <p class='ocr_par' dir='ltr' id='par_1_18' title="bbox 388 1728 1966 1802">
     <span class='ocr_line' id='line_1_19' title="bbox 388 1728 1966 1802; baseline 0.001 -16"><span class='ocrx_word' id='word_1_136' title='bbox 388 1733 551 1786; x_wconf 82' lang='grc' dir='ltr'>ἐαυτδ</span> <span class='ocrx_word' id='word_1_137' title='bbox 570 1732 630 1784; x_wconf 78' lang='grc' dir='ltr'>τὺ</span> <span class='ocrx_word' id='word_1_138' title='bbox 661 1729 849 1800; x_wconf 83' lang='grc' dir='ltr'>σῶμα’</span> <span class='ocrx_word' id='word_1_139' title='bbox 882 1728 983 1783; x_wconf 83' lang='grc' dir='ltr'>οὐκ</span> <span class='ocrx_word' id='word_1_140' title='bbox 1010 1729 1197 1802; x_wconf 78' lang='grc' dir='ltr'>ἐπειδὴ</span> <span class='ocrx_word' id='word_1_141' title='bbox 1224 1730 1395 1785; x_wconf 87' lang='grc' dir='ltr'>ταῦτα</span> <span class='ocrx_word' id='word_1_142' title='bbox 1412 1732 1642 1801; x_wconf 82' lang='grc' dir='ltr'>φυσικὰ,</span> <span class='ocrx_word' id='word_1_143' title='bbox 1669 1732 1784 1787; x_wconf 80' lang='grc' dir='ltr'>ἀλλ’</span> <span class='ocrx_word' id='word_1_144' title='bbox 1816 1735 1966 1787; x_wconf 82' lang='grc' dir='ltr'>ἐπει-</span> 
     </span>
    </p>
   </div>
   <div class='ocr_carea' id='block_1_19' title="bbox 386 1812 1961 1887">
    <p class='ocr_par' dir='ltr' id='par_1_19' title="bbox 386 1812 1961 1887">
     <span class='ocr_line' id='line_1_20' title="bbox 386 1812 1961 1887; baseline 0.001 -19"><span class='ocrx_word' id='word_1_145' title='bbox 386 1816 452 1887; x_wconf 82' lang='grc' dir='ltr'>δὴ</span> <span class='ocrx_word' id='word_1_146' title='bbox 483 1816 558 1886; x_wconf 83' lang='grc' dir='ltr'>μὴ</span> <span class='ocrx_word' id='word_1_147' title='bbox 590 1812 973 1868; x_wconf 82' lang='grc' dir='ltr'>ἀπολαύσαντα</span> <span class='ocrx_word' id='word_1_148' title='bbox 1005 1814 1341 1885; x_wconf 81' lang='grc' dir='ltr'>προστασίας</span> <span class='ocrx_word' id='word_1_149' title='bbox 1379 1816 1479 1887; x_wconf 85' lang='grc' dir='ltr'>τῆς</span> <span class='ocrx_word' id='word_1_150' title='bbox 1519 1816 1749 1883; x_wconf 83' lang='grc' dir='ltr'>ἐκεῖθεν,</span> <span class='ocrx_word' id='word_1_151' title='bbox 1792 1816 1961 1871; x_wconf 85' lang='grc' dir='ltr'>ἀπόλ-</span> 
     </span>
    </p>
   </div>
   <div class='ocr_carea' id='block_1_20' title="bbox 389 1895 1962 1969">
    <p class='ocr_par' dir='ltr' id='par_1_20' title="bbox 389 1895 1962 1969">
     <span class='ocr_line' id='line_1_21' title="bbox 389 1895 1962 1969; baseline 0.002 -20"><span class='ocrx_word' id='word_1_152' title='bbox 389 1898 564 1955; x_wconf 83' lang='grc' dir='ltr'>λυται,</span> <span class='ocrx_word' id='word_1_153' title='bbox 610 1896 763 1950; x_wconf 79' lang='grc' dir='ltr'>Ἐπεὶ</span> <span class='ocrx_word' id='word_1_154' title='bbox 784 1896 877 1949; x_wconf 74' lang='grc' dir='ltr'>καὶ</span> <span class='ocrx_word' id='word_1_155' title='bbox 907 1897 955 1948; x_wconf 89' lang='grc' dir='ltr'>οί</span> <span class='ocrx_word' id='word_1_156' title='bbox 981 1895 1250 1968; x_wconf 74' lang='grc' dir='ltr'>ὀφθαλμοὶ</span> <span class='ocrx_word' id='word_1_157' title='bbox 1286 1897 1462 1963; x_wconf 75' lang='grc' dir='ltr'>καλοὶ,</span> <span class='ocrx_word' id='word_1_158' title='bbox 1487 1898 1604 1953; x_wconf 78' lang='grc' dir='ltr'>ἀλλ’</span> <span class='ocrx_word' id='word_1_159' title='bbox 1627 1899 1756 1953; x_wconf 80' lang='grc' dir='ltr'>ἄνευ</span> <span class='ocrx_word' id='word_1_160' title='bbox 1782 1899 1962 1969; x_wconf 81' lang='grc' dir='ltr'>φωτὸς</span> 
     </span>
    </p>
   </div>
   <div class='ocr_carea' id='block_1_21' title="bbox 391 1977 1961 2052">
    <p class='ocr_par' dir='ltr' id='par_1_21' title="bbox 391 1977 1961 2052">
     <span class='ocr_line' id='line_1_22' title="bbox 391 1977 1961 2052; baseline 0 -18"><span class='ocrx_word' id='word_1_161' title='bbox 391 1981 560 2051; x_wconf 85' lang='grc' dir='ltr'>μυρία</span> <span class='ocrx_word' id='word_1_162' title='bbox 588 1978 913 2052; x_wconf 87' lang='grc' dir='ltr'>ἐργάζονται</span> <span class='ocrx_word' id='word_1_163' title='bbox 939 1979 1111 2033; x_wconf 85' lang='grc' dir='ltr'>κακά·</span> <span class='ocrx_word' id='word_1_164' title='bbox 1146 1977 1304 2032; x_wconf 88' lang='grc' dir='ltr'>τοῦτο</span> <span class='ocrx_word' id='word_1_165' title='bbox 1336 1978 1392 2035; x_wconf 83' lang='grc' dir='ltr'>δὲ</span> <span class='ocrx_word' id='word_1_166' title='bbox 1421 1983 1521 2051; x_wconf 87' lang='grc' dir='ltr'>τῆς</span> <span class='ocrx_word' id='word_1_167' title='bbox 1548 1980 1832 2045; x_wconf 78' lang='grc' dir='ltr'>ἀσθενείας</span> <span class='ocrx_word' id='word_1_168' title='bbox 1861 1984 1961 2034; x_wconf 77' lang='grc' dir='ltr'>αύ-</span> 
     </span>
    </p>
   </div>
   <div class='ocr_carea' id='block_1_22' title="bbox 387 2059 1960 2136">
    <p class='ocr_par' dir='ltr' id='par_1_22' title="bbox 387 2059 1960 2136">
     <span class='ocr_line' id='line_1_23' title="bbox 387 2059 1960 2136; baseline 0.001 -19"><span class='ocrx_word' id='word_1_169' title='bbox 387 2066 495 2117; x_wconf 87' lang='grc' dir='ltr'>τῶν</span> <span class='ocrx_word' id='word_1_170' title='bbox 524 2064 694 2126; x_wconf 78' lang='grc' dir='ltr'>ἐστιν,</span> <span class='ocrx_word' id='word_1_171' title='bbox 719 2063 779 2114; x_wconf 82' lang='grc' dir='ltr'>οὐ</span> <span class='ocrx_word' id='word_1_172' title='bbox 811 2063 909 2132; x_wconf 84' lang='grc' dir='ltr'>τῆς</span> <span class='ocrx_word' id='word_1_173' title='bbox 935 2061 1170 2131; x_wconf 83' lang='grc' dir='ltr'>φύσεως.</span> <span class='ocrx_word' id='word_1_174' title='bbox 1196 2061 1259 2115; x_wconf 86' lang='grc' dir='ltr'>Εἰ</span> <span class='ocrx_word' id='word_1_175' title='bbox 1285 2062 1344 2115; x_wconf 81' lang='grc' dir='ltr'>δὲ</span> <span class='ocrx_word' id='word_1_176' title='bbox 1366 2063 1571 2132; x_wconf 80' lang='grc' dir='ltr'>φυσικὰ</span> <span class='ocrx_word' id='word_1_177' title='bbox 1596 2059 1665 2136; x_wconf 79' lang='grc' dir='ltr'>ἦν</span> <span class='ocrx_word' id='word_1_178' title='bbox 1697 2064 1766 2119; x_wconf 87' lang='grc' dir='ltr'>τὰ</span> <span class='ocrx_word' id='word_1_179' title='bbox 1793 2064 1960 2132; x_wconf 80' lang='grc' dir='ltr'>κακὰ,</span> 
     </span>
    </p>
   </div>
   <div class='ocr_carea' id='block_1_23' title="bbox 388 2143 1964 2220">
    <p class='ocr_par' dir='ltr' id='par_1_23' title="bbox 388 2143 1964 2220">
     <span class='ocr_line' id='line_1_24' title="bbox 388 2143 1964 2220; baseline 0.001 -20"><span class='ocrx_word' id='word_1_180' title='bbox 388 2148 488 2201; x_wconf 74' lang='grc' dir='ltr'>οὐκ</span> <span class='ocrx_word' id='word_1_181' title='bbox 520 2146 587 2199; x_wconf 85' lang='grc' dir='ltr'>ἂν</span> <span class='ocrx_word' id='word_1_182' title='bbox 619 2145 803 2208; x_wconf 81' lang='grc' dir='ltr'>αὐτοῖς</span> <span class='ocrx_word' id='word_1_183' title='bbox 832 2160 962 2197; x_wconf 87' lang='grc' dir='ltr'>ποτε</span> <span class='ocrx_word' id='word_1_184' title='bbox 992 2145 1072 2207; x_wconf 88' lang='grc' dir='ltr'>είς</span> <span class='ocrx_word' id='word_1_185' title='bbox 1099 2143 1219 2197; x_wconf 85' lang='grc' dir='ltr'>δέον</span> <span class='ocrx_word' id='word_1_186' title='bbox 1249 2145 1604 2216; x_wconf 84' lang='grc' dir='ltr'>ἐχρησάμεθα</span> <span class='ocrx_word' id='word_1_187' title='bbox 1628 2162 1641 2175; x_wconf 88' lang='grc'><strong>·</strong></span> <span class='ocrx_word' id='word_1_188' title='bbox 1675 2147 1829 2201; x_wconf 79' lang='grc' dir='ltr'>οὐδὲν</span> <span class='ocrx_word' id='word_1_189' title='bbox 1854 2149 1964 2220; x_wconf 87' lang='grc' dir='ltr'>γάρ</span> 
     </span>
    </p>
   </div>
   <div class='ocr_carea' id='block_1_24' title="bbox 389 2223 1960 2303">
    <p class='ocr_par' dir='ltr' id='par_1_24' title="bbox 389 2223 1960 2303">
     <span class='ocr_line' id='line_1_25' title="bbox 389 2223 1960 2303; baseline 0.003 -19"><span class='ocrx_word' id='word_1_190' title='bbox 389 2233 506 2284; x_wconf 80' lang='grc' dir='ltr'>ἐστι</span> <span class='ocrx_word' id='word_1_191' title='bbox 526 2231 755 2299; x_wconf 66' lang='grc' dir='ltr'>φυσικὸν</span> <span class='ocrx_word' id='word_1_192' title='bbox 771 2229 970 2282; x_wconf 79' lang='grc' dir='ltr'>κακόν.</span> <span class='ocrx_word' id='word_1_193' title='bbox 999 2227 1061 2281; x_wconf 87' lang='grc' dir='ltr'>Τί</span> <span class='ocrx_word' id='word_1_194' title='bbox 1079 2223 1172 2282; x_wconf 80' lang='grc' dir='ltr'>οὖν</span> <span class='ocrx_word' id='word_1_195' title='bbox 1198 2230 1313 2282; x_wconf 90' lang='grc' dir='ltr'>ἐστι</span> <span class='ocrx_word' id='word_1_196' title='bbox 1339 2230 1580 2301; x_wconf 81' lang='grc' dir='ltr'>σαρκικὰ</span> <span class='ocrx_word' id='word_1_197' title='bbox 1606 2234 1774 2303; x_wconf 89' lang='grc' dir='ltr'>φρονή</span> <span class='ocrx_word' id='word_1_198' title='bbox 1785 2250 1960 2303; x_wconf 87' lang='grc' dir='ltr'>ματα;</span> 
     </span>
    </p>
   </div>
   <div class='ocr_carea' id='block_1_25' title="bbox 389 2310 1962 2388">
    <p class='ocr_par' dir='ltr' id='par_1_25' title="bbox 389 2310 1962 2388">
     <span class='ocr_line' id='line_1_26' title="bbox 389 2310 1962 2388; baseline 0.002 -22"><span class='ocrx_word' id='word_1_199' title='bbox 389 2316 457 2367; x_wconf 82' lang='grc' dir='ltr'>Αἰ</span> <span class='ocrx_word' id='word_1_200' title='bbox 488 2313 777 2383; x_wconf 81' lang='grc' dir='ltr'>ἁμαρτίαι.</span> <span class='ocrx_word' id='word_1_201' title='bbox 813 2310 982 2365; x_wconf 86' lang='grc' dir='ltr'>Ὅταν</span> <span class='ocrx_word' id='word_1_202' title='bbox 1017 2311 1123 2383; x_wconf 89' lang='lat'>7&amp;9</span> <span class='ocrx_word' id='word_1_203' title='bbox 1172 2310 1310 2383; x_wconf 74' lang='grc' dir='ltr'>αὕτη</span> <span class='ocrx_word' id='word_1_204' title='bbox 1343 2316 1595 2386; x_wconf 75' lang='grc' dir='ltr'>κρατήσῃ</span> <span class='ocrx_word' id='word_1_205' title='bbox 1618 2314 1711 2369; x_wconf 91' lang='grc' dir='ltr'>τοῦ</span> <span class='ocrx_word' id='word_1_206' title='bbox 1746 2317 1962 2388; x_wconf 78' lang='grc' dir='ltr'>ἡνιόχου</span> 
     </span>
    </p>
   </div>
   <div class='ocr_carea' id='block_1_26' title="bbox 390 2392 1964 2470">
    <p class='ocr_par' dir='ltr' id='par_1_26' title="bbox 390 2392 1964 2470">
     <span class='ocr_line' id='line_1_27' title="bbox 390 2392 1964 2470; baseline 0.001 -21"><span class='ocrx_word' id='word_1_207' title='bbox 390 2393 842 2466; x_wconf 87' lang='grc' dir='ltr'>μετεωρισθεῖσα,</span> <span class='ocrx_word' id='word_1_208' title='bbox 865 2392 1033 2464; x_wconf 80' lang='grc' dir='ltr'>μυρία</span> <span class='ocrx_word' id='word_1_209' title='bbox 1059 2392 1236 2448; x_wconf 79' lang='grc' dir='ltr'>τίκτει</span> <span class='ocrx_word' id='word_1_210' title='bbox 1258 2395 1430 2450; x_wconf 88' lang='grc' dir='ltr'>δεινά.</span> <span class='ocrx_word' id='word_1_211' title='bbox 1477 2397 1669 2470; x_wconf 81' lang='grc' dir='ltr'>’Δρετὴ</span> <span class='ocrx_word' id='word_1_212' title='bbox 1697 2396 1804 2469; x_wconf 85' lang='lat'>7&amp;9</span> <span class='ocrx_word' id='word_1_213' title='bbox 1829 2415 1964 2468; x_wconf 89' lang='grc' dir='ltr'>σαρ-</span> 
     </span>
    </p>
   </div>
   <div class='ocr_carea' id='block_1_27' title="bbox 390 2475 1962 2553">
    <p class='ocr_par' dir='ltr' id='par_1_27' title="bbox 390 2475 1962 2553">
     <span class='ocr_line' id='line_1_28' title="bbox 390 2475 1962 2553; baseline 0.003 -22"><span class='ocrx_word' id='word_1_214' title='bbox 390 2478 486 2540; x_wconf 79' lang='grc' dir='ltr'>κὸς</span> <span class='ocrx_word' id='word_1_215' title='bbox 545 2477 604 2530; x_wconf 81' lang='grc' dir='ltr'>τὸ</span> <span class='ocrx_word' id='word_1_216' title='bbox 638 2475 1005 2545; x_wconf 74' lang='grc' dir='ltr'>ὑποτετάχθαι</span> <span class='ocrx_word' id='word_1_217' title='bbox 1054 2479 1121 2549; x_wconf 79' lang='grc' dir='ltr'>τῇ</span> <span class='ocrx_word' id='word_1_218' title='bbox 1167 2477 1337 2550; x_wconf 76' lang='grc' dir='ltr'>ψυχῇ,</span> <span class='ocrx_word' id='word_1_219' title='bbox 1391 2481 1561 2535; x_wconf 87' lang='grc' dir='ltr'>κακία</span> <span class='ocrx_word' id='word_1_220' title='bbox 1586 2479 1642 2535; x_wconf 87' lang='grc' dir='ltr'>δὲ</span> <span class='ocrx_word' id='word_1_221' title='bbox 1685 2481 1746 2534; x_wconf 84' lang='grc' dir='ltr'>τὸ</span> <span class='ocrx_word' id='word_1_222' title='bbox 1774 2480 1962 2553; x_wconf 78' lang='grc' dir='ltr'>ἄρχειν</span> 
     </span>
    </p>
   </div>
   <div class='ocr_carea' id='block_1_28' title="bbox 389 2556 1962 2639">
    <p class='ocr_par' dir='ltr' id='par_1_28' title="bbox 389 2556 1962 2639">
     <span class='ocr_line' id='line_1_29' title="bbox 389 2556 1962 2639; baseline 0.003 -25"><span class='ocrx_word' id='word_1_223' title='bbox 389 2562 585 2633; x_wconf 68' lang='grc' dir='ltr'>ψυχῆς.</span> <span class='ocrx_word' id='word_1_224' title='bbox 619 2560 831 2633; x_wconf 83' lang='grc' dir='ltr'>Ὥσπερ</span> <span class='ocrx_word' id='word_1_225' title='bbox 860 2556 953 2614; x_wconf 80' lang='grc' dir='ltr'>οὖν</span> <span class='ocrx_word' id='word_1_226' title='bbox 977 2564 1005 2615; x_wconf 92' lang='grc' dir='ltr'>ό</span> <span class='ocrx_word' id='word_1_227' title='bbox 1026 2560 1190 2626; x_wconf 81' lang='grc' dir='ltr'>ίππος</span> <span class='ocrx_word' id='word_1_228' title='bbox 1224 2564 1388 2628; x_wconf 82' lang='grc' dir='ltr'>καλὸς</span> <span class='ocrx_word' id='word_1_229' title='bbox 1421 2565 1522 2636; x_wconf 82' lang='grc' dir='ltr'>μὲν</span> <span class='ocrx_word' id='word_1_230' title='bbox 1550 2565 1645 2620; x_wconf 75' lang='grc' dir='ltr'>καὶ</span> <span class='ocrx_word' id='word_1_231' title='bbox 1677 2567 1962 2639; x_wconf 82' lang='grc' dir='ltr'>εύσκελής,</span> 
     </span>
    </p>
   </div>
   <div class='ocr_carea' id='block_1_29' title="bbox 391 2643 1963 2721">
    <p class='ocr_par' dir='ltr' id='par_1_29' title="bbox 391 2643 1963 2721">
     <span class='ocr_line' id='line_1_30' title="bbox 391 2643 1963 2721; baseline 0 -22"><span class='ocrx_word' id='word_1_232' title='bbox 391 2645 506 2699; x_wconf 79' lang='grc' dir='ltr'>ἀλλ’</span> <span class='ocrx_word' id='word_1_233' title='bbox 537 2644 639 2698; x_wconf 85' lang='grc' dir='ltr'>ούκ</span> <span class='ocrx_word' id='word_1_234' title='bbox 682 2644 809 2699; x_wconf 78' lang='grc' dir='ltr'>ἄνευ</span> <span class='ocrx_word' id='word_1_235' title='bbox 847 2643 1060 2715; x_wconf 76' lang='grc' dir='ltr'>ἡνιόχου</span> <span class='ocrx_word' id='word_1_236' title='bbox 1091 2644 1249 2698; x_wconf 83' lang='grc' dir='ltr'>τοῦτο</span> <span class='ocrx_word' id='word_1_237' title='bbox 1289 2645 1598 2701; x_wconf 90' lang='grc' dir='ltr'>δείκνυται·</span> <span class='ocrx_word' id='word_1_238' title='bbox 1632 2646 1775 2701; x_wconf 76' lang='grc' dir='ltr'>οὕτω</span> <span class='ocrx_word' id='word_1_239' title='bbox 1807 2650 1901 2701; x_wconf 78' lang='grc' dir='ltr'>καὶ</span> <span class='ocrx_word' id='word_1_240' title='bbox 1930 2651 1963 2721; x_wconf 84' lang='grc' dir='ltr'><strong>ἡ</strong></span> 
     </span>
    </p>
   </div>
   <div class='ocr_carea' id='block_1_30' title="bbox 395 2725 1965 2802">
    <p class='ocr_par' dir='ltr' id='par_1_30' title="bbox 395 2725 1965 2802">
     <span class='ocr_line' id='line_1_31' title="bbox 395 2725 1965 2802; baseline 0.003 -22"><span class='ocrx_word' id='word_1_241' title='bbox 395 2725 533 2799; x_wconf 78' lang='grc' dir='ltr'>σὰρξ</span> <span class='ocrx_word' id='word_1_242' title='bbox 572 2728 693 2780; x_wconf 78' lang='grc' dir='ltr'>τότε</span> <span class='ocrx_word' id='word_1_243' title='bbox 738 2727 890 2780; x_wconf 78' lang='grc' dir='ltr'>ἔσται</span> <span class='ocrx_word' id='word_1_244' title='bbox 924 2727 1085 2799; x_wconf 84' lang='grc' dir='ltr'>καλὴ,</span> <span class='ocrx_word' id='word_1_245' title='bbox 1132 2728 1258 2781; x_wconf 84' lang='grc' dir='ltr'>ὅταν</span> <span class='ocrx_word' id='word_1_246' title='bbox 1304 2729 1474 2801; x_wconf 81' lang='grc' dir='ltr'>αὐτῆς</span> <span class='ocrx_word' id='word_1_247' title='bbox 1497 2732 1567 2784; x_wconf 87' lang='grc' dir='ltr'>τά</span> <span class='ocrx_word' id='word_1_248' title='bbox 1615 2732 1965 2802; x_wconf 85' lang='grc' dir='ltr'>σκιρτήματα</span> 
     </span>
    </p>
   </div>
   <div class='ocr_carea' id='block_1_31' title="bbox 394 2808 1964 2883">
    <p class='ocr_par' dir='ltr' id='par_1_31' title="bbox 394 2808 1964 2883">
     <span class='ocr_line' id='line_1_32' title="bbox 394 2808 1964 2883; baseline 0.001 -19"><span class='ocrx_word' id='word_1_249' title='bbox 394 2808 805 2883; x_wconf 68' lang='grc' dir='ltr'>περικόψωμεν.</span> <span class='ocrx_word' id='word_1_250' title='bbox 830 2808 945 2882; x_wconf 80' lang='grc'>[57]</span> <span class='ocrx_word' id='word_1_251' title='bbox 990 2809 1131 2863; x_wconf 83' lang='grc' dir='ltr'>Ἀλλ’</span> <span class='ocrx_word' id='word_1_252' title='bbox 1148 2810 1270 2863; x_wconf 85' lang='grc' dir='ltr'>ούδέ</span> <span class='ocrx_word' id='word_1_253' title='bbox 1297 2811 1512 2882; x_wconf 88' lang='grc' dir='ltr'>ήνίοχος</span> <span class='ocrx_word' id='word_1_254' title='bbox 1541 2813 1815 2867; x_wconf 83' lang='grc' dir='ltr'>δείκνυται</span> <span class='ocrx_word' id='word_1_255' title='bbox 1836 2814 1964 2869; x_wconf 75' lang='grc' dir='ltr'>ἄνευ</span> 
     </span>
    </p>
   </div>
   <div class='ocr_carea' id='block_1_32' title="bbox 393 2892 1965 2967">
    <p class='ocr_par' dir='ltr' id='par_1_32' title="bbox 393 2892 1965 2967">
     <span class='ocr_line' id='line_1_33' title="bbox 393 2892 1965 2967; baseline 0.002 -22"><span class='ocrx_word' id='word_1_256' title='bbox 393 2894 739 2964; x_wconf 76' lang='grc' dir='ltr'>ἐπιστήμηςο</span> <span class='ocrx_word' id='word_1_257' title='bbox 781 2892 1015 2962; x_wconf 75' lang='grc' dir='ltr'>καὶγὰρ</span> <span class='ocrx_word' id='word_1_258' title='bbox 1063 2892 1158 2945; x_wconf 76' lang='grc' dir='ltr'>καὶ</span> <span class='ocrx_word' id='word_1_259' title='bbox 1207 2892 1368 2956; x_wconf 80' lang='grc' dir='ltr'>αὐτὸς</span> <span class='ocrx_word' id='word_1_260' title='bbox 1415 2893 1638 2949; x_wconf 89' lang='grc' dir='ltr'>ἐκείνων</span> <span class='ocrx_word' id='word_1_261' title='bbox 1689 2895 1965 2967; x_wconf 87' lang='grc' dir='ltr'>δεινότερα</span> 
     </span>
    </p>
   </div>
   <div class='ocr_carea' id='block_1_33' title="bbox 394 2973 1967 3049">
    <p class='ocr_par' dir='ltr' id='par_1_33' title="bbox 394 2973 1967 3049">
     <span class='ocr_line' id='line_1_34' title="bbox 394 2973 1967 3049; baseline 0.001 -19"><span class='ocrx_word' id='word_1_262' title='bbox 394 2977 522 3031; x_wconf 88' lang='grc' dir='ltr'>ἄνευ</span> <span class='ocrx_word' id='word_1_263' title='bbox 550 2976 861 3046; x_wconf 71' lang='grc' dir='ltr'>ἐπιστήμης</span> <span class='ocrx_word' id='word_1_264' title='bbox 902 2973 1218 3046; x_wconf 72' lang='grc' dir='ltr'>ἐργάζεται.</span> <span class='ocrx_word' id='word_1_265' title='bbox 1262 2976 1424 3029; x_wconf 83' lang='grc' dir='ltr'>Ὥστε</span> <span class='ocrx_word' id='word_1_266' title='bbox 1460 2978 1799 3049; x_wconf 83' lang='grc' dir='ltr'>πανταχόθεν</span> <span class='ocrx_word' id='word_1_267' title='bbox 1841 2980 1967 3049; x_wconf 70' lang='lat'><strong>5:95-</strong></span> 
     </span>
    </p>
   </div>
   <div class='ocr_carea' id='block_1_34' title="bbox 397 3061 1967 3138">
    <p class='ocr_par' dir='ltr' id='par_1_34' title="bbox 397 3061 1967 3138">
     <span class='ocr_line' id='line_1_35' title="bbox 397 3061 1967 3138; baseline 0.004 -22"><span class='ocrx_word' id='word_1_268' title='bbox 397 3064 585 3119; x_wconf 86' lang='grc' dir='ltr'>στάναι</span> <span class='ocrx_word' id='word_1_269' title='bbox 612 3063 718 3135; x_wconf 87' lang='grc' dir='ltr'>χρή</span> <span class='ocrx_word' id='word_1_270' title='bbox 736 3079 752 3095; x_wconf 86' lang='grc'><strong>·</strong></span> <span class='ocrx_word' id='word_1_271' title='bbox 780 3062 842 3116; x_wconf 81' lang='grc' dir='ltr'>τὸ</span> <span class='ocrx_word' id='word_1_272' title='bbox 879 3061 1119 3133; x_wconf 89' lang='grc' dir='ltr'>πνεῦμα,</span> <span class='ocrx_word' id='word_1_273' title='bbox 1154 3061 1314 3117; x_wconf 87' lang='grc' dir='ltr'>τοῦτο</span> <span class='ocrx_word' id='word_1_274' title='bbox 1339 3063 1591 3134; x_wconf 82' lang='grc' dir='ltr'>ἐφεστὸς,</span> <span class='ocrx_word' id='word_1_275' title='bbox 1628 3067 1720 3121; x_wconf 79' lang='grc' dir='ltr'>τὸν</span> <span class='ocrx_word' id='word_1_276' title='bbox 1749 3068 1967 3138; x_wconf 84' lang='grc' dir='ltr'>ήνίοχον</span> 
     </span>
    </p>
   </div>
   <div class='ocr_carea' id='block_1_35' title="bbox 399 3145 1969 3222">
    <p class='ocr_par' dir='ltr' id='par_1_35' title="bbox 399 3145 1969 3222">
     <span class='ocr_line' id='line_1_36' title="bbox 399 3145 1969 3222; baseline 0.003 -22"><span class='ocrx_word' id='word_1_277' title='bbox 399 3147 743 3217; x_wconf 74' lang='grc' dir='ltr'>ἰσχυρότερον</span> <span class='ocrx_word' id='word_1_278' title='bbox 773 3149 947 3199; x_wconf 82' lang='grc' dir='ltr'>ποιεῖ’</span> <span class='ocrx_word' id='word_1_279' title='bbox 978 3145 1138 3199; x_wconf 87' lang='grc' dir='ltr'>τοῦτο</span> <span class='ocrx_word' id='word_1_280' title='bbox 1159 3147 1254 3200; x_wconf 74' lang='grc' dir='ltr'>καὶ</span> <span class='ocrx_word' id='word_1_281' title='bbox 1280 3146 1379 3218; x_wconf 84' lang='grc' dir='ltr'>τὴν</span> <span class='ocrx_word' id='word_1_282' title='bbox 1399 3147 1576 3220; x_wconf 82' lang='grc' dir='ltr'>ψυχὴν</span> <span class='ocrx_word' id='word_1_283' title='bbox 1604 3151 1699 3203; x_wconf 76' lang='grc' dir='ltr'>καὶ</span> <span class='ocrx_word' id='word_1_284' title='bbox 1724 3150 1785 3204; x_wconf 83' lang='grc' dir='ltr'>τὸ</span> <span class='ocrx_word' id='word_1_285' title='bbox 1807 3150 1969 3222; x_wconf 84' lang='grc' dir='ltr'>σῶμα</span> 
     </span>
    </p>
   </div>
   <div class='ocr_carea' id='block_1_36' title="bbox 395 3228 1966 3305">
    <p class='ocr_par' dir='ltr' id='par_1_36' title="bbox 395 3228 1966 3305">
     <span class='ocr_line' id='line_1_37' title="bbox 395 3228 1966 3305; baseline 0.002 -21"><span class='ocrx_word' id='word_1_286' title='bbox 395 3229 745 3294; x_wconf 79' lang='grc' dir='ltr'>καλλωπίζει.</span> <span class='ocrx_word' id='word_1_287' title='bbox 772 3229 1041 3301; x_wconf 80' lang='grc' dir='ltr'>Καθάπερ</span> <span class='ocrx_word' id='word_1_288' title='bbox 1070 3228 1178 3301; x_wconf 84' lang='grc' dir='ltr'>γὰρ</span> <span class='ocrx_word' id='word_1_289' title='bbox 1198 3231 1233 3301; x_wconf 91' lang='grc' dir='ltr'>ή</span> <span class='ocrx_word' id='word_1_290' title='bbox 1260 3229 1406 3302; x_wconf 82' lang='grc' dir='ltr'>ψυχὴ</span> <span class='ocrx_word' id='word_1_291' title='bbox 1436 3231 1632 3285; x_wconf 86' lang='grc' dir='ltr'>ἐνοῦσα</span> <span class='ocrx_word' id='word_1_292' title='bbox 1669 3233 1768 3304; x_wconf 85' lang='grc' dir='ltr'>μὲν</span> <span class='ocrx_word' id='word_1_293' title='bbox 1794 3233 1966 3305; x_wconf 81' lang='grc' dir='ltr'>αὐτῷ,</span> 
     </span>
    </p>
   </div>
   <div class='ocr_carea' id='block_1_37' title="bbox 398 3310 1968 3388">
    <p class='ocr_par' dir='ltr' id='par_1_37' title="bbox 398 3310 1968 3388">
     <span class='ocr_line' id='line_1_38' title="bbox 398 3310 1968 3388; baseline 0.003 -23"><span class='ocrx_word' id='word_1_294' title='bbox 398 3310 562 3366; x_wconf 79' lang='grc' dir='ltr'>καλὸν</span> <span class='ocrx_word' id='word_1_295' title='bbox 611 3311 744 3366; x_wconf 80' lang='grc' dir='ltr'>αὐτὸ</span> <span class='ocrx_word' id='word_1_296' title='bbox 773 3311 1066 3378; x_wconf 78' lang='grc' dir='ltr'>δείκνυσιν,</span> <span class='ocrx_word' id='word_1_297' title='bbox 1121 3312 1251 3367; x_wconf 81' lang='grc' dir='ltr'>ὅταν</span> <span class='ocrx_word' id='word_1_298' title='bbox 1294 3312 1351 3367; x_wconf 74' lang='grc' dir='ltr'>δὲ</span> <span class='ocrx_word' id='word_1_299' title='bbox 1394 3312 1526 3367; x_wconf 84' lang='grc' dir='ltr'>αὐτὸ</span> <span class='ocrx_word' id='word_1_300' title='bbox 1562 3314 1826 3387; x_wconf 81' lang='grc' dir='ltr'>ἐρημώσῃ</span> <span class='ocrx_word' id='word_1_301' title='bbox 1869 3316 1968 3388; x_wconf 80' lang='grc' dir='ltr'>τῆς</span> 
     </span>
    </p>
   </div>
   <div class='ocr_carea' id='block_1_38' title="bbox 398 3396 1970 3470">
    <p class='ocr_par' dir='ltr' id='par_1_38' title="bbox 398 3396 1970 3470">
     <span class='ocr_line' id='line_1_39' title="bbox 398 3396 1970 3470; baseline 0.001 -20"><span class='ocrx_word' id='word_1_302' title='bbox 398 3396 604 3469; x_wconf 87' lang='grc' dir='ltr'>οίκείας</span> <span class='ocrx_word' id='word_1_303' title='bbox 631 3396 910 3468; x_wconf 81' lang='grc' dir='ltr'>ἐνεργείας</span> <span class='ocrx_word' id='word_1_304' title='bbox 958 3396 1053 3452; x_wconf 77' lang='grc' dir='ltr'>καὶ</span> <span class='ocrx_word' id='word_1_305' title='bbox 1097 3397 1333 3469; x_wconf 74' lang='grc' dir='ltr'>ἀποστῇ,</span> <span class='ocrx_word' id='word_1_306' title='bbox 1381 3397 1633 3470; x_wconf 87' lang='grc' dir='ltr'>καθάπερ</span> <span class='ocrx_word' id='word_1_307' title='bbox 1677 3398 1970 3469; x_wconf 80' lang='grc' dir='ltr'>ζωγράφου</span> 
     </span>
    </p>
   </div>
   <div class='ocr_carea' id='block_1_39' title="bbox 396 3478 1969 3553">
    <p class='ocr_par' dir='ltr' id='par_1_39' title="bbox 396 3478 1969 3553">
     <span class='ocr_line' id='line_1_40' title="bbox 396 3478 1969 3553; baseline 0.003 -20"><span class='ocrx_word' id='word_1_308' title='bbox 396 3480 542 3545; x_wconf 70' lang='grc' dir='ltr'>τινος</span> <span class='ocrx_word' id='word_1_309' title='bbox 595 3478 666 3534; x_wconf 81' lang='grc' dir='ltr'>τὰ</span> <span class='ocrx_word' id='word_1_310' title='bbox 719 3478 988 3552; x_wconf 86' lang='grc' dir='ltr'>χρώματα</span> <span class='ocrx_word' id='word_1_311' title='bbox 1042 3481 1363 3552; x_wconf 81' lang='grc' dir='ltr'>συγχέοντος</span> <span class='ocrx_word' id='word_1_312' title='bbox 1390 3521 1406 3546; x_wconf 95' lang='grc'>,</span> <span class='ocrx_word' id='word_1_313' title='bbox 1438 3481 1708 3553; x_wconf 85' lang='grc' dir='ltr'>εἰδέχθεια</span> <span class='ocrx_word' id='word_1_314' title='bbox 1760 3483 1969 3553; x_wconf 88' lang='grc' dir='ltr'>γίνεται</span> 
     </span>
    </p>
   </div>
   <div class='ocr_carea' id='block_1_40' title="bbox 400 3562 1993 3638">
    <p class='ocr_par' dir='ltr' id='par_1_40' title="bbox 400 3562 1993 3638">
     <span class='ocr_line' id='line_1_41' title="bbox 400 3562 1993 3638; baseline 0.004 -23"><span class='ocrx_word' id='word_1_315' title='bbox 400 3562 591 3633; x_wconf 85' lang='grc' dir='ltr'>πολλὴ,</span> <span class='ocrx_word' id='word_1_316' title='bbox 619 3563 754 3635; x_wconf 74' lang='grc' dir='ltr'>πρὸς</span> <span class='ocrx_word' id='word_1_317' title='bbox 778 3562 878 3634; x_wconf 83' lang='grc' dir='ltr'>τήν</span> <span class='ocrx_word' id='word_1_318' title='bbox 892 3562 1098 3633; x_wconf 82' lang='grc' dir='ltr'>φθορὰν</span> <span class='ocrx_word' id='word_1_319' title='bbox 1123 3565 1482 3633; x_wconf 82' lang='grc' dir='ltr'>ἐπειγομένου</span> <span class='ocrx_word' id='word_1_320' title='bbox 1511 3565 1620 3619; x_wconf 88' lang='grc' dir='ltr'>τῶν</span> <span class='ocrx_word' id='word_1_321' title='bbox 1637 3566 1818 3638; x_wconf 85' lang='grc' dir='ltr'>μερῶν</span> <span class='ocrx_word' id='word_1_322' title='bbox 1839 3565 1993 3621; x_wconf 69' lang='grc' dir='ltr'>ἐκάο⁴</span> 
     </span>
    </p>
   </div>
   <div class='ocr_carea' id='block_1_41' title="bbox 403 3645 1972 3721">
    <p class='ocr_par' dir='ltr' id='par_1_41' title="bbox 403 3645 1972 3721">
     <span class='ocr_line' id='line_1_42' title="bbox 403 3645 1972 3721; baseline 0.005 -24"><span class='ocrx_word' id='word_1_323' title='bbox 403 3662 529 3700; x_wconf 83' lang='grc' dir='ltr'>στου</span> <span class='ocrx_word' id='word_1_324' title='bbox 562 3655 585 3683; x_wconf 78' lang='grc' dir='ltr'><strong>ο</strong></span> <span class='ocrx_word' id='word_1_325' title='bbox 616 3646 711 3702; x_wconf 79' lang='grc' dir='ltr'>καὶ</span> <span class='ocrx_word' id='word_1_326' title='bbox 742 3645 842 3717; x_wconf 80' lang='grc' dir='ltr'>τὴν</span> <span class='ocrx_word' id='word_1_327' title='bbox 872 3646 1163 3700; x_wconf 82' lang='grc' dir='ltr'>ἀνάλυσιν’</span> <span class='ocrx_word' id='word_1_328' title='bbox 1193 3645 1336 3699; x_wconf 74' lang='grc' dir='ltr'>οὕτω</span> <span class='ocrx_word' id='word_1_329' title='bbox 1362 3648 1459 3702; x_wconf 74' lang='grc' dir='ltr'>καὶ</span> <span class='ocrx_word' id='word_1_330' title='bbox 1490 3648 1551 3701; x_wconf 77' lang='grc' dir='ltr'>τὸ</span> <span class='ocrx_word' id='word_1_331' title='bbox 1590 3649 1808 3721; x_wconf 86' lang='grc' dir='ltr'>πνεῦμα</span> <span class='ocrx_word' id='word_1_332' title='bbox 1846 3651 1972 3705; x_wconf 77' lang='grc' dir='ltr'>ὅταν</span> 
     </span>
    </p>
   </div>
   <div class='ocr_carea' id='block_1_42' title="bbox 402 3727 1972 3805">
    <p class='ocr_par' dir='ltr' id='par_1_42' title="bbox 402 3727 1972 3805">
     <span class='ocr_line' id='line_1_43' title="bbox 402 3727 1972 3805; baseline 0.005 -26"><span class='ocrx_word' id='word_1_333' title='bbox 402 3727 608 3799; x_wconf 84' lang='grc' dir='ltr'>ἐρημον</span> <span class='ocrx_word' id='word_1_334' title='bbox 643 3728 920 3799; x_wconf 78' lang='grc' dir='ltr'>καταλίπῃ</span> <span class='ocrx_word' id='word_1_335' title='bbox 960 3729 1055 3782; x_wconf 76' lang='grc' dir='ltr'>καὶ</span> <span class='ocrx_word' id='word_1_336' title='bbox 1082 3728 1145 3782; x_wconf 80' lang='grc' dir='ltr'>τὸ</span> <span class='ocrx_word' id='word_1_337' title='bbox 1178 3729 1340 3801; x_wconf 89' lang='grc' dir='ltr'>σῶμα</span> <span class='ocrx_word' id='word_1_338' title='bbox 1372 3731 1467 3785; x_wconf 80' lang='grc' dir='ltr'>καὶ</span> <span class='ocrx_word' id='word_1_339' title='bbox 1494 3730 1593 3803; x_wconf 83' lang='grc' dir='ltr'>τὴν</span> <span class='ocrx_word' id='word_1_340' title='bbox 1620 3731 1824 3804; x_wconf 78' lang='grc' dir='ltr'>ψυχὴν,</span> <span class='ocrx_word' id='word_1_341' title='bbox 1854 3734 1972 3805; x_wconf 84' lang='grc' dir='ltr'>χεί-</span> 
     </span>
    </p>
   </div>
   <div class='ocr_carea' id='block_1_43' title="bbox 405 3810 1972 3885">
    <p class='ocr_par' dir='ltr' id='par_1_43' title="bbox 405 3810 1972 3885">
     <span class='ocr_line' id='line_1_44' title="bbox 405 3810 1972 3885; baseline 0.005 -23"><span class='ocrx_word' id='word_1_342' title='bbox 405 3827 514 3881; x_wconf 83' lang='grc' dir='ltr'>ρων</span> <span class='ocrx_word' id='word_1_343' title='bbox 567 3810 774 3878; x_wconf 88' lang='grc' dir='ltr'>γίνεται</span> <span class='ocrx_word' id='word_1_344' title='bbox 831 3813 925 3864; x_wconf 79' lang='grc' dir='ltr'>καὶ</span> <span class='ocrx_word' id='word_1_345' title='bbox 968 3810 1170 3881; x_wconf 86' lang='grc' dir='ltr'>μείζων</span> <span class='ocrx_word' id='word_1_346' title='bbox 1202 3813 1236 3883; x_wconf 89' lang='grc' dir='ltr'>ή</span> <span class='ocrx_word' id='word_1_347' title='bbox 1282 3812 1570 3883; x_wconf 84' lang='grc' dir='ltr'>είδέχθεια.</span> <span class='ocrx_word' id='word_1_348' title='bbox 1624 3814 1717 3885; x_wconf 84' lang='grc' dir='ltr'>Μὴ</span> <span class='ocrx_word' id='word_1_349' title='bbox 1771 3817 1972 3883; x_wconf 84' lang='grc' dir='ltr'>τοίνυν,</span> 
     </span>
    </p>
   </div>
   <div class='ocr_carea' id='block_1_44' title="bbox 404 3894 1975 3969">
    <p class='ocr_par' dir='ltr' id='par_1_44' title="bbox 404 3894 1975 3969">
     <span class='ocr_line' id='line_1_45' title="bbox 404 3894 1975 3969; baseline 0.004 -23"><span class='ocrx_word' id='word_1_350' title='bbox 404 3894 591 3966; x_wconf 81' lang='grc' dir='ltr'>ἐπειδὴ</span> <span class='ocrx_word' id='word_1_351' title='bbox 631 3894 731 3964; x_wconf 81' lang='grc' dir='ltr'>τῆς</span> <span class='ocrx_word' id='word_1_352' title='bbox 758 3894 936 3965; x_wconf 68' lang='grc' dir='ltr'>ψυχῆς</span> <span class='ocrx_word' id='word_1_353' title='bbox 968 3895 1188 3951; x_wconf 75' lang='grc' dir='ltr'>ἔλαττον</span> <span class='ocrx_word' id='word_1_354' title='bbox 1225 3895 1286 3949; x_wconf 83' lang='grc' dir='ltr'>τὸ</span> <span class='ocrx_word' id='word_1_355' title='bbox 1337 3898 1519 3969; x_wconf 86' lang='grc' dir='ltr'>σῶμα,</span> <span class='ocrx_word' id='word_1_356' title='bbox 1550 3897 1747 3962; x_wconf 81' lang='grc' dir='ltr'>κάκιζε</span> <span class='ocrx_word' id='word_1_357' title='bbox 1795 3899 1975 3959; x_wconf 87' lang='grc' dir='ltr'>τοῦτο.</span> 
     </span>
    </p>
   </div>
   <div class='ocr_carea' id='block_1_45' title="bbox 406 3977 1976 4058">
    <p class='ocr_par' dir='ltr' id='par_1_45' title="bbox 406 3977 1976 4058">
     <span class='ocr_line' id='line_1_46' title="bbox 406 3977 1976 4058; baseline 0.006 -29"><span class='ocrx_word' id='word_1_358' title='bbox 406 3977 542 4031; x_wconf 79' lang='grc' dir='ltr'>υύδὲ</span> <span class='ocrx_word' id='word_1_359' title='bbox 573 3978 681 4049; x_wconf 87' lang='grc' dir='ltr'>γὰρ</span> <span class='ocrx_word' id='word_1_360' title='bbox 714 3978 825 4048; x_wconf 83' lang='grc' dir='ltr'>ἐγὼ</span> <span class='ocrx_word' id='word_1_361' title='bbox 853 3980 952 4051; x_wconf 83' lang='grc' dir='ltr'>τήν</span> <span class='ocrx_word' id='word_1_362' title='bbox 970 3979 1149 4052; x_wconf 80' lang='grc' dir='ltr'>ψυχήν</span> <span class='ocrx_word' id='word_1_363' title='bbox 1179 3981 1427 4048; x_wconf 85' lang='grc' dir='ltr'>κακίζειν</span> <span class='ocrx_word' id='word_1_364' title='bbox 1453 3982 1716 4055; x_wconf 83' lang='grc' dir='ltr'>ἀνέχομαι</span> <span class='ocrx_word' id='word_1_365' title='bbox 1740 4024 1755 4050; x_wconf 98' lang='grc'>,</span> <span class='ocrx_word' id='word_1_366' title='bbox 1786 3985 1976 4058; x_wconf 81' lang='grc' dir='ltr'>ἐπειδὴ</span> 
     </span>
    </p>
   </div>
   <div class='ocr_carea' id='block_1_46' title="bbox 403 4059 1976 4139">
    <p class='ocr_par' dir='ltr' id='par_1_46' title="bbox 403 4059 1976 4139">
     <span class='ocr_line' id='line_1_47' title="bbox 403 4059 1976 4139; baseline 0.006 -27"><span class='ocrx_word' id='word_1_367' title='bbox 403 4059 500 4113; x_wconf 90' lang='grc' dir='ltr'>τοῦ</span> <span class='ocrx_word' id='word_1_368' title='bbox 553 4061 863 4132; x_wconf 87' lang='grc' dir='ltr'>πνεύματος</span> <span class='ocrx_word' id='word_1_369' title='bbox 916 4062 1065 4117; x_wconf 78' lang='grc' dir='ltr'>οὐδὲν</span> <span class='ocrx_word' id='word_1_370' title='bbox 1108 4062 1282 4135; x_wconf 77' lang='grc' dir='ltr'>ἰσχύει</span> <span class='ocrx_word' id='word_1_371' title='bbox 1330 4064 1520 4137; x_wconf 90' lang='grc' dir='ltr'>χωρίς.</span> <span class='ocrx_word' id='word_1_372' title='bbox 1561 4067 1624 4119; x_wconf 84' lang='grc' dir='ltr'><strong>Εἰ</strong></span> <span class='ocrx_word' id='word_1_373' title='bbox 1678 4065 1736 4119; x_wconf 85' lang='grc' dir='ltr'>δέ</span> <span class='ocrx_word' id='word_1_374' title='bbox 1766 4068 1871 4139; x_wconf 90' lang='grc' dir='ltr'>χρή</span> <span class='ocrx_word' id='word_1_375' title='bbox 1921 4085 1976 4122; x_wconf 90' lang='grc' dir='ltr'>τι</span> 
     </span>
    </p>
   </div>
   <div class='ocr_carea' id='block_1_47' title="bbox 406 4143 1975 4221">
    <p class='ocr_par' dir='ltr' id='par_1_47' title="bbox 406 4143 1975 4221">
     <span class='ocr_line' id='line_1_48' title="bbox 406 4143 1975 4221; baseline 0.005 -26"><span class='ocrx_word' id='word_1_376' title='bbox 406 4143 600 4209; x_wconf 84' lang='grc' dir='ltr'>εἰπεῖν,</span> <span class='ocrx_word' id='word_1_377' title='bbox 642 4143 889 4215; x_wconf 86' lang='grc' dir='ltr'>μείζονός</span> <span class='ocrx_word' id='word_1_378' title='bbox 921 4146 1037 4199; x_wconf 91' lang='grc' dir='ltr'>ἐστι</span> <span class='ocrx_word' id='word_1_379' title='bbox 1085 4148 1422 4218; x_wconf 83' lang='grc' dir='ltr'>κατηγορίας</span> <span class='ocrx_word' id='word_1_380' title='bbox 1460 4147 1585 4214; x_wconf 79' lang='grc' dir='ltr'>ἀξία</span> <span class='ocrx_word' id='word_1_381' title='bbox 1621 4150 1655 4220; x_wconf 86' lang='grc' dir='ltr'>ή</span> <span class='ocrx_word' id='word_1_382' title='bbox 1686 4149 1854 4221; x_wconf 81' lang='grc' dir='ltr'>ψυχή.</span> <span class='ocrx_word' id='word_1_383' title='bbox 1898 4150 1975 4204; x_wconf 86' lang='grc' dir='ltr'>Τὸ</span> 
     </span>
    </p>
   </div>
   <div class='ocr_carea' id='block_1_48' title="bbox 409 4226 1984 4304">
    <p class='ocr_par' dir='ltr' id='par_1_48' title="bbox 409 4226 1984 4304">
     <span class='ocr_line' id='line_1_49' title="bbox 409 4226 1984 4304; baseline 0.005 -25"><span class='ocrx_word' id='word_1_384' title='bbox 409 4226 509 4297; x_wconf 83' lang='grc' dir='ltr'>μὲν</span> <span class='ocrx_word' id='word_1_385' title='bbox 542 4226 652 4299; x_wconf 87' lang='grc' dir='ltr'>γὰρ</span> <span class='ocrx_word' id='word_1_386' title='bbox 687 4227 849 4301; x_wconf 90' lang='grc' dir='ltr'>σῶμα</span> <span class='ocrx_word' id='word_1_387' title='bbox 880 4229 1034 4284; x_wconf 79' lang='grc' dir='ltr'>οὐδὲν</span> <span class='ocrx_word' id='word_1_388' title='bbox 1068 4229 1197 4284; x_wconf 79' lang='grc' dir='ltr'>ἄνευ</span> <span class='ocrx_word' id='word_1_389' title='bbox 1241 4230 1340 4302; x_wconf 81' lang='grc' dir='ltr'>τῆς</span> <span class='ocrx_word' id='word_1_390' title='bbox 1374 4229 1555 4304; x_wconf 82' lang='grc' dir='ltr'>ψυχῆς</span> <span class='ocrx_word' id='word_1_391' title='bbox 1592 4233 1889 4304; x_wconf 88' lang='grc' dir='ltr'>ἐργάσαιτο</span> <span class='ocrx_word' id='word_1_392' title='bbox 1918 4233 1984 4287; x_wconf 85' lang='grc' dir='ltr'>ἂν</span> 
     </span>
    </p>
   </div>
   <div class='ocr_carea' id='block_1_49' title="bbox 471 4428 1481 4501">
    <p class='ocr_par' dir='ltr' id='par_1_49' title="bbox 471 4428 1481 4501">
     <span class='ocr_line' id='line_1_50' title="bbox 471 4428 1481 4501; baseline 0.006 -26"><span class='ocrx_word' id='word_1_393' title='bbox 471 4430 499 4501; x_wconf 59' lang='grc' dir='ltr'>ξ)</span> <span class='ocrx_word' id='word_1_394' title='bbox 519 4428 744 4501; x_wconf 48' lang='lat' dir='ltr'>Robigus</span> <span class='ocrx_word' id='word_1_395' title='bbox 763 4428 983 4501; x_wconf 62' lang='lat' dir='ltr'>qquicit,</span> <span class='ocrx_word' id='word_1_396' title='bbox 1001 4431 1265 4501; x_wconf 42' lang='grc' dir='ltr'>,ἐργάσαιτο</span> <span class='ocrx_word' id='word_1_397' title='bbox 1285 4430 1361 4480; x_wconf 80' lang='grc' dir='ltr'>ἄν.</span> <span class='ocrx_word' id='word_1_398' title='bbox 1469 4488 1481 4501; x_wconf 50' lang='grc'><em>,</em></span> 
     </span>
    </p>
   </div>
   <div class='ocr_carea' id='block_1_50' title="bbox 409 4490 1993 4601">
    <p class='ocr_par' dir='ltr' id='par_1_50' title="bbox 409 4490 1993 4601">
     <span class='ocr_line' id='line_1_51' title="bbox 473 4490 1993 4559; baseline 0.001 -20"><span class='ocrx_word' id='word_1_399' title='bbox 473 4491 495 4518; x_wconf 71' lang='grc' dir='ltr'><em>ε</em></span> <span class='ocrx_word' id='word_1_400' title='bbox 518 4490 610 4559; x_wconf 67' lang='lat' dir='ltr'>liiq</span> <span class='ocrx_word' id='word_1_401' title='bbox 643 4490 925 4542; x_wconf 70' lang='lat' dir='ltr'>Mnrelliziua</span> <span class='ocrx_word' id='word_1_402' title='bbox 955 4490 1109 4542; x_wconf 62' lang='lat' dir='ltr'>editio</span> <span class='ocrx_word' id='word_1_403' title='bbox 1152 4496 1343 4555; x_wconf 81' lang='lat' dir='ltr'>partem</span> <span class='ocrx_word' id='word_1_404' title='bbox 1376 4490 1567 4556; x_wconf 82' lang='lat' dir='ltr'>periodi</span> <span class='ocrx_word' id='word_1_405' title='bbox 1595 4492 1656 4542; x_wconf 85' lang='grc' dir='ltr'>δι’</span> <span class='ocrx_word' id='word_1_406' title='bbox 1689 4493 1993 4556; x_wconf 79' lang='grc' dir='ltr'>ὁμοιοτέλευ-</span> 
     </span>
     <span class='ocr_line' id='line_1_52' title="bbox 409 4558 766 4601; baseline 0.003 -2"><span class='ocrx_word' id='word_1_407' title='bbox 409 4567 491 4599; x_wconf 76' lang='grc' dir='ltr'>τον</span> <span class='ocrx_word' id='word_1_408' title='bbox 515 4558 766 4601; x_wconf 72' lang='lat' dir='ltr'><strong>onuserat.</strong></span> 
     </span>
    </p>
   </div>
   <div class='ocr_carea' id='block_1_51' title="bbox 2065 410 3637 487">
    <p class='ocr_par' dir='ltr' id='par_1_51' title="bbox 2065 410 3637 487">
     <span class='ocr_line' id='line_1_53' title="bbox 2065 410 3637 487; baseline -0.001 -18"><span class='ocrx_word' id='word_1_409' title='bbox 2065 417 2260 481; x_wconf 77' lang='grc' dir='ltr'>δεινὸν,</span> <span class='ocrx_word' id='word_1_410' title='bbox 2293 419 2325 487; x_wconf 88' lang='grc' dir='ltr'>ή</span> <span class='ocrx_word' id='word_1_411' title='bbox 2371 417 2428 470; x_wconf 85' lang='grc' dir='ltr'>δέ</span> <span class='ocrx_word' id='word_1_412' title='bbox 2461 416 2608 486; x_wconf 73' lang='grc' dir='ltr'>ψυχὴ</span> <span class='ocrx_word' id='word_1_413' title='bbox 2644 414 2810 469; x_wconf 77' lang='grc' dir='ltr'>πολλὰ</span> <span class='ocrx_word' id='word_1_414' title='bbox 2856 412 3023 485; x_wconf 78' lang='grc' dir='ltr'>χωρὶς</span> <span class='ocrx_word' id='word_1_415' title='bbox 3062 410 3154 465; x_wconf 85' lang='grc' dir='ltr'>τοῦ</span> <span class='ocrx_word' id='word_1_416' title='bbox 3211 410 3495 483; x_wconf 81' lang='grc' dir='ltr'>σώματος·</span> <span class='ocrx_word' id='word_1_417' title='bbox 3542 417 3637 470; x_wconf 78' lang='grc' dir='ltr'>καὶ</span> 
     </span>
    </p>
   </div>
   <div class='ocr_carea' id='block_1_52' title="bbox 2066 493 3639 569">
    <p class='ocr_par' dir='ltr' id='par_1_52' title="bbox 2066 493 3639 569">
     <span class='ocr_line' id='line_1_54' title="bbox 2066 493 3639 569; baseline -0.001 -16"><span class='ocrx_word' id='word_1_418' title='bbox 2066 500 2175 568; x_wconf 84' lang='grc' dir='ltr'>γὰρ</span> <span class='ocrx_word' id='word_1_419' title='bbox 2207 502 2301 553; x_wconf 83' lang='grc' dir='ltr'>καὶ</span> <span class='ocrx_word' id='word_1_420' title='bbox 2329 499 2633 569; x_wconf 87' lang='grc' dir='ltr'>τηκομένου</span> <span class='ocrx_word' id='word_1_421' title='bbox 2651 496 2863 559; x_wconf 83' lang='grc' dir='ltr'>τούτου,</span> <span class='ocrx_word' id='word_1_422' title='bbox 2886 496 2980 549; x_wconf 77' lang='grc' dir='ltr'>καὶ</span> <span class='ocrx_word' id='word_1_423' title='bbox 2994 494 3055 547; x_wconf 84' lang='grc' dir='ltr'>οὐ</span> <span class='ocrx_word' id='word_1_424' title='bbox 3080 493 3435 565; x_wconf 85' lang='grc' dir='ltr'>σκιρτῶντος,</span> <span class='ocrx_word' id='word_1_425' title='bbox 3465 496 3639 553; x_wconf 66' lang='grc' dir='ltr'>πολλὰ</span> 
     </span>
    </p>
   </div>
   <div class='ocr_carea' id='block_1_53' title="bbox 2066 577 3637 652">
    <p class='ocr_par' dir='ltr' id='par_1_53' title="bbox 2066 577 3637 652">
     <span class='ocr_line' id='line_1_55' title="bbox 2066 577 3637 652; baseline 0.001 -19"><span class='ocrx_word' id='word_1_426' title='bbox 2066 580 2356 648; x_wconf 81' lang='grc' dir='ltr'>ἐργάζεται</span> <span class='ocrx_word' id='word_1_427' title='bbox 2372 582 2554 652; x_wconf 83' lang='grc' dir='ltr'>ἐκείνη</span> <span class='ocrx_word' id='word_1_428' title='bbox 2572 596 2588 612; x_wconf 81' lang='grc'><em>’</em></span> <span class='ocrx_word' id='word_1_429' title='bbox 2610 581 2857 651; x_wconf 85' lang='grc' dir='ltr'>καθάπερ</span> <span class='ocrx_word' id='word_1_430' title='bbox 2874 579 2921 631; x_wconf 88' lang='grc' dir='ltr'>οί</span> <span class='ocrx_word' id='word_1_431' title='bbox 2936 577 3127 646; x_wconf 86' lang='grc' dir='ltr'>γόητες</span> <span class='ocrx_word' id='word_1_432' title='bbox 3143 579 3361 641; x_wconf 83' lang='grc' dir='ltr'>ἐκεῖνοι,</span> <span class='ocrx_word' id='word_1_433' title='bbox 3382 580 3432 632; x_wconf 86' lang='grc' dir='ltr'>οί</span> <span class='ocrx_word' id='word_1_434' title='bbox 3452 579 3637 650; x_wconf 78' lang='grc' dir='ltr'>μάγοι.</span> 
     </span>
    </p>
   </div>
   <div class='ocr_carea' id='block_1_54' title="bbox 2065 660 3635 734">
    <p class='ocr_par' dir='ltr' id='par_1_54' title="bbox 2065 660 3635 734">
     <span class='ocr_line' id='line_1_56' title="bbox 2065 660 3635 734; baseline 0.001 -17"><span class='ocrx_word' id='word_1_435' title='bbox 2065 666 2114 716; x_wconf 90' lang='grc' dir='ltr'>οἰ</span> <span class='ocrx_word' id='word_1_436' title='bbox 2146 664 2484 732; x_wconf 81' lang='grc' dir='ltr'>φθονοῦντες,</span> <span class='ocrx_word' id='word_1_437' title='bbox 2520 664 2570 716; x_wconf 88' lang='grc' dir='ltr'>οἱ</span> <span class='ocrx_word' id='word_1_438' title='bbox 2600 663 2900 734; x_wconf 67' lang='grc' dir='ltr'>φαρμακοὶ,</span> <span class='ocrx_word' id='word_1_439' title='bbox 2937 660 3170 731; x_wconf 85' lang='grc' dir='ltr'>μάλιστα</span> <span class='ocrx_word' id='word_1_440' title='bbox 3202 661 3461 731; x_wconf 86' lang='grc' dir='ltr'>τήκουσιν</span> <span class='ocrx_word' id='word_1_441' title='bbox 3485 663 3635 718; x_wconf 83' lang='grc' dir='ltr'>αὑτό.</span> 
     </span>
    </p>
   </div>
   <div class='ocr_carea' id='block_1_55' title="bbox 2070 742 3638 817">
    <p class='ocr_par' dir='ltr' id='par_1_55' title="bbox 2070 742 3638 817">
     <span class='ocr_line' id='line_1_57' title="bbox 2070 742 3638 817; baseline 0 -19"><span class='ocrx_word' id='word_1_442' title='bbox 2070 745 2278 809; x_wconf 79' lang='grc' dir='ltr'>Ἀλλως</span> <span class='ocrx_word' id='word_1_443' title='bbox 2309 746 2366 798; x_wconf 84' lang='grc' dir='ltr'>δὲ</span> <span class='ocrx_word' id='word_1_444' title='bbox 2398 746 2520 799; x_wconf 82' lang='grc' dir='ltr'>ούδέ</span> <span class='ocrx_word' id='word_1_445' title='bbox 2548 747 2581 817; x_wconf 86' lang='grc' dir='ltr'>ή</span> <span class='ocrx_word' id='word_1_446' title='bbox 2609 744 2789 816; x_wconf 81' lang='grc' dir='ltr'>τρυφὴ</span> <span class='ocrx_word' id='word_1_447' title='bbox 2818 746 2916 813; x_wconf 86' lang='grc' dir='ltr'>τῆς</span> <span class='ocrx_word' id='word_1_448' title='bbox 2953 742 3045 795; x_wconf 91' lang='grc' dir='ltr'>τοῦ</span> <span class='ocrx_word' id='word_1_449' title='bbox 3091 742 3343 811; x_wconf 81' lang='grc' dir='ltr'>σώματος</span> <span class='ocrx_word' id='word_1_450' title='bbox 3386 745 3638 814; x_wconf 86' lang='grc' dir='ltr'>ἀνάγκης</span> 
     </span>
    </p>
   </div>
   <div class='ocr_carea' id='block_1_56' title="bbox 2064 825 3636 901">
    <p class='ocr_par' dir='ltr' id='par_1_56' title="bbox 2064 825 3636 901">
     <span class='ocr_line' id='line_1_58' title="bbox 2064 825 3636 901; baseline 0.006 -21"><span class='ocrx_word' id='word_1_451' title='bbox 2064 828 2231 894; x_wconf 84' lang='grc' dir='ltr'>ἐστὶν,</span> <span class='ocrx_word' id='word_1_452' title='bbox 2261 829 2398 882; x_wconf 83' lang='grc' dir='ltr'>ἀλλὰ</span> <span class='ocrx_word' id='word_1_453' title='bbox 2417 830 2514 901; x_wconf 84' lang='grc' dir='ltr'>τῆς</span> <span class='ocrx_word' id='word_1_454' title='bbox 2535 828 2863 899; x_wconf 83' lang='grc' dir='ltr'>ἀπροσεξίας</span> <span class='ocrx_word' id='word_1_455' title='bbox 2889 826 2989 895; x_wconf 80' lang='grc' dir='ltr'>τῆς</span> <span class='ocrx_word' id='word_1_456' title='bbox 3013 825 3190 895; x_wconf 74' lang='grc' dir='ltr'>ψυχῆς</span> <span class='ocrx_word' id='word_1_457' title='bbox 3208 842 3224 857; x_wconf 82' lang='grc'><strong><em>⁸</em></strong></span> <span class='ocrx_word' id='word_1_458' title='bbox 3243 828 3277 896; x_wconf 73' lang='grc' dir='ltr'>ἡ</span> <span class='ocrx_word' id='word_1_459' title='bbox 3307 826 3418 895; x_wconf 82' lang='grc' dir='ltr'>γὰρ</span> <span class='ocrx_word' id='word_1_460' title='bbox 3438 828 3636 898; x_wconf 77' lang='grc' dir='ltr'>τροφὴ.</span> 
     </span>
    </p>
   </div>
   <div class='ocr_carea' id='block_1_57' title="bbox 2063 909 3639 983">
    <p class='ocr_par' dir='ltr' id='par_1_57' title="bbox 2063 909 3639 983">
     <span class='ocr_line' id='line_1_59' title="bbox 2063 909 3639 983; baseline -0.002 -18"><span class='ocrx_word' id='word_1_461' title='bbox 2063 913 2246 983; x_wconf 77' lang='grc' dir='ltr'>οὐχὶή</span> <span class='ocrx_word' id='word_1_462' title='bbox 2283 913 2483 983; x_wconf 83' lang='grc' dir='ltr'>τρυφὴ,</span> <span class='ocrx_word' id='word_1_463' title='bbox 2523 913 2622 982; x_wconf 83' lang='grc' dir='ltr'>τῆς</span> <span class='ocrx_word' id='word_1_464' title='bbox 2646 910 2741 965; x_wconf 90' lang='grc' dir='ltr'>τοῦ</span> <span class='ocrx_word' id='word_1_465' title='bbox 2778 910 3030 982; x_wconf 84' lang='grc' dir='ltr'>σώματος</span> <span class='ocrx_word' id='word_1_466' title='bbox 3065 909 3331 979; x_wconf 81' lang='grc' dir='ltr'>ἀνάγκης.</span> <span class='ocrx_word' id='word_1_467' title='bbox 3378 909 3503 963; x_wconf 71' lang='grc' dir='ltr'>Ἐὰν</span> <span class='ocrx_word' id='word_1_468' title='bbox 3529 911 3639 980; x_wconf 73' lang='grc' dir='ltr'>γὰρ</span> 
     </span>
    </p>
   </div>
   <div class='ocr_carea' id='block_1_58' title="bbox 2066 991 3638 1067">
    <p class='ocr_par' dir='ltr' id='par_1_58' title="bbox 2066 991 3638 1067">
     <span class='ocr_line' id='line_1_60' title="bbox 2066 991 3638 1067; baseline -0.001 -20"><span class='ocrx_word' id='word_1_469' title='bbox 2066 995 2279 1066; x_wconf 85' lang='grc' dir='ltr'>θελήσω</span> <span class='ocrx_word' id='word_1_470' title='bbox 2317 994 2542 1067; x_wconf 83' lang='grc' dir='ltr'>σφοδρὸν</span> <span class='ocrx_word' id='word_1_471' title='bbox 2578 994 2827 1048; x_wconf 89' lang='grc' dir='ltr'>καθεῖναι</span> <span class='ocrx_word' id='word_1_472' title='bbox 2871 991 3109 1063; x_wconf 82' lang='grc' dir='ltr'>χαλινὸν,</span> <span class='ocrx_word' id='word_1_473' title='bbox 3156 991 3495 1061; x_wconf 76' lang='grc' dir='ltr'>ἐπεστόμισα</span> <span class='ocrx_word' id='word_1_474' title='bbox 3546 993 3638 1045; x_wconf 79' lang='grc' dir='ltr'>τὸν</span> 
     </span>
    </p>
   </div>
   <div class='ocr_carea' id='block_1_59' title="bbox 2068 1072 3640 1147">
    <p class='ocr_par' dir='ltr' id='par_1_59' title="bbox 2068 1072 3640 1147">
     <span class='ocr_line' id='line_1_61' title="bbox 2068 1072 3640 1147; baseline -0.003 -17"><span class='ocrx_word' id='word_1_475' title='bbox 2068 1077 2235 1131; x_wconf 80' lang='grc' dir='ltr'>ἵππον</span> <span class='ocrx_word' id='word_1_476' title='bbox 2256 1090 2268 1103; x_wconf 87' lang='grc'><strong>·</strong></span> <span class='ocrx_word' id='word_1_477' title='bbox 2300 1078 2363 1130; x_wconf 82' lang='grc' dir='ltr'>τὸ</span> <span class='ocrx_word' id='word_1_478' title='bbox 2388 1078 2442 1130; x_wconf 82' lang='grc' dir='ltr'>δὲ</span> <span class='ocrx_word' id='word_1_479' title='bbox 2467 1076 2624 1147; x_wconf 87' lang='grc' dir='ltr'>σῶμα</span> <span class='ocrx_word' id='word_1_480' title='bbox 2651 1076 2751 1146; x_wconf 80' lang='grc' dir='ltr'>τήν</span> <span class='ocrx_word' id='word_1_481' title='bbox 2782 1074 2962 1145; x_wconf 83' lang='grc' dir='ltr'>ψυχὴν</span> <span class='ocrx_word' id='word_1_482' title='bbox 2989 1072 3373 1127; x_wconf 83' lang='grc' dir='ltr'>καταστέλλειν</span> <span class='ocrx_word' id='word_1_483' title='bbox 3396 1073 3457 1125; x_wconf 80' lang='grc' dir='ltr'>οὐ</span> <span class='ocrx_word' id='word_1_484' title='bbox 3480 1072 3640 1127; x_wconf 78' lang='grc' dir='ltr'>δύνα·</span> 
     </span>
    </p>
   </div>
   <div class='ocr_carea' id='block_1_60' title="bbox 2063 1152 3639 1229">
    <p class='ocr_par' dir='ltr' id='par_1_60' title="bbox 2063 1152 3639 1229">
     <span class='ocr_line' id='line_1_62' title="bbox 2063 1152 3639 1229; baseline -0.003 -17"><span class='ocrx_word' id='word_1_485' title='bbox 2063 1177 2156 1213; x_wconf 90' lang='grc' dir='ltr'>ται</span> <span class='ocrx_word' id='word_1_486' title='bbox 2188 1162 2246 1213; x_wconf 91' lang='grc' dir='ltr'>ἐν</span> <span class='ocrx_word' id='word_1_487' title='bbox 2275 1161 2387 1223; x_wconf 82' lang='grc' dir='ltr'>τοῖς</span> <span class='ocrx_word' id='word_1_488' title='bbox 2415 1159 2583 1229; x_wconf 80' lang='grc' dir='ltr'>αὐτῆς</span> <span class='ocrx_word' id='word_1_489' title='bbox 2606 1160 2818 1220; x_wconf 88' lang='grc' dir='ltr'>κακοῖς.</span> <span class='ocrx_word' id='word_1_490' title='bbox 2845 1158 3006 1222; x_wconf 84' lang='grc' dir='ltr'>Τίνος</span> <span class='ocrx_word' id='word_1_491' title='bbox 3033 1152 3125 1211; x_wconf 77' lang='grc' dir='ltr'>οὗν</span> <span class='ocrx_word' id='word_1_492' title='bbox 3159 1156 3347 1208; x_wconf 78' lang='grc' dir='ltr'>ἕνεκεν</span> <span class='ocrx_word' id='word_1_493' title='bbox 3380 1155 3639 1225; x_wconf 83' lang='grc' dir='ltr'>φρόνημα</span> 
     </span>
    </p>
   </div>
   <div class='ocr_carea' id='block_1_61' title="bbox 2066 1237 3638 1311">
    <p class='ocr_par' dir='ltr' id='par_1_61' title="bbox 2066 1237 3638 1311">
     <span class='ocr_line' id='line_1_63' title="bbox 2066 1237 3638 1311; baseline -0.004 -16"><span class='ocrx_word' id='word_1_494' title='bbox 2066 1242 2200 1295; x_wconf 84' lang='grc' dir='ltr'>αὐτὸ</span> <span class='ocrx_word' id='word_1_495' title='bbox 2229 1240 2433 1311; x_wconf 80' lang='grc' dir='ltr'>σαρκὸς</span> <span class='ocrx_word' id='word_1_496' title='bbox 2480 1240 2661 1305; x_wconf 74' lang='grc' dir='ltr'>καλεῖς</span> <span class='ocrx_word' id='word_1_497' title='bbox 2701 1239 2824 1291; x_wconf 80' lang='grc' dir='ltr'>Ὀτι</span> <span class='ocrx_word' id='word_1_498' title='bbox 2876 1240 2976 1309; x_wconf 82' lang='grc' dir='ltr'>τῆς</span> <span class='ocrx_word' id='word_1_499' title='bbox 3008 1238 3210 1309; x_wconf 80' lang='grc' dir='ltr'>σαρκὸς</span> <span class='ocrx_word' id='word_1_500' title='bbox 3256 1237 3377 1291; x_wconf 81' lang='grc' dir='ltr'>ὅλον</span> <span class='ocrx_word' id='word_1_501' title='bbox 3405 1237 3638 1306; x_wconf 86' lang='grc' dir='ltr'>γίνεται.</span> 
     </span>
    </p>
   </div>
   <div class='ocr_carea' id='block_1_62' title="bbox 2067 1318 3637 1394">
    <p class='ocr_par' dir='ltr' id='par_1_62' title="bbox 2067 1318 3637 1394">
     <span class='ocr_line' id='line_1_64' title="bbox 2067 1318 3637 1394; baseline -0.004 -18"><span class='ocrx_word' id='word_1_502' title='bbox 2067 1323 2236 1379; x_wconf 82' lang='grc' dir='ltr'>Ὅταν</span> <span class='ocrx_word' id='word_1_503' title='bbox 2258 1322 2367 1394; x_wconf 85' lang='grc' dir='ltr'>γὰρ</span> <span class='ocrx_word' id='word_1_504' title='bbox 2397 1322 2534 1393; x_wconf 81' lang='grc' dir='ltr'>αῦτη</span> <span class='ocrx_word' id='word_1_505' title='bbox 2563 1321 2834 1392; x_wconf 83' lang='grc' dir='ltr'>κρατήσῃ.</span> <span class='ocrx_word' id='word_1_506' title='bbox 2865 1322 2986 1374; x_wconf 76' lang='grc' dir='ltr'>τότε</span> <span class='ocrx_word' id='word_1_507' title='bbox 3014 1320 3285 1390; x_wconf 76' lang='grc' dir='ltr'>ἥμαρτεν,</span> <span class='ocrx_word' id='word_1_508' title='bbox 3325 1318 3453 1373; x_wconf 82' lang='grc' dir='ltr'>ὅταν</span> <span class='ocrx_word' id='word_1_509' title='bbox 3499 1319 3637 1388; x_wconf 83' lang='grc' dir='ltr'>ἀφέ-</span> 
     </span>
    </p>
   </div>
   <div class='ocr_carea' id='block_1_63' title="bbox 2064 1401 3643 1475">
    <p class='ocr_par' dir='ltr' id='par_1_63' title="bbox 2064 1401 3643 1475">
     <span class='ocr_line' id='line_1_65' title="bbox 2064 1401 3643 1475; baseline -0.003 -16"><span class='ocrx_word' id='word_1_510' title='bbox 2064 1405 2227 1474; x_wconf 86' lang='grc' dir='ltr'>ληται</span> <span class='ocrx_word' id='word_1_511' title='bbox 2260 1406 2350 1460; x_wconf 83' lang='grc' dir='ltr'>τὸν</span> <span class='ocrx_word' id='word_1_512' title='bbox 2384 1405 2509 1459; x_wconf 90' lang='grc' dir='ltr'>νοῦν</span> <span class='ocrx_word' id='word_1_513' title='bbox 2541 1405 2636 1459; x_wconf 78' lang='grc' dir='ltr'>καὶ</span> <span class='ocrx_word' id='word_1_514' title='bbox 2662 1404 2761 1475; x_wconf 75' lang='grc' dir='ltr'>τὴν</span> <span class='ocrx_word' id='word_1_515' title='bbox 2790 1404 2965 1475; x_wconf 83' lang='grc' dir='ltr'>ἀρχὴν</span> <span class='ocrx_word' id='word_1_516' title='bbox 2986 1406 3093 1475; x_wconf 85' lang='grc' dir='ltr'>’τῆς</span> <span class='ocrx_word' id='word_1_517' title='bbox 3116 1403 3321 1473; x_wconf 80' lang='grc' dir='ltr'>ψυχῆς.</span> <span class='ocrx_word' id='word_1_518' title='bbox 3339 1401 3551 1457; x_wconf 83' lang='grc' dir='ltr'>Οὐκοῦν</span> <span class='ocrx_word' id='word_1_519' title='bbox 3579 1404 3643 1456; x_wconf 82' lang='grc' dir='ltr'>ἐν</span> 
     </span>
    </p>
   </div>
   <div class='ocr_carea' id='block_1_64' title="bbox 2064 1484 3639 1559">
    <p class='ocr_par' dir='ltr' id='par_1_64' title="bbox 2064 1484 3639 1559">
     <span class='ocr_line' id='line_1_66' title="bbox 2064 1484 3639 1559; baseline 0.003 -18"><span class='ocrx_word' id='word_1_520' title='bbox 2064 1487 2241 1559; x_wconf 83' lang='grc' dir='ltr'>τούτῳ</span> <span class='ocrx_word' id='word_1_521' title='bbox 2278 1489 2312 1559; x_wconf 90' lang='grc' dir='ltr'>ή</span> <span class='ocrx_word' id='word_1_522' title='bbox 2350 1487 2521 1559; x_wconf 84' lang='grc' dir='ltr'>ἀρετὴ</span> <span class='ocrx_word' id='word_1_523' title='bbox 2551 1486 2646 1541; x_wconf 88' lang='grc' dir='ltr'>τοῦ</span> <span class='ocrx_word' id='word_1_524' title='bbox 2678 1485 2949 1553; x_wconf 79' lang='grc' dir='ltr'>σώματος,</span> <span class='ocrx_word' id='word_1_525' title='bbox 2981 1487 3039 1538; x_wconf 87' lang='grc' dir='ltr'>ἐν</span> <span class='ocrx_word' id='word_1_526' title='bbox 3064 1485 3142 1555; x_wconf 83' lang='grc' dir='ltr'>τῷ</span> <span class='ocrx_word' id='word_1_527' title='bbox 3174 1486 3346 1539; x_wconf 82' lang='grc' dir='ltr'>εῐκειν</span> <span class='ocrx_word' id='word_1_528' title='bbox 3370 1487 3436 1557; x_wconf 81' lang='grc' dir='ltr'>τῇ</span> <span class='ocrx_word' id='word_1_529' title='bbox 3465 1484 3639 1556; x_wconf 77' lang='grc' dir='ltr'>ψυχῇ.</span> 
     </span>
    </p>
   </div>
   <div class='ocr_carea' id='block_1_65' title="bbox 2067 1565 3641 1640">
    <p class='ocr_par' dir='ltr' id='par_1_65' title="bbox 2067 1565 3641 1640">
     <span class='ocr_line' id='line_1_67' title="bbox 2067 1565 3641 1640; baseline -0.001 -17"><span class='ocrx_word' id='word_1_530' title='bbox 2067 1570 2190 1623; x_wconf 73' lang='grc' dir='ltr'>ἐπεὶ</span> <span class='ocrx_word' id='word_1_531' title='bbox 2220 1569 2339 1623; x_wconf 75' lang='grc' dir='ltr'>καθ’</span> <span class='ocrx_word' id='word_1_532' title='bbox 2376 1570 2572 1640; x_wconf 81' lang='grc' dir='ltr'>ἑαυτὴν</span> <span class='ocrx_word' id='word_1_533' title='bbox 2625 1567 2750 1621; x_wconf 77' lang='grc' dir='ltr'>οὔτε</span> <span class='ocrx_word' id='word_1_534' title='bbox 2796 1568 2937 1637; x_wconf 81' lang='grc' dir='ltr'>καλὴ</span> <span class='ocrx_word' id='word_1_535' title='bbox 2963 1565 3087 1620; x_wconf 75' lang='grc' dir='ltr'>οὔτε</span> <span class='ocrx_word' id='word_1_536' title='bbox 3116 1568 3287 1639; x_wconf 88' lang='grc' dir='ltr'>κακή.</span> <span class='ocrx_word' id='word_1_537' title='bbox 3320 1566 3385 1620; x_wconf 89' lang='grc' dir='ltr'>Τί</span> <span class='ocrx_word' id='word_1_538' title='bbox 3431 1566 3538 1637; x_wconf 87' lang='lat'>7&amp;9</span> <span class='ocrx_word' id='word_1_539' title='bbox 3573 1568 3641 1622; x_wconf 78' lang='grc' dir='ltr'>ἂν</span> 
     </span>
    </p>
   </div>
   <div class='ocr_carea' id='block_1_66' title="bbox 2068 1650 3643 1723">
    <p class='ocr_par' dir='ltr' id='par_1_66' title="bbox 2068 1650 3643 1723">
     <span class='ocr_line' id='line_1_68' title="bbox 2068 1650 3643 1723; baseline -0.001 -18"><span class='ocrx_word' id='word_1_540' title='bbox 2068 1653 2362 1723; x_wconf 87' lang='grc' dir='ltr'>ἐργάσαιτο</span> <span class='ocrx_word' id='word_1_541' title='bbox 2389 1655 2451 1705; x_wconf 80' lang='grc' dir='ltr'>τὸ</span> <span class='ocrx_word' id='word_1_542' title='bbox 2489 1652 2650 1723; x_wconf 87' lang='grc' dir='ltr'>σῶμα</span> <span class='ocrx_word' id='word_1_543' title='bbox 2688 1652 2810 1705; x_wconf 86' lang='grc' dir='ltr'>καθ’</span> <span class='ocrx_word' id='word_1_544' title='bbox 2839 1650 3030 1716; x_wconf 73' lang='grc' dir='ltr'>ἑαυτάς</span> <span class='ocrx_word' id='word_1_545' title='bbox 3061 1651 3228 1704; x_wconf 81' lang='grc' dir='ltr'>Ὥστε</span> <span class='ocrx_word' id='word_1_546' title='bbox 3268 1653 3336 1722; x_wconf 71' lang='grc' dir='ltr'>τῇ</span> <span class='ocrx_word' id='word_1_547' title='bbox 3376 1651 3643 1721; x_wconf 81' lang='grc' dir='ltr'>συναφείᾳ</span> 
     </span>
    </p>
   </div>
   <div class='ocr_carea' id='block_1_67' title="bbox 2069 1732 3642 1805">
    <p class='ocr_par' dir='ltr' id='par_1_67' title="bbox 2069 1732 3642 1805">
     <span class='ocr_line' id='line_1_69' title="bbox 2069 1732 3642 1805; baseline -0.002 -17"><span class='ocrx_word' id='word_1_548' title='bbox 2069 1734 2235 1788; x_wconf 82' lang='grc' dir='ltr'>καλὸν</span> <span class='ocrx_word' id='word_1_549' title='bbox 2261 1734 2323 1788; x_wconf 78' lang='grc' dir='ltr'>τὸ</span> <span class='ocrx_word' id='word_1_550' title='bbox 2352 1733 2533 1805; x_wconf 85' lang='grc' dir='ltr'>σῶμα,</span> <span class='ocrx_word' id='word_1_551' title='bbox 2574 1734 2739 1788; x_wconf 83' lang='grc' dir='ltr'>καλὸν</span> <span class='ocrx_word' id='word_1_552' title='bbox 2772 1733 2860 1787; x_wconf 84' lang='grc' dir='ltr'>διὰ</span> <span class='ocrx_word' id='word_1_553' title='bbox 2883 1732 2982 1804; x_wconf 76' lang='grc' dir='ltr'>τὴν</span> <span class='ocrx_word' id='word_1_554' title='bbox 3014 1733 3318 1802; x_wconf 82' lang='grc' dir='ltr'>ὑποταγὴν,</span> <span class='ocrx_word' id='word_1_555' title='bbox 3359 1734 3484 1786; x_wconf 77' lang='grc' dir='ltr'>ἐπεὶ</span> <span class='ocrx_word' id='word_1_556' title='bbox 3514 1732 3642 1786; x_wconf 86' lang='grc' dir='ltr'>καθ’</span> 
     </span>
    </p>
   </div>
   <div class='ocr_carea' id='block_1_68' title="bbox 2068 1816 3641 1889">
    <p class='ocr_par' dir='ltr' id='par_1_68' title="bbox 2068 1816 3641 1889">
     <span class='ocr_line' id='line_1_70' title="bbox 2068 1816 3641 1889; baseline -0.003 -16"><span class='ocrx_word' id='word_1_557' title='bbox 2068 1819 2231 1873; x_wconf 84' lang='grc' dir='ltr'>ἐαυτὺ</span> <span class='ocrx_word' id='word_1_558' title='bbox 2255 1818 2379 1872; x_wconf 84' lang='grc' dir='ltr'>οὔτε</span> <span class='ocrx_word' id='word_1_559' title='bbox 2402 1819 2587 1883; x_wconf 80' lang='grc' dir='ltr'>καλὸν,</span> <span class='ocrx_word' id='word_1_560' title='bbox 2609 1816 2670 1872; x_wconf 78' lang='grc' dir='ltr'>οῦ</span> <span class='ocrx_word' id='word_1_561' title='bbox 2680 1835 2732 1872; x_wconf 86' lang='grc' dir='ltr'>τε</span> <span class='ocrx_word' id='word_1_562' title='bbox 2761 1818 2953 1883; x_wconf 77' lang='grc' dir='ltr'>κακὸν,</span> <span class='ocrx_word' id='word_1_563' title='bbox 2984 1818 3080 1870; x_wconf 73' lang='grc' dir='ltr'>καὶ</span> <span class='ocrx_word' id='word_1_564' title='bbox 3106 1817 3242 1889; x_wconf 78' lang='grc' dir='ltr'>πρὸς</span> <span class='ocrx_word' id='word_1_565' title='bbox 3269 1816 3427 1870; x_wconf 91' lang='grc' dir='ltr'>τοῦτο</span> <span class='ocrx_word' id='word_1_566' title='bbox 3446 1817 3523 1880; x_wconf 76' lang='grc' dir='ltr'>δὲ,</span> <span class='ocrx_word' id='word_1_567' title='bbox 3546 1818 3641 1869; x_wconf 73' lang='grc' dir='ltr'>καὶ</span> 
     </span>
    </p>
   </div>
   <div class='ocr_carea' id='block_1_69' title="bbox 2068 1897 3640 1973">
    <p class='ocr_par' dir='ltr' id='par_1_69' title="bbox 2068 1897 3640 1973">
     <span class='ocr_line' id='line_1_71' title="bbox 2068 1897 3640 1973; baseline -0.001 -19"><span class='ocrx_word' id='word_1_568' title='bbox 2068 1901 2207 1973; x_wconf 82' lang='grc' dir='ltr'>πρὸς</span> <span class='ocrx_word' id='word_1_569' title='bbox 2224 1902 2401 1955; x_wconf 87' lang='grc' dir='ltr'>ἐκεῖνο</span> <span class='ocrx_word' id='word_1_570' title='bbox 2425 1900 2748 1973; x_wconf 89' lang='grc' dir='ltr'>ἐπιτήδειον,</span> <span class='ocrx_word' id='word_1_571' title='bbox 2778 1902 2858 1964; x_wconf 87' lang='grc' dir='ltr'>είς</span> <span class='ocrx_word' id='word_1_572' title='bbox 2885 1901 3122 1971; x_wconf 81' lang='grc' dir='ltr'>ἑκάτερα</span> <span class='ocrx_word' id='word_1_573' title='bbox 3158 1898 3257 1970; x_wconf 80' lang='grc' dir='ltr'>τήν</span> <span class='ocrx_word' id='word_1_574' title='bbox 3300 1900 3470 1970; x_wconf 77' lang='grc' dir='ltr'>ῥοπὴν</span> <span class='ocrx_word' id='word_1_575' title='bbox 3494 1897 3640 1969; x_wconf 74' lang='grc' dir='ltr'>ἔχον.</span> 
     </span>
    </p>
   </div>
   <div class='ocr_carea' id='block_1_70' title="bbox 2070 1980 3642 2054">
    <p class='ocr_par' dir='ltr' id='par_1_70' title="bbox 2070 1980 3642 2054">
     <span class='ocr_line' id='line_1_72' title="bbox 2070 1980 3642 2054; baseline -0.001 -18"><span class='ocrx_word' id='word_1_576' title='bbox 2070 1982 2145 2036; x_wconf 81' lang='grc' dir='ltr'>Τὸ</span> <span class='ocrx_word' id='word_1_577' title='bbox 2182 1982 2342 2054; x_wconf 89' lang='grc' dir='ltr'>σῶμα</span> <span class='ocrx_word' id='word_1_578' title='bbox 2370 1981 2650 2054; x_wconf 79' lang='grc' dir='ltr'>ἐπιθυμεῖ,</span> <span class='ocrx_word' id='word_1_579' title='bbox 2680 1982 2794 2037; x_wconf 83' lang='grc' dir='ltr'>ἀλλ’</span> <span class='ocrx_word' id='word_1_580' title='bbox 2833 1983 2894 2035; x_wconf 86' lang='grc' dir='ltr'>ού</span> <span class='ocrx_word' id='word_1_581' title='bbox 2926 1980 3185 2052; x_wconf 81' lang='grc' dir='ltr'>πορνείας</span> <span class='ocrx_word' id='word_1_582' title='bbox 3214 1981 3335 2032; x_wconf 82' lang='grc' dir='ltr'>οὐδὲ</span> <span class='ocrx_word' id='word_1_583' title='bbox 3372 1981 3642 2051; x_wconf 83' lang='grc' dir='ltr'>μοιχείας.</span> 
     </span>
    </p>
   </div>
   <div class='ocr_carea' id='block_1_71' title="bbox 2068 2064 3719 2136">
    <p class='ocr_par' dir='ltr' id='par_1_71' title="bbox 2068 2064 3719 2136">
     <span class='ocr_line' id='line_1_73' title="bbox 2068 2064 3719 2136; baseline -0.001 -17"><span class='ocrx_word' id='word_1_584' title='bbox 2068 2065 2205 2120; x_wconf 81' lang='grc' dir='ltr'>ἀλλὰ</span> <span class='ocrx_word' id='word_1_585' title='bbox 2241 2066 2470 2136; x_wconf 79' lang='grc' dir='ltr'>μίξεως·</span> <span class='ocrx_word' id='word_1_586' title='bbox 2510 2066 2572 2119; x_wconf 84' lang='grc' dir='ltr'>τὸ</span> <span class='ocrx_word' id='word_1_587' title='bbox 2607 2065 2768 2136; x_wconf 89' lang='grc' dir='ltr'>σῶμα</span> <span class='ocrx_word' id='word_1_588' title='bbox 2818 2066 3094 2136; x_wconf 75' lang='grc' dir='ltr'>ἐπιθυμεῖ,</span> <span class='ocrx_word' id='word_1_589' title='bbox 3127 2064 3190 2116; x_wconf 81' lang='grc' dir='ltr'>ού</span> <span class='ocrx_word' id='word_1_590' title='bbox 3220 2067 3451 2134; x_wconf 80' lang='grc' dir='ltr'>τρυφῆς,</span> <span class='ocrx_word' id='word_1_591' title='bbox 3501 2065 3643 2118; x_wconf 74' lang='grc' dir='ltr'>ἀλλὰ</span> <span class='ocrx_word' id='word_1_592' title='bbox 3708 2095 3719 2101; x_wconf 90' lang='grc'><strong>-</strong></span> 
     </span>
    </p>
   </div>
   <div class='ocr_carea' id='block_1_72' title="bbox 2069 2146 3648 2221">
    <p class='ocr_par' dir='ltr' id='par_1_72' title="bbox 2069 2146 3648 2221">
     <span class='ocr_line' id='line_1_74' title="bbox 2069 2146 3648 2221; baseline -0.001 -18"><span class='ocrx_word' id='word_1_593' title='bbox 2069 2152 2297 2221; x_wconf 74' lang='grc' dir='ltr'>τροφῆς,</span> <span class='ocrx_word' id='word_1_594' title='bbox 2330 2149 2392 2204; x_wconf 84' lang='grc' dir='ltr'>ού</span> <span class='ocrx_word' id='word_1_595' title='bbox 2420 2147 2611 2220; x_wconf 89' lang='grc' dir='ltr'>μέθης,</span> <span class='ocrx_word' id='word_1_596' title='bbox 2642 2148 2778 2202; x_wconf 82' lang='grc' dir='ltr'>ἀλλὰ</span> <span class='ocrx_word' id='word_1_597' title='bbox 2802 2148 2989 2202; x_wconf 89' lang='grc' dir='ltr'>ποτοῦ.</span> <span class='ocrx_word' id='word_1_598' title='bbox 3024 2148 3149 2201; x_wconf 80' lang='grc' dir='ltr'>Ὀτι</span> <span class='ocrx_word' id='word_1_599' title='bbox 3170 2146 3279 2217; x_wconf 85' lang='grc' dir='ltr'>γὰρ</span> <span class='ocrx_word' id='word_1_600' title='bbox 3304 2147 3404 2216; x_wconf 84' lang='grc' dir='ltr'>οὐχ</span> <span class='ocrx_word' id='word_1_601' title='bbox 3425 2150 3458 2217; x_wconf 85' lang='grc' dir='ltr'><strong>ἡ</strong></span> <span class='ocrx_word' id='word_1_602' title='bbox 3502 2148 3648 2218; x_wconf 81' lang='grc' dir='ltr'>μέθη</span> 
     </span>
    </p>
   </div>
   <div class='ocr_carea' id='block_1_73' title="bbox 2068 2228 3642 2304">
    <p class='ocr_par' dir='ltr' id='par_1_73' title="bbox 2068 2228 3642 2304">
     <span class='ocr_line' id='line_1_75' title="bbox 2068 2228 3642 2304; baseline -0.001 -19"><span class='ocrx_word' id='word_1_603' title='bbox 2068 2232 2162 2285; x_wconf 89' lang='grc' dir='ltr'>τοῦ</span> <span class='ocrx_word' id='word_1_604' title='bbox 2186 2231 2434 2304; x_wconf 88' lang='grc' dir='ltr'>σώματός</span> <span class='ocrx_word' id='word_1_605' title='bbox 2466 2233 2612 2285; x_wconf 89' lang='grc' dir='ltr'>ἐστιν</span> <span class='ocrx_word' id='word_1_606' title='bbox 2638 2230 2934 2301; x_wconf 85' lang='grc' dir='ltr'>ἐπιθυμία,</span> <span class='ocrx_word' id='word_1_607' title='bbox 2972 2229 3164 2283; x_wconf 85' lang='grc' dir='ltr'>σκόπει</span> <span class='ocrx_word' id='word_1_608' title='bbox 3185 2228 3334 2291; x_wconf 77' lang='grc' dir='ltr'>πῶς’</span> <span class='ocrx_word' id='word_1_609' title='bbox 3368 2229 3469 2282; x_wconf 81' lang='grc' dir='ltr'>οὐκ</span> <span class='ocrx_word' id='word_1_610' title='bbox 3488 2230 3642 2283; x_wconf 78' lang='grc' dir='ltr'>ἀντέ-</span> 
     </span>
    </p>
   </div>
   <div class='ocr_carea' id='block_1_74' title="bbox 2070 2310 3644 2383">
    <p class='ocr_par' dir='ltr' id='par_1_74' title="bbox 2070 2310 3644 2383">
     <span class='ocr_line' id='line_1_76' title="bbox 2070 2310 3644 2383; baseline 0 -18"><span class='ocrx_word' id='word_1_611' title='bbox 2070 2330 2155 2383; x_wconf 82' lang='grc' dir='ltr'>χει</span> <span class='ocrx_word' id='word_1_612' title='bbox 2188 2313 2395 2378; x_wconf 82' lang='grc' dir='ltr'>λοιπὸν,</span> <span class='ocrx_word' id='word_1_613' title='bbox 2439 2313 2567 2367; x_wconf 82' lang='grc' dir='ltr'>ὅταν</span> <span class='ocrx_word' id='word_1_614' title='bbox 2596 2311 2842 2383; x_wconf 76' lang='grc' dir='ltr'>ὑπερϐῇς</span> <span class='ocrx_word' id='word_1_615' title='bbox 2873 2312 2935 2364; x_wconf 82' lang='grc' dir='ltr'>τὸ</span> <span class='ocrx_word' id='word_1_616' title='bbox 2988 2311 3209 2381; x_wconf 79' lang='grc' dir='ltr'>μέτρον,</span> <span class='ocrx_word' id='word_1_617' title='bbox 3244 2311 3374 2364; x_wconf 82' lang='grc' dir='ltr'>ὅταν</span> <span class='ocrx_word' id='word_1_618' title='bbox 3404 2310 3474 2364; x_wconf 81' lang='grc' dir='ltr'>τὰ</span> <span class='ocrx_word' id='word_1_619' title='bbox 3518 2310 3644 2383; x_wconf 84' lang='grc' dir='ltr'>ὅρια</span> 
     </span>
    </p>
   </div>
   <div class='ocr_carea' id='block_1_75' title="bbox 2069 2392 3646 2470">
    <p class='ocr_par' dir='ltr' id='par_1_75' title="bbox 2069 2392 3646 2470">
     <span class='ocr_line' id='line_1_77' title="bbox 2069 2392 3646 2470; baseline -0.002 -20"><span class='ocrx_word' id='word_1_620' title='bbox 2069 2397 2302 2470; x_wconf 79' lang='grc' dir='ltr'>νικήσῃς</span> <span class='ocrx_word' id='word_1_621' title='bbox 2335 2397 2405 2451; x_wconf 83' lang='grc' dir='ltr'>τὰ</span> <span class='ocrx_word' id='word_1_622' title='bbox 2432 2395 2527 2450; x_wconf 90' lang='grc' dir='ltr'>τοῦ</span> <span class='ocrx_word' id='word_1_623' title='bbox 2570 2394 2820 2465; x_wconf 88' lang='grc' dir='ltr'>σώματος</span> <span class='ocrx_word' id='word_1_624' title='bbox 2840 2411 2855 2425; x_wconf 85' lang='grc'><strong>·</strong></span> <span class='ocrx_word' id='word_1_625' title='bbox 2908 2395 3033 2448; x_wconf 80' lang='grc' dir='ltr'>ἐπεὶ</span> <span class='ocrx_word' id='word_1_626' title='bbox 3061 2394 3129 2447; x_wconf 87' lang='grc' dir='ltr'>τὰ</span> <span class='ocrx_word' id='word_1_627' title='bbox 3163 2393 3297 2449; x_wconf 79' lang='grc' dir='ltr'>ἄλλα</span> <span class='ocrx_word' id='word_1_628' title='bbox 3334 2392 3512 2447; x_wconf 85' lang='grc' dir='ltr'>πάντα</span> <span class='ocrx_word' id='word_1_629' title='bbox 3545 2394 3646 2464; x_wconf 78' lang='grc' dir='ltr'>τῆς</span> 
     </span>
    </p>
   </div>
   <div class='ocr_carea' id='block_1_76' title="bbox 2069 2473 3646 2550">
    <p class='ocr_par' dir='ltr' id='par_1_76' title="bbox 2069 2473 3646 2550">
     <span class='ocr_line' id='line_1_78' title="bbox 2069 2473 3646 2550; baseline -0.003 -17"><span class='ocrx_word' id='word_1_630' title='bbox 2069 2479 2248 2550; x_wconf 76' lang='grc' dir='ltr'>ψυχῆς</span> <span class='ocrx_word' id='word_1_631' title='bbox 2303 2481 2471 2545; x_wconf 92' lang='grc' dir='ltr'>ἐστιν,</span> <span class='ocrx_word' id='word_1_632' title='bbox 2503 2473 2615 2533; x_wconf 80' lang='grc' dir='ltr'>οἷον</span> <span class='ocrx_word' id='word_1_633' title='bbox 2651 2479 2781 2532; x_wconf 84' lang='grc' dir='ltr'>ὅταν</span> <span class='ocrx_word' id='word_1_634' title='bbox 2827 2478 2909 2542; x_wconf 86' lang='grc' dir='ltr'>εἰς</span> <span class='ocrx_word' id='word_1_635' title='bbox 2961 2476 3201 2547; x_wconf 81' lang='grc' dir='ltr'>σαρκικὰ</span> <span class='ocrx_word' id='word_1_636' title='bbox 3233 2477 3646 2547; x_wconf 83' lang='grc' dir='ltr'>καταφέρηται,</span> 
     </span>
    </p>
   </div>
   <div class='ocr_carea' id='block_1_77' title="bbox 2072 2558 3645 2632">
    <p class='ocr_par' dir='ltr' id='par_1_77' title="bbox 2072 2558 3645 2632">
     <span class='ocr_line' id='line_1_79' title="bbox 2072 2558 3645 2632; baseline -0.004 -17"><span class='ocrx_word' id='word_1_637' title='bbox 2072 2563 2200 2616; x_wconf 84' lang='grc' dir='ltr'>ὅταν</span> <span class='ocrx_word' id='word_1_638' title='bbox 2253 2564 2454 2632; x_wconf 85' lang='grc' dir='ltr'>παχεῖα</span> <span class='ocrx_word' id='word_1_639' title='bbox 2499 2560 2747 2632; x_wconf 83' lang='grc' dir='ltr'>γένηται.</span> <span class='ocrx_word' id='word_1_640' title='bbox 2777 2560 2841 2614; x_wconf 87' lang='grc' dir='ltr'>Εἰ</span> <span class='ocrx_word' id='word_1_641' title='bbox 2864 2560 2974 2631; x_wconf 84' lang='grc' dir='ltr'>γὰρ</span> <span class='ocrx_word' id='word_1_642' title='bbox 3014 2559 3108 2613; x_wconf 77' lang='grc' dir='ltr'>καὶ</span> <span class='ocrx_word' id='word_1_643' title='bbox 3151 2558 3316 2612; x_wconf 81' lang='grc' dir='ltr'>καλὸν</span> <span class='ocrx_word' id='word_1_644' title='bbox 3360 2560 3423 2611; x_wconf 76' lang='grc' dir='ltr'>τὸ</span> <span class='ocrx_word' id='word_1_645' title='bbox 3462 2559 3645 2627; x_wconf 83' lang='grc' dir='ltr'>σῶμα,</span> 
     </span>
    </p>
   </div>
   <div class='ocr_carea' id='block_1_78' title="bbox 2072 2636 3648 2716">
    <p class='ocr_par' dir='ltr' id='par_1_78' title="bbox 2072 2636 3648 2716">
     <span class='ocr_line' id='line_1_80' title="bbox 2072 2636 3648 2716; baseline -0.003 -17"><span class='ocrx_word' id='word_1_646' title='bbox 2072 2645 2209 2699; x_wconf 75' lang='grc' dir='ltr'>ἀλλὰ</span> <span class='ocrx_word' id='word_1_647' title='bbox 2246 2646 2454 2716; x_wconf 79' lang='grc' dir='ltr'>σφόδρα</span> <span class='ocrx_word' id='word_1_648' title='bbox 2491 2641 2652 2714; x_wconf 83' lang='grc' dir='ltr'>ἦττον</span> <span class='ocrx_word' id='word_1_649' title='bbox 2676 2644 2774 2713; x_wconf 83' lang='grc' dir='ltr'>τῆς</span> <span class='ocrx_word' id='word_1_650' title='bbox 2804 2644 3003 2714; x_wconf 78' lang='grc' dir='ltr'>ψυχῆς.</span> <span class='ocrx_word' id='word_1_651' title='bbox 3041 2642 3254 2712; x_wconf 80' lang='grc' dir='ltr'>Ὠσπερ</span> <span class='ocrx_word' id='word_1_652' title='bbox 3287 2636 3379 2696; x_wconf 81' lang='grc' dir='ltr'>οὖν</span> <span class='ocrx_word' id='word_1_653' title='bbox 3408 2642 3584 2712; x_wconf 82' lang='grc' dir='ltr'>ήττων</span> <span class='ocrx_word' id='word_1_654' title='bbox 3615 2645 3648 2694; x_wconf 85' lang='grc' dir='ltr'>ὁ</span> 
     </span>
    </p>
   </div>
   <div class='ocr_carea' id='block_1_79' title="bbox 2075 2721 3647 2799">
    <p class='ocr_par' dir='ltr' id='par_1_79' title="bbox 2075 2721 3647 2799">
     <span class='ocr_line' id='line_1_81' title="bbox 2075 2721 3647 2799; baseline -0.004 -18"><span class='ocrx_word' id='word_1_655' title='bbox 2075 2727 2334 2799; x_wconf 78' lang='grc' dir='ltr'>μόλυϐδος</span> <span class='ocrx_word' id='word_1_656' title='bbox 2376 2725 2603 2797; x_wconf 61' lang='grc' dir='ltr'>χρυσοῦ,</span> <span class='ocrx_word' id='word_1_657' title='bbox 2645 2725 2759 2778; x_wconf 76' lang='grc' dir='ltr'>ἀλλ’</span> <span class='ocrx_word' id='word_1_658' title='bbox 2782 2726 2930 2795; x_wconf 84' lang='grc' dir='ltr'>ὅμως</span> <span class='ocrx_word' id='word_1_659' title='bbox 2955 2724 3123 2777; x_wconf 88' lang='grc' dir='ltr'>δεῖται</span> <span class='ocrx_word' id='word_1_660' title='bbox 3146 2724 3242 2777; x_wconf 77' lang='grc' dir='ltr'>καὶ</span> <span class='ocrx_word' id='word_1_661' title='bbox 3270 2723 3364 2776; x_wconf 88' lang='grc' dir='ltr'>τοῦ</span> <span class='ocrx_word' id='word_1_662' title='bbox 3394 2721 3647 2793; x_wconf 78' lang='grc' dir='ltr'>μολίϐδου</span> 
     </span>
    </p>
   </div>
   <div class='ocr_carea' id='block_1_80' title="bbox 2071 2804 3646 2878">
    <p class='ocr_par' dir='ltr' id='par_1_80' title="bbox 2071 2804 3646 2878">
     <span class='ocr_line' id='line_1_82' title="bbox 2071 2804 3646 2878; baseline -0.004 -15"><span class='ocrx_word' id='word_1_663' title='bbox 2071 2811 2164 2864; x_wconf 79' lang='grc' dir='ltr'>τοῦ</span> <span class='ocrx_word' id='word_1_664' title='bbox 2208 2810 2644 2878; x_wconf 77' lang='grc' dir='ltr'>συγκολλῶντοςο</span> <span class='ocrx_word' id='word_1_665' title='bbox 2687 2806 2829 2860; x_wconf 84' lang='grc' dir='ltr'>οῦτω</span> <span class='ocrx_word' id='word_1_666' title='bbox 2879 2806 2961 2860; x_wconf 89' lang='grc' dir='ltr'>δεῖ</span> <span class='ocrx_word' id='word_1_667' title='bbox 3002 2807 3095 2859; x_wconf 74' lang='grc' dir='ltr'>καὶ</span> <span class='ocrx_word' id='word_1_668' title='bbox 3134 2804 3231 2859; x_wconf 81' lang='grc' dir='ltr'>τοῦ</span> <span class='ocrx_word' id='word_1_669' title='bbox 3285 2805 3535 2876; x_wconf 80' lang='grc' dir='ltr'>σώματος</span> <span class='ocrx_word' id='word_1_670' title='bbox 3577 2807 3646 2876; x_wconf 72' lang='grc' dir='ltr'>τῇ</span> 
     </span>
    </p>
   </div>
   <div class='ocr_carea' id='block_1_81' title="bbox 2072 2891 3648 2967">
    <p class='ocr_par' dir='ltr' id='par_1_81' title="bbox 2072 2891 3648 2967">
     <span class='ocr_line' id='line_1_83' title="bbox 2072 2891 3648 2967; baseline -0.003 -19"><span class='ocrx_word' id='word_1_671' title='bbox 2072 2899 2218 2967; x_wconf 65' lang='grc' dir='ltr'>ψυχῇ</span> <span class='ocrx_word' id='word_1_672' title='bbox 2240 2912 2253 2925; x_wconf 84' lang='grc'><em>’</em></span> <span class='ocrx_word' id='word_1_673' title='bbox 2302 2895 2334 2967; x_wconf 84' lang='grc' dir='ltr'>ἢ</span> <span class='ocrx_word' id='word_1_674' title='bbox 2367 2896 2558 2966; x_wconf 81' lang='grc' dir='ltr'>ὥσπερ</span> <span class='ocrx_word' id='word_1_675' title='bbox 2592 2894 2801 2948; x_wconf 87' lang='grc' dir='ltr'>παιδίον</span> <span class='ocrx_word' id='word_1_676' title='bbox 2850 2894 2998 2946; x_wconf 79' lang='grc' dir='ltr'>ἐστὶν</span> <span class='ocrx_word' id='word_1_677' title='bbox 3032 2893 3251 2961; x_wconf 79' lang='grc' dir='ltr'>εὐγενὲς</span> <span class='ocrx_word' id='word_1_678' title='bbox 3295 2891 3648 2961; x_wconf 82' lang='grc' dir='ltr'>παιδαγωγοῦ</span> 
     </span>
    </p>
   </div>
   <div class='ocr_carea' id='block_1_82' title="bbox 2072 2973 3647 3050">
    <p class='ocr_par' dir='ltr' id='par_1_82' title="bbox 2072 2973 3647 3050">
     <span class='ocr_line' id='line_1_84' title="bbox 2072 2973 3647 3050; baseline -0.005 -17"><span class='ocrx_word' id='word_1_679' title='bbox 2072 2979 2346 3050; x_wconf 88' lang='grc' dir='ltr'>δεόμενον,</span> <span class='ocrx_word' id='word_1_680' title='bbox 2374 2976 2517 3031; x_wconf 82' lang='grc' dir='ltr'>οῦτω</span> <span class='ocrx_word' id='word_1_681' title='bbox 2550 2976 2648 3031; x_wconf 73' lang='grc' dir='ltr'>καὶ</span> <span class='ocrx_word' id='word_1_682' title='bbox 2682 2978 2715 3045; x_wconf 88' lang='grc' dir='ltr'>ή</span> <span class='ocrx_word' id='word_1_683' title='bbox 2747 2974 2894 3046; x_wconf 79' lang='grc' dir='ltr'>ψυχὴ</span> <span class='ocrx_word' id='word_1_684' title='bbox 2922 2977 3090 3028; x_wconf 88' lang='grc' dir='ltr'>δεῖται</span> <span class='ocrx_word' id='word_1_685' title='bbox 3109 2973 3202 3027; x_wconf 86' lang='grc' dir='ltr'>τοῦ</span> <span class='ocrx_word' id='word_1_686' title='bbox 3237 2974 3509 3045; x_wconf 87' lang='grc' dir='ltr'>σώματος.</span> <span class='ocrx_word' id='word_1_687' title='bbox 3537 2973 3647 3026; x_wconf 78' lang='grc' dir='ltr'>Καὶ</span> 
     </span>
    </p>
   </div>
   <div class='ocr_carea' id='block_1_83' title="bbox 2077 3057 3643 3132">
    <p class='ocr_par' dir='ltr' id='par_1_83' title="bbox 2077 3057 3643 3132">
     <span class='ocr_line' id='line_1_85' title="bbox 2077 3057 3643 3132; baseline -0.004 -18"><span class='ocrx_word' id='word_1_688' title='bbox 2077 3060 2152 3132; x_wconf 80' lang='grc' dir='ltr'>μὴ</span> <span class='ocrx_word' id='word_1_689' title='bbox 2170 3060 2481 3132; x_wconf 79' lang='grc' dir='ltr'>θαυμάσῃς,</span> <span class='ocrx_word' id='word_1_690' title='bbox 2516 3060 2564 3112; x_wconf 87' lang='grc' dir='ltr'>εί</span> <span class='ocrx_word' id='word_1_691' title='bbox 2595 3060 2818 3112; x_wconf 89' lang='grc' dir='ltr'>τοιαῦτα</span> <span class='ocrx_word' id='word_1_692' title='bbox 2846 3059 3171 3130; x_wconf 87' lang='grc' dir='ltr'>παρήγαγον</span> <span class='ocrx_word' id='word_1_693' title='bbox 3197 3057 3643 3128; x_wconf 83' lang='grc' dir='ltr'>παραδείγματα.</span> 
     </span>
    </p>
   </div>
   <div class='ocr_carea' id='block_1_84' title="bbox 2076 3139 3650 3213">
    <p class='ocr_par' dir='ltr' id='par_1_84' title="bbox 2076 3139 3650 3213">
     <span class='ocr_line' id='line_1_86' title="bbox 2076 3139 3650 3213; baseline -0.003 -17"><span class='ocrx_word' id='word_1_694' title='bbox 2076 3143 2288 3212; x_wconf 81' lang='grc' dir='ltr'>Ὠσπερ</span> <span class='ocrx_word' id='word_1_695' title='bbox 2315 3140 2423 3213; x_wconf 83' lang='grc' dir='ltr'>γὰρ</span> <span class='ocrx_word' id='word_1_696' title='bbox 2457 3141 2678 3195; x_wconf 69' lang='grc' dir='ltr'>παιδικὰ</span> <span class='ocrx_word' id='word_1_697' title='bbox 2707 3141 3010 3213; x_wconf 86' lang='grc' dir='ltr'>πράγματα</span> <span class='ocrx_word' id='word_1_698' title='bbox 3036 3139 3288 3209; x_wconf 87' lang='grc' dir='ltr'>λέγομεν,</span> <span class='ocrx_word' id='word_1_699' title='bbox 3317 3140 3377 3192; x_wconf 86' lang='grc' dir='ltr'>ού</span> <span class='ocrx_word' id='word_1_700' title='bbox 3411 3139 3508 3211; x_wconf 79' lang='grc' dir='ltr'>τήν</span> <span class='ocrx_word' id='word_1_701' title='bbox 3533 3140 3650 3209; x_wconf 82' lang='grc' dir='ltr'>ήλι-</span> 
     </span>
    </p>
   </div>
   <div class='ocr_carea' id='block_1_85' title="bbox 2077 3221 3649 3293">
    <p class='ocr_par' dir='ltr' id='par_1_85' title="bbox 2077 3221 3649 3293">
     <span class='ocr_line' id='line_1_87' title="bbox 2077 3221 3649 3293; baseline -0.004 -13"><span class='ocrx_word' id='word_1_702' title='bbox 2077 3225 2201 3280; x_wconf 89' lang='grc' dir='ltr'>κίαν</span> <span class='ocrx_word' id='word_1_703' title='bbox 2231 3223 2629 3290; x_wconf 77' lang='grc' dir='ltr'>διαϐάλλοντες,</span> <span class='ocrx_word' id='word_1_704' title='bbox 2673 3223 2810 3278; x_wconf 79' lang='grc' dir='ltr'>ἀλλὰ</span> <span class='ocrx_word' id='word_1_705' title='bbox 2834 3224 2905 3277; x_wconf 83' lang='grc' dir='ltr'>τά</span> <span class='ocrx_word' id='word_1_706' title='bbox 2946 3224 3067 3277; x_wconf 84' lang='grc' dir='ltr'>κατ’</span> <span class='ocrx_word' id='word_1_707' title='bbox 3105 3222 3278 3293; x_wconf 85' lang='grc' dir='ltr'>αὐτήν</span> <span class='ocrx_word' id='word_1_708' title='bbox 3303 3238 3317 3253; x_wconf 90' lang='grc'><strong>·</strong></span> <span class='ocrx_word' id='word_1_709' title='bbox 3365 3221 3507 3275; x_wconf 76' lang='grc' dir='ltr'>οὕτω</span> <span class='ocrx_word' id='word_1_710' title='bbox 3553 3221 3649 3274; x_wconf 75' lang='grc' dir='ltr'>καὶ</span> 
     </span>
    </p>
   </div>
   <div class='ocr_carea' id='block_1_86' title="bbox 2076 3300 3638 3380">
    <p class='ocr_par' dir='ltr' id='par_1_86' title="bbox 2076 3300 3638 3380">
     <span class='ocr_line' id='line_1_88' title="bbox 2076 3300 3638 3380; baseline -0.003 -18"><span class='ocrx_word' id='word_1_711' title='bbox 2076 3307 2325 3380; x_wconf 75' lang='grc' dir='ltr'>περὶτοῦ</span> <span class='ocrx_word' id='word_1_712' title='bbox 2372 3304 2645 3378; x_wconf 86' lang='grc' dir='ltr'>σώματος.</span> <span class='ocrx_word' id='word_1_713' title='bbox 2684 3305 2825 3360; x_wconf 84' lang='grc' dir='ltr'>Ἀλλ’</span> <span class='ocrx_word' id='word_1_714' title='bbox 2856 3306 3034 3359; x_wconf 78' lang='grc' dir='ltr'>ἔνεστι</span> <span class='ocrx_word' id='word_1_715' title='bbox 3075 3305 3149 3377; x_wconf 78' lang='grc' dir='ltr'>μὴ</span> <span class='ocrx_word' id='word_1_716' title='bbox 3185 3300 3324 3358; x_wconf 76' lang='grc' dir='ltr'>εἶναι</span> <span class='ocrx_word' id='word_1_717' title='bbox 3348 3306 3408 3358; x_wconf 79' lang='grc' dir='ltr'>ἐν</span> <span class='ocrx_word' id='word_1_718' title='bbox 3450 3306 3638 3376; x_wconf 78' lang='grc' dir='ltr'>σαρκὶ,</span> 
     </span>
    </p>
   </div>
   <div class='ocr_carea' id='block_1_87' title="bbox 2075 3387 3649 3462">
    <p class='ocr_par' dir='ltr' id='par_1_87' title="bbox 2075 3387 3649 3462">
     <span class='ocr_line' id='line_1_89' title="bbox 2075 3387 3649 3462; baseline -0.004 -17"><span class='ocrx_word' id='word_1_719' title='bbox 2075 3392 2142 3445; x_wconf 82' lang='grc' dir='ltr'>ἂν</span> <span class='ocrx_word' id='word_1_720' title='bbox 2176 3390 2446 3462; x_wconf 82' lang='grc' dir='ltr'>θέλωμεν,</span> <span class='ocrx_word' id='word_1_721' title='bbox 2482 3389 2671 3461; x_wconf 84' lang='grc' dir='ltr'>ὥσπερ</span> <span class='ocrx_word' id='word_1_722' title='bbox 2701 3388 2821 3443; x_wconf 83' lang='grc' dir='ltr'>ούδέ</span> <span class='ocrx_word' id='word_1_723' title='bbox 2848 3389 2905 3443; x_wconf 87' lang='grc' dir='ltr'>ἐν</span> <span class='ocrx_word' id='word_1_724' title='bbox 2938 3391 3003 3459; x_wconf 77' lang='grc' dir='ltr'>τῇ</span> <span class='ocrx_word' id='word_1_725' title='bbox 3028 3391 3123 3460; x_wconf 76' lang='grc' dir='ltr'>γῇ,</span> <span class='ocrx_word' id='word_1_726' title='bbox 3159 3388 3275 3441; x_wconf 82' lang='grc' dir='ltr'>ἀλλ’</span> <span class='ocrx_word' id='word_1_727' title='bbox 3305 3389 3363 3440; x_wconf 88' lang='grc' dir='ltr'>ἐν</span> <span class='ocrx_word' id='word_1_728' title='bbox 3399 3387 3649 3457; x_wconf 78' lang='grc' dir='ltr'>οὐρανοῖς</span> 
     </span>
    </p>
   </div>
   <div class='ocr_carea' id='block_1_88' title="bbox 2077 3465 3649 3547">
    <p class='ocr_par' dir='ltr' id='par_1_88' title="bbox 2077 3465 3649 3547">
     <span class='ocr_line' id='line_1_90' title="bbox 2077 3465 3649 3547; baseline -0.005 -18"><span class='ocrx_word' id='word_1_729' title='bbox 2077 3474 2171 3529; x_wconf 74' lang='grc' dir='ltr'>καὶ</span> <span class='ocrx_word' id='word_1_730' title='bbox 2197 3472 2316 3547; x_wconf 84' lang='lat'>[&#39;58]</span> <span class='ocrx_word' id='word_1_731' title='bbox 2341 3473 2398 3527; x_wconf 90' lang='grc' dir='ltr'>ἐν</span> <span class='ocrx_word' id='word_1_732' title='bbox 2421 3471 2718 3543; x_wconf 87' lang='grc' dir='ltr'>πνεύματι.</span> <span class='ocrx_word' id='word_1_733' title='bbox 2739 3472 2811 3525; x_wconf 80' lang='grc' dir='ltr'>Τὸ</span> <span class='ocrx_word' id='word_1_734' title='bbox 2830 3471 2940 3543; x_wconf 89' lang='lat'>7&amp;9</span> <span class='ocrx_word' id='word_1_735' title='bbox 2970 3465 3111 3524; x_wconf 80' lang='grc' dir='ltr'>εἷναί</span> <span class='ocrx_word' id='word_1_736' title='bbox 3142 3487 3267 3535; x_wconf 89' lang='grc' dir='ltr'>που,</span> <span class='ocrx_word' id='word_1_737' title='bbox 3292 3471 3391 3540; x_wconf 82' lang='grc' dir='ltr'>οὐχ</span> <span class='ocrx_word' id='word_1_738' title='bbox 3418 3469 3559 3522; x_wconf 80' lang='grc' dir='ltr'>οὕτω</span> <span class='ocrx_word' id='word_1_739' title='bbox 3577 3471 3649 3541; x_wconf 71' lang='grc' dir='ltr'>τῇ</span> 
     </span>
    </p>
   </div>
   <div class='ocr_carea' id='block_1_89' title="bbox 2078 3553 3649 3631">
    <p class='ocr_par' dir='ltr' id='par_1_89' title="bbox 2078 3553 3649 3631">
     <span class='ocr_line' id='line_1_91' title="bbox 2078 3553 3649 3631; baseline -0.004 -18"><span class='ocrx_word' id='word_1_740' title='bbox 2078 3561 2224 3614; x_wconf 82' lang='grc' dir='ltr'>θέσει</span> <span class='ocrx_word' id='word_1_741' title='bbox 2247 3562 2315 3631; x_wconf 76' lang='grc' dir='ltr'>τῇ</span> <span class='ocrx_word' id='word_1_742' title='bbox 2341 3560 2398 3612; x_wconf 86' lang='grc' dir='ltr'>ἐν</span> <span class='ocrx_word' id='word_1_743' title='bbox 2420 3556 2498 3630; x_wconf 82' lang='grc' dir='ltr'>τῷ</span> <span class='ocrx_word' id='word_1_744' title='bbox 2521 3557 2671 3628; x_wconf 87' lang='grc' dir='ltr'>τόπῳ</span> <span class='ocrx_word' id='word_1_745' title='bbox 2684 3556 2925 3626; x_wconf 87' lang='grc' dir='ltr'>λέγεται,</span> <span class='ocrx_word' id='word_1_746' title='bbox 2944 3554 3018 3620; x_wconf 86' lang='grc' dir='ltr'>ὡς</span> <span class='ocrx_word' id='word_1_747' title='bbox 3038 3557 3105 3627; x_wconf 79' lang='grc' dir='ltr'>τῇ</span> <span class='ocrx_word' id='word_1_748' title='bbox 3127 3554 3383 3609; x_wconf 86' lang='grc' dir='ltr'>διαθέσει.</span> <span class='ocrx_word' id='word_1_749' title='bbox 3416 3553 3649 3618; x_wconf 77' lang='grc' dir='ltr'>Πολλοὺς</span> 
     </span>
    </p>
   </div>
   <div class='ocr_carea' id='block_1_90' title="bbox 2077 3633 3649 3713">
    <p class='ocr_par' dir='ltr' id='par_1_90' title="bbox 2077 3633 3649 3713">
     <span class='ocr_line' id='line_1_92' title="bbox 2077 3633 3649 3713; baseline -0.005 -17"><span class='ocrx_word' id='word_1_750' title='bbox 2077 3642 2208 3713; x_wconf 89' lang='grc' dir='ltr'>γοῦν</span> <span class='ocrx_word' id='word_1_751' title='bbox 2247 3643 2408 3705; x_wconf 80' lang='grc' dir='ltr'>δντας</span> <span class='ocrx_word' id='word_1_752' title='bbox 2456 3658 2584 3707; x_wconf 89' lang='grc' dir='ltr'>που,</span> <span class='ocrx_word' id='word_1_753' title='bbox 2627 3641 2858 3711; x_wconf 86' lang='grc' dir='ltr'>λέγομεν</span> <span class='ocrx_word' id='word_1_754' title='bbox 2891 3637 2966 3710; x_wconf 84' lang='grc' dir='ltr'>μὴ</span> <span class='ocrx_word' id='word_1_755' title='bbox 3000 3633 3163 3704; x_wconf 78' lang='grc' dir='ltr'>εῖναι,</span> <span class='ocrx_word' id='word_1_756' title='bbox 3224 3636 3496 3705; x_wconf 83' lang='grc' dir='ltr'>λέγοντες,</span> <span class='ocrx_word' id='word_1_757' title='bbox 3534 3636 3649 3689; x_wconf 85' lang='grc' dir='ltr'>Ούκ</span> 
     </span>
    </p>
   </div>
   <div class='ocr_carea' id='block_1_91' title="bbox 2077 3714 3651 3797">
    <p class='ocr_par' dir='ltr' id='par_1_91' title="bbox 2077 3714 3651 3797">
     <span class='ocr_line' id='line_1_93' title="bbox 2077 3714 3651 3797; baseline -0.008 -17"><span class='ocrx_word' id='word_1_758' title='bbox 2077 3721 2222 3797; x_wconf 77' lang='grc' dir='ltr'>ἦσθα</span> <span class='ocrx_word' id='word_1_759' title='bbox 2265 3722 2518 3778; x_wconf 88' lang='grc' dir='ltr'>ἐνταῦθα.</span> <span class='ocrx_word' id='word_1_760' title='bbox 2559 3714 2672 3779; x_wconf 74' lang='grc' dir='ltr'>Καὶ</span> <span class='ocrx_word' id='word_1_761' title='bbox 2699 3722 2753 3776; x_wconf 89' lang='grc' dir='ltr'>τί</span> <span class='ocrx_word' id='word_1_762' title='bbox 2778 3721 2922 3792; x_wconf 87' lang='grc' dir='ltr'>λέγω</span> <span class='ocrx_word' id='word_1_763' title='bbox 2950 3720 3154 3787; x_wconf 88' lang='grc' dir='ltr'>ταῦτα;</span> <span class='ocrx_word' id='word_1_764' title='bbox 3189 3719 3454 3782; x_wconf 81' lang='grc' dir='ltr'>Πολλάκις</span> <span class='ocrx_word' id='word_1_765' title='bbox 3494 3717 3651 3786; x_wconf 62' lang='grc' dir='ltr'>λέγοι</span> 
     </span>
    </p>
   </div>
   <div class='ocr_carea' id='block_1_92' title="bbox 2084 3800 3649 3879">
    <p class='ocr_par' dir='ltr' id='par_1_92' title="bbox 2084 3800 3649 3879">
     <span class='ocr_line' id='line_1_94' title="bbox 2084 3800 3649 3879; baseline -0.006 -18"><span class='ocrx_word' id='word_1_766' title='bbox 2084 3824 2205 3879; x_wconf 90' lang='grc' dir='ltr'>μεν,</span> <span class='ocrx_word' id='word_1_767' title='bbox 2236 3808 2351 3860; x_wconf 82' lang='grc' dir='ltr'>Οὐκ</span> <span class='ocrx_word' id='word_1_768' title='bbox 2377 3802 2428 3859; x_wconf 79' lang='grc' dir='ltr'>εί</span> <span class='ocrx_word' id='word_1_769' title='bbox 2456 3807 2514 3859; x_wconf 88' lang='grc' dir='ltr'>ἐν</span> <span class='ocrx_word' id='word_1_770' title='bbox 2554 3804 2789 3876; x_wconf 83' lang='grc' dir='ltr'>σεαυτῷ,</span> <span class='ocrx_word' id='word_1_771' title='bbox 2820 3805 2933 3858; x_wconf 73' lang='grc' dir='ltr'>Οὐκ</span> <span class='ocrx_word' id='word_1_772' title='bbox 2961 3804 3077 3875; x_wconf 76' lang='grc' dir='ltr'>εἰμί.</span> <span class='ocrx_word' id='word_1_773' title='bbox 3103 3806 3161 3858; x_wconf 87' lang='grc' dir='ltr'>ἐν</span> <span class='ocrx_word' id='word_1_774' title='bbox 3184 3803 3406 3873; x_wconf 84' lang='grc' dir='ltr'>ἐμαυτῷ</span> <span class='ocrx_word' id='word_1_775' title='bbox 3426 3817 3440 3831; x_wconf 86' lang='grc'><strong>·</strong></span> <span class='ocrx_word' id='word_1_776' title='bbox 3470 3800 3649 3854; x_wconf 84' lang='grc' dir='ltr'>καίτοι</span> 
     </span>
    </p>
   </div>
   <div class='ocr_carea' id='block_1_93' title="bbox 2080 3882 3653 3960">
    <p class='ocr_par' dir='ltr' id='par_1_93' title="bbox 2080 3882 3653 3960">
     <span class='ocr_line' id='line_1_95' title="bbox 2080 3882 3653 3960; baseline -0.006 -16"><span class='ocrx_word' id='word_1_777' title='bbox 2080 3891 2134 3944; x_wconf 92' lang='grc' dir='ltr'>τί</span> <span class='ocrx_word' id='word_1_778' title='bbox 2172 3887 2631 3960; x_wconf 86' lang='grc' dir='ltr'>σωματικώτερον</span> <span class='ocrx_word' id='word_1_779' title='bbox 2664 3887 2880 3950; x_wconf 86' lang='grc' dir='ltr'>τούτου,</span> <span class='ocrx_word' id='word_1_780' title='bbox 2926 3887 3056 3941; x_wconf 83' lang='grc' dir='ltr'>ὅταν</span> <span class='ocrx_word' id='word_1_781' title='bbox 3095 3887 3255 3950; x_wconf 86' lang='grc' dir='ltr'>αὐτὸς</span> <span class='ocrx_word' id='word_1_782' title='bbox 3290 3885 3468 3954; x_wconf 83' lang='grc' dir='ltr'>ἐαυτῷ</span> <span class='ocrx_word' id='word_1_783' title='bbox 3514 3882 3653 3954; x_wconf 89' lang='grc' dir='ltr'>πλη-</span> 
     </span>
    </p>
   </div>
   <div class='ocr_carea' id='block_1_94' title="bbox 2084 3966 3648 4042">
    <p class='ocr_par' dir='ltr' id='par_1_94' title="bbox 2084 3966 3648 4042">
     <span class='ocr_line' id='line_1_96' title="bbox 2084 3966 3648 4042; baseline -0.006 -16"><span class='ocrx_word' id='word_1_784' title='bbox 2084 3973 2280 4042; x_wconf 74' lang='grc' dir='ltr'>σιάζῃς</span> <span class='ocrx_word' id='word_1_785' title='bbox 2312 3973 2428 4026; x_wconf 83' lang='grc' dir='ltr'>ἀλλ’</span> <span class='ocrx_word' id='word_1_786' title='bbox 2467 3972 2616 4042; x_wconf 85' lang='grc' dir='ltr'>ὅμως</span> <span class='ocrx_word' id='word_1_787' title='bbox 2654 3971 2716 4024; x_wconf 88' lang='grc' dir='ltr'>οὑ</span> <span class='ocrx_word' id='word_1_788' title='bbox 2760 3971 2937 4042; x_wconf 85' lang='grc' dir='ltr'>φαμὲν</span> <span class='ocrx_word' id='word_1_789' title='bbox 2973 3970 3137 4024; x_wconf 81' lang='grc' dir='ltr'>αὐτὸν</span> <span class='ocrx_word' id='word_1_790' title='bbox 3170 3966 3311 4023; x_wconf 79' lang='grc' dir='ltr'>εἶναι</span> <span class='ocrx_word' id='word_1_791' title='bbox 3343 3970 3400 4022; x_wconf 88' lang='grc' dir='ltr'>ἐν</span> <span class='ocrx_word' id='word_1_792' title='bbox 3448 3967 3648 4037; x_wconf 81' lang='grc' dir='ltr'>ἐαυτῷ.</span> 
     </span>
    </p>
   </div>
   <div class='ocr_carea' id='block_1_95' title="bbox 2082 4047 3652 4127">
    <p class='ocr_par' dir='ltr' id='par_1_95' title="bbox 2082 4047 3652 4127">
     <span class='ocr_line' id='line_1_97' title="bbox 2082 4047 3652 4127; baseline -0.006 -17"><span class='ocrx_word' id='word_1_793' title='bbox 2082 4054 2381 4127; x_wconf 84' lang='grc' dir='ltr'>Γενώμεθα</span> <span class='ocrx_word' id='word_1_794' title='bbox 2410 4053 2589 4107; x_wconf 81' lang='grc' dir='ltr'>τοίνυν</span> <span class='ocrx_word' id='word_1_795' title='bbox 2623 4054 2680 4106; x_wconf 91' lang='grc' dir='ltr'>ἐν</span> <span class='ocrx_word' id='word_1_796' title='bbox 2721 4053 2959 4119; x_wconf 79' lang='grc' dir='ltr'>ἑαυτοῖς,</span> <span class='ocrx_word' id='word_1_797' title='bbox 2992 4052 3051 4106; x_wconf 87' lang='grc' dir='ltr'>ἐν</span> <span class='ocrx_word' id='word_1_798' title='bbox 3081 4052 3159 4121; x_wconf 83' lang='grc' dir='ltr'>τῷ</span> <span class='ocrx_word' id='word_1_799' title='bbox 3199 4049 3435 4122; x_wconf 78' lang='grc' dir='ltr'>οὐρανῷ,</span> <span class='ocrx_word' id='word_1_800' title='bbox 3470 4051 3530 4103; x_wconf 87' lang='grc' dir='ltr'>ἐν</span> <span class='ocrx_word' id='word_1_801' title='bbox 3571 4047 3652 4118; x_wconf 81' lang='grc' dir='ltr'>τῷ</span> 
     </span>
    </p>
   </div>
   <div class='ocr_carea' id='block_1_96' title="bbox 2083 4130 3655 4210">
    <p class='ocr_par' dir='ltr' id='par_1_96' title="bbox 2083 4130 3655 4210">
     <span class='ocr_line' id='line_1_98' title="bbox 2083 4130 3655 4210; baseline -0.007 -15"><span class='ocrx_word' id='word_1_802' title='bbox 2083 4139 2355 4210; x_wconf 87' lang='grc' dir='ltr'>πνεύματι</span> <span class='ocrx_word' id='word_1_803' title='bbox 2377 4155 2393 4171; x_wconf 79' lang='grc'><em>’</em></span> <span class='ocrx_word' id='word_1_804' title='bbox 2442 4138 2696 4209; x_wconf 81' lang='grc' dir='ltr'>μένωμεν</span> <span class='ocrx_word' id='word_1_805' title='bbox 2729 4136 2824 4190; x_wconf 76' lang='grc' dir='ltr'>ἐπὶ</span> <span class='ocrx_word' id='word_1_806' title='bbox 2853 4137 2953 4207; x_wconf 83' lang='grc' dir='ltr'>τῆς</span> <span class='ocrx_word' id='word_1_807' title='bbox 2992 4136 3213 4207; x_wconf 89' lang='grc' dir='ltr'>εἰρήνης</span> <span class='ocrx_word' id='word_1_808' title='bbox 3246 4135 3340 4188; x_wconf 80' lang='grc' dir='ltr'>καὶ</span> <span class='ocrx_word' id='word_1_809' title='bbox 3367 4133 3469 4203; x_wconf 77' lang='grc' dir='ltr'>τῆς</span> <span class='ocrx_word' id='word_1_810' title='bbox 3496 4130 3655 4203; x_wconf 84' lang='grc' dir='ltr'>χάρι-</span> 
     </span>
    </p>
   </div>
   <div class='ocr_carea' id='block_1_97' title="bbox 2079 4215 3653 4294">
    <p class='ocr_par' dir='ltr' id='par_1_97' title="bbox 2079 4215 3653 4294">
     <span class='ocr_line' id='line_1_99' title="bbox 2079 4215 3653 4294; baseline -0.006 -17"><span class='ocrx_word' id='word_1_811' title='bbox 2079 4240 2172 4286; x_wconf 91' lang='grc' dir='ltr'>τος</span> <span class='ocrx_word' id='word_1_812' title='bbox 2196 4220 2292 4276; x_wconf 88' lang='grc' dir='ltr'>τοῦ</span> <span class='ocrx_word' id='word_1_813' title='bbox 2316 4219 2474 4284; x_wconf 89' lang='grc' dir='ltr'>Θεοῦ,</span> <span class='ocrx_word' id='word_1_814' title='bbox 2508 4219 2596 4273; x_wconf 80' lang='grc' dir='ltr'>ἵνα</span> <span class='ocrx_word' id='word_1_815' title='bbox 2619 4218 2837 4294; x_wconf 77' lang='grc' dir='ltr'>πάντων</span> <span class='ocrx_word' id='word_1_816' title='bbox 2855 4217 2963 4272; x_wconf 91' lang='grc' dir='ltr'>τῶν</span> <span class='ocrx_word' id='word_1_817' title='bbox 2994 4216 3277 4290; x_wconf 85' lang='grc' dir='ltr'>σαρκικῶν</span> <span class='ocrx_word' id='word_1_818' title='bbox 3311 4215 3653 4284; x_wconf 80' lang='grc' dir='ltr'>ἀπαλλαγέν-</span> 
     </span>
    </p>
   </div>
   <div class='ocr_carea' id='block_1_98' title="bbox 2079 4297 3654 4375">
    <p class='ocr_par' dir='ltr' id='par_1_98' title="bbox 2079 4297 3654 4375">
     <span class='ocr_line' id='line_1_100' title="bbox 2079 4297 3654 4375; baseline -0.006 -15"><span class='ocrx_word' id='word_1_819' title='bbox 2079 4323 2192 4370; x_wconf 89' lang='grc' dir='ltr'>τες,</span> <span class='ocrx_word' id='word_1_820' title='bbox 2216 4303 2538 4375; x_wconf 86' lang='grc' dir='ltr'>δυνηθῶμεν</span> <span class='ocrx_word' id='word_1_821' title='bbox 2586 4303 2864 4372; x_wconf 78' lang='grc' dir='ltr'>ἐπιτυχεῖν</span> <span class='ocrx_word' id='word_1_822' title='bbox 2896 4300 3005 4354; x_wconf 89' lang='grc' dir='ltr'>τῶν</span> <span class='ocrx_word' id='word_1_823' title='bbox 3043 4297 3472 4369; x_wconf 81' lang='grc' dir='ltr'>ἐπηγγελμένων</span> <span class='ocrx_word' id='word_1_824' title='bbox 3520 4299 3654 4375; x_wconf 76' lang='grc' dir='ltr'>άγα-</span> 
     </span>
    </p>
   </div>
   <div class='ocr_carea' id='block_1_99' title="bbox 2082 4374 3661 4458">
    <p class='ocr_par' dir='ltr' id='par_1_99' title="bbox 2082 4374 3661 4458">
     <span class='ocr_line' id='line_1_101' title="bbox 2082 4374 3661 4458; baseline -0.008 -15"><span class='ocrx_word' id='word_1_825' title='bbox 2082 4388 2192 4443; x_wconf 92' lang='grc' dir='ltr'>θῶν</span> <span class='ocrx_word' id='word_1_826' title='bbox 2229 4388 2288 4441; x_wconf 78' lang='grc' dir='ltr'>ἐν</span> <span class='ocrx_word' id='word_1_827' title='bbox 2319 4384 2541 4458; x_wconf 82' lang='grc' dir='ltr'>Χριστῷ</span> <span class='ocrx_word' id='word_1_828' title='bbox 2569 4383 2747 4454; x_wconf 87' lang='grc' dir='ltr'>Ἰησοῦ</span> <span class='ocrx_word' id='word_1_829' title='bbox 2779 4383 2858 4455; x_wconf 83' lang='grc' dir='ltr'>τῷ</span> <span class='ocrx_word' id='word_1_830' title='bbox 2895 4382 3088 4454; x_wconf 81' lang='grc' dir='ltr'>Κυρίῳ</span> <span class='ocrx_word' id='word_1_831' title='bbox 3117 4381 3300 4454; x_wconf 89' lang='grc' dir='ltr'>ήμῶν,</span> <span class='ocrx_word' id='word_1_832' title='bbox 3342 4381 3461 4453; x_wconf 77' lang='grc' dir='ltr'>μεθ’</span> <span class='ocrx_word' id='word_1_833' title='bbox 3489 4374 3553 4434; x_wconf 78' lang='grc' dir='ltr'>οῦ</span> <span class='ocrx_word' id='word_1_834' title='bbox 3577 4378 3661 4448; x_wconf 67' lang='grc' dir='ltr'>τῷ</span> 
     </span>
    </p>
   </div>
   <div class='ocr_carea' id='block_1_100' title="bbox 2084 4465 3651 4543">
    <p class='ocr_par' dir='ltr' id='par_1_100' title="bbox 2084 4465 3651 4543">
     <span class='ocr_line' id='line_1_102' title="bbox 2084 4465 3651 4543; baseline -0.004 -17"><span class='ocrx_word' id='word_1_835' title='bbox 2084 4470 2285 4543; x_wconf 72' lang='grc' dir='ltr'>Πατρὶ,</span> <span class='ocrx_word' id='word_1_836' title='bbox 2326 4470 2444 4541; x_wconf 79' lang='grc' dir='ltr'>ἅμα</span> <span class='ocrx_word' id='word_1_837' title='bbox 2459 4468 2539 4540; x_wconf 79' lang='grc' dir='ltr'>τῷ</span> <span class='ocrx_word' id='word_1_838' title='bbox 2568 4468 2710 4540; x_wconf 86' lang='grc' dir='ltr'>ἁγίῳ</span> <span class='ocrx_word' id='word_1_839' title='bbox 2729 4468 3030 4538; x_wconf 87' lang='grc' dir='ltr'>Πνεύματι,</span> <span class='ocrx_word' id='word_1_840' title='bbox 3060 4465 3209 4531; x_wconf 78' lang='grc' dir='ltr'>δόξα,</span> <span class='ocrx_word' id='word_1_841' title='bbox 3239 4465 3464 4537; x_wconf 86' lang='grc' dir='ltr'>κράτος,</span> <span class='ocrx_word' id='word_1_842' title='bbox 3494 4465 3651 4535; x_wconf 82' lang='grc' dir='ltr'>τιμὴ.</span> 
     </span>
    </p>
   </div>
   <div class='ocr_carea' id='block_1_101' title="bbox 2096 4546 3652 4619">
    <p class='ocr_par' dir='ltr' id='par_1_101' title="bbox 2096 4546 3652 4619">
     <span class='ocr_line' id='line_1_103' title="bbox 2096 4546 3652 4619; baseline -0.006 -11"><span class='ocrx_word' id='word_1_843' title='bbox 2096 4553 2191 4611; x_wconf 81' lang='grc' dir='ltr'>νῦν</span> <span class='ocrx_word' id='word_1_844' title='bbox 2209 4553 2304 4608; x_wconf 70' lang='grc' dir='ltr'>καί⁸</span> <span class='ocrx_word' id='word_1_845' title='bbox 2325 4552 2435 4619; x_wconf 77' lang='grc' dir='ltr'>ἀεὶ,</span> <span class='ocrx_word' id='word_1_846' title='bbox 2455 4551 2551 4604; x_wconf 74' lang='grc' dir='ltr'>καὶ</span> <span class='ocrx_word' id='word_1_847' title='bbox 2573 4551 2653 4614; x_wconf 87' lang='grc' dir='ltr'>είς</span> <span class='ocrx_word' id='word_1_848' title='bbox 2678 4551 2803 4615; x_wconf 80' lang='grc' dir='ltr'>τοὺς</span> <span class='ocrx_word' id='word_1_849' title='bbox 2828 4549 3029 4613; x_wconf 84' lang='grc' dir='ltr'>αἰῶνας</span> <span class='ocrx_word' id='word_1_850' title='bbox 3046 4547 3158 4603; x_wconf 91' lang='grc' dir='ltr'>τῶν</span> <span class='ocrx_word' id='word_1_851' title='bbox 3186 4546 3419 4602; x_wconf 77' lang='grc' dir='ltr'>αἰώνων.</span> <span class='ocrx_word' id='word_1_852' title='bbox 3457 4546 3652 4617; x_wconf 69' lang='grc' dir='ltr'>Ἀμήν.</span> 
     </span>
    </p>
   </div>
  </div>
