4080 6218
435 381 496 433 ιι
1353 359 1422 416 ΙΝ
1461 357 1668 415 ΕΙῚδΤ.
1710 359 1799 413 ΑΒ
1841 354 2074 412 EPHES.

434 499 490 545 et
516 484 749 557 perdidit
769 525 785 547 ,
818 497 921 536 non
947 480 1037 535 alii
1066 480 1336 547 imperans
1355 517 1370 541 ,
1401 488 1573 543 neque
1617 471 1786 526 Suilli“
1821 483 2011 537 agens,

436 579 533 634 sed
562 577 725 630 etiam
755 573 981 642 patiens.
1026 568 1141 623 Non
1188 566 1358 630 dixit,
1405 564 1666 626 Solvens;
1701 573 1806 613 non
1844 557 2014 621 dixit,

437 672 658 725 'l‘ollens
711 686 724 721 :
767 661 1030 734 sed,quod
1066 669 1151 716 est
1180 658 1417 712 omnium
1459 650 1976 709 vehementissimum
2000 688 2014 712 ,

446 759 780 826 Inter/idem,
831 753 969 808 adeo
1010 761 1070 806 ut
1109 751 1239 819 ipsa:
1279 764 1384 800 non
1442 745 1670 813 amplius
1716 747 2015 806 resurgant.

443 849 722 921 Quomodo
771 861 901 916 ergo
953 839 1279 912 resurgunt?
1333 841 1376 892 Α
1434 837 1596 890 multo
1634 843 1818 889 nostro
1869 831 2017 921 vitio.

440 919 708 1010 Quamdiu
755 935 1118 992 manserimus
1147 933 1200 985 in
1242 943 1468 998 corpore
1513 925 1735 991 Christi,
1769 919 2019 993 quamdiu

438 1032 700 1087 lnerimus
729 1026 865 1081 uniti
890 1066 906 1092 ,
937 1039 1043 1078 non
1073 1027 1396 1089 resurgunt,
1422 1016 1514 1071 sed
1541 1015 1722 1085 jacent
1750 1019 1974 1066 mortuae
2003 1022 2016 1058 :

439 1127 550 1178 imo
582 1135 716 1176 vero
742 1118 852 1174 illa:
879 1128 1169 1184 numquam
1215 1118 1534 1180 resurgunt;
1565 1105 1659 1162 sed
1690 1105 1735 1158 si
1769 1103 1900 1156 alias
1929 1115 2021 1170 pe.

441 1214 779 1282 pererimus,
823 1222 934 1262 non
981 1220 1059 1260 ea:
1090 1211 1214 1257 sunt
1240 1199 1469 1270 amplius
1512 1204 1730 1268 propter
1767 1208 1888 1248 eum
1936 1190 2022 1260 qui

437 1305 650 1375 priores
695 1298 914 1355 sustulit
953 1305 1009 1352 et
1047 1294 1296 1366 perdidit,
1339 1291 1434 1347 sed
1485 1300 1540 1344 tu
1593 1288 1722 1342 alias
1771 1283 2022 1375 parturis.

439 1374 572 1448 Nam
593 1389 877 1462 prudentia
911 1401 1010 1442 seu
1033 1386 1205 1456 potius
1226 1382 1479 1453 cogitatio
1505 1388 1559 1433 et
1583 1378 1800 1447 Spiritus
1823 1374 2019 1438 carnis,

440 1483 740 1538 inimicitiae
784 1488 911 1536 sunt
939 1477 1197 1532 adversus
1220 1475 1385 1528 Deum
1417 1470 1591 1541 (Rom.
1624 1469 1676 1524 8.
1704 1468 1782 1536 6).
1813 1465 1866 1520 Si
1891 1463 2020 1518 nihil

439 1577 744 1645 cogitemus
778 1587 842 1626 ac
868 1571 1137 1640 sapiamus
1163 1566 1399 1632 carnale,
1431 1579 1536 1619 non
1570 1569 1853 1616 nascentur
1882 1559 2022 1624 alite,

441 1666 536 1718 sed
563 1664 804 1718 manebit
825 1676 926 1731 pax
947 1660 1058 1714 illa.

519 1752 808 1806 Prudentia
835 1750 1003 1803 carnis
1027 1748 1150 1817 quid
1178 1747 1262 1800 sit.
1293 1775 1364 1784 —
1391 1746 1447 1800 4.
1475 1743 1662 1812 Cogita
1690 1741 1830 1796 enim
1861 1755 2032 1810 quan-

445 1859 561 1901 tum
594 1847 667 1900 sit
697 1845 894 1898 malum
914 1884 929 1909 ,
959 1856 1074 1896 cum
1121 1841 1264 1894 Deus
1293 1847 1399 1892 tam
1431 1836 1594 1890 multa
1627 1833 1927 1904 procurarit
1972 1841 2026 1884 et

448 1940 698 1992 olfecerit
737 1945 792 1989 ut
832 1933 1191 1998 conciliemur,
1240 1946 1334 1986 nos
1383 1942 1569 1983 rursus
1610 1926 1786 1981 redire
1821 1924 1887 1978 ad
1923 1923 2024 1976 ini-

453 2030 703 2083 inicitias.
749 2027 856 2081 llas
897 2040 1002 2080 non
1058 2023 1288 2093 amplius
1345 2027 1526 2076 manet
1576 2019 1886 2081 lavacrum,
1933 2013 2025 2068 sed

445 2123 730 2191 gehenna;
760 2134 866 2173 non
915 2115 1182 2181 remissio,
1210 2113 1304 2170 sed
1331 2111 1663 2170 examinatio
1701 2118 1756 2164 et
1779 2107 2022 2178 quaastio.

447 2212 740 2266 Prudentia
764 2225 829 2266 ac
853 2209 1105 2277 cogitatio
1131 2205 1308 2261 carnis
1331 2246 1346 2268 ,
1379 2211 1504 2258 sunt
1543 2200 1748 2256 delicia:
1775 2209 1829 2255 et
1854 2199 2028 2253 indul-

443 2319 575 2377 gere
599 2301 856 2370 voluptati
887 2317 901 2353 :
936 2299 1214 2372 prudentia
1241 2297 1417 2352 carnis
1439 2303 1521 2350 est
1539 2293 1779 2356 avaritia,
1801 2300 1854 2347 et
1870 2306 2029 2345 omne

448 2405 747 2473 peccatum.
777 2393 889 2448 Cur
925 2392 1074 2449 dicta
1109 2398 1191 2445 est
1223 2388 1502 2459 prudentia
1529 2385 1743 2442 carnis?
1795 2384 1938 2454 atqui
1965 2397 2027 2436 ea

449 2489 565 2548 sine
591 2487 771 2544 anima
813 2483 945 2542 nihil
975 2483 1185 2538 fecerit.
1213 2480 1327 2536 Non
1353 2479 1484 2554 dicit
1512 2479 1615 2534 hoc
1640 2492 1852 2532 carnem
1884 2475 2024 2529 vitu-

451 2593 644 2649 perans
667 2596 680 2631 :
715 2591 841 2635 nam
867 2585 922 2631 el.
941 2573 1158 2645 quando
1183 2573 1330 2638 dicit,
1355 2572 1605 2625 Animalia
1629 2571 1778 2624 homo
1808 2569 1885 2638 (l.
1907 2566 2024 2622 Cor.

448 2672 508 2722 2.
541 2668 629 2740 14)
654 2710 672 2734 ,
702 2682 809 2723 non
842 2667 942 2721 hoc
967 2665 1098 2720 dicit
1138 2665 1449 2734 vituperans
1475 2662 1706 2717 animam
1733 2677 1747 2725 ;
1772 2659 1864 2714 sed
1907 2659 2028 2728 quia

449 2774 559 2816 non
589 2773 684 2827 per
704 2771 768 2810 se
792 2754 990 2812 sufficit
1031 2768 1129 2807 nec
1156 2766 1352 2821 corpus
1379 2766 1478 2807 nec
1515 2750 1687 2804 anima
1717 2748 1783 2803 ad
1809 2749 2030 2817 praecla-

449 2865 570 2905 rum
601 2846 803 2917 aliquid
831 2856 884 2900 et
911 2859 1156 2914 magnum
1187 2842 1509 2908 faciendum,
1537 2842 1582 2896 si
1610 2856 1714 2894 non
1739 2854 2028 2909 supernum

449 2946 771 3008 assequatur
796 2936 1073 2990 auxilium.
1107 2936 1397 3004 PrOpterea
1427 2933 1676 2987 animalia
1718 2931 1804 2984 illa
1831 2939 1985 2985 vocat
2011 2971 2025 2995 ,

451 3047 574 3102 qua:
619 3046 713 3098 per
761 3045 818 3084 se
864 3037 1116 3098 Operatur
1155 3029 1331 3081 anima
1359 3043 1373 3091 ;
1404 3035 1458 3081 et
1486 3023 1723 3080 carnalia
1752 3024 1844 3076 illa
1869 3063 1882 3088 ,
1912 3037 2030 3091 quae

453 3138 551 3190 per
578 3136 638 3176 se
661 3135 856 3190 corpus
882 3139 896 3174 :
923 3135 1029 3174 non
1055 3119 1308 3189 quoniam
1332 3118 1445 3172 haec
1468 3117 1749 3182 naturalia,
1784 3114 1878 3170 sed
1901 3129 2031 3184 quo-

453 3217 621 3278 niam,
647 3212 748 3265 nisi
777 3211 899 3265 inde
927 3211 1236 3281 praesidium
1259 3209 1586 3279 acceperint,
1617 3214 1863 3278 perettnt.
1892 3205 2022 3260 Nam

451 3307 593 3359 oculi
635 3319 848 3375 quoque
897 3311 1022 3358 sunt
1053 3301 1294 3373 pulchri,
1327 3302 1420 3356 sed
1461 3302 1577 3356 sine
1601 3301 1717 3355 luce
1741 3341 1754 3366 ,
1786 3298 1924 3352 mala
1949 3297 2030 3351 fa-

455 3397 603 3448 ciunt
635 3394 1079 3458 innumerabilia;
1109 3403 1162 3446 et
1191 3407 1251 3447 ea
1278 3400 1402 3446 sunt
1431 3391 1665 3460 ipsorum
1695 3388 2029 3444 imbecillita-

456 3489 546 3548 th,
591 3501 696 3537 null
744 3494 967 3538 natur-.e.
1004 3483 1057 3538 Si
1101 3491 1286 3537 essent
1334 3489 1512 3537 autem
1563 3479 1700 3533 mala
1748 3478 2029 3540 naturalia,

455 3591 748 3644 numquam
803 3576 869 3629 iis
912 3575 981 3630 ad
1023 3575 1072 3629 id
1107 3575 1250 3644 quod
1299 3581 1511 3643 Oportet
1552 3581 1865 3628 uteremur:
1899 3569 2032 3623 nihil

455 3671 602 3722 enim
632 3668 871 3722 naturale
897 3676 980 3722 est
1015 3667 1234 3721 malum.
1267 3665 1403 3733 Quid
1431 3680 1559 3735 ergo
1584 3673 1710 3718 sunt
1735 3661 2034 3732 prudentia:

457 3763 748 3816 carnales?
776 3761 1020 3816 Pcccata.
1061 3758 1195 3813 Nam
1242 3759 1454 3828 quando
1484 3758 1594 3828 ipsa
1617 3799 1632 3820 ,
1663 3771 1853 3824 nempe
1882 3770 2026 3819 caro,

458 3853 752 3906 obtinuerit
794 3850 1126 3906 dominatum
1168 3848 1425 3903 adversus
1467 3849 1738 3917 aurigam,
1792 3847 1841 3899 in
1871 3845 2033 3899 altum

457 3944 600 3997 elata
626 3981 640 4007 ,
672 3943 809 3996 mala
847 3941 986 4011 parit
1008 3939 1445 3994 innumerabilia.
1477 3936 1666 3993 Carnis
1694 3937 1836 3994 enim
1868 3937 2036 3990 virtus

455 4046 542 4089 est
565 4033 860 4103 subjectam
888 4046 1006 4087 esse
1027 4031 1242 4100 animae,
1273 4031 1458 4085 vitium
1486 4039 1684 4095 autem,
1710 4029 1905 4084 anima:
1935 4029 2038 4082 im-

458 4142 676 4192 perare.
705 4124 857 4180 Sicut
880 4139 1010 4194 ergo
1038 4139 1206 4192 equus
1235 4133 1320 4178 est
1350 4123 1572 4194 pulcher
1596 4131 1650 4178 et
1677 4121 1830 4177 bonis
1865 4121 2032 4189 tibiis,

457 4216 558 4273 sed
587 4216 691 4270 hoc
718 4216 921 4284 absque
946 4217 1128 4284 auriga
1155 4228 1263 4269 non
1310 4224 1531 4283 apparet
1564 4214 1671 4268 :ita
1711 4213 1874 4268 etiam
1910 4228 2035 4268 caro

461 4320 590 4363 tunc
631 4304 856 4375 pulchra
883 4305 1018 4370 erit,
1047 4304 1258 4374 quando
1304 4304 1419 4373 ejus
1459 4308 1790 4359 exsultantes
1817 4304 2038 4374 spiritus

458 4396 939 4467 amputaverimus.
990 4395 1095 4451 Sed
1138 4410 1310 4465 neque
1357 4395 1538 4464 auriga
1577 4404 1797 4464 apparet
1839 4395 2038 4464 absque

457 4488 685 4543 scientia
721 4506 734 4542 :
763 4502 882 4540 nam
914 4487 1026 4556 ipse
1052 4486 1275 4540 scientia
1306 4501 1494 4540 carens
1537 4485 1640 4540 illis
1668 4487 1910 4556 graviora
1940 4501 2039 4556 pa-

457 4590 588 4634 tral.
636 4578 994 4646 Quamobrem
1043 4586 1253 4648 oportet
1301 4579 1447 4633 omni
1482 4593 1549 4633 ex
1597 4588 1748 4648 parte
1772 4587 2039 4634 attentum

455 4686 582 4725 esse
609 4687 623 4722 :
658 4671 875 4740 spiritus
896 4677 1134 4723 attentus
1158 4670 1392 4739 aurigam
1424 4669 1549 4724 facit
1571 4669 1844 4725 fortiorem
1872 4686 1885 4722 :
1917 4669 1964 4724 is
1984 4679 2040 4724 et

455 4762 695 4812 animam
717 4767 874 4812 ornat
890 4765 946 4813 et
961 4773 1174 4828 corpus.
1195 4759 1653 4826 Quemadmodum
1674 4761 1816 4814 enim
1834 4761 2037 4826 anima,

455 4853 588 4906 dum
628 4852 768 4906 inest
796 4849 1010 4920 quidem
1038 4853 1250 4922 corpori
1279 4891 1295 4918 ,
1328 4854 1501 4922 ipsum
1541 4854 1822 4923 pulchrum
1853 4864 2038 4909 osten-

455 4945 538 4995 dit
569 4958 586 5007 ;
613 4943 830 5017 quando
877 4955 1054 4998 autem
1098 4945 1269 5014 ipsum
1314 4961 1344 5000 a
1374 4960 1468 5000 sua
1497 4947 1806 5002 destituerit
1844 4962 2037 5016 opera-

460 5036 610 5087 tione
634 5043 691 5086 et
714 5034 1055 5100 abscesserit,
1080 5035 1299 5105 perinde
1318 5046 1478 5107 atque
1495 5039 1537 5092 si
1562 5039 1732 5107 pictor
1753 5037 2041 5093 confundat

451 5127 692 5194 colores,
716 5143 906 5197 magna
935 5130 994 5183 fit
1021 5128 1328 5186 deformitas
1351 5173 1368 5197 ,
1397 5147 1713 5202 unaquaque
1740 5143 1888 5201 parte
1916 5148 2039 5202 pro-

456 5229 680 5286 perame
708 5219 776 5273 ad
803 5219 1073 5276 interitum
1104 5239 1119 5275 :
1149 5221 1218 5276 ita
1248 5223 1407 5278 etiam
1429 5223 1642 5294 quando
1670 5224 1887 5292 spiritus
1913 5239 2039 5278 cor-

456 5325 558 5374 [us
582 5309 756 5364 solum
784 5311 1059 5380 reliquerit
1085 5322 1138 5367 et
1163 5316 1417 5386 animam,
1450 5315 1507 5370 fit
1531 5315 1766 5371 deterior
1784 5323 1835 5371 et
1866 5315 2037 5386 major

2129 353 2281 407 CAP.
2325 354 2385 410 ll.
2429 355 2656 412 HUMIL.
2702 358 2764 412 Υ.
3635 369 3702 423 i2

2129 467 2456 524 deformitas.
2514 471 2588 526 Ne
2641 489 2767 543 ergo
2830 474 3075 543 quoniam
3133 490 3327 546 corpus
3380 484 3461 530 est
3526 477 3700 529 lltltttts

2128 561 2299 612 anima
2322 602 2336 622 ,
2373 561 2422 614 id
2464 563 2724 632 vitupera.
2762 563 2892 618 Nam
2930 579 3027 619 nec
3056 579 3157 636 ego
3188 567 3359 636 patior
3406 568 3690 636 vituperari

2127 651 2360 706 animam
2385 695 2400 718 ,
2432 656 2681 722 quoniam
2713 655 2841 710 nihil
2867 657 3010 713 valet
3032 660 3233 730 absque
3270 661 3480 728 Spiritu.
3504 660 3560 714 Si
3591 675 3684 712 au-

2130 749 2233 796 tem
2264 743 2461 813 aliquid
2488 746 2558 800 sit
2578 746 2861 802 dicendum
2886 789 2903 815 ,
2943 750 3196 819 majorem
3227 751 3696 820 reprehensionem

2130 841 2371 887 meretur
2392 835 2592 889 anima.
2618 837 2748 891 Nam
2775 853 2968 908 corpus
2997 841 3124 894 nihil
3151 841 3276 896 mali
3298 843 3482 896 fecerit
3503 842 3706 911 absque

2131 925 2344 992 anima;
2393 926 2487 982 sed
2527 929 2701 982 anima
2745 932 2908 984 multa
2951 932 3149 1002 absque
3191 948 3438 1004 corpore.
3491 934 3704 990 Etenim

2135 1015 2258 1069 dum
2292 1017 2420 1071 illud
2451 1021 2748 1075 tabescitet
2779 1037 2882 1077 non
2907 1024 3156 1089 exsultat,
3193 1025 3308 1080 haec
3341 1027 3506 1080 nmlta
3541 1027 3702 1082 facit:

2130 1106 2267 1161 sicut
2299 1107 2372 1161 illi
2406 1111 2836 1180 prmstigiatores,
2867 1119 3026 1184 magi,
3056 1117 3240 1183 invidi,
3267 1119 3490 1174 veneﬁci
3512 1136 3705 1190 corpus

2131 1208 2408 1254 attenuant
2438 1211 2491 1257 et
2531 1214 2822 1261 macerant.
2881 1207 3092 1278 Alioqui
3137 1220 3316 1266 autem
3364 1228 3460 1266 nec
3492 1214 3700 1268 delicia:

2131 1301 2256 1345 sunt
2298 1309 2360 1348 ex
2393 1297 2709 1352 necessitate
2756 1300 3020 1369 corporis,
3067 1304 3160 1357 sed
3212 1319 3277 1358 eo
3305 1306 3575 1375 quodnon
3629 1320 3707 1361 at-

2133 1386 2317 1439 tendat
2359 1388 2536 1441 anima
2583 1390 2938 1447 :alimcntum
2985 1395 3126 1449 enim
3170 1407 3251 1451 est
3287 1412 3354 1452 ex
3385 1401 3707 1455 necessitate

2134 1477 2381 1546 corporis
2407 1518 2421 1544 ,
2452 1493 2556 1532 non
2580 1479 2808 1537 deliciae.
2831 1483 2886 1539 Si
2908 1485 3066 1539 velint
3103 1486 3308 1541 frenum
3341 1490 3629 1546 vehemens
3659 1504 3723 1545 et-

2132 1582 2380 1636 asperum
2409 1570 2718 1638 immittere,
2749 1589 2941 1644 equum
2969 1576 3286 1633 refrenabo‘:
3316 1595 3508 1650 corpus
3534 1593 3711 1637 autem

2135 1657 2366 1712 animam
2405 1675 2510 1714 non
2540 1670 2716 1730 potest
2743 1665 2992 1720 cohibere
3022 1669 3072 1722 in
3105 1669 3221 1738 ejus
3251 1672 3422 1727 malis.
3457 1674 3562 1728 Cur
3587 1691 3714 1744 ergo

2134 1761 2252 1800 eam
2273 1757 2426 1803 vocat
2453 1750 2788 1819 prudentiam
2813 1757 3034 1811 carnis?
3060 1758 3331 1829 Quoniam
3349 1772 3457 1817 tota
3484 1775 3565 1823 est
3597 1782 3712 1819 cur-

2136 1841 2238 1894 nis.
2272 1841 2492 1909 Quando
2523 1846 2664 1900 enim
2695 1847 2806 1917 ipsa
2846 1847 3175 1905 dominatum
3224 1854 3562 1922 obtinuerit,
3590 1870 3712 1912 tunc

2135 1942 2354 1999 peccat;
2392 1937 2605 2004 quando
2653 1951 2883 1994 mentem
2927 1941 3184 1998 ademerit
3228 1956 3282 2000 et
3324 1949 3517 2003 anima:
3547 1951 3714 2019 impc-

2137 2025 2294 2078 rium.
2326 2027 2380 2080 ln
2410 2027 2512 2084 hoc
2541 2044 2669 2100 ergo
2689 2034 2936 2088 consistit
2966 2035 3135 2090 virtus
3165 2042 3427 2110 corporis,
3455 2043 3595 2112 quod
3626 2060 3713 2099 ce~

2134 2115 2221 2171 dat
2248 2117 2436 2176 anime
2468 2132 2484 2175 :
2523 2135 2644 2174 nam
2674 2138 2768 2190 per
2792 2138 2850 2178 se
2877 2141 2974 2180 nec
3003 2139 3084 2181 est
3113 2129 3248 2183 bona
3277 2173 3292 2196 ,
3343 2148 3518 2206 neque
3549 2137 3710 2189 mala.

2134 2207 2271 2274 Quid
2311 2209 2451 2264 enim
2496 2225 2592 2280 per
2620 2228 2678 2266 se
2709 2212 2896 2269 fecerit
2924 2221 3160 2287 corpus?
3190 2220 3548 2294 Quamobrem
3579 2241 3708 2280 con-

2131 2298 2409 2368 junctione
2459 2302 2652 2356 bonum
2698 2315 2781 2359 est
2805 2320 3003 2377 corpus
3031 2320 3254 2380 pr0pter
3280 2313 3664 2383 subjectionem
3694 2333 3708 2368 :

2137 2406 2257 2445 nam
2287 2408 2380 2460 per
2408 2407 2466 2447 se
2493 2410 2591 2448 nec
2620 2395 2816 2450 bonum
2845 2409 2924 2453 est
2943 2415 3041 2455 nec
3063 2403 3282 2466 malum,
3312 2405 3376 2458 ad
3409 2405 3508 2461 hoc
3535 2418 3710 2463 autem

2138 2496 2188 2540 et
2220 2487 2347 2541 illud
2398 2498 2578 2558 aptum
2605 2531 2620 2554 ,
2649 2490 2715 2544 ad
2764 2501 2986 2564 utraque
3012 2505 3095 2549 est
3121 2512 3465 2567 propensum.
3509 2499 3714 2568 Corpus

2137 2581 2505 2650 concupiscit,
2550 2583 2645 2638 sed
2676 2601 2780 2640 non
2813 2591 3195 2647 scortationem
3225 2610 3324 2648 nec
3349 2597 3668 2652 adulterium
3698 2641 3713 2666 ,

2137 2683 2192 2726 at
2218 2673 2414 2727 coitum
2443 2691 2459 2730 :
2487 2689 2683 2746 corpus
2709 2680 3062 2748 concupiscit,
3095 2699 3200 2737 non
3232 2685 3471 2753 delicias,
3490 2689 3595 2751 sed
3620 2707 3717 2745 nu-

2141 2765 2482 2831 trimentum;
2523 2783 2628 2822 non
2673 2769 3026 2836 ebrietatem,
3060 2775 3152 2828 sed
3186 2786 3388 2843 potum.
3415 2778 3542 2832 Nam
3573 2783 3714 2850 quod

2137 2855 2366 2911 ebrietas
2395 2872 2498 2912 non
2525 2858 2598 2913 sit
2629 2863 3066 2931 concupiscentia
3095 2869 3334 2938 corporis
3359 2910 3374 2933 ,
3421 2872 3539 2923 vide
3584 2889 3717 2940 quo-

2140 2947 2298 3002 modo
2357 2967 2370 3004 :
2430 2965 2534 3004 non
2597 2953 2824 3022 amplius
2884 2955 3168 3012 retinueris
3231 2959 3444 3028 quando
3499 2962 3714 3017 modum

2138 3045 2464 3110 excesseris,
2519 3054 2574 3100 et
2619 3049 2860 3116 corporis
2907 3053 3167 3106 terminos
3212 3054 3464 3108 moveris.
3516 3054 3714 3124 Nempe

2138 3135 2240 3187 alia
2277 3137 2455 3190 omnia
2485 3147 2610 3192 sunt
2636 3141 2828 3194 anima:
2856 3183 2872 3203 ,
2903 3143 3116 3210 quando
3155 3143 3400 3212 dejicitur
3429 3144 3493 3199 ad
3527 3161 3682 3200 carna
3705 3178 3718 3188 -

2140 3226 2207 3278 lia
2234 3266 2248 3290 ,
2269 3227 2492 3310 quando
2519 3244 2699 3284 crassa
2732 3231 2933 3285 evadit.
2967 3233 3098 3286 Nam
3129 3236 3228 3288 etsi
3259 3235 3456 3289 bonum
3485 3247 3565 3292 est
3595 3255 3711 3291 cor-

2143 3333 2260 3384 pus,
2319 3326 2401 3372 est
2452 3329 2626 3376 tamen
2683 3322 2840 3393 longe
2895 3327 3070 3380 minus
3119 3327 3315 3382 anima.
3368 3331 3516 3384 Sicut
3565 3331 3721 3402 igitur

2138 3409 2411 3477 plumbum
2439 3424 2570 3466 auro
2592 3411 2815 3467 inferius
2847 3424 2949 3481 est,
2978 3417 3071 3471 sed
3106 3429 3277 3473 tamen
3313 3420 3532 3490 plumbo
3559 3427 3717 3477 etiam

2139 3515 2274 3568 Opus
2353 3509 2435 3554 est
2495 3503 2636 3572 quod
2702 3507 3092 3575 conglutinet:
3156 3511 3225 3564 ita
3303 3514 3464 3567 etiam
3527 3518 3718 3572 anima:

2141 3606 2274 3661 Opus
2299 3604 2382 3648 est
2419 3609 2645 3664 corpore
2675 3613 2690 3651 :
2720 3598 2865 3652 velut
2916 3615 3046 3668 puer
3088 3601 3350 3671 ingenuus
3392 3619 3526 3674 Opus
3561 3606 3720 3662 habet

2143 3684 2464 3756 pmdagogo,
2496 3688 2564 3741 ita
2591 3689 2752 3744 etiam
2780 3691 2956 3745 anima
2993 3707 3128 3762 opus
3174 3695 3332 3750 habet
3371 3712 3614 3768 corpore.
3654 3700 3719 3754 Et

2142 3792 2208 3830 ne
2235 3777 2447 3849 mireris
2475 3781 2616 3850 quod
2649 3783 2769 3838 talia
2795 3787 3036 3856 exempla
3073 3790 3340 3856 posuerim
3353 3827 3377 3842 ..
3400 3790 3548 3846 Sicut
3573 3795 3715 3850 enim

2145 3885 2232 3924 res
2259 3873 2491 3940 pueriles
2517 3873 2745 3932 dicimus
2767 3919 2783 3944 ,
2815 3894 2919 3932 non
2949 3879 3315 3949 vituperantes
3347 3892 3559 3938 mtatem
3583 3925 3597 3948 ,
3627 3887 3718 3939 sed

2141 3963 2383 4031 quaedam
2416 3981 2480 4021 ex
2523 3966 2612 4022 illa
2661 3971 2929 4024 manantia
2961 3988 2975 4022 :
3010 3971 3080 4026 ita
3127 3974 3287 4027 etiam
3319 3974 3599 4030 dicendum
3644 3989 3726 4031 est

2143 4055 2210 4110 de
2236 4070 2486 4127 corpore.
2516 4058 2622 4115 Sed
2647 4061 2771 4117 licet
2800 4077 2906 4117 non
2937 4079 3060 4122 esse
3106 4065 3157 4120 in
3183 4082 3364 4132 carne,
3399 4070 3445 4123 si
3473 4070 3720 4130 velimus.

2143 4147 2284 4203 sicut
2311 4165 2411 4205 nec
2452 4151 2506 4205 in
2551 4159 2714 4216 terra,
2769 4154 2864 4210 sed
2909 4154 2965 4209 in
3003 4156 3150 4212 caelis
3178 4169 3232 4212 et
3261 4159 3315 4212 in
3347 4161 3556 4229 spiritu.
3592 4161 3729 4215 Esse

2144 4239 2287 4292 enim
2314 4240 2530 4308 alicubi,
2558 4257 2663 4296 non
2695 4252 2802 4298 tam
2829 4245 3025 4301 dicitur
3040 4247 3143 4302 situ
3175 4263 3235 4302 ac
3254 4250 3539 4318 positione,
3563 4269 3721 4321 quam

2143 4328 2447 4386 affectione.
2511 4333 2702 4388 Multos
2743 4335 2955 4404 quidem
3003 4347 3150 4392 certe
3205 4341 3298 4408 qui
3337 4350 3460 4395 sunt
3505 4344 3722 4405 alicubi,

2146 4437 2250 4475 non
2293 4437 2411 4477 esse
2438 4425 2662 4479 dicimus
2683 4469 2698 4492 ,
2727 4425 2966 4483 dicentes
2994 4445 3008 4481 :
3059 4429 3175 4484 Non
3201 4445 3322 4484 eras
3353 4432 3456 4486 hic.
3509 4435 3570 4488 Et
3599 4438 3722 4504 quid

2147 4511 2309 4569 dico?
2333 4514 2486 4584 Saepe
2514 4516 2760 4585 dicimus,
2789 4519 2903 4574 Non
2941 4537 2998 4576 es
3034 4521 3085 4575 in
3125 4530 3197 4588 te,
3225 4522 3340 4577 Non
3367 4539 3485 4578 smn
3534 4527 3584 4579 in
3617 4545 3723 4582 me.

2146 4607 2306 4674 Atqui
2330 4608 2452 4677 quid
2478 4608 2579 4664 hoc
2609 4619 2691 4665 est
2715 4613 2885 4682 magis
2907 4616 3213 4683 corporale.
3239 4617 3456 4687 quando
3482 4620 3595 4690 ipse
3624 4623 3724 4676 sibi

2147 4705 2228 4750 est
2256 4698 2632 4768 propinquus?
2667 4701 2760 4756 sed
2796 4711 2970 4758 tamen
3003 4705 3232 4761 dicimus
3270 4707 3444 4777 ipsum
3474 4726 3577 4764 non
3607 4728 3727 4766 esse

2148 4791 2286 4860 apud
2313 4807 2392 4846 se.
2421 4793 2599 4848 Simus
2627 4809 2756 4864 ergo
2783 4797 2834 4850 in
2867 4797 3021 4852 nobis
3048 4813 3141 4853 seu
3168 4801 3309 4870 apud
3333 4817 3452 4870 nos,
3487 4805 3540 4858 in
3569 4805 3722 4869 cmlo,

2149 4884 2199 4937 in
2246 4887 2469 4954 spiritu;
2529 4903 2838 4943 maneamus
2891 4891 2941 4943 in
2993 4905 3120 4958 pace
3173 4903 3227 4948 et
3272 4895 3440 4963 gratia
3478 4895 3614 4949 Dei:
3669 4907 3723 4950 ut

2149 4976 2358 5031 liberati
2399 4978 2468 5032 ab
2510 4980 2756 5034 omnibus
2807 4981 3150 5050 carnalibus,
3200 4985 3464 5052 possimus
3512 4988 3722 5054 assequi

2149 5065 2288 5120 bona
2339 5070 2600 5138 promissa
2667 5071 2717 5124 in
2766 5071 2980 5127 Christo
3029 5073 3159 5129 Jcsu
3213 5075 3444 5129 Domino
3495 5086 3722 5146 nostra,

2147 5173 2268 5213 cum
2293 5176 2397 5229 quo
2440 5161 2584 5216 Patri
2614 5162 2769 5218 simul
2799 5179 2918 5218 cum
2946 5176 3132 5220 sancto
3161 5165 3361 5234 Spiritu
3397 5166 3595 5235 gloria,
3627 5186 3720 5237 po-

2150 5252 2312 5306 tentia
2335 5262 2389 5306 et
2413 5251 2606 5322 honor,
2641 5271 2781 5313 nunc
2808 5265 2862 5312 et
2886 5270 3112 5331 semper,
3138 5266 3188 5312 et
3237 5259 3288 5312 in
3316 5260 3511 5312 szecnla
3543 5278 3634 5315 sum
3654 5278 3684 5313 n
3702 5293 3716 5302 ι

2151 5342 2342 5398 lorum.
2368 5345 2558 5401 Amen.
