4080 6218
427 342 499 397 4.1
1207 335 1260 392 S.
1298 334 1571 393 JOANNIS
1605 331 2082 390 CHRYSOSTOMI
2124 338 2434 396 AllClllEl‘.
2478 346 3004 408 ςωκδΤΑΝΤιΝοίι.
3620 362 3687 416 ﬂ

452 455 3647 498 M.____________

1781 517 2121 581 HOMILIA
2170 523 2273 585 Vl.

425 678 559 733 (ἴδη).
586 674 640 727 2.
662 688 696 727 v
751 673 833 726 17.
869 669 933 724 Et
958 669 1156 723 veniens
1180 661 1534 733 evangelisavit
1555 676 1730 730 pacem
1759 661 1895 715 vobis
1915 661 1999 731 qui

497 771 645 837 longe
682 764 848 834 fuistis
873 804 888 829 ,
916 771 962 814 et
1006 773 1177 828 pacem
1205 755 1267 808 iis
1297 757 1381 825 qui
1420 768 1577 822 prape
1600 766 1619 806 :
1644 752 1732 807 18.
1764 752 2001 819 quoniam

499 875 586 929 per
612 858 775 926 ipsum
817 850 1055 905 habemus
1095 861 1347 900 accessum
1388 842 1533 896 ambo
1575 843 1630 896 in
1671 857 1774 896 uno
1801 841 2002 907 Spiritu

448 960 449 963 ‘
497 952 563 1005 ad
593 950 821 1005 Patrem.
859 945 941 999 l9.
975 941 1110 1011 Ergo
1130 941 1243 1009 jam
1274 954 1373 991 non
1402 936 1521 991 estis
1551 934 1769 1005 hospites
1810 943 1858 988 et
1901 932 1999 987 ad-

496 1055 661 1102 vente,
702 1035 790 1091 sed
833 1033 949 1088 estis
985 1032 1115 1085 cives
1162 1038 1450 1082 sanctorum
1478 1034 1524 1078 et
1570 1024 1834 1078 domestici
1867 1023 1995 1078 Dei:

492 1132 582 1186 20.
623 1123 1014 1196 supermdiﬁcati
1042 1137 1195 1190 supra
1239 1117 1624 1188 fundamentum
1651 1113 1996 1181 apostolorum

494 1234 541 1277 et
584 1218 942 1291 prophetarum
962 1256 976 1279 ,
1008 1214 1119 1281 ipso
1147 1225 1342 1264 summa
1367 1204 1604 1277 angulari
1646 1204 1819 1274 lapide
1846 1202 1996 1257 Chri-

492 1325 570 1367 sto
598 1329 616 1366 :
644 1311 735 1365 2|.
766 1310 817 1361 in
845 1322 944 1377 quo
974 1303 1135 1356 omnis
1173 1299 1444 1368 a'diﬁcatio
1486 1305 1775 1350 constructa
1822 1294 1999 1348 crescit

494 1408 546 1459 iu
588 1401 829 1470 templum
871 1403 1100 1452 sanctum
1124 1395 1179 1446 in
1215 1390 1430 1444 Domino
1457 1404 1476 1442 .'
1503 1387 1594 1441 εἰ.
1624 1388 1678 1440 in
1701 1403 1799 1456 quo
1827 1394 1873 1438 et
1913 1399 2001 1439 vos

494 1490 879 1561 coaediﬁcantini
902 1488 955 1547 in
981 1481 1325 1538 habitaculum
1363 1480 1459 1533 Dei
1483 1479 1533 1531 in
1566 1477 1785 1548 Spiritu.

501 1612 546 1663 ι.
594 1607 713 1662 Non
742 1619 835 1673 per
862 1601 1025 1655 alium
1049 1640 1063 1661 ,
1109 1596 1313 1666 inquit,
1344 1593 1524 1657 misit,
1570 1604 1744 1659 neque
1776 1603 1872 1658 per
1896 1586 1998 1640 ali-

421 1716 579 1772 quem
626 1697 786 1751 alium
828 1688 1146 1761 signiﬁcavit
1165 1727 1181 1751 ,
1214 1684 1306 1738 sed
1336 1686 1450 1766 ipse
1478 1695 1575 1752 per
1602 1694 1681 1735 se.
1710 1679 1827 1733 Non
1854 1676 2001 1731 misit

421 1767 666 1863 angelum
714 1786 797 1841 vel
851 1778 1268 1849 archangelum,
1318 1777 1440 1844 quia
1490 1781 1595 1827 tam
1651 1771 1815 1824 multa
1859 1767 1996 1822 mala

421 1857 690 1951 corrigere
719 1876 918 1936 nullius
947 1881 1066 1925 erat
1090 1870 1312 1922 alterius
1332 1907 1347 1931 ,
1378 1862 1475 1918 sed
1500 1862 1616 1931 ejus
1654 1857 1952 1931 pricsentire
1978 1898 1994 1921 ,

423 1985 478 2032 et
516 1967 832 2036 annuntiarc
861 1980 981 2035 qua:
1013 1965 1144 2015 facta
1176 1967 1325 2012 sunt.
1355 1952 1581 2010 Ministri
1608 1966 1670 2005 ac
1701 1962 1995 2021 propemo-

422 2068 548 2120 dum
582 2059 765 2116 imqui
806 2058 981 2113 locum
1020 2049 1255 2117 suscepit
1309 2046 1597 2106 Dominus,
1644 2049 1699 2095 et
1729 2038 1910 2104 venit,
1943 2048 1998 2093 et

427 2174 611 2228 pacem
639 2147 1021 2222 evangelizavit
1040 2187 1054 2210 ,
1090 2142 1263 2204 Vobis,
1292 2138 1492 2208 inquit,
1522 2136 1608 2206 qui
1636 2134 1783 2204 longe
1806 2132 1994 2203 fuistis,

422 2223 467 2303 et
494 2248 579 2319 qui
607 2260 783 2317 prope.
818 2237 1039 2301 Iudaeis,
1070 2233 1276 2301 inquit,
1305 2229 1396 2299 qui
1424 2237 1579 2282 erant
1608 2238 1778 2293 prope
1802 2223 1847 2277 si
1874 2237 1994 2276 cum

425 2313 580 2395 nobis
609 2313 997 2390 cmiterantur:
1032 2324 1106 2399 (a)
1135 2321 1357 2405 [procul
1402 2326 1581 2373 autem
1612 2329 1732 2371 esse
1768 2328 1863 2369 eos
1905 2313 1999 2383 qui

428 2449 494 2493 ex
541 2427 791 2501 gentibus
839 2432 992 2479 erant
1031 2416 1411 2479 subindicans,
1446 2421 1629 2480 utpote
1684 2408 1995 2478 peregrinos

421 2539 546 2594 erga
576 2527 891 2576 testamenta
908 2513 950 2587 1.
1000 2512 1131 2579 Quia
1161 2525 1251 2579 per
1280 2509 1449 2576 ipsum
1480 2504 1716 2558 habemus
1741 2516 1995 2555 accessum

417 2591 564 2671 anilia
590 2615 644 2668 in
686 2628 785 2666 uno
827 2596 1029 2677 Spiritu
1053 2604 1123 2658 ad
1168 2601 1394 2655 Patrem.
1425 2597 1616 2651 Pacem
1639 2636 1657 2660 ,
1688 2593 1859 2663 inquit
1878 2633 1896 2657 ,
1926 2591 1994 2648 ad

428 2709 630 2771 Deum;
659 2702 854 2757 etenim
901 2712 999 2752 nos
1043 2689 1429 2751 reconciliavit.
1463 2686 1609 2741 Alias
1637 2685 1781 2740 enim
1828 2682 1991 2738 etiam

418 2799 547 2853 dicit
573 2816 586 2852 :
617 2793 802 2848 Pacem
828 2789 1056 2853 relinquo
1082 2784 1238 2849 vobis,
1267 2796 1442 2852 pacem
1467 2794 1630 2831 meum
1650 2776 1716 2830 do
1743 2775 1879 2828 vobis
1897 2788 1919 2838 ,'
1939 2782 1991 2828 et

423 2892 615 2954 iterum
638 2928 654 2953 ,
686 2882 968 2952 Conﬁdite,
998 2894 1089 2949 ego
1117 2876 1212 2935 vici
1240 2872 1519 2936 mundum;
1544 2878 1620 2936 et,
1652 2868 1993 2936 Quacumque

418 2980 658 3050 petieritis
679 2978 731 3031 in
752 2974 952 3029 nomine
973 2987 1100 3033 meo,
1124 2966 1415 3035 accipietis;
1435 2972 1488 3018 et
1510 2975 1714 3025 rursus,
1741 2959 1992 3026 Quoniam

422 3077 571 3131 l’ater
608 3087 695 3126 eos
722 3066 886 3138 diligit
914 3062 1107 3137 (Joan.
1149 3061 1236 3127 14.
1263 3058 1352 3112 27.
1382 3067 1428 3111 et
1456 3055 1546 3110 16.
1570 3054 1659 3108 55.
1706 3062 1752 3105 et
1782 3051 1864 3105 M.
1902 3049 1987 3104 14.

413 3180 460 3218 et
498 3164 584 3233 l6,
625 3171 673 3216 et
721 3160 854 3227 ⁴Ξῖ).
884 3156 1010 3210 lltcc
1050 3160 1174 3213 sunt
1202 3149 1350 3220 signa
1394 3146 1539 3217 pacis
1566 3152 1620 3199 et
1655 3142 1737 3196 his
1777 3150 1832 3195 et
1859 3140 1986 3194 illis.

415 3259 525 3314 Illis
547 3249 853 3326 quomodo?
887 3246 1140 3315 Quoniam
1165 3258 1252 3313 per
1276 3241 1441 3312 ipsum
1472 3235 1710 3291 habemus
1734 3247 1989 3286 accessum

414 3349 560 3402 «mbo
587 3348 763 3399 inuno
793 3339 1022 3410 Spiritu,
1061 3351 1164 3388 non
1195 3346 1289 3389 vos
1310 3330 1487 3385 minus
1506 3368 1522 3394 ,
1550 3326 1624 3381 illi
1658 3335 1837 3379 autem
1870 3336 1989 3375 am-

415 3440 584 3510 plius,
616 3431 709 3488 sed
739 3445 839 3484 una
872 3427 1061 3498 gratia.
1090 3422 1222 3478 Nam
1252 3422 1383 3475 iram
1411 3416 1626 3488 quidem
1653 3413 1813 3469 solvit
1839 3426 1986 3466 mor-

417 3505 490 3594 ie,
542 3526 684 3583 Patri
716 3530 894 3578 autem
942 3531 1041 3572 nos
1087 3516 1212 3570 fecit
1256 3512 1511 3567 amabiles
1561 3524 1655 3578 per
1704 3505 1985 3574 Spiritum.

410 3624 551 3679 Ecce
577 3632 763 3674 rursus
784 3658 798 3681 ,
833 3613 897 3666 In
926 3619 1010 3666 est
1030 3652 1046 3675 ,
1078 3624 1172 3679 per
1197 3625 1209 3659 :
1246 3621 1342 3674 per
1366 3620 1424 3657 se
1455 3611 1509 3657 et
1533 3600 1795 3670 Spiritum,
1827 3596 1987 3651 addu-

408 3716 490 3771 xit
516 3729 612 3768 uos
637 3712 702 3765 ad
730 3712 923 3779 ipsum.
958 3706 1094 3773 Ergo
1113 3704 1227 3770 jam
1250 3715 1350 3752 non
1372 3697 1487 3750 estis
1514 3694 1734 3763 hospites
1760 3701 1807 3744 et
1832 3691 1987 3743 adve-

412 3820 494 3858 na:
514 3843 529 3866 ,
557 3800 645 3858 sed
673 3800 803 3851 cives
833 3803 1145 3848 sanctorum.
1174 3786 1336 3841 Vides
1364 3782 1502 3852 quod
1537 3798 1642 3836 non
1673 3779 1989 3848 simpliciter

414 3896 468 3949 iu
530 3890 871 3946 Judmorum,
927 3881 1022 3936 sed
1080 3882 1131 3932 in
1201 3881 1506 3931 sanctorum
1558 3882 1613 3926 et
1672 3881 1987 3938 magnorum

414 3984 649 4037 virorum
675 4020 688 4041 ,
712 3988 903 4044 nempe
934 3968 1165 4027 Abrahae
1192 3977 1246 4021 et
1268 3965 1465 4035 Moysis
1488 3972 1542 4016 et
1570 3960 1723 4025 Elim,
1744 3957 1988 4013 eamdem

416 4070 669 4139 adscripti
715 4080 902 4121 sumus
950 4060 1257 4122 civitatem,
1304 4064 1360 4110 et
1398 4055 1451 4108 in
1498 4052 1584 4107 illa
1633 4064 1910 4104 versamur
1935 4055 1992 4101 et

414 4142 771 4237 appareiiiits?
804 4157 934 4213 Nam
964 4153 1057 4224 qui
1105 4150 1219 4205 inec
1241 4189 1257 4212 .
1307 4147 1510 4216 inquit,
1540 4144 1755 4207 dicunt,
1803 4148 1989 4210 aperte

417 4232 705 4317 ostendunt
741 4267 802 4306 se
832 4248 1055 4319 patriam
1080 4249 1343 4313 quaerere”.
1375 4236 1495 4291 Non
1518 4234 1743 4304 amplius
1771 4232 1991 4301 hospites

429 4359 748 4408 sanctorum;
778 4360 866 4397 nec
917 4340 1141 4394 adventu.
1169 4333 1304 4390 Nam
1334 4332 1423 4402 qui
1454 4330 1687 4385 ca-lestia
1718 4341 1822 4381 non
1867 4334 1993 4380 sunt

421 4440 755 4511 assequuturi
777 4477 793 4503 ,
825 4442 952 4490 sunt
992 4431 1235 4486 advenae.
1268 4425 1438 4480 Filius
1464 4423 1606 4477 enim
1655 4428 1869 4486 manet,
1904 4419 1987 4482 in-

415 4509 574 4598 quit,
595 4534 647 4585 in
693 4534 971 4584 mternum.
1008 4520 1076 4575 Et
1115 4517 1406 4580 domestici,
1457 4514 1658 4583 inquit,
1694 4512 1806 4566 Dei.
1837 4509 1990 4578 Quod

416 4623 493 4678 illi
518 4663 534 4688 ,
567 4622 769 4689 inquit,
797 4614 1069 4685 habebant
1086 4611 1154 4664 ab
1184 4608 1337 4663 initio
1365 4620 1460 4676 per
1485 4614 1593 4658 tam
1617 4602 1818 4656 multos
1845 4599 1993 4654 labo-

421 4726 546 4776 res,
596 4711 697 4763 hoc
737 4690 892 4771 vobis
937 4712 1082 4777 recte
1129 4696 1389 4765 successit
1433 4710 1529 4764 per
1578 4694 1670 4748 Dei
1718 4692 1966 4761 gratiam.

422 4780 834 4874 Stipeiwdiﬁcati
854 4810 1007 4865 supra
1031 4790 1416 4863 fundamentum
1437 4783 1785 4855 apostolorum
1805 4792 1852 4835 et
1875 4797 1995 4853 pro-

422 4872 708 4967 phetarum.
745 4872 886 4960 Ecce
915 4877 1385 4965 spcs'vocationis.
1419 4874 1550 4929 Vide
1576 4872 1846 4942 quomodo
1877 4884 1994 4924 um-

424 4961 510 5042 nia
545 4981 866 5055 permiscet,
896 4961 1135 5053 Graecos,
1162 4968 1407 5031 Juiluvos,
1439 4964 1731 5033 apostolos,
1764 4961 1995 5031 prophe-

421 5092 538 5141 tas,
584 5056 912 5130 Christum}
944 5074 999 5134 et
1042 5056 1326 5131 aliquando
1363 5056 1576 5128 quidem
1616 5067 1681 5107 es
1729 5066 1992 5121 corpore,

424 5164 708 5235 aliquando
732 5169 909 5231 autem
941 5171 1010 5223 ex,
1035 5150 1258 5207 a'dilicio
1288 5146 1715 5221 coniunctionem
1741 5141 1994 5197 ostendit.

427 5233 855 5327 Supertedificati,
882 5248 1075 5320 inquit,
1091 5259 1244 5313 super
1262 5240 1640 5317 fundamentum
1656 5233 1999 5304 apostolorum

428 5363 473 5404 et
505 5324 878 5421 prophetarum.
917 5330 1029 5397 lloc
1057 5347 1160 5413 est,
1190 5333 1591 5399 fundamentum
1619 5337 1743 5383 sunt
1769 5324 1996 5396 apostoli

429 5454 484 5496 et
506 5420 798 5508 prophetm.
824 5420 891 5503 Et
913 5434 1140 5503 primum
1166 5427 1314 5498 ponit
1333 5423 1624 5494 apostolos,
1646 5420 1735 5491 qui
1759 5429 1998 5488 tempore

431 5543 555 5589 sunt
582 5536 756 5583 ultum
780 5543 795 5579 :
825 5524 908 5578 vel
935 5524 1037 5577 hoc
1061 5519 1351 5600 ostendens
1374 5526 1428 5572 et
1454 5514 1639 5587 dicens
1656 5552 1671 5581 ,
1699 5510 1839 5574 quod
1866 5518 1919 5564 et
1946 5508 1997 5562 hi

490 5685 565 5744 (α)
592 5684 710 5739 Ome
754 5677 944 5744 uncinis
973 5671 1262 5723 clauduntur
1299 5674 1347 5720 iu
1393 5675 1584 5721 textum
1634 5663 1909 5728 recepimus
1935 5676 1994 5713 ex

428 5737 524 5818 quo
544 5737 723 5793 'unlice
746 5737 1046 5818 Coisliniauo.

2109 672 2164 718 et
2191 665 2269 721 illi
2296 668 2403 723 sint
2450 671 2890 746 fundamentum,
2937 684 3245 742 universum
3290 699 3470 747 autem
3517 710 3682 751 unum

2107 758 2177 811 sit
2221 760 2506 819 aedilicium
2560 778 2614 822 et
2661 784 2764 824 una
2796 772 2968 829 radix.
3002 778 3184 848 Cogita
3230 779 3446 839 Graecos
3490 784 3681 842 funda-

2109 861 2345 948 mentum
2375 853 2576 913 habere
2604 863 2954 930 patriarchas.
2983 866 3081 923 Hic
3108 869 3237 926 illud
3264 876 3434 944 magis
3462 879 3680 947 proprie

2108 936 2248 1036 dicit
2280 957 2436 1036 quam
2487 954 2608 1002 cum
2661 950 2792 1007 dicit
2838 953 3186 1015 insertionem
3217 977 3230 1014 :
3263 971 3318 1016 et
3346 936 3516 1036 magis
3564 936 3677 1025 illic

2108 1033 2294 1125 tangit.
2319 1034 2521 1092 Deinde
2541 1040 2688 1107 dicit,
2716 1043 2839 1113 Ipso
2861 1064 3057 1103 summa
3083 1053 3319 1121 angulari
3338 1033 3508 1125 lapide
3532 1058 3680 1112 Chri-

2104 1130 2183 1176 sto
2210 1122 2338 1180 Jesu
2355 1143 2374 1191 ;
2404 1128 2708 1198 signiﬁcans
2733 1134 3004 1191 Christum
3032 1141 3207 1195 omnia
3239 1122 3533 1203 continere.
3572 1149 3676 1204 La-

2105 1212 2188 1281 pis
2230 1213 2373 1268 enim
2420 1219 2690 1289 angularis
2733 1234 2787 1278 et
2833 1228 3065 1295 parietes
3111 1233 3351 1289 continet
3392 1248 3447 1290 et
3488 1235 3677 1292 funda-

2106 1316 2306 1361 menta.
2338 1308 2402 1362 In
2426 1327 2524 1382 quo
2544 1314 2708 1368 omnis
2727 1318 3019 1388 aedificatio.
3043 1320 3175 1376 Vide
3213 1325 3480 1393 quomodo
3501 1327 3676 1399 ipsum

2106 1401 2443 1471 conjunxerit
2464 1446 2480 1472 ,
2512 1414 2567 1458 ut
2597 1406 2685 1476 qui
2731 1409 3017 1480 aliquando
3043 1412 3255 1482 quidem
3286 1423 3453 1470 totum
3483 1431 3679 1488 corpus

2104 1510 2336 1564 superne
2360 1498 2714 1555 contineatac
2776 1502 3128 1574 compingat,
3192 1507 3675 1576 aliquandoautem

2107 1588 2313 1644 inferne
2345 1599 2519 1658 portet
2545 1591 2825 1646 aedilicium
2848 1636 2862 1659 ,
2894 1602 2951 1649 et
2979 1596 3049 1649 sit
3093 1597 3269 1653 radix.
3299 1598 3430 1654 Illud
3455 1610 3667 1667 autem.

2104 1678 2343 1736 Condidit
2369 1684 2421 1736 in
2455 1685 2619 1751 seipso
2644 1685 2696 1739 in
2728 1702 2884 1739 unum
2927 1704 3107 1742 novum
3154 1691 3440 1759 hominem,
3471 1695 3673 1766 signiﬁ-

2103 1779 2220 1835 c:it,
2264 1772 2366 1826 Per
2409 1774 2645 1843 seipsum
2694 1776 2972 1845 conjunxit
3017 1789 3269 1850 utrosque
3316 1783 3578 1850 parietes;
3614 1797 3671 1841 et

2102 1876 2350 1928 rursum,
2383 1865 2524 1931 quod
2556 1865 2606 1918 in
2639 1865 2755 1935 ipso
2781 1868 2888 1921 sint
2911 1872 3097 1923 creati.
3145 1871 3212 1924 Et
3232 1912 3248 1937 ,
3281 1870 3668 1943 Primogenitus,

2104 1953 2311 2022 inquit,
2342 1956 2506 2010 omnis
2534 1968 2780 2012 creatura:
2811 1958 3024 2028 (Coloss.
3056 1962 3108 2016 1.
3141 1963 3227 2032 15)
3257 1982 3270 2016 :
3304 1964 3407 2019 hoc
3436 1975 3519 2021 est
3540 2007 3555 2028 .
3586 1967 3671 2037 ip-

2103 2061 2162 2101 se
2190 2055 2363 2115 portat
2393 2049 2605 2114 omnia,
2640 2051 2690 2103 in
2722 2067 2830 2121 quo
2874 2060 3041 2107 totum
3087 2055 3367 2110 aedilicium
3414 2066 3499 2112 est
3541 2073 3671 2114 con-

2101 2147 2381 2192 structum.
2415 2139 2541 2195 Sive
2589 2150 2787 2195 tectum
2819 2141 3048 2208 dixerit,
3097 2145 3210 2199 sive
3256 2147 3486 2215 parietes
3507 2188 3524 2213 ,
3555 2149 3674 2204 sive

2103 2232 2313 2301 quidvis
2342 2234 2508 2300 aliud,
2544 2244 2710 2289 totum
2746 2245 2939 2305 portat.
2964 2237 3103 2293 Alibi
3132 2247 3309 2293 autem
3339 2240 3510 2309 ipsum
3537 2240 3667 2296 dicit

2103 2321 2540 2377 fundamentum:
2592 2323 2999 2380 Fundamentum
3044 2328 3225 2394 enim,
3274 2314 3477 2399 inquit,
3526 2331 3668 2383 aliud

2112 2428 2256 2466 nemo
2295 2424 2454 2482 potest
2494 2431 2678 2484 ponere
2702 2427 2884 2486 pra'tcr
2909 2419 2964 2470 id
2991 2418 3127 2488 quod
3165 2428 3239 2471 est
3262 2420 3508 2488 positum,
3534 2422 3674 2492 quod

2102 2512 2174 2555 est
2212 2501 2364 2557 Jesus
2397 2503 2645 2561 Christus.
2691 2504 2754 2559 In
2790 2524 2887 2577 quo
2911 2548 2926 2573 ,
2960 2509 3167 2577 inquit,
3196 2511 3358 2564 omnis
3401 2510 3668 2579 tediﬁcatio

2099 2603 2388 2647 constructa
2417 2594 2492 2666 (1.
2522 2594 2638 2649 Cor.
2670 2597 2722 2651 '5.
2754 2598 2859 2667 11).
2891 2598 2997 2652 Res
3025 2599 3135 2668 ipsa
3164 2609 3411 2656 accurate
3449 2610 3503 2656 et
3543 2616 3669 2656 exa-

2098 2692 2182 2738 cte
2209 2684 2543 2741 considerata
2568 2687 2823 2753 ostendit,
2848 2690 2988 2757 quod
3014 2706 3118 2744 nun
3139 2690 3297 2745 aliter
3319 2692 3443 2761 poni
3468 2701 3661 2761 potest,

2107 2774 2221 2832 nisi
2259 2789 2445 2834 exacte
2474 2788 2528 2833 ct
2572 2792 2816 2835 accurate
2859 2782 3074 2837 vixeris.
3124 2783 3346 2848 Crescit,
3379 2785 3581 2853 inquit,
3613 2785 3667 2838 in

2099 2872 2340 2940 templum
2380 2883 2606 2926 sanctum
2636 2875 2688 2926 in
2720 2872 2936 2929 Domino
2959 2891 2981 2929 :
3007 2875 3058 2928 in
3094 2891 3193 2944 quo
3220 2886 3266 2928 et
3310 2893 3395 2930 vos
3440 2877 3663 2944 cowdiﬁ-

2096 2963 2302 3017 camini.
2350 2962 2463 3018 Huc
2497 2962 2823 3033 frequentius
2850 2964 3011 3032 dicit,
3039 2962 3105 3018 In
3134 2966 3373 3033 templum
3402 2977 3661 3031 sanetum,

2100 3053 2152 3109 iu
2185 3053 2528 3107 habitaculum
2572 3053 2671 3110 Dei
2694 3056 2747 3108 in
2793 3054 3013 3126 Spiritu.
3043 3056 3178 3122 Quid
3221 3055 3322 3111 sibi
3349 3056 3460 3111 vult
3486 3066 3666 3111 autent

2094 3146 2415 3201 mditicatio?
2448 3147 2517 3202 Ut
2564 3148 2702 3202 Deus
2746 3148 2796 3201 in
2844 3149 2946 3202 hoc
2993 3149 3192 3218 templo
3231 3148 3454 3203 habitet.
3484 3148 3661 3205 Unus-

2094 3237 2317 3307 quisque
2346 3237 2486 3296 enim
2514 3247 2750 3291 vestrum
2781 3247 2866 3292 est
2895 3239 3150 3309 templum
3169 3281 3185 3304 ,
3217 3248 3272 3294 et
3299 3253 3485 3293 omnes
3512 3254 3657 3293 com-

2094 3329 2357 3393 muniter,
2382 3337 2439 3382 et
2469 3335 2739 3397 tamquam
2768 3329 2819 3382 in
2850 3344 3077 3398 corpore
3105 3330 3301 3385 Christi
3341 3330 3575 3397 habitat,
3608 3340 3660 3386 et

2094 3427 2362 3488 tamquam
2390 3418 2441 3472 in
2473 3420 2673 3488 templo
2699 3420 2986 3488 spirituali.
3022 3420 3144 3476 Ideo
3175 3437 3280 3476 non
3324 3422 3460 3476 dixit
3487 3432 3661 3493 πρόσο-

2095 3518 2206 3579 δον,
2239 3512 2288 3568 id
2320 3521 2435 3579 est,
2466 3512 2669 3567 aditum
2693 3552 2709 3575 ο
2736 3513 2829 3569 sed
2861 3529 3161 3585 προσαγωγὴν
3180 3555 3195 3580 ,
3227 3514 3326 3569 hoc
3349 3523 3467 3581 est,
3494 3514 3660 3570 addu—

2100 3605 2332 3660 ctionem
2359 3621 2374 3658 :
2401 3620 2507 3659 non
2536 3606 2675 3658 cnim
2704 3621 2731 3658 a
2761 3606 2914 3660 nobis
2940 3607 3069 3676 ipsis
3089 3605 3413 3661 accessimus
3432 3646 3448 3672 ,
3476 3606 3568 3660 sed
3593 3606 3661 3661 ab

2095 3698 2211 3768 ipso
2257 3700 2470 3754 adducti
2516 3715 2738 3754 sumus:
2782 3698 2922 3752 Nunt
2948 3715 3128 3764 nemo,
3163 3698 3368 3769 inquit,
3418 3698 3550 3750 venit
3591 3698 3666 3748 ad

2094 3789 2307 3845 Patrem
2345 3793 2444 3846 nisi
2483 3808 2572 3861 per
2616 3808 2695 3845 me
2711 3808 2731 3854 ,'
2759 3801 2813 3846 et
2841 3806 3025 3847 rursus
3055 3790 3165 3861 Ego
3192 3807 3303 3843 sum
3329 3790 3428 3850 via,
3458 3788 3660 3850 ueritas,

2093 3894 2139 3937 et
2163 3885 2263 3936 vita
2292 3882 2472 3953 (Joau.
2502 3886 2590 3937 14.
2615 3884 2692 3953 6).
2722 3882 2777 3937 ιιι
2803 3883 3060 3952 templum
3083 3891 3324 3936 sanctum
3350 3878 3506 3933 simul
3529 3876 3659 3930 acdi-

2096 3975 2234 4030 ticati
2264 3975 2415 4030 estis.

2163 4070 2217 4122 2.
2251 4068 2446 4123 lterum
2469 4066 2536 4121 ad
2560 4067 2703 4137 prius
2728 4066 2866 4120 redit
2885 4063 3192 4134 exemplum
3221 4069 3276 4117 et
3301 4061 3419 4115 illos
3436 4059 3659 4128 conjun-

2094 4165 2169 4231 git
2209 4176 2329 4216 cum
2383 4161 2621 4225 sanctis,
2675 4173 3006 4229 nequaquam
3063 4158 3245 4211 sinens
3292 4162 3352 4209 ut
3396 4153 3665 4224 longiusa

2095 4252 2310 4307 Christo
2332 4250 2637 4306 recedatur.
2669 4249 2765 4303 Est
2792 4264 2921 4318 ergo
2943 4261 3112 4316 usque
3141 4245 3209 4300 ad
3239 4243 3526 4299 adventum
3550 4240 3663 4296 haec

2096 4341 2399 4396 azdilicatiu.
2435 4339 2729 4408 Propterea
2758 4338 2971 4392 dicebat
2999 4335 3189 4389 Paulus
3214 4351 3228 4388 :
3263 4332 3330 4388 Ut
3352 4332 3554 4402 sapiens
3577 4347 3663 4384 ar-

2098 4432 2342 4485 chitectus
2373 4430 2759 4500 fundamentum
2787 4427 2932 4497 posui
2957 4442 2977 4492 ;
3008 4436 3059 4479 et
3087 4438 3271 4479 rursus
3300 4422 3408 4488 hic,
3452 4419 3662 4475 Funda-

2098 4534 2320 4578 mentum
2341 4522 2485 4577 aliud
2508 4538 2651 4576 nemo
2674 4529 2831 4591 potest
2862 4534 3066 4586 ponere,
3089 4526 3271 4587 prteter
3291 4515 3345 4567 id
3368 4515 3504 4585 quod
3527 4513 3665 4582 posi-

2098 4628 2204 4676 tum
2245 4625 2356 4680 est,
2386 4615 2472 4683 qui
2500 4622 2572 4667 est
2602 4610 2867 4680 Christus(
2898 4609 2949 4663 1.
2980 4606 3098 4663 Cor.
3130 4607 3187 4661 5.
3220 4606 3305 4662 10.
3335 4606 3395 4660 11
3425 4603 3470 4677 ).
3502 4603 3668 4658 Vides

2098 4707 2238 4779 quod
2256 4707 2497 4777 exetupla
2519 4718 2617 4775 pro
2635 4703 2794 4759 rebus
2809 4701 3061 4770 subjectis
3085 4699 3191 4754 sint
3212 4695 3542 4767 accipienda,
3561 4711 3667 4751 non

2099 4800 2384 4855 absolute?
2412 4799 2480 4853 ab
2503 4796 2762 4868 exemplis
2790 4796 2889 4849 hoc
2925 4793 3073 4859 dicit,
3100 4801 3157 4847 ut
3190 4790 3403 4862 quando
3426 4789 3669 4845 Christus

2101 4892 2310 4948 Patrem
2332 4889 2459 4945 dicit
2473 4887 2777 4958 agricolam,
2793 4894 2845 4940 et
2859 4883 2935 4939 sei
2943 4898 3093 4953 psum
3108 4879 3511 4949 radicem.(Cap.
3531 4881 3604 4949 3.)
3629 4880 3679 4937 l.

2105 4982 2273 5054 Hujus
2301 4981 2373 5036 rei
2407 4980 2575 5052 gratia
2599 4994 2690 5049 ego
2714 4976 2908 5030 Paulus
2930 5014 2945 5037 ,
2992 4974 3187 5027 vinetus
3216 4971 3406 5025 Christi
3429 4968 3555 5023 Iesu
3576 4985 3677 5039 pro.

2101 5073 2237 5127 vobis
2262 5071 2511 5142 gentibus.
2542 5067 2681 5122 Dixit
2710 5078 2952 5134 magnam
2996 5058 3193 5115 Christi
3212 5073 3395 5114 curam
3415 5067 3469 5112 et
3488 5057 3674 5126 provi-.

2104 5163 2361 5219 dentiam.
2400 5162 2476 5215 De
2501 5168 2694 5215 caetero
2719 5155 2785 5210 ad
2811 5171 2956 5209 suam
2981 5168 3189 5223 quoque
3217 5148 3530 5220 digreditur,
3553 5163 3674 5219 qua

2104 5269 2265 5325 parva
2291 5253 2503 5322 quidem
2533 5258 2616 5305 est
2656 5255 2711 5302 et
2739 5247 2892 5314 plane
2917 5244 3071 5308 nihil,
3102 5244 3147 5297 si
3173 5257 3293 5296 cum
3320 5241 3408 5295 illa
3429 5239 3675 5295 confers.

2104 5353 2191 5399 tur
2216 5359 2232 5408 ;
2265 5357 2383 5412 quin
2404 5350 2580 5394 tamen
2624 5340 2737 5406 ipsa
2767 5351 2978 5405 quoque
3003 5342 3084 5388 est
3110 5332 3303 5387 idonea
3325 5340 3380 5387 et
3400 5329 3673 5386 sufﬁciens

2104 5434 2170 5488 ad
2202 5429 2594 5485 attrahendum.
2631 5427 2937 5495 Propterea,
2959 5423 3162 5495 inquit,
3187 5436 3287 5492 ego
3324 5435 3535 5492 quoque
3564 5421 3676 5473 vin-

2107 5535 2223 5578 ctus
2253 5536 2387 5576 sum.
2426 5520 2484 5574 Si
2521 5519 2667 5574 enim
2705 5515 2964 5572 Dominus
3010 5528 3163 5569 meus
3220 5523 3438 5583 propter
3473 5525 3568 5566 vos
3596 5518 3680 5565 est

2112 5622 2261 5668 actus
2287 5612 2340 5666 in
2372 5624 2611 5676 crucem,
2641 5608 2808 5662 multo
2835 5606 3003 5676 magis
3029 5619 3130 5675 ego
3156 5604 3367 5658 vinctus
3396 5614 3539 5656 sum.
3562 5596 3683 5658 Non,

2108 5710 2280 5765 silum
2301 5704 2415 5773 ipse
2446 5701 2543 5757 fuit
2570 5699 2799 5768 vinctus,
2822 5700 2917 5755 sed
2954 5697 3115 5753 etiam
3163 5709 3290 5750 suos
3337 5705 3521 5749 servos
3552 5704 3679 5760 pere
