4080 6218
363 372 439 429 εδ
1253 364 1325 422 IN
1359 364 1572 422 EPIST.
1614 362 1705 418 AD
1746 357 1982 415 EPHES.
2024 358 2175 416 CAP.
2216 359 2305 418 Ill.
2348 363 2577 421 HOMIL.
2621 365 2712 423 Vl.
3565 378 3633 433 sti

366 485 536 541 mittit
577 483 772 541 vinciri
794 498 893 554 pro
916 480 1069 539 vobis
1119 480 1386 553 gentibus.
1415 480 1600 551 Magna
1628 475 1899 548 emphasis
1929 493 1944 530 :

365 578 479 634 Vos
506 591 617 633 non
640 577 813 632 solum
835 589 944 631 non
990 573 1377 638 abominamur,
1420 571 1514 627 sed
1545 572 1703 625 etiam
1735 576 1951 638 propter

367 688 489 740 vos,
530 673 720 742 inquit,
755 671 1043 731 vincimur.
1072 678 1127 724 et
1154 683 1254 739 ego
1302 675 1499 721 tantam
1549 664 1776 734 adeptus
1830 677 1947 716 sum

367 764 617 834 gratiam.
645 762 701 816 2.
750 760 810 817 Si
833 770 999 815 tamen
1042 760 1275 814 audiistis
1323 757 1744 826 dispensationem
1775 754 1952 825 gratia:

370 854 472 908 Dei
497 869 611 922 qua
630 854 751 906 data
776 864 848 907 est
868 853 995 905 mihi
1013 852 1065 905 in
1086 850 1244 905 vobis.
1291 848 1466 903 lnuuit
1505 846 1906 918 prmdictioaem
1934 882 1950 908 ,

367 960 490 1013 qua;
518 943 586 997 de
607 944 725 1013 ipso
743 940 988 996 Damasci
1018 939 1154 994 facta
1181 949 1262 994 est
1289 938 1531 1001 Ananize,
1562 936 1778 1006 quando
1799 934 1950 989 dice-

367 1033 460 1088 bat
485 1051 500 1088 :
534 1033 693 1099 Vade,
712 1035 953 1105 quoniam
978 1048 1065 1087 cas
1094 1030 1494 1086 eiectionis'mihi
1519 1040 1589 1083 est
1614 1028 1725 1093 iste',
1758 1038 1810 1080 ut
1835 1043 1953 1094 par-

364 1136 436 1180 tet
465 1143 647 1181 nomen
669 1143 833 1180 meum
862 1142 1033 1179 coram
1058 1125 1282 1196 gentibus
1305 1140 1364 1176 ac
1390 1123 1588 1189 regibus
1606 1121 1739 1190 (Act.
1756 1120 1808 1174 9.
1838 1119 1945 1190 15).

369 1218 834 1288 Dispensationem
864 1216 1051 1287 gratia:
1077 1215 1208 1269 dicit
1252 1212 1657 1268 revelationent.
1692 1210 1800 1264 lloc
1839 1219 1942 1274 est,

367 1309 487 1363 Non
507 1308 670 1364 didici
691 1309 760 1363 ab
785 1310 1040 1364 homine:
1069 1317 1123 1361 et
1147 1306 1392 1377 dignatus
1418 1312 1501 1358 est
1530 1303 1682 1366 mihi,
1713 1316 1833 1355 cum
1865 1315 1951 1355 cs-

367 1417 484 1455 scm
515 1417 674 1463 unus,
710 1402 954 1455 revelare
985 1408 1203 1469 propter
1223 1413 1318 1451 vos
1345 1416 1358 1452 :
1389 1396 1508 1464 Ipse
1528 1395 1670 1451 enim
1689 1436 1704 1459 ,
1731 1393 1901 1461 inquit
1930 1432 1946 1457 ,

367 1492 496 1543 mihi
542 1492 669 1545 diuit
691 1506 710 1544 :
747 1488 888 1543 Vade
907 1531 923 1555 ,
955 1489 1192 1561 quoniam
1216 1498 1263 1542 te
1289 1488 1357 1539 ad
1378 1496 1545 1558 gentes
1566 1485 1744 1554 procul
1767 1498 1948 1537 aman-

369 1581 503 1636 dabo
528 1582 548 1651 (
573 1583 688 1634 Act.
715 1580 807 1634 22.
836 1579 900 1634 2|
930 1581 969 1650 ).
1000 1578 1467 1649 Dispensationem
1492 1577 1569 1630 sic
1597 1586 1741 1630 recte
1769 1575 1904 1629 dixit
1932 1590 1946 1627 ε

367 1680 486 1724 erat
511 1670 658 1726 enim
688 1685 877 1740 magna
909 1669 1259 1736 dispensatio,
1291 1683 1411 1721 cunt
1447 1666 1536 1736 qui
1564 1665 1784 1720 minime
1833 1679 1951 1718 cre-

366 1764 529 1817 debat
556 1780 587 1817 a
612 1764 822 1831 superis
845 1776 1036 1817 vocare
1061 1769 1116 1815 et
1143 1760 1325 1815 dicere
1357 1774 1370 1810 :
1406 1759 1583 1819 Saule,
1616 1757 1796 1825 Saule,
1829 1757 1951 1823 quid

367 1872 452 1909 nte
478 1855 793 1925 persequeris
815 1854 958 1924 (Act.
992 1852 1045 1907 9.
1070 1853 1104 1907 4
1134 1853 1199 1922 )‘l
1231 1861 1283 1906 et
1330 1866 1522 1905 arcana
1556 1850 1641 1904 illa
1667 1850 1783 1904 lucc
1826 1865 1948 1904 eum

368 1960 678 1999 t-xcmcare.
709 1944 770 2000 Si
799 1955 958 1998 tamen
1005 1943 1242 1997 audiistis
1290 1942 1719 2011 dispensationem
1765 1941 1944 2010 gratia:

268 2066 279 2073 -
370 2033 499 2099 Dei,
531 2050 645 2101 qua
662 2035 781 2087 data
803 2043 873 2087 est
896 2035 1017 2087 mihi
1046 2035 1097 2087 in
1124 2035 1281 2098 vobis,
1313 2034 1366 2087 5.
1396 2032 1531 2102 quod
1557 2032 1832 2086 secundum
1856 2048 1937 2084 re-

370 2126 676 2179 uelationem
716 2135 890 2179 notum
912 2126 1037 2178 mihi
1062 2129 1256 2195 factum
1284 2133 1356 2178 est
1401 2134 1794 2188 sacramentum,
1823 2125 1951 2179 sicut

371 2236 535 2290 supra
562 2219 743 2287 scripsi
768 2220 822 2272 in
844 2218 998 2271 brevi.
1030 2217 1279 2272 Fortasse
1308 2232 1402 2286 per
1445 2216 1654 2285 aliquos
1682 2215 1953 2285 significa-

369 2310 484 2371 \it;
532 2319 623 2363 aut
668 2324 774 2363 non
826 2311 997 2363 multo
1046 2317 1204 2363 antea
1254 2309 1563 2377 scripserat.
1592 2309 1689 2362 Hic
1715 2307 1952 2362 ostendit

369 2400 509 2467 quod
559 2401 870 2455 universum
892 2401 961 2455 sit
983 2401 1097 2465 Dei,
1120 2399 1260 2469 quod
1309 2399 1440 2453 nihil
1478 2400 1772 2454 attulimus.
1814 2398 1949 2466 Quid

370 2492 538 2557 enim,
562 2492 905 2563 dic.qu:eso?
933 2508 1037 2546 non
1067 2492 1180 2561 ipse
1207 2476 1429 2561 magnus
1448 2491 1537 2546 ille
1562 2491 1754 2545 l‘aulus
1780 2502 1831 2545 et
1851 2492 1945 2544 ad-

370 2582 668 2647 mirandus,
698 2583 790 2652 qui
816 2583 989 2654 legem
1014 2583 1222 2645 didicit,
1251 2583 1338 2651 qui
1370 2582 1436 2635 ad
1461 2581 1622 2652 pedes
1644 2581 1951 2636 Gamalielis

368 2685 558 2730 exacte
587 2673 686 2728 fuit
699 2675 960 2739 eruditus,
988 2677 1153 2745 gratia
1188 2675 1283 2729 fuit
1309 2676 1528 2730 salvus?
1555 2676 1666 2731 Hoc
1691 2676 1813 2746 jure
1837 2692 1954 2748 my-

370 2768 593 2820 sterium
614 2775 809 2821 vocat:
840 2766 933 2820 Est
958 2768 1098 2821 enim
1119 2767 1452 2837 mysterium,
1475 2768 1613 2837 quod
1640 2779 1826 2839 gentes
1852 2780 1955 2821 sta-

372 2857 464 2908 tim
490 2856 555 2909 ad
575 2857 834 2924 majorem
861 2857 1510 2923 deduxeritnobilitatem,
1539 2875 1695 2928 quam
1714 2858 1949 2913 Judasos.

371 2946 521 3000 Sient
543 2964 723 3017 supra,
753 2947 945 3017 inquit,
974 2950 1155 3017 scripsi
1183 2950 1234 3003 in
1262 2948 1418 3013 brevi,
1450 2950 1499 3003 id
1526 2958 1627 3015 est,
1662 2951 1862 3018 paucis.
1895 2952 1949 3004 4.

374 3034 537 3088 Prout
586 3039 787 3105 potestis
830 3038 1052 3108 legentes
1093 3038 1389 3111 intelligere.
1416 3041 1571 3109 Papus
1601 3042 1614 3095 l
1646 3058 1749 3094 non
1783 3050 1950 3094 totum

371 3129 666 3191 scribebat,
699 3144 872 3195 neque
923 3140 1180 3199 quantum
1213 3131 1451 3186 scribere
1503 3133 1804 3200 Oportebat.
1847 3132 1952 3187 Sed

374 3219 460 3272 hic
485 3219 702 3288 quidem
738 3220 839 3275 hoc
862 3220 1091 3276 faciebat
1129 3224 1207 3278 rei
1235 3232 1444 3288 natura,
1501 3224 1625 3277 alibi
1653 3236 1832 3279 autem
1875 3224 1951 3278 vi-

375 3311 527 3372 tium,
555 3311 699 3364 sicut
719 3310 859 3379 apud
913 3311 1186 3374 Hebrmos,
1242 3313 1375 3366 sicut
1429 3312 1568 3380 apud
1621 3312 1949 3367 Corinthios.

380 3402 536 3455 Prout
561 3404 773 3472 potestis
798 3406 1015 3472 legentes
1039 3406 1321 3475 intelligere
1345 3407 1665 3475 prudentiam
1713 3425 1872 3461 meam
1899 3409 1954 3460 in

374 3495 615 3562 mysterio
642 3492 855 3548 Christi.
883 3494 936 3547 Id
959 3505 1064 3559 est,
1087 3495 1357 3564 quomodo
1395 3498 1652 3567 concepi,
1686 3499 1953 3569 quomodo

376 3584 607 3638 intellexi
636 3627 651 3649 ,
681 3596 775 3639 aut
820 3585 1123 3653 hujusmodl
1167 3603 1288 3657 qum
1316 3588 1458 3643 dixit
1505 3590 1663 3658 Deus,
1690 3600 1781 3645 aut
1808 3592 1948 3662 quod

376 3676 872 3730 scdeatatlextris.
928 3677 1131 3732 Deinde
1182 3679 1344 3732 etiam
1403 3680 1756 3750 dignitatem,
1811 3683 1951 3752 quod

379 3767 496 3821 Non
524 3771 599 3822 sic
627 3771 748 3838 fecit
789 3768 928 3823 Deus
970 3770 1108 3824 omni
1145 3771 1298 3841 genti.
1349 3772 1415 3825 Et
1442 3788 1685 3841 quaenam
1727 3774 1796 3827 sit
1823 3790 1955 3843 gens

374 3859 458 3913 cui
478 3859 557 3913 sic
582 3858 711 3914 fecit
745 3861 884 3914 Deus
904 3860 1207 3927 declarans,
1232 3862 1505 3932 subjungit
1537 3879 1550 3916 :
1582 3863 1633 3917 5.
1671 3863 1821 3929 Quod
1839 3863 1958 3920 aliis

376 3951 798 4016 generationibus,
826 3952 1015 4020 inquit,
1036 3969 1135 4005 non
1153 3962 1226 4005 est
1245 3954 1474 4024 agnitum
1502 3955 1624 4020 filiis
1645 3957 1906 4009 hominum
1934 3999 1950 4024 ,

374 4042 526 4093 sicuti
550 4058 687 4094 nunc
705 4042 981 4095 revelatum
1021 4054 1093 4098 est
1119 4046 1308 4098 sanctis
1354 4047 1599 4116 apostolis
1623 4049 1731 4116 ejus
1763 4060 1807 4103 et
1838 4066 1956 4118 pro-

377 4132 540 4199 pinetis
557 4134 613 4185 in
645 4133 865 4202 Spiritu.
887 4134 1024 4200 Qttid
1069 4151 1227 4205 ergo,
1272 4136 1360 4191 dic
1403 4138 1550 4203 mihi,
1612 4155 1715 4193 nou
1767 4153 1957 4198 norant

377 4223 692 4291 prophetzc?
720 4223 998 4291 Quomodo
1025 4242 1154 4296 ergo
1198 4227 1329 4283 dicit
1354 4226 1597 4283 Christus
1619 4272 1635 4297 ,
1664 4231 1874 4303 Moyses
1904 4242 1958 4287 et

379 4317 655 4385 propheta:
685 4316 799 4371 lucc
822 4318 987 4374 deme
1011 4321 1375 4389 scripserunt?
1396 4333 1449 4376 et
1478 4339 1682 4390 rursus,
1711 4325 1772 4380 Si
1793 4329 1956 4382 credi-

376 4404 577 4460 dissetis
605 4406 791 4477 Moysi,
826 4409 1164 4464 credidissetis
1176 4420 1222 4464 et
1248 4413 1413 4465 mihi?
1438 4422 1492 4467 et
1515 4429 1720 4478 rursus,
1741 4417 1957 4471 Scruta-

376 4499 507 4550 rnini
536 4499 849 4567 Scripturas,
875 4500 994 4570 quia
1011 4516 1095 4555 vos
1113 4502 1300 4569 putatis
1319 4504 1371 4555 in
1397 4504 1520 4572 ipsis
1545 4505 1697 4557 vitam
1718 4517 1956 4562 (sternam

378 4587 586 4651 habere;
608 4599 656 4641 et
679 4590 782 4642 ilhc
802 4600 922 4643 sunt
970 4606 1082 4661 qua
1115 4593 1455 4647 testimonium
1502 4596 1759 4663 perhibent
1785 4599 1846 4651 de
1880 4616 1957 4654 me

377 4680 564 4749 (1m.
588 4683 644 4737 5.
670 4683 760 4737 te.
789 4683 883 4744 39)
908 4683 932 4735 2
957 4686 1064 4738 Aut
1089 4684 1193 4740 hoc
1214 4686 1339 4740 dicit
1363 4728 1379 4753 ,
1416 4689 1557 4758 quod
1586 4705 1690 4745 non
1709 4678 1955 4749 omnibus

376 4772 480 4826 fuit
510 4774 805 4829 revelatum
830 4792 845 4840 ;
869 4773 1075 4828 addidit
1101 4777 1275 4830 enim:
1306 4777 1453 4843 Quod
1479 4781 1595 4834 aliis
1615 4786 1957 4851 generationi-

377 4866 470 4918 bus
485 4880 588 4919 non
612 4874 683 4919 est
710 4868 937 4937 agnitum
956 4867 1079 4935 filiis
1107 4868 1387 4935 hominum,
1413 4881 1468 4924 ut
1487 4888 1620 4926 nunc
1640 4876 1736 4945 fuit
1762 4878 1958 4931 revela-

375 4969 486 5010 tum
518 4975 541 5010 :
574 4959 828 5029 autquod
857 4975 960 5013 nun
987 4959 1068 5014 sic
1095 4959 1197 5014 fuit
1241 4963 1515 5030 cognitum
1556 4965 1717 5021 rebus
1757 4969 1884 5036 ipsis
1906 4978 1961 5023 ct

374 5047 556 5113 factis,
587 5047 658 5103 Ut
684 5065 820 5102 nunc
842 5050 1114 5103 revelatum
1142 5050 1236 5118 fuit
1255 5052 1442 5106 sanctis
1475 5053 1719 5123 apostolis
1766 5058 1879 5126 ejus
1913 5068 1959 5112 et

374 5144 641 5211 prophetis
666 5142 719 5195 in
745 5142 967 5210 Spiritu.
985 5140 1277 5196 Considera
1304 5143 1446 5197 enim
1481 5163 1495 5198 :
1520 5145 1714 5200 Petrus
1740 5149 1839 5203 nisi
1864 5165 1962 5204 au-

376 5234 603 5287 divisset
630 5232 911 5301 aSpiritu,
969 5247 1074 5286 non
1128 5232 1399 5301 profectus
1459 5246 1604 5290 esset
1642 5237 1708 5291 ad
1751 5250 1955 5308 gentos.

374 5325 516 5380 Audi
546 5326 686 5379 enim
712 5323 838 5393 quid
866 5323 1047 5377 dicat:
1072 5324 1212 5393 Ergo
1239 5323 1388 5378 Dedit
1416 5324 1519 5378 illis
1543 5324 1682 5382 Deus
1710 5328 1960 5399 Spiritum

374 5425 609 5470 sanctum
654 5415 784 5468 sicut
801 5423 848 5467 ct
873 5414 1015 5467 nobis
1040 5411 1174 5487 (Act.
1210 5414 1294 5468 11.
1324 5415 1455 5478 17);
1490 5414 1592 5469 hoc
1620 5425 1723 5482 est,
1755 5418 1805 5471 in
1843 5419 1963 5489 Spi-

374 5512 484 5563 ritu
509 5548 525 5570 ,
554 5508 679 5576 quia
708 5523 804 5576 per
826 5505 1088 5577 Spiritum
1113 5507 1360 5578 dignatus
1374 5516 1458 5562 est
1481 5509 1618 5563 Deus
1648 5520 1703 5563 ut
1727 5512 1825 5581 ipsi
1871 5528 1962 5568 ac-

372 5603 623 5671 cipereut
650 5600 893 5669 gratiam,
942 5601 1118 5670 Atque
1141 5600 1391 5655 dicebant
1411 5599 1624 5670 quidem
1652 5603 1957 5672 prophetae;

373 5695 472 5748 sed
502 5709 610 5748 non
662 5692 799 5747 adeo
840 5703 1026 5749 exacte
1077 5702 1373 5759 noverant,
1421 5709 1541 5748 cum
1589 5711 1687 5750 nec
1733 5698 1958 5767 apostoli

375 5786 598 5853 quidem
627 5796 910 5856 postquam
937 5786 1298 5853 audivissent;
1333 5787 1618 5852 humanam
1648 5790 1790 5845 enim
1834 5789 1949 5846 haec

2065 477 2327 533 rationem
2354 487 2409 535 et
2428 495 2579 550 spem
2630 495 2970 539 communem
2994 483 3151 558 longe
3176 491 3518 558 superabant.
3574 498 3629 550 6.

2060 566 2188 623 Esse
2204 581 2374 641 gentes
2392 571 2661 627 coheredes
2686 582 2733 627 et
2754 577 3143 646 concorporales
3171 588 3219 633 et
3245 584 3628 652 comparticipes

2059 661 2430 728 promissionis.

2128 750 2182 804 5.
2209 749 2344 815 Quid
2372 761 2471 817 est,
2497 752 2779 810 Coheredes
2806 767 2854 809 et
2876 760 3261 829 comparticipes
3288 762 3634 828 promissionis

2058 847 2105 890 et
2124 843 2508 910 concorporales
2539 843 2566 896 Ρ
2593 844 2703 899 Hoc
2730 855 2813 901 est
2850 863 3117 917 magnum,
3147 849 3286 918 quod
3332 867 3493 905 unum
3526 850 3629 906 sint
3654 848 3675 853 “

2058 944 2276 999 corpus,
2305 932 2448 1002 quod
2478 949 2667 1005 magna
2694 938 3081 1008 propinquitas.
3110 939 3242 994 Nam
3263 942 3405 1011 quod
3432 957 3632 998 vocan-

2057 1022 2138 1077 d:e
2159 1025 2372 1093 quidem
2399 1037 2582 1082 essent
2602 1070 2617 1092 ,
2643 1039 2928 1095 noverant;
2959 1032 3100 1102 quod
3127 1033 3191 1087 ad
3220 1034 3332 1088 haec
3355 1035 3627 1109 vocandae,

2056 1131 2163 1169 non
2191 1118 2317 1171 item
2345 1136 2359 1171 :
2388 1119 2489 1173 hoc
2516 1120 2658 1174 enim
2682 1131 2835 1176 vocat
2878 1125 3190 1194 mysterium
3236 1126 3629 1193 promissionis.

2056 1207 2352 1277 Participes
2376 1220 2529 1263 erant
2560 1211 2836 1281 Israelita},
2864 1214 3273 1283 comparticipes
3296 1224 3448 1269 erant
3471 1215 3631 1271 etiam

2055 1307 2243 1364 gentes
2266 1299 2641 1367 promissionis
2685 1301 2797 1356 Dei.
2847 1300 2912 1355 In
2956 1302 3156 1356 Christo
3185 1321 3273 1373 per
3297 1307 3629 1376 evangelium.

2055 1384 2169 1440 Hoc
2188 1396 2289 1452 est,
2323 1388 2464 1458 quod
2507 1398 2562 1444 et
2583 1390 2649 1445 ad
2678 1392 2822 1460 ipsos
2844 1393 3065 1446 missum
3094 1394 3184 1461 sit,
3214 1403 3268 1448 et
3293 1395 3434 1465 quod
3460 1394 3635 1451 credi-

2060 1480 2238 1535 derint
2267 1499 2280 1533 :
2310 1497 2415 1536 non
2447 1483 2590 1538 enim
2633 1494 2950 1556 utcumque,
2995 1486 3108 1552 sed,
3140 1485 3247 1541 Per
3296 1491 3628 1561 evangelium.

2056 1570 2160 1625 Sed
2191 1571 2291 1625 hoc
2317 1573 2531 1642 quidem
2563 1575 2694 1629 nihil
2725 1587 3098 1648 estmagnum;
3128 1593 3346 1647 parvum
3368 1580 3509 1635 enim
3527 1587 3630 1647 est;

2055 1672 2109 1717 et
2138 1663 2278 1717 aliud
2303 1664 2475 1733 majus
2500 1666 2652 1719 nobis
2684 1668 2904 1734 revelat,
2939 1669 3079 1739 quod
3104 1686 3209 1724 non
3250 1672 3422 1725 solum
3460 1670 3633 1727 homi-

2056 1770 2172 1820 nes,
2202 1756 2295 1809 scd
2327 1771 2425 1810 nec
2448 1758 2623 1827 angeli
2655 1774 2753 1814 nec
2798 1759 3124 1830 archangeli,
3171 1763 3264 1818 sed
3288 1779 3385 1819 nec
3405 1764 3506 1819 ulla
3528 1766 3632 1821 alia

2055 1856 2293 1914 potestas
2318 1859 2499 1902 creata
2550 1849 2653 1905 hoc
2704 1862 2922 1907 noverat
2948 1871 2962 1907 :
2988 1852 3090 1907 hoc
3118 1855 3259 1908 enim
3289 1864 3405 1909 erat
3430 1866 3631 1928 myste-

2056 1936 2216 2002 rium,
2248 1948 2432 1993 etnon
2487 1950 2605 2004 crat
2654 1943 2901 2011 cuiquam
2951 1943 3268 1998 revelatum.
3300 1945 3632 2001 Prudentiam

2056 2048 2239 2098 meam,
2266 2033 2454 2102 inquit,
2497 2033 2795 2105 intelligere.
2848 2034 3099 2090 Fortasse
3152 2037 3355 2100 innuit,
3385 2037 3524 2107 quod
3551 2039 3631 2093 eis

2056 2122 2195 2176 dixit
2238 2123 2289 2176 in
2320 2124 2466 2177 Actis
2491 2166 2506 2188 ,
2536 2125 2678 2194 quod
2709 2125 2779 2180 sit
2809 2124 2925 2194 ejus
2952 2126 3195 2196 quazdam
3227 2127 3578 2198 intelligentia
3612 2168 3628 2193 ,

2057 2227 2111 2267 ut
2148 2216 2308 2269 etiam
2350 2225 2537 2286 gentes
2563 2212 2734 2271 vocet.
2763 2215 2910 2271 lianc
2934 2232 3085 2271 suam
3115 2217 3243 2273 dicit
3294 2218 3630 2288 prudentiam

2056 2307 2316 2377 mysterii,
2348 2308 2486 2376 quod
2531 2307 2683 2375 dixit,
2712 2307 2856 2378 quod
2886 2309 2937 2361 in
2962 2309 3141 2377 seipso
3167 2307 3361 2363 condet
3386 2309 3440 2363 in
3468 2324 3630 2363 unum

2057 2415 2252 2453 novum
2306 2399 2599 2454 hominem.
2633 2403 2672 2455 A
2702 2401 3031 2456 revelatione
3076 2401 3217 2456 enim
3261 2401 3448 2456 didicit
3490 2400 3631 2472 quod

2057 2507 2161 2545 non
2214 2503 2460 2563 oporteat
2502 2503 2689 2564 gentes
2740 2494 3058 2559 abominari,
3089 2504 3144 2549 et
3172 2495 3287 2564 ipse
3315 2504 3366 2550 et
3395 2494 3586 2549 Petrus
3613 2511 3629 2543 :

2059 2584 2160 2638 hoc
2182 2583 2312 2638 dicit
2339 2586 2390 2638 in
2413 2600 2513 2639 sua
2540 2584 2876 2641 defensione.
2916 2586 2968 2639 7.
2995 2586 3152 2651 Cuius
3200 2588 3365 2656 [actus
3403 2601 3516 2639 sum
3540 2601 3633 2656 ego

2056 2674 2283 2728 minister
2305 2675 2582 2729 secundum
2637 2676 2827 2729 donum
2868 2676 3047 2746 gratia:
3087 2675 3207 2741 Dei,
3235 2692 3348 2746 quo:
3393 2676 3517 2729 data
3560 2685 3633 2730 est

2058 2767 2182 2820 mihi
2211 2766 2486 2820 secundum
2512 2768 2854 2835 operationem
2881 2765 3077 2818 virtutis
3105 2766 3234 2835 ejus.
3264 2766 3404 2818 Dixit
3430 2780 3487 2820 se
3510 2781 3631 2820 esse

2055 2858 2311 2921 vinctum,
2341 2857 2433 2911 sed
2460 2873 2642 2911 rursus
2671 2864 2835 2910 totum
2875 2857 2991 2925 ejus
3016 2855 3276 2910 essetlicit
3300 2870 3313 2918 ;
3343 2855 3631 2909 Secundum

2057 2949 2245 3001 donum
2272 2949 2453 3018 gratiae
2499 2950 2642 3017 ejus,
2691 2946 2982 3017 inquiens:
3032 2945 3326 3001 secundum
3377 2945 3630 2999 virtutem

2056 3043 2200 3095 enim
2229 3056 2292 3096 ac
2319 3050 2638 3110 potestatem
2667 3040 2791 3095 doni
2821 3039 2918 3094 fuit
2942 3039 3172 3109 dignitas
3200 3037 3358 3108 hujus
3390 3037 3629 3091 hoaoris.

2058 3135 2164 3191 Sed
2192 3152 2296 3191 non
2319 3134 2619 3190 suffecisset
2645 3133 2846 3188 donum
2877 3175 2890 3199 ,
2922 3133 3021 3187 nisi
3054 3131 3127 3186 illi
3159 3130 3443 3185 indidisset
3468 3130 3633 3184 virtu-

2059 3238 2163 3284 tem
2192 3244 2253 3283 ac
2287 3234 2624 3296 potestatem.

2127 3319 2284 3374 Pauli
2310 3317 2774 3373 oirtus.-—Revera
2805 3316 2947 3373 enim
2975 3332 3181 3387 magna:
3211 3316 3307 3371 fuit
3333 3317 3545 3371 virtutis
3567 3332 3632 3372 ac

2058 3412 2362 3481 potestatis;
2396 3424 2496 3464 nec
2526 3408 2755 3464 humana
2784 3408 3079 3463 sufﬁciebat
3105 3409 3375 3479 diligentia
3401 3418 3456 3464 et
3480 3411 3634 3465 indu-

2057 3503 2209 3556 stria.
2237 3499 2359 3553 Tria
2386 3499 2529 3551 enim
2574 3499 2751 3552 attulit
2775 3498 2840 3552 ad
2883 3499 3313 3567 praedicationem
3357 3517 3371 3552 :
3416 3498 3630 3553 ferven-

2059 3600 2164 3645 tem
2195 3600 2249 3643 et
2276 3589 2531 3643 audacem
2563 3589 2726 3642 animi
2775 3588 3106 3643 alacritatem
3131 3629 3146 3652 ,
3200 3597 3254 3642 et
3289 3588 3357 3642 ad
3406 3588 3633 3658 quodvis

2058 3680 2426 3735 sustinendum
2466 3689 2702 3750 paratam
2741 3680 2973 3734 animam
2999 3721 3014 3744 ,
3046 3687 3101 3733 et
3130 3679 3534 3749 intelligentiam
3569 3692 3633 3736 ac

2059 3773 2374 3844 sapientiam
2407 3790 2422 3825 :
2454 3789 2558 3827 non
2589 3772 2888 3826 suflicicbat
2930 3772 3069 3825 enim
3099 3771 3342 3826 lubenter
3364 3770 3510 3826 adire
3539 3785 3632 3841 pe-

2058 3869 2244 3935 ricula,
2270 3871 2372 3921 vita
2401 3868 2450 3921 in
2469 3882 2624 3937 quam
2645 3882 2747 3920 non
2771 3865 2994 3920 cadebat
3020 3864 3383 3934 reprehensio,
3406 3866 3506 3920 nisi
3528 3865 3634 3919 vir-

2060 3967 2225 4013 tatem
2257 3956 2485 4027 Spiritus
2514 3957 2824 4026 accepisset.
2848 3956 2913 4009 Et
2944 3955 2997 4010 id
3017 3956 3241 4025 primum
3264 3971 3329 4010 ex
3361 3956 3475 4023 ipso
3499 3970 3632 4010 con-

2060 4048 2339 4117 templare,
2360 4048 2467 4101 imo
2481 4047 2601 4100 audi
2622 4063 2742 4101 cum
2766 4045 3084 4100 scribentem
3102 4044 3192 4100 :Ut
3214 4062 3313 4099 non
3326 4046 3630 4113 vituperetur

2060 4142 2393 4195 ministerium
2424 4151 2645 4193 nostrum
2669 4139 2745 4210 (2.
2772 4136 2888 4192 Cor.
2918 4138 2970 4193 6.
3003 4140 3089 4209 5);
3119 4146 3172 4191 et
3201 4153 3406 4203 rursus,
3434 4136 3634 4191 Exhor-

2054 4234 2178 4285 tatio
2205 4233 2336 4285 enim
2364 4241 2554 4292 nostra,
2581 4246 2680 4283 non
2705 4245 2767 4282 ea:
2789 4244 2978 4291 errore,
3018 4243 3176 4297 neque
3198 4243 3262 4279 me
3288 4228 3628 4292 immunditia,

2060 4338 2218 4393 neque
2240 4322 2292 4374 in
2318 4337 2543 4374 sermone
2563 4319 2890 4381 adulationis,
2921 4333 3076 4379 neque
3094 4317 3146 4368 in
3184 4317 3443 4369 occasione
3466 4319 3634 4370 avari-

2061 4414 2144 4468 tia:
2163 4415 2240 4479 (l.
2278 4411 2518 4466 Thess.2.
2546 4411 2625 4481 5),
2649 4410 2833 4464 Vidisti
2857 4424 2961 4462 non
2989 4423 3108 4463 esse
3131 4407 3418 4460 obnoxium
3447 4423 3631 4475 reprc-

2061 4503 2351 4560 hensioni?
2384 4503 2447 4556 Et
2478 4516 2681 4567 rursus,
2716 4498 3042 4553 Providentes
3087 4496 3237 4560 bona,
3296 4512 3402 4551 non
3456 4498 3627 4552 solum

2060 4611 2241 4649 coram
2274 4594 2512 4651 Domino,
2545 4592 2637 4646 sed
2660 4593 2817 4646 etiam
2836 4606 3003 4643 coram
3026 4588 3310 4643 hominibus
3339 4587 3513 4661 (Rom.
3543 4589 3631 4644 12.

2064 4685 2176 4755 17).
2207 4684 2406 4738 Deinde
2427 4682 2527 4736 sub
2557 4681 2690 4746 hzcc,
2737 4679 2971 4747 Quotidie
3018 4682 3228 4741 morior,
3275 4695 3363 4750 per
3412 4689 3635 4734 nostram

2062 4775 2413 4847 gloriationem
2433 4815 2447 4838 ,
2478 4789 2629 4842 quam
2650 4772 2807 4825 habeo
2829 4771 2883 4823 in
2909 4768 3113 4824 Christo
3141 4769 3267 4825 .lesu
3295 4771 3371 4840 (l.
3402 4771 3519 4824 Cor.
3545 4772 3632 4826 15.

2061 4870 2191 4936 3i);
2223 4876 2276 4921 ct
2315 4881 2520 4929 rursus,
2553 4864 2675 4930 Quis
2705 4879 2794 4916 nos
2818 4862 3070 4931 separabit
3095 4879 3128 4914 a
3166 4862 3375 4915 caritate
3396 4862 3586 4916 Christi
3610 4862 3637 4914 Γ

2061 4960 2280 5031 afﬂictio,
2303 4967 2391 5011 aut
2411 4956 2663 5026 angustia,
2695 4962 2783 5007 aut
2803 4954 3119 5024 persequutio
3146 4952 3319 5023 (Rom.
3341 4950 3393 5006 8.
3422 4951 3518 5019 55)
3537 4951 3562 5002 ?
3580 4960 3635 5007 et

2064 5063 2269 5111 rursus,
2292 5046 2354 5101 In
2379 5047 2620 5117 patientia
2639 5045 2819 5111 multa,
2845 5046 2899 5098 in
2925 5042 3349 5105 tribulationibus,
3377 5041 3431 5094 in
3460 5057 3633 5096 neces-

2063 5141 2292 5196 sitatibus
2315 5180 2330 5206 ,
2370 5140 2423 5192 in
2453 5137 2933 5208 persequutionibus,
2963 5136 3019 5190 in
3048 5137 3311 5207 angustiis.
3344 5136 3397 5190 in
3446 5137 3631 5207 plagis,

2062 5237 2116 5289 in
2143 5230 2422 5286 carceribus
2473 5228 2546 5302 (2.
2574 5228 2692 5282 Cor.
2723 5229 2776 5282 5.
2810 5229 2861 5283 4.
2894 5228 2973 5298 5).
3000 5226 3202 5281 Deinde
3249 5226 3364 5296 ejus
3412 5226 3626 5296 dispen-

2064 5327 2199 5382 satio
2218 5344 2232 5380 :
2252 5324 2441 5378 Factus
2465 5337 2574 5377 sum
2592 5318 2625 5373 J
2632 5319 2791 5372 udccis
2812 5330 3066 5387 tamquam
3081 5314 3323 5381 Iudaeas;
3345 5317 3406 5371 iis
3424 5318 3508 5388 qui
3526 5319 3636 5371 sine

2066 5425 2172 5491 .ege
2213 5427 2328 5472 sunt
2365 5416 2509 5486 quasi
2548 5415 2658 5468 sine
2680 5413 2788 5482 lege
2811 5425 3007 5474 essem;
3041 5410 3105 5463 iis
3129 5424 3214 5478 qui
3237 5409 3329 5462 sub
3358 5410 3467 5482 lege
3492 5420 3635 5465 erant

2067 5519 2317 5578 tamquam
2354 5508 2447 5561 sub
2473 5506 2578 5575 lege
2596 5502 2797 5566 essem(
2827 5503 2878 5556 1.
2909 5500 3026 5555 Cor.
3056 5500 3109 5555 9.
3141 5500 3232 5555 20.
3272 5500 3385 5573 2i).
3419 5502 3637 5557 Raditur

2066 5602 2248 5665 etiam,
2272 5607 2327 5653 et
2356 5598 2480 5650 facit
2507 5592 2936 5649 innumerabilia.
2969 5592 3121 5660 Quod
3148 5603 3324 5648 autem
3355 5605 3438 5648 est
3472 5604 3634 5664 caput

2067 5690 2325 5755 Omnium,
2352 5688 2402 5742 in
2428 5688 2622 5740 virtute
2655 5682 2888 5753 Spiritus
2910 5684 3100 5738 sancti.
3134 5683 3253 5739 Non
3280 5684 3410 5737 enim
3438 5685 3635 5740 audebo

2071 5780 2261 5851 aliquid
2304 5778 2437 5851 loqui
2464 5792 2636 5834 eorunt
2654 5817 2671 5846 ,
2699 5791 2810 5849 qua:
2837 5792 2938 5830 non
2981 5774 3145 5842 e/Tecit
3174 5775 3399 5830 Christus
3424 5791 3515 5843 per
3558 5790 3637 5828 me
