4080 6218
436 302 498 355 47
1160 298 1219 354 S.
1258 291 1534 353 JOANNIS
1566 278 2036 345 CllllYSOSTOMl
2076 277 2388 335 ARCHIEP.
2429 280 2955 340 CONSTANTINOP.
3640 284 3704 343 ιε

429 416 601 481 ("0m-
637 417 721 474 15.
747 415 840 487 18)
867 433 883 482 ς
914 423 969 470 et
995 428 1182 471 rursus
1200 456 1216 477 ,
1251 411 1390 479 Quid
1421 409 1552 463 enim
1583 416 1652 467 est
1678 401 1813 473 quod
1838 399 2005 452 minus

436 508 678 565 habuistis
719 522 827 580 pra:
849 504 1042 561 centeri:
1074 502 1349 558 Ecclesiis?
1370 510 1421 554 et
1452 499 1665 558 iterum,
1710 491 1858 546 Nihil
1879 490 2014 544 enim

436 601 601 652 minus
618 615 728 652 sunt
750 596 810 650 ab
834 597 895 650 iis
923 597 1008 666 qui
1030 605 1146 648 sunt
1170 608 1325 660 supra
1344 588 1545 642 modum
1565 585 1802 656 apostoli,
1824 582 2018 637 tametsi

439 691 567 744 nihil
594 706 705 745 sum
738 690 813 759 (‘2.
840 688 958 744 Cor.
996 688 1082 742 12.
1111 687 1197 740 l3.
1226 684 1335 752 ll).
1356 682 1483 736 Sine
1512 679 1594 733 his
1616 677 1758 733 enim
1791 691 1894 730 non
1918 691 2017 743 pn-

442 792 546 836 test
566 783 701 837 ticri.
729 781 846 836 Non
874 795 1001 849 ergo
1034 785 1248 846 promer
1272 774 1422 844 signa
1453 772 1570 838 ejus
1598 769 1719 824 facti
1738 776 1860 820 sunt
1889 765 2022 818 lide-

440 875 519 929 les
549 891 560 926 :
593 890 696 927 non
718 873 858 928 enim
885 871 1035 941 signa
1065 869 1165 923 boc
1192 866 1489 929 faciebant;
1520 878 1689 932 neque
1705 877 1770 916 ex
1801 860 1864 913 iis
1886 874 2022 928 prte-

442 967 589 1021 clare
610 965 676 1019 de
698 980 755 1018 se
774 964 973 1018 sentire
1002 961 1236 1022 volebat,
1262 959 1354 1014 sed
1383 974 1447 1011 ex
1469 957 1610 1010 aliis.
1636 954 1857 1024 Oportet
1878 951 2019 1007 enim

442 1069 497 1113 et
523 1074 627 1111 non
657 1072 779 1113 esse
816 1055 1103 1111 obnoxium
1137 1051 1576 1123 reprehensioni,
1604 1058 1659 1105 et
1681 1044 2022 1119 dispensandi

445 1162 627 1205 tenere
652 1159 843 1217 artem,
863 1159 915 1202 et
930 1148 996 1203 ad
1020 1148 1251 1217 pericula
1271 1145 1515 1200 adeunda
1539 1149 1864 1213 promptum,
1886 1148 1937 1193 et
1955 1135 2023 1191 ad

448 1241 748 1296 docendum
776 1254 898 1294 esse
925 1248 1127 1308 aptum.
1152 1237 1205 1291 lu
1228 1236 1311 1290 his
1330 1236 1499 1305 magis
1517 1248 1574 1289 se
1603 1241 1748 1287 recte
1768 1228 2020 1301 gerebat:

444 1334 488 1387 si
522 1336 635 1388 hzrc
660 1340 811 1387 erant
833 1374 848 1397 ,
879 1331 1009 1385 nihil
1050 1344 1186 1400 opus
1230 1336 1347 1383 erat
1389 1327 1574 1398 signis.
1603 1325 1778 1394 Ipsum
1808 1322 2020 1394 quidem

444 1435 590 1478 certe
617 1421 858 1476 videmus
878 1422 1037 1477 etiam
1067 1430 1191 1473 ante
1226 1419 1396 1487 signa.
1430 1415 1835 1471 innumerabilia
1880 1416 2027 1481 ejus-

448 1513 589 1568 modi
614 1521 759 1568 recte
784 1512 1035 1583 gessisse.
1066 1510 1215 1565 Nunc
1243 1518 1416 1562 autem
1450 1506 1578 1561 nihil
1610 1508 1797 1559 horum
1824 1504 2028 1558 haben-

448 1614 551 1669 tes,
606 1604 785 1657 omnia
837 1602 1086 1656 volumus
1145 1599 1388 1654 obtinere
1432 1606 1486 1651 et
1530 1597 1762 1650 ellicere.
1806 1593 1936 1648 Nam
1982 1591 2030 1647 si

449 1694 675 1748 alterum
708 1694 775 1746 ab
794 1693 964 1746 altero
994 1692 1150 1745 fuerit
1183 1698 1510 1757 separatum,
1538 1688 1803 1757 reliquum
1833 1687 1889 1739 lit
1914 1670 2029 1739 inul

453 1786 564 1838 tilr.
599 1783 734 1850 Quid
767 1783 908 1836 enim
954 1782 1104 1849 juvat
1146 1795 1265 1834 esse
1300 1794 1625 1848 propensum
1672 1777 1736 1830 ad
1786 1775 2030 1830 adeunda

451 1876 686 1946 pericula
711 1915 725 1941 ,
755 1875 801 1928 si
828 1875 897 1928 sit
937 1874 1043 1926 vita
1076 1871 1304 1926 obnoxii
1334 1869 1786 1940 reprehensioni?
1816 1868 1876 1922 Si
1897 1868 2030 1920 enim

452 1968 642 2032 lumen,
676 1964 864 2035 inquit,
914 1963 1051 2035 quod
1076 1965 1128 2017 in
1170 1974 1217 2017 te
1241 1971 1312 2017 cal
1335 2003 1350 2028 ,
1380 1971 1496 2016 sunt
1539 1962 1772 2023 teneone,
1822 1959 2036 2013 tenebra)

452 2072 655 2130 quanta:
681 2070 797 2114 sunt
840 2059 1051 2130 (Matth.
1085 2060 1136 2114 6.
1166 2058 1301 2132 25)?
1331 2059 1465 2127 Quid
1506 2067 1680 2112 autem
1712 2056 1929 2125 prodest
1956 2056 2034 2108 in-

453 2155 664 2221 culpata
696 2154 798 2208 vita
833 2154 879 2208 ei
924 2153 1012 2222 qui
1040 2152 1111 2205 sit
1143 2152 1363 2221 ignavus
1388 2162 1443 2204 et
1487 2147 1924 2204 sumniculosus?
1974 2145 2035 2200 Si

456 2249 567 2318 quis
589 2249 720 2301 enim
760 2263 860 2300 non
887 2245 1031 2298 :ollat
1061 2261 1257 2299 crucem
1285 2259 1430 2296 suam
1468 2253 1516 2296 et
1541 2250 1780 2312 sequatur
1807 2258 1902 2305 me,
1937 2257 2037 2293 non

455 2350 530 2395 est
565 2356 642 2392 me
665 2340 851 2409 dignus
882 2336 1094 2409 (Matth.
1132 2336 1218 2391 10.
1251 2336 1382 2405 '58)?
1407 2344 1478 2397 et,
1505 2334 1613 2389 Nisi
1645 2334 1765 2404 quis
1802 2333 2037 2402 posuerit

459 2432 689 2484 animam
719 2444 869 2483 suam
899 2445 994 2496 pro
1019 2428 1206 2482 ovibus
1228 2427 1405 2495 (Joan.
1440 2422 1527 2481 10.
1559 2426 1669 2492 11).
1699 2425 1835 2492 Quid
1860 2433 2036 2477 autem

464 2526 681 2596 prodest
723 2532 945 2594 utraque
977 2524 1090 2577 hare
1136 2531 1339 2587 tenere,
1369 2529 1423 2577 et
1452 2536 1561 2575 non
1590 2535 1712 2574 esse
1760 2529 1942 2590 aptum
1973 2516 2041 2573 ad

462 2618 896 2688 diSpcnsandum,
945 2623 1005 2670 ut
1029 2614 1156 2670 sciat
1188 2613 1456 2684 quomodo
1483 2620 1730 2682 Oporteat
1761 2610 2045 2679 unicuique

461 2708 831 2779 respondere?
880 2708 937 2763 Si
967 2708 1126 2761 etiam
1162 2706 1311 2776 signa
1339 2721 1444 2760 non
1475 2705 1585 2759 sint
1630 2703 1682 2757 in
1709 2701 1861 2756 nobis
1881 2741 1897 2766 ,
1928 2698 2046 2753 iure

466 2813 689 2873 utraque
731 2801 839 2854 sint
868 2801 919 2853 in
953 2800 1126 2852 nobis.
1159 2797 1264 2852 Sed
1310 2808 1485 2851 tamen
1526 2795 1645 2849 haec
1686 2793 1863 2848 omnia
1891 2807 1955 2845 ex
1985 2805 2045 2845 se

465 2896 728 2956 all'crens,
784 2902 951 2947 totmn
1004 2901 1279 2960 acceptum
1322 2889 1525 2944 ferebat
1570 2887 1776 2954 gratim.
1812 2884 1925 2939 Hoc
1964 2891 2048 2938 est

463 2989 599 3057 grati
642 2985 845 3040 famuli.
892 2982 1002 3038 Nec
1046 2996 1297 3051 umquam
1341 2979 1711 3035 didicissemus
1748 2990 1837 3031 res
1875 2973 1942 3029 ab
1982 2987 2048 3028 eo

469 3087 666 3148 gestas,
700 3077 800 3131 nisi
832 3075 1078 3129 redactus
1107 3080 1252 3127 esset
1280 3069 1588 3125 necessario
1607 3068 1673 3123 ad
1698 3082 1816 3122 rem
1853 3080 2048 3136 geren-

467 3170 608 3224 dam.
663 3169 885 3239 Diguine
914 3182 1100 3222 sumus
1137 3166 1224 3235 qui
1275 3165 1422 3219 Pauli
1479 3163 1563 3218 vel
1609 3160 2051 3217 meminerimus?

468 3265 561 3319 ille
583 3264 743 3318 etiam
774 3263 976 3319 habens
1004 3277 1123 3331 qua:
1144 3262 1192 3315 ei
1221 3274 1380 3329 opem
1414 3257 1615 3312 ferebat
1640 3255 1864 3325 gratiam
1890 3293 1905 3317 ,
1941 3267 2047 3305 non

468 3359 600 3413 satis
627 3356 832 3422 habuit,
861 3355 955 3410 sed
987 3356 1149 3409 etiam
1173 3354 1318 3407 mille
1343 3350 1755 3420 subiitpericula
1785 3366 1798 3400 :
1831 3362 1928 3401 nos
1952 3361 2053 3399 au-

472 3464 583 3509 tem
610 3453 696 3523 qui
731 3452 819 3507 illa
863 3462 1109 3505 caremus
1154 3446 1344 3500 lidueia
1373 3487 1388 3509 ,
1436 3441 2064 3509 undenam,dic,quteso,

468 3554 845 3615 exspectamus
867 3556 965 3596 nos
1009 3547 1427 3595 conservaturos
1465 3551 1559 3591 eos
1603 3534 1694 3605 qui
1733 3530 1889 3587 nobis
1927 3538 2052 3586 sunt

468 3636 684 3703 crediti,
709 3644 800 3690 aut
825 3649 919 3688 eos
946 3639 1260 3700 accepturos
1298 3628 1388 3697 qui
1418 3625 1655 3680 nondum
1685 3618 2054 3677 accesserint?

472 3745 592 3793 nos,
626 3730 862 3796 inquam,
886 3725 974 3794 qui
1007 3720 1366 3790 voluptatibus
1394 3727 1449 3772 et
1479 3716 1687 3770 deliciis
1725 3714 1928 3783 expleri
1954 3727 2051 3764 cu-

475 3835 677 3883 ramus,
708 3826 762 3871 et
810 3815 1042 3884 undique
1087 3812 1253 3867 otium
1283 3808 1593 3879 quaerimus,
1624 3814 1678 3860 et
1705 3803 1938 3873 pericula
1986 3818 2054 3856 ne

475 3912 530 3969 in
548 3910 752 3966 somnis
772 3907 986 3978 quidem
1009 3905 1150 3960 ferre
1174 3915 1475 3973 possumus,
1500 3899 1608 3953 imo
1632 3911 1762 3953 vero
1783 3896 2052 3959 nolumus;

476 4017 509 4057 a
535 3999 794 4071 sapientia
840 4006 1017 4053 autem
1051 3995 1165 4066 ejus
1219 4001 1422 4047 tantum
1478 3990 1753 4049 absumus,
1797 3994 2054 4055 quantum

478 4093 669 4149 cadum
699 4106 729 4145 a
761 4088 942 4146 terra?
998 4088 1285 4155 Promerea
1339 4093 1392 4139 et
1443 4083 1532 4152 qui
1581 4088 1779 4135 nostra:
1830 4076 2059 4147 subjecti

481 4178 1098 4246 suntadministrationi,
1145 4177 1369 4232 multum
1395 4175 1596 4230 distant
1623 4172 1691 4225 ab
1719 4172 1783 4226 iis
1807 4172 1895 4240 qui
1937 4179 2062 4223 huic

483 4286 640 4334 erant
690 4292 705 4330 :
744 4271 1184 4347 quandoquidem
1215 4269 1303 4341 qui
1335 4278 1461 4323 tunc
1500 4274 1653 4322 erant
1677 4263 1921 4333 discipuli
1948 4303 1962 4327 ,
1998 4262 2061 4314 iis

481 4369 573 4440 qui
603 4382 745 4423 nunc
764 4375 890 4421 sunt
909 4362 1146 4434 magistri
1168 4370 1320 4417 erant
1349 4358 1772 4431 przestantiores,
1806 4365 1863 4410 ut
1888 4354 1976 4424 qui
2010 4353 2061 4406 in

483 4460 676 4519 mediis
724 4459 936 4528 populis
977 4465 1033 4512 et
1078 4455 1318 4527 tyrannis
1365 4452 1682 4522 intercepti,
1724 4459 1780 4505 et
1830 4448 2065 4516 undqu

483 4567 671 4609 omnes
702 4552 959 4605 habentes
985 4549 1167 4603 hostes
1192 4587 1208 4613 ,
1247 4560 1313 4600 ne
1344 4559 1528 4614 parum
1558 4542 1774 4613 quidem
1823 4538 2063 4594 attrahe-

483 4644 679 4698 bantur
722 4650 778 4695 et
823 4639 1253 4694 inflecte-bantur.

552 4733 607 4787 4.
630 4729 765 4785 Audi
795 4731 973 4798 itaque
999 4729 1122 4796 quid
1137 4728 1279 4783 dicat
1300 4723 1734 4796 Pliilippensibus
1763 4738 1778 4778 :
1811 4720 2062 4787 Quoniam

487 4826 622 4886 robii
650 4823 897 4878 donatum
923 4831 997 4875 est
1028 4836 1119 4890 pro
1149 4820 1350 4875 Christo
1370 4860 1386 4884 ,
1431 4835 1534 4873 non
1577 4818 1743 4872 solum
1768 4825 1820 4869 ut
1850 4816 1904 4869 in
1948 4830 2064 4868 eum

482 4918 721 4983 credatis,
757 4914 846 4969 sed
875 4915 1025 4969 etiam
1054 4922 1108 4965 ut
1130 4927 1223 4982 pro
1252 4912 1364 4981 ipso
1416 4908 1682 4979 patiamini
1715 4906 1973 4980 (Philipp.
2012 4909 2062 4961 1.

482 5011 624 5085 29);
680 5024 864 5064 rursus
911 5014 1089 5060 autem
1134 5000 1739 5063 Tltessalnnicensibus,
1774 4997 2065 5053 Imitatores

485 5106 608 5176 [acti
621 5104 740 5161 estis
762 5100 1101 5156 Ecclesiarum
1122 5096 1238 5161 Dei,
1257 5111 1370 5167 quia
1380 5104 1494 5149 sunt
1511 5095 1564 5148 in
1582 5092 1767 5147 thdwa
1786 5094 1864 5162 (l.
1886 5090 2062 5145 Thess.

485 5200 543 5256 2.
574 5199 698 5269 ﬂ).
732 5198 801 5251 Et
823 5195 889 5251 ad
913 5192 1167 5248 Hebrtnos
1191 5188 1430 5245 scribens
1454 5187 1666 5242 dicebat
1692 5204 1706 5239 :
1732 5185 1802 5240 Et
1830 5186 2065 5255 rapinam

486 5293 1028 5345 bonarumuestrorum
1051 5300 1162 5339 cum
1192 5280 1380 5354 gaudio
1422 5280 1714 5349 suscepistis
1752 5278 1937 5351 (Hebr.
1973 5278 2063 5332 l0.

489 5383 606 5452 36).
631 5380 1042 5437 Colosseusibus
1061 5391 1275 5449 quoque
1294 5372 1400 5431 fert
1420 5373 1805 5439 testimonium,
1837 5371 2059 5427 dicens:

492 5473 683 5529 Ποτειιὶ
707 5474 839 5525 enim
858 5474 993 5538 estis,
1025 5480 1071 5526 et
1097 5472 1196 5525 vita
1214 5479 1378 5525 vestra
1397 5466 1640 5521 absconsa
1678 5475 1751 5520 est
1777 5482 1890 5519 cum
1917 5464 2068 5520 Chrio

493 5577 567 5623 uo
593 5566 646 5619 in
672 5562 778 5616 Deo
809 5562 941 5633 (Col.
972 5563 1025 5616 3.
1057 5563 1134 5631 ὅ).
1163 5562 1230 5616 Et
1269 5560 1337 5616 de
1358 5560 1491 5630 ipsis
1518 5557 1603 5613 his
1628 5566 1855 5613 testatur
1901 5556 2060 5610 etiam

494 5656 630 5728 quod
662 5654 822 5709 multa
867 5652 1129 5708 subierint
1178 5652 1432 5721 pericula.
1472 5650 1541 5706 Et
1568 5649 1636 5705 ad
1660 5648 1876 5706 Galatas
1902 5646 2064 5703 etiam

490 5747 730 5807 scribens
755 5746 847 5801 ait.
873 5741 1042 5799 Tanta
1060 5743 1192 5800 uasti
1219 5743 1333 5798 cui:
1356 5742 1464 5798 sine
1491 5758 1667 5807 causa,
1695 5740 1741 5795 si
1764 5750 1933 5795 tamen
1964 5742 2073 5799 sine

2117 410 2272 449 causa
2316 394 2455 468 (Gal.
2480 399 2532 454 ‘5.
2562 398 2640 463 4).
2672 398 2831 454 Vides
2857 415 3046 456 omnes
3085 398 3212 456 huic
3242 401 3322 457 rei
3367 401 3698 469 iucubuisw,

2124 504 2317 560 nempe
2361 499 2418 543 ut
2450 491 2585 546 bene
2629 491 2888 547 facerent.
2922 491 3212 562 Propterea
3242 503 3369 549 tunc
3405 494 3565 549 etiam
3594 511 3699 549 non

2122 589 2239 634 erat
2258 581 2424 634 utiOsa
2468 582 2635 651 gratia
2675 625 2690 638 .
2727 594 3003 652 propterea
3035 583 3161 639 hinc
3186 585 3238 639 in
3271 584 3424 639 bonis
3451 585 3704 655 Operibus

2124 672 2284 725 vitam
2312 674 2556 742 agebant.
2583 673 2719 742 Quid
2746 691 2873 728 vero
2898 675 2966 729 ad
2991 676 3302 731 Corinthios
3326 677 3527 731 scribat
3552 677 3699 744 audi,

2124 764 2276 831 queis
2308 765 2470 818 multa
2517 767 2739 819 crimina
2779 767 3006 837 objicit:
3039 783 3217 823 annon
3244 768 3323 824 de
3342 770 3448 824 illis
3492 785 3706 840 quoque

2127 854 2241 911 lucc
2269 858 2601 923 testificatur,
2625 858 2731 913 Sed
2747 861 3121 915 mutilationem
3141 872 3376 927 vestram,
3403 862 3492 915 sed
3510 862 3709 916 deside-

2125 949 2260 1003 rium
2313 948 2390 1020 (2.
2421 949 2541 1005 Cor.
2572 952 2622 1004 7.
2656 952 2791 1021 il)?
2820 952 2884 1006 Et
2920 952 2988 1007 de
3018 934 3118 1007 hac
3150 969 3208 1008 re
3237 969 3354 1023 quae
3397 955 3526 1024 ipsis
3552 954 3704 1021 dicit,

2129 1058 2190 1098 ea
2219 1057 2359 1098 nunc
2404 1058 2472 1098 ne
2499 1060 2526 1096 a
2579 1046 2846 1114 magistris
2873 1044 3088 1114 quidem
3118 1045 3235 1101 fieri
3277 1046 3489 1102 videtis.
3521 1045 3707 1116 itaque

2131 1146 2356 1206 pereunt
2381 1147 2435 1190 ct
2465 1135 2781 1191 interierunt
2810 1138 3011 1193 onmia.
3035 1137 3206 1193 Causa
3235 1146 3411 1193 autem
3441 1148 3543 1202 est.
3566 1138 3710 1209 quod

2131 1229 2402 1285 refrixerit
2434 1228 2650 1293 caritas,
2688 1227 2829 1297 quod
2871 1229 2959 1299 qui
2993 1238 3214 1298 peccant
3242 1243 3349 1284 non
3387 1230 3712 1299 castigentur

2133 1320 2296 1394 (audi
2325 1335 2447 1375 eum
2473 1319 2796 1374 scribentem
2822 1318 2889 1372 ad
2955 1316 3293 1374 Timotheum
3324 1328 3378 1373 et
3404 1318 3671 1373 dicentem
3692 1360 3710 1383 ,

2136 1412 2408 1467 Peccantes
2436 1427 2607 1465 coram
2636 1411 2865 1464 outnibu:
2888 1425 3044 1481 argue
3071 1408 3148 1481 [1.
3168 1409 3305 1464 Tim.
3323 1410 3375 1464 5.
3405 1408 3544 1482 20]);
3570 1409 3710 1480 quod

2134 1505 2404 1575 principes
2429 1512 2728 1575 azgrotent:
2754 1518 2876 1557 nam
2901 1502 3030 1557 dum
3054 1511 3215 1572 caput
3237 1516 3342 1558 non
3373 1511 3456 1558 est
3499 1509 3710 1564 sanum,

2135 1595 2404 1666 quomodo
2449 1596 2587 1649 bene
2641 1594 2824 1648 valens
2872 1593 3132 1648 manserit
3173 1593 3436 1662 reliquum
3481 1592 3713 1661 corpus?

2137 1685 2272 1742 Vide
2302 1700 2432 1756 ergo
2456 1692 2652 1756 quanta
2682 1685 2752 1738 sit
2797 1685 3149 1754 inaequalitas.
3179 1683 3313 1738 Nam
3347 1685 3437 1754 qui
3466 1693 3613 1739 recte
3640 1684 3715 1738 vi-

2136 1788 2286 1837 vunt.
2318 1788 2371 1831 et
2396 1776 2899 1846 quomodocumlne
2927 1774 3127 1831 habent
3159 1774 3427 1838 ﬁduciam,
3450 1776 3711 1829 montium

2137 1872 2412 1929 cacumina
2460 1878 2792 1939 occuparunt
2816 1876 2873 1923 et
2907 1881 2939 1922 a
2965 1867 3143 1922 medio
3171 1875 3533 1932 recesserunt,
3579 1874 3715 1919 tam-

2139 1979 2297 2035 quam
2325 1963 2392 2017 ab
2416 1951 2565 2015 hoste
2592 1972 2644 2015 et
2669 1961 2867 2027 alieno,
2895 1973 2990 2014 seu
3018 1973 3123 2013 non
3145 1973 3175 2013 a
3203 1972 3301 2012 suo
3320 1973 3545 2027 corpore
3565 1958 3715 2011 avul—

2140 2057 2184 2111 si
2219 2074 2232 2110 :
2265 2054 2515 2111 scelerati
2565 2061 2744 2107 autem
2798 2060 2852 2106 et
2895 2049 3081 2105 referti
3128 2049 3282 2104 malis
3330 2048 3623 2103 innumeris
3666 2049 3716 2102 in

2142 2147 2412 2203 Ecelesias
2442 2147 2745 2201 insilieruut
2795 2162 2811 2199 :
2845 2144 3061 2198 venales
3101 2141 3316 2197 fuerunt
3370 2141 3715 2210 principatus.

2143 2239 2428 2295 lnnumera
2456 2238 2579 2291 hinc
2600 2237 2737 2290 mala
2765 2243 3075 2299 nascuntur,
3107 2248 3267 2288 nemo
3310 2241 3393 2287 est
3421 2233 3513 2302 qui
3554 2232 3723 2287 corri-

2142 2341 2252 2402 gat,
2286 2345 2445 2385 nemo
2467 2329 2554 2398 qui
2587 2329 2858 2393 increpet;
2883 2324 2976 2380 sed
3005 2324 3142 2378 viam
3173 2324 3454 2393 quamdam
3496 2332 3549 2376 et
3573 2320 3723 2374 ordi-

2146 2439 2267 2478 nem
2311 2420 2518 2488 accepit
2562 2417 2828 2473 confusio.
2879 2417 3128 2471 Peccavit
3180 2415 3482 2483 quispiam,
3526 2422 3580 2467 et
3628 2412 3723 2466 fuit

2145 2515 2467 2573 accusatus?
2489 2512 2602 2568 Non
2636 2513 2686 2565 in
2717 2510 2818 2565 hoc
2850 2509 2997 2579 ponit
3015 2506 3247 2561 studium
3280 2515 3338 2559 ut
3368 2521 3427 2560 se
3449 2504 3721 2558 innoxium

2146 2608 2412 2671 ostendat,
2448 2607 2540 2663 sed
2592 2617 2648 2660 ut
2694 2604 2933 2659 invenire
2979 2602 3149 2672 possit
3189 2601 3366 2656 socios
3415 2599 3723 2656 criminum.

2146 2704 2284 2773 Quid
2307 2718 2481 2773 agam,
2511 2716 2633 2757 cum
2660 2698 2916 2769 gehennae
2935 2695 3093 2751 minae
3113 2701 3240 2751 sunt
3262 2693 3566 2747 intentatis?
3589 2692 3723 2746 Cre-

2149 2797 2258 2852 dite
2285 2795 2435 2860 mibi,
2456 2794 2556 2848 nisi
2574 2793 2716 2846 Deus
2739 2790 2845 2845 illic
2864 2788 3020 2843 nobis
3035 2795 3359 2842 reservasset
3384 2783 3723 2859 supplicium,

2148 2889 2404 2943 videretis
2447 2885 2686 2956 quotidie
2717 2883 2948 2947 majores
2977 2878 3263 2949 tragmdias
3292 2893 3451 2946 quam
3481 2874 3726 2930 Judaicas

2152 2982 2274 3037 illas
2299 2979 2647 3034 calamitates.
2674 2974 2813 3043 Quid
2853 2973 3040 3030 enim?
3079 2970 3172 3026 sed
3202 2985 3360 3024 nemo
3392 2977 3723 3028 succenseat,

2152 3087 2257 3127 non
2293 3070 2464 3125 dicam
2488 3069 2631 3123 enim
2660 3064 2971 3122 nominatim
3011 3080 3025 3117 :
3053 3063 3099 3117 si
3123 3062 3241 3132 quis
3261 3075 3383 3115 cum
3410 3059 3728 3113 accessisset

2151 3163 2217 3218 ad
2243 3161 2547 3224 ecclesiam,
2581 3160 2645 3213 iis
2662 3158 2751 3227 qui
2782 3171 2925 3211 nunc
2947 3163 3071 3210 sunt
3097 3164 3152 3208 et
3179 3153 3269 3223 qui
3311 3151 3584 3205 vobiscum
3605 3159 3728 3202 sunt

2151 3252 2413 3314 adductis,
2443 3266 2537 3305 eos
2564 3248 2932 3309 examinaret;
2979 3246 3085 3298 imo
3111 3257 3240 3298 vero
3281 3256 3382 3296 non
3416 3253 3587 3303 nunc,
3634 3237 3726 3292 sed

2153 3344 2198 3398 si
2228 3345 2346 3413 quis
2369 3344 2420 3396 in
2451 3341 2539 3397 die
2567 3339 2806 3404 Paschzc,
2836 3350 3024 3390 omnes
3049 3333 3142 3403 qui
3179 3330 3514 3387 acceduntet
3543 3331 3726 3383 larun-

2155 3446 2243 3492 tur
2270 3442 2552 3505 postquam
2579 3430 2936 3488 accessissent
2965 3428 3030 3481 ad
3062 3425 3339 3495 mysteria.
3370 3433 3557 3478 exacte
3603 3436 3727 3473 exu-

2156 3528 2435 3586 minasset,
2486 3537 2552 3578 eo
2583 3528 2804 3591 accepto
2834 3518 3023 3589 spiritu
3059 3526 3115 3571 ut
3142 3522 3389 3569 accurate
3414 3521 3593 3566 nosset
3613 3528 3729 3580 qua:

2156 3620 2225 3675 ab
2246 3618 2326 3673 eis
2341 3624 2488 3688 gesta
2517 3622 2662 3678 sunt,
2692 3611 2855 3665 multa
2883 3616 3064 3664 essent
3098 3611 3309 3661 inventa
3353 3604 3592 3674 graviora
3623 3617 3732 3655 ma-

2158 3710 2225 3765 lis
2268 3706 2505 3764 Judaicis
2550 3717 2790 3779 anempe
2819 3716 2914 3756 eos
2939 3699 3032 3770 qui
3059 3698 3301 3753 divinant
3335 3696 3569 3763 auguriis
3594 3736 3609 3758 ,
3642 3694 3731 3762 qui

2161 3811 2377 3855 utuntur
2406 3796 2698 3852 veneficiis.
2753 3791 2985 3847 sortibus
3014 3799 3070 3845 et
3095 3786 3556 3847 incantationibus,
3580 3798 3732 3837 scor-

2162 3903 2380 3954 tatores,
2410 3887 2701 3949 adulteros,
2729 3883 2930 3946 ebrios,
2959 3891 3012 3937 et
3038 3880 3325 3935 maledicus
3369 3893 3383 3929 :
3415 3889 3607 3929 avaros
3633 3890 3731 3927 au-

2162 3994 2269 4041 tem
2310 3992 2365 4037 et
2391 3981 2480 4052 qui
2516 3979 2691 4034 aliena
2720 3975 2981 4029 invadunt
3025 3973 3150 4028 nolo
3175 3972 3385 4040 dicere,
3426 3984 3494 4024 ne
3524 3976 3732 4036 tangam

2162 4079 2369 4148 aliquos
2400 4090 2463 4129 ex
2497 4074 2562 4127 iis
2586 4072 2675 4141 qui
2706 4077 2850 4124 sunt.
2881 4067 3019 4135 Quid
3047 4083 3193 4132 vero,
3228 4065 3273 4120 si
3303 4071 3570 4118 scrutatus
3593 4071 3737 4115 esset

2163 4185 2352 4226 omnes
2384 4169 2436 4221 in
2481 4165 2613 4219 orbe
2641 4173 2798 4218 terra-
2825 4161 2914 4232 qui
2944 4159 3225 4222 accedunt,
3274 4156 3417 4227 quod
3458 4169 3562 4209 non
3592 4153 3733 4206 inve.

2164 4265 2330 4319 uisset
2374 4257 2665 4315 delictum?
2705 4255 2841 4322 Quid
2872 4255 2915 4309 si
2947 4252 3260 4323 principes?
3285 4265 3462 4305 annon
3503 4246 3739 4318 pecuniae

2164 4356 2372 4422 avidos,
2407 4354 2629 4422 imperia
2660 4358 2904 4406 ementes
2932 4355 2987 4401 et.
3017 4346 3380 4415 magistratus,
3411 4340 3639 4403 invidos,
3677 4338 3741 4392 li-

2166 4448 2339 4515 vidos,
2371 4444 2515 4501 inani
2543 4442 2711 4515 gloria
2755 4440 3092 4502 laborantes,
3122 4435 3398 4491 helluones
3420 4473 3435 4496 ,
3476 4442 3531 4486 et
3555 4444 3741 4485 servos

2166 4541 2446 4614 pecunia}?
2468 4536 2599 4594 Cum
2621 4550 2750 4604 ergo
2773 4540 2915 4586 tanta
2940 4530 3009 4585 sit
3026 4528 3290 4597 impietas,
3314 4523 3438 4596 quid
3458 4538 3562 4577 non
3582 4534 3743 4590 gravo

2166 4611 2250 4691 est
2278 4626 2732 4701 exspectandum?
2751 4624 2817 4678 Et
2840 4632 2897 4676 ut
2924 4620 3105 4675 sciatis
3125 4626 3324 4687 quanto
3353 4613 3613 4684 supplicio
3635 4611 3744 4664 sint

2168 4726 2313 4797 digni
2341 4724 2429 4795 qui
2458 4722 2541 4776 bis
2574 4718 2805 4789 peccatis
2825 4714 3041 4771 obnoxii
3074 4708 3568 4781 deprehenduntur,
3593 4702 3744 4772 cogi»

2170 4794 2281 4872 tate
2326 4794 2506 4869 vetera
2553 4828 2569 4864 :
2605 4826 2742 4865 unus
2787 4820 2967 4861 sacras
2999 4805 3295 4860 sull'uratus
3327 4808 3410 4854 est
3455 4794 3743 4866 pecunias,

2172 4911 2334 4964 homo
2362 4907 2516 4961 miles
2544 4945 2559 4971 ,
2591 4911 2647 4958 et
2671 4914 2858 4955 omnes
2900 4896 3191 4968 perierunt.
3221 4892 3381 4947 Scitis
3434 4884 3748 4943 historiam?

2170 5003 2239 5056 de
2267 4998 2485 5054 Charini
2529 4996 2621 5050 illo
2649 4992 2769 5047 dico
2813 4991 2901 5059 qui
2951 4986 3243 5042 sull'uratns
3268 4982 3439 5037 fuerat
3465 4978 3746 5032 donarium

2172 5093 2307 5163 (los.
2337 5093 2367 5146 7
2395 5098 2443 5144 et
2472 5087 2631 5158 καφ).
2653 5085 2775 5139 ideo
2813 5091 2939 5137 tunc
2963 5078 3174 5134 dicebat
3201 5073 3455 5144 prOpheta
3485 5086 3499 5123 :
3528 5066 3751 5135 Impleta

2173 5159 2245 5242 est
2274 5185 2411 5255 regia
2451 5182 2659 5235 illorum
2688 5174 2904 5230 sortibus
2926 5181 2970 5225 et
2991 5168 3219 5239 auguriis
3242 5166 3372 5219 sicut
3398 5174 3532 5216 terra
3572 5159 3753 5213 alieni-

2172 5249 2415 5349 genarum
2447 5270 2596 5340 (lsai.
2625 5268 2681 5322 2.
2708 5266 2788 5336 6).
2817 5263 2969 5319 Nunc
2997 5266 3172 5313 autem
3202 5255 3400 5325 ubique
3418 5252 3573 5306 malis
3596 5249 3749 5320 plena

2174 5377 2298 5423 sunt
2320 5366 2519 5431 omnia,
2551 5371 2606 5415 et
2644 5373 2801 5414 nemo
2842 5357 3012 5409 timet.
3040 5350 3279 5407 Tandem
3312 5350 3626 5403 timeamus:
3652 5357 3750 5396 no-

2176 5460 2251 5513 vit
2288 5459 2426 5512 Dens
2453 5454 2615 5510 etiam
2642 5451 2815 5521 justus
2863 5446 3050 5517 punire
3079 5458 3202 5500 cum
3233 5441 3410 5511 impiis
3433 5478 3450 5502 ,
3483 5446 3540 5490 ut
3564 5432 3754 5488 accidit

2178 5549 2345 5604 tribus
2376 5546 2555 5617 pueris
2578 5553 2818 5611 tempore
2848 5537 3101 5604 Danielis,
3139 5546 3195 5590 ut
3217 5532 3337 5587 aliis
3359 5524 3671 5588 innumeris,
3694 5531 3756 5576 ut

2174 5641 2338 5698 etiam
2373 5614 2423 5694 in
2466 5636 2622 5692 bellis
2650 5649 2769 5704 qua:
2802 5647 2942 5687 nunc
2969 5629 3035 5685 ad
3066 5643 3146 5682 uc
3183 5623 3448 5680 accidunt.
3490 5618 3621 5672 Nam
3679 5614 3755 5669 illi

2182 5737 2394 5808 quidem
2436 5733 2594 5788 etiam
2627 5730 2795 5801 ipsam
2827 5732 3311 5797 quantamcumque
3339 5714 3537 5771 habent
3564 5723 3747 5780 pecea-
