4052 6214
288 334 360 391 ιτ

290 443 560 521 ὀρῶμεν
592 447 730 518 γοῦν
784 454 949 508 αὐτὸν
977 456 1074 510 καὶ
1120 458 1226 531 πρὸ
1266 460 1378 515 τῶν
1428 470 1669 529 σημείων
1719 462 1889 532 μυρία

287 536 517 592 τοιαῦτα
549 540 978 610 κατωρθωκότα.
1017 543 1134 600 Νῦν
1162 547 1217 599 δὲ
1245 549 1397 604 οὐδὲν
1431 548 1636 603 τούτων
1668 549 1883 618 ἔχοντες

286 628 477 695 interc.
513 626 824 698 βουλόμεθα
866 631 1088 685 πάντων
1126 638 1366 703 κρατεῖν.
1408 636 1645 705 Θάτερον
1677 636 1787 707 γὰρ
1817 638 1882 690 ἂν

288 714 607 783 διασπασθῇ
644 715 903 786 θατέρου,
936 716 996 770 τὸ
1029 718 1217 774 λοιπὸν
1248 723 1524 792 ἄχρηστον
1560 724 1791 792 γίνεται.
1817 723 1883 776 Τί

292 802 406 871 γὰρ
438 800 633 867 ὃφελος
677 802 1051 872 ῥιψοκίνδυνον
1106 804 1266 868 εἶναι,
1309 810 1426 879 βίου
1464 811 1592 864 ὂντα
1626 811 1883 882 ἐπιληψί-

295 905 436 955 μου;
462 887 580 959 [45]
610 891 680 942 Εἰ
710 891 823 958 γὰρ
854 891 918 943 τὸ
965 893 1092 961 φῶς
1134 895 1201 947 τὸ
1231 897 1303 949 ἐν
1325 899 1421 950 σοί
1447 900 1694 964 σκότος,
1726 902 1905 971 φησὶ,

291 975 361 1027 τὸ
399 976 630 1042 σκότος
651 978 852 1031 πόσον
868 997 889 1043 ;
905 981 970 1032 Τί
992 980 1052 1033 τὸ
1072 980 1263 1049 ὄφελος
1288 983 1402 1052 βίου
1424 978 1565 1038 εἶναι
1614 986 1881 1055 ἀλήπτου,

289 1061 502 1131 νωθρὸν
526 1063 660 1115 ὄντα
686 1066 783 1117 καὶ
813 1066 1081 1136 ύπνηλόν;
1121 1068 1264 1121 Ἐὰν
1285 1070 1394 1137 γὰρ
1409 1071 1495 1138 μή
1530 1088 1622 1138 τις
1646 1072 1759 1141 ἄρῃ
1779 1073 1888 1126 τὸν

288 1147 567 1215 σταυρόν
609 1151 829 1214 αὐτοῦ,
886 1153 1049 1221 φησὶ,
1106 1155 1204 1207 καὶ
1242 1155 1636 1227 ἀκολουθήσῃ
1692 1160 1885 1214 ὀπίσω

279 1249 433 1302 μου,
453 1235 569 1287 οὐκ
596 1234 732 1288 ἔστι
753 1253 872 1304 μου
900 1237 1071 1304 ἄξιος
1091 1255 1107 1272 ο
1143 1240 1260 1305 καὶ,
1306 1243 1431 1294 Ἐὰν
1466 1245 1540 1313 μή
1580 1262 1665 1309 τις
1690 1244 1754 1316 θῇ
1784 1245 1883 1317 τὴν

284 1320 475 1391 ψυχὴν
524 1320 693 1374 αὐτοῦ
739 1323 876 1395 ὑπὲρ
907 1324 1016 1379 τῶν
1061 1327 1352 1397 προϐάτων
1384 1332 1431 1384 ⁸.
1476 1331 1543 1384 Τί
1590 1331 1645 1386 δὲ
1691 1332 1883 1401 ὄφελος

286 1402 439 1462 εἶναι
461 1412 640 1463 ταῦτα
669 1412 975 1482 ἀμφότερα,
999 1415 1095 1467 καὶ⁵
1124 1416 1200 1485 μὴ
1234 1411 1377 1469 εἶναι
1409 1419 1774 1489 οἰκονομικὸν,
1801 1421 1880 1491 τῷ

284 1497 498 1550 εἰδέναι
524 1499 643 1558 πῶς
671 1500 756 1552 δεῖ
782 1500 863 1552 ἐνὶ
888 1500 1103 1571 ἑκάστῳ
1138 1502 1573 1574 ἀποκρίνασθαι;
1606 1508 1667 1558 Et
1700 1509 1884 1562 καὶτὰ

289 1586 502 1655 σημεῖα
540 1585 643 1637 οὐκ
671 1587 731 1638 ἐν
761 1587 913 1655 ἡμῖν,
948 1587 1122 1642 ταῦτα
1143 1589 1430 1662 ἀμφότερα
1462 1594 1520 1645 ἐν
1543 1595 1697 1663 ἡμῖν.
1743 1594 1881 1649 Ἀλλ’

285 1672 448 1738 ὅμως
481 1672 725 1726 τοσαῦτα
757 1674 1030 1742 εἰσφέρων
1071 1677 1199 1747 περὶ
1228 1677 1447 1741 ἑαυτοῦ,
1479 1680 1538 1732 τὸ
1563 1681 1671 1734 πᾶν
1702 1682 1881 1749 ἐλογί-

272 1755 423 1817 ζετο
460 1760 529 1828 τῇ
555 1758 761 1828 χάριτι.
800 1759 973 1814 Τοῦτο
1001 1762 1344 1833 εὐγνώμονος
1373 1765 1606 1821 οἰκέτου.
1642 1769 1751 1820 Καὶ
1772 1769 1881 1823 οὐδ’

286 1844 361 1897 ἂν
393 1845 677 1915 ἐμάθομεν
702 1846 865 1900 αὑτοῦ
901 1865 1030 1901 ποτε
1058 1848 1127 1902 τὰ
1160 1851 1582 1921 κατορθώματα,
1619 1857 1666 1906 εἰ
1697 1855 1771 1925 μὴ
1802 1857 1882 1921 εἰς

287 1932 550 2002 ἀνάγκην
582 1932 818 2004 κατέστη
852 1934 946 1986 τοῦ
981 1934 1332 2005 πράγματος.
1364 1933 1511 2008 Ἀρα
1548 1938 1688 2003 ἄξιοί
1714 1944 1881 2012 ἐσμεν

291 2018 403 2071 κᾶν
427 2019 741 2089 μεμνῆσθαι
774 2021 1025 2086 Παύλου;
1058 2024 1297 2087 Ἐκεῖνος
1321 2026 1413 2078 καὶ
1435 2026 1534 2097 τὴν
1558 2028 1720 2098 χάριν
1743 2030 1881 2100 ἔχων

292 2104 624 2176 βοηθοῦσαν,
670 2110 771 2163 οὐκ
830 2113 1095 2181 ⁴ἠρκεῖτο,
1153 2113 1289 2167 ἀλλά
1345 2117 1573 2187 μυρίους
1630 2119 1880 2190 εἰσέφερε

291 2194 617 2256 κινδύνουςο
660 2199 822 2267 ήμεῖς
867 2199 923 2251 δὲ
961 2201 1396 2271 ἀπεστερημένοι
1441 2208 1536 2275 τῆς
1566 2209 1879 2278 παρρησίας

286 2282 537 2351 ἐκείνης,
563 2283 745 2349 πόθεν,
770 2285 895 2339 εἰπέ
916 2305 1027 2357 μοι,
1050 2289 1484 2363 προσδοκῶμενῆ
1506 2295 1632 2358 τοὺς
1648 2298 1881 2366 ἐγχειρι-

290 2368 528 2455 σθέντας
556 2372 811 2440 φυλάξαι,
843 2373 875 2445 ἢ
903 2374 1030 2439 τοὺς
1051 2377 1261 2431 οὐδέπω
1282 2381 1678 2448 προσελθόντας
1706 2401 1876 2455 προσ-

289 2454 510 2522 λαϐεῖν,
544 2458 821 2530 ἄνθρωποι
865 2466 1079 2535 τρυφᾷν
1127 2467 1562 2537 μεμελετηκότες
1613 2469 1705 2523 καὶ
1743 2471 1877 2524 ἀνά-

285 2558 504 2597 παυσιν
526 2549 801 2618 πανταχοῦ
830 2546 1146 2620 ζητοῦντες,
1172 2555 1267 2607 καὶ
1296 2556 1577 2615 κινδύνους
1602 2557 1717 2610 οὐδὲ
1742 2557 1878 2630 δναρ

287 2630 542 2698 ἐνεγκεῖν
581 2632 895 2704 δυνάμενοι,
942 2638 1145 2706 μᾶλλον
1184 2639 1242 2691 δὲ
1278 2641 1340 2692 ού
1389 2640 1657 2705 θέλοντες,
1689 2644 1787 2713 τῆς
1819 2645 1875 2697 δὲ

287 2719 494 2785 σοφίας
525 2721 735 2773 ἐκείνου
780 2722 1034 2776 τοσοῦτον
1066 2724 1385 2794 ἀπέχοντες,
1432 2728 1556 2780 ὅσον
1588 2730 1616 2781 6
1649 2730 1877 2797 οὐρανὸς

283 2804 392 2872 τῆς
436 2806 573 2873 γῆς;
604 2806 702 2860 Διά
742 2808 901 2862 τοῦτο
936 2811 1032 2864 καὶ
1073 2813 1121 2865 οἱ
1166 2813 1257 2881 ὑφ’
1287 2815 1422 2884 ἡμῖν
1455 2816 1589 2870 πολὺ
1619 2817 1727 2871 τῶν
1756 2820 1875 2873 τότε

283 2892 697 2962 ἀφεστήκασιν,
733 2896 919 2966 ἐπειδὴ
944 2898 993 2950 οί
1019 2897 1141 2953 τότε
1175 2901 1417 2971 μαθηταὶ
1436 2903 1543 2957 τῶν
1572 2905 1667 2958 νῦν
1695 2905 1876 2960 διδασι

284 2978 483 3033 κάλων
512 2981 791 3051 κρείττους
816 2980 977 3056 ἦσαν,
1012 2988 1072 3041 ὲν
1112 2987 1298 3057 μέσοις
1329 2990 1524 3061 δήμοις
1552 2993 1648 3045 καὶ
1676 2994 1876 3064 τυράν-

284 3082 406 3129 νοις
448 3068 870 3140 ἀπειλημμένοι,
926 3073 1023 3127 καὶ
1080 3074 1289 3140 πάντας
1343 3078 1610 3134 πάντοθεν
1661 3081 1875 3152 ἔχοντες

287 3153 612 3223 πολεμίους,
645 3157 737 3211 καὶ
779 3158 898 3212 οὐδὲ
947 3160 1086 3230 πρὸς
1117 3160 1293 3234 βραχὺ
1344 3165 1739 3238 καθελκόμενοι
1780 3169 1874 3223 καὶ

287 3240 787 3312 ἔπικαμπτόμενοι.

365 3331 566 3385 ’Δκουε
615 3331 749 3399 γοῦν
798 3334 852 3386 τί
894 3353 1029 3406 φησι
1085 3337 1509 3410 Φιλιππησίοις·
1565 3332 1685 3397 Ὅτι
1730 3344 1875 3412 ὑμῖν

287 3415 580 3484 ἐχαρίσθη
600 3419 665 3470 τὸ
689 3419 1146 3489 ὑπὲρ-Χριστοῦ,
1176 3426 1249 3478 οὐ
1264 3427 1460 3493 μόνον
1490 3428 1556 3482 τὸ
1572 3431 1659 3495 εἰς
1685 3432 1874 3486 αὐτὸν

289 3504 620 3565 πιστεύειν,
643 3506 811 3560 ἀλλὰ
837 3508 938 3563 καί
965 3510 1027 3562 τὸ
1042 3510 1195 3578 ὑπὲρ
1222 3513 1411 3566 αὐτοῦ
1440 3514 1725 3584 πάσχειν.
1744 3518 1874 3571 Θεσ-

289 3589 639 3645 σαλονικεῦσι
669 3593 729 3647 δὲ
774 3595 959 3658 πάλιν,
994 3597 1077 3650 ὅτι
1124 3598 1385 3668 Μιμηταὶ
1423 3601 1708 3669 ἐγένεσθε
1753 3603 1873 3659 τῶν

299 3674 682 3743 Ἐκκλησιῶν
720 3679 828 3732 τοῦ
853 3683 1000 3736 Θεοῦ
1028 3682 1148 3737 τῶν
1178 3685 1249 3739 ἐν
1290 3684 1365 3754 τῇ
1429 3688 1709 3758 Ἰουδαίᾳ.
1760 3692 1873 3755 Καὶ

297 3760 575 3836 Ἑϐραίοις
593 3764 650 3817 δὲ
683 3765 910 3836 γράφων
934 3767 1089 3838 ἔλεγε
1114 3786 1129 3802 ο
1163 3772 1274 3825 Καὶ
1305 3774 1422 3841 τὴν
1447 3776 1727 3845 ἁρπαγὴν
1752 3774 1872 3833 τῶν

284 3851 690 3919 ὑπαρχόντων
739 3854 908 3922 ὑμῶν
958 3856 1106 3925 μετὰ
1162 3859 1353 3927 χαρᾶς
1399 3863 1867 3929 προσεδέξασθε.

284 3936 398 3989 Καὶ
440 3938 815 3994 Κολοσσαεῦσι
858 3942 915 3995 δὲ
951 3948 1221 4015 μαρτυρεῖ
1267 3947 1441 4015 λέγων
1462 3967 1473 3980 ·
1519 3951 1870 4008 Ἀπεθάνετε

285 4022 416 4090 γὰρ,
439 4025 541 4078 καί
565 4029 602 4094 ἡ
630 4025 745 4094 ζωὴ
762 4026 932 4097 ὑμῶν
948 4030 1274 4097 κέκρυπται
1291 4033 1413 4088 σὺν
1429 4037 1663 4104 Χριστῷ
1689 4039 1758 4093 ἐν
1790 4039 1871 4106 τῷ

286 4108 446 4175 Θεῷί
482 4114 581 4165 καὶ
609 4114 797 4177 αὐτοῖς
826 4115 885 4169 δὲ
920 4116 1129 4181 τούτοις
1151 4119 1379 4185 πολλοὺς
1418 4123 1693 4189 κινδύνους
1724 4143 1868 4197 μαρ-

282 4204 456 4272 τυρεῖ.
484 4203 598 4255 Καὶ
652 4203 922 4269 Γαλάταις
957 4206 1015 4260 δὲ
1062 4209 1292 4279 γράφων
1336 4211 1533 4281 λέγει·
1594 4216 1869 4271 Τοσαῦτα

284 4287 538 4343 ἐπάθετε
563 4292 719 4357 εικη,
746 4291 803 4345 ει
830 4309 896 4363 γε
924 4293 1022 4347 καὶ
1042 4298 1189 4363 alim.
1228 4299 1340 4351 Καὶ
1363 4301 1494 4370 ὁρᾷς
1518 4302 1714 4366 αὐτοὺς
1741 4321 1804 4356 πε
1816 4305 1869 4375 pl

284 4372 535 4440 εὐποιίας
555 4376 764 4442 πάντας
798 4380 1179 4450 ὲσχολακότας.
1217 4384 1316 4437 Διά
1344 4385 1502 4440 τοῦτο
1526 4389 1619 4442 καὶ
1644 4391 1675 4460 ἡ
1708 4372 1869 4462 χάρις

285 4462 507 4533 ἐνήργει
537 4464 684 4530 τότε,
712 4465 801 4519 διὰ
837 4467 995 4521 τοῦτο
1019 4472 1109 4522 καὶ
1151 4471 1209 4523 ὲν
1248 4472 1668 4545 κατορθώμασιν
1706 4476 1863 4542 ἔζων.

291 4551 487 4604 Ἀκσυε
522 4551 582 4604 δὲ
604 4553 700 4606 καὶ
726 4554 1030 4626 Κορινθίοις
1050 4556 1104 4609 τί
1134 4557 1358 4628 γράφει,
1382 4555 1464 4624 οἷς
1495 4562 1663 4633 μυρία
1696 4564 1865 4632 ἐγκα-

287 4634 400 4689 λεῖ·
447 4639 570 4708 οὐχὶ
601 4640 697 4693 καὶ
733 4643 918 4705 αὐτοῖς
964 4648 1251 4715 μαρτυρεῖ,
1292 4646 1485 4715 λέγων,
1524 4649 1711 4704 Ἀλλὰ
1760 4651 1868 4705 τὸν

289 4721 468 4790 ζῆλον
504 4723 695 4793 ὑμῶν,
738 4727 901 4781 ἀλλὰ
938 4727 1055 4795 τὴν
1099 4730 1507 4799 ἐπιπόθησιν;
1546 4736 1653 4788 Καὶ
1704 4737 1865 4791 πάλιν

290 4810 411 4879 περὶ
439 4810 635 4863 τούτου
672 4813 774 4866 ὅσα
802 4815 984 4879 αὐτοῖς
1027 4820 1314 4888 μαρτυρεῖ,
1344 4819 1516 4873 ταῦτα
1546 4822 1665 4875 οὐδὲ
1699 4825 1756 4876 ὲν
1787 4823 1867 4876 δι-

288 4893 573 4959 δασκάλοις
612 4898 713 4952 ίδοι
760 4917 846 4963 τις
896 4901 962 4953 ἂν
1009 4904 1273 4973 γινόμενα
1321 4906 1455 4959 νῦν·
1495 4907 1635 4961 ὥστε
1689 4902 1866 4964 πάντα

290 4982 487 5068 οίχεται
534 4986 630 5036 καὶ
671 4986 942 5045 ἀπόλωλε.
978 4990 1051 5042 Τὸ
1090 4991 1145 5044 δὲ
1177 4990 1372 5057 αἴτιον,
1407 4994 1468 5047 τὸ
1496 4995 1594 5065 τὴν
1643 4997 1865 5068 ἀγάπην

291 5067 538 5139 ἰψύχθαι,
599 5072 661 5124 τὸ
717 5075 847 5138 τοὺς
904 5077 1322 5148 ἁμαρτάνοντας
1395 5080 1470 5152 μή
1541 5067 1864 5149 κολάζεσθαι

293 5155 470 5225 (ἄκουε
500 5158 613 5227 γάρ
638 5159 805 5213 αὐτοῦ
830 5160 1134 5233 γράφοντος
1155 5166 1235 5236 τῷ
1263 5166 1533 5240 Τιμοθέῳ,
1559 5171 1652 5223 καὶ
1679 5171 1865 5241 λέγον-

290 5258 375 5329 τος
388 5260 403 5273 ’
426 5244 573 5310 Τοὺς
592 5246 1049 5317 ἁμαρτάνοντας
1069 5250 1330 5307 ἐνώπιον
1346 5254 1594 5310 πάντων
1606 5258 1861 5329 ἕλεγχε)’

290 5328 348 5421 τὸ
399 5333 528 5391 τοὺς
559 5332 831 5404 ἄρχοντας
877 5342 1084 5393 νοσεῖν·
1133 5341 1235 5410 τῆς
1290 5342 1399 5413 γὰρ
1448 5344 1691 5413 κεφαλῆς

289 5416 382 5488 οὐχ
414 5419 792 5492 ὑγιαινούσης,
825 5424 942 5488 πῶς
984 5424 1051 5478 ἂν
1081 5427 1142 5479 τὸ
1168 5426 1356 5482 λοιπὸν
1404 5430 1562 5501 σῶμα
1589 5416 1864 5503 εύρωστον

292 5505 466 5574 μένοις
502 5508 647 5579 Ὅρα
676 5510 807 5578 γοῦν
856 5511 1144 5583 ἀνωμαλία
1175 5514 1270 5569 νῦν
1325 5517 1448 5587 ὅση.
1496 5520 1558 5572 υἱ
1610 5522 1708 5591 μὲν
1752 5523 1860 5595 γάρ

289 5591 458 5660 ὀρθῶς
482 5596 750 5667 βιοῦντες,
784 5600 877 5654 καὶ
910 5601 1264 5674 ὁπωσδήποτε
1291 5607 1604 5678 παρρησίαν
1628 5591 1861 5679 ἔχοντες,

290 5681 382 5745 τὰς
411 5687 659 5757 κορυφάς
689 5689 797 5742 τῶν
823 5689 995 5760 ὀρέων
1024 5691 1403 5764 κατειλήφασι,
1441 5695 1535 5749 καὶ
1581 5696 1645 5751 ἐκ
1693 5698 1860 5768 μέσου

350 5904 374 5937 ⁸
402 5903 553 5968 nats.
594 5903 748 5956 Savil.
786 5909 880 5955 τῶν
902 5909 1048 5972 φίλων
1074 5909 1238 5961 αὑτοῦ.

1162 341 1231 397 IN
1266 340 1488 403 EPIST.
1520 346 1613 401 AD
1645 344 1889 403 EPHES.
1921 343 2075 401 CAP.
2117 346 2204 405 Ill.
2239 349 2470 410 HOMIL.
2516 354 2601 412 Vl.

3497 365 3571 419 48

1997 464 2308 531 γεγόνασιν,
2342 469 2532 542 ὥσπερ
2562 472 2822 543 πολεμίου
2851 474 2945 527 καὶ
2978 473 3283 547 ἀλλοτρίου,
3309 476 3424 529 ἀλλ’
3451 477 3566 549 οὐχὶ

1994 551 2196 604 οίκείου
2221 552 2474 623 σώματος
2499 558 2885 628 ἀποσπώμενοι
2904 575 2918 590 ο
2952 560 3142 630 φθόροι
3164 562 3220 615 δὲ
3247 563 3340 616 καὶ
3363 564 3573 635 μυρίων

1993 637 2253 708 γέμοντες
2289 642 2474 695 κακῶν
2507 644 2870 716 εἰσεπήδησαν
2916 648 2998 708 εἰς
3049 646 3150 711 τὰς
3207 648 3567 719 Ἐκκλησίας·

1993 725 2202 795 ὠνηταὶ
2228 729 2519 797 γεγόνασιν
2550 734 2602 784 αί
2629 733 2815 802 ἀρχαί.
2848 735 3031 803 Μυρία
3058 735 3305 789 ἐντεῦθεν
3329 735 3572 789 τίκτεται

1990 812 2157 874 κακὰ,
2194 816 2290 867 καὶ
2317 817 2492 880 οὐδεὶς
2518 819 2547 870 6
2570 817 2973 888 διορθούμενος,
3009 820 3185 881 οὐδεὶς
3208 821 3236 872 6
3264 820 3535 889 ἐπιτιμῶν
3554 838 3567 850 ·

1988 900 2106 954 ἀλλ’
2142 903 2261 956 ὁδόν
2313 921 2436 958 τινα
2495 906 2587 958 καὶ
2640 906 2971 960 ἀκολουθίαν
3026 908 3218 962 ἔλαϐεν
3261 911 3294 977 ή
3351 909 3568 973 ἀταξία.

1993 991 2246 1062 Ἥμαρτέ
2277 1012 2384 1057 τις,
2419 996 2514 1048 καὶ
2554 997 2850 1067 ὲνεκλήθη;
2884 999 2959 1050 Ού
2995 998 3132 1068 πρὸς
3163 999 3223 1051 τὸ
3253 999 3422 1063 δεῖξαι
3448 1002 3575 1053 ἑαυ-

1987 1079 2078 1130 τὸν
2105 1079 2282 1145 ἀθῷον
2325 1081 2566 1145 σπεύδει,
2602 1082 2739 1135 ἀλλά
2786 1084 2922 1154 πρὸς
2965 1084 3026 1136 τὸ
3054 1084 3347 1154 δυνηθῆναι
3380 1104 3570 1140 κοινωφ

1989 1167 2113 1228 νοῦς
2143 1164 2250 1218 τῶν
2287 1167 2655 1237 ἐγκλημάτων
2688 1170 2892 1239 εὑρεῖν.
2924 1169 2990 1222 Τί
3025 1169 3207 1234 πάθω,
3252 1171 3334 1222 ὅτι
3373 1171 3572 1239 γέεννα

1988 1253 2318 1324 ὴπείληται;
2363 1257 2701 1311 Πιστεύσατέ
2749 1276 2860 1327 μοι,
2910 1258 2987 1320 ὡς
3036 1259 3085 1309 εἰ
3140 1258 3214 1327 μὴ
3258 1262 3376 1311 ἐκεῖ
3410 1276 3568 1312 τετα-

1992 1341 2180 1411 μίευτο
2231 1343 2331 1411 τὴν
2386 1344 2608 1397 κόλασιν
2641 1346 2773 1414 ἡμῖν
2820 1348 2848 1397 6
2880 1343 3035 1407 Θεὸς,
3095 1344 3203 1397 τῶν
3263 1345 3569 1399 Ἰουδαῖκῶν

1990 1429 2287 1499 συμφορῶν
2337 1430 2556 1501 μείζους
2604 1431 2670 1484 ἂν
2721 1431 2892 1484 εἴδετε
2928 1432 3051 1484 καθ’
3085 1432 3322 1501 ἑκάστην
3355 1433 3569 1503 ἡμέραν

1987 1516 2316 1588 τραγῳδίας.
2344 1517 2408 1569 Τί
2447 1519 2588 1588 γάρ;
2626 1518 2761 1572 ἀλλά
2798 1517 2872 1589 μὴ
2901 1519 3212 1589 ὀργισθήτω
3244 1520 3431 1590 μηδείς
3452 1537 3465 1551 ·
3506 1521 3566 1573 ού

1988 1606 2097 1677 γὰρ
2119 1606 2384 1675 ὀνομαστὶ
2405 1607 2517 1680 ὲρῶ
2539 1625 2552 1638 ·
2585 1607 2639 1660 el
2668 1626 2750 1671 τις
2784 1609 3233 1679 παραγενόμενος
3250 1610 3331 1673 είς
3358 1610 3456 1672 τὴν
3474 1612 3565 1662 ἑκ-

1988 1694 2235 1764 κλησίαν,
2271 1695 2413 1765 ὑμᾶς
2446 1697 2572 1759 τοὺς
2600 1696 2693 1749 νῦν
2744 1696 2906 1760 ὄντας
2945 1697 3133 1752 ἐνθάδε
3182 1700 3563 1769 παραστήσας,

1985 1782 2112 1844 τοὺς
2140 1781 2260 1851 μεθ’
2291 1784 2447 1852 ἡμῶν
2473 1782 2654 1845 ὄντας,
2701 1782 2948 1848 ἐξέτασιν
2985 1785 3245 1836 ἑποιεῖτο·
3284 1784 3484 1853 μᾶλλον
3508 1785 3568 1838 δὲ

1985 1868 2047 1919 οὐ
2078 1867 2194 1933 νῦν,
2229 1867 2344 1921 ἀλλ’
2364 1868 2417 1920 εί
2438 1886 2521 1931 τις
2549 1869 2691 1921 κατὰ
2721 1869 2821 1938 τὴν
2852 1871 3068 1938 ἡμέραν
3095 1868 3190 1921 τοῦ
3217 1869 3400 1938 πάσχα
3434 1871 3567 1922 πάν-

1986 1972 2083 2018 τας
2110 1955 2237 2017 τοὺς
2259 1956 2580 2025 προσιόντας
2609 1955 2701 2008 καὶ
2728 1956 3070 2024 λουομένους,
3092 1956 3120 1995 ι)
3146 1957 3283 2025 μετά
3308 1957 3371 2009 τὸ
3399 1974 3567 2026 προσ-

1985 2041 2161 2096 ελθεῖν
2180 2045 2294 2105 τοῖς
2329 2043 2647 2112 μυστηρίοις
2664 2043 2893 2114 ἐξήτασε
2929 2045 3025 2097 σὺν
3049 2043 3324 2114 ἀκριϐείᾳ,
3346 2043 3566 2112 πνεῦμα

1983 2130 2227 2185 τοιοῦτον
2255 2130 2456 2195 λαϐὼν,
2482 2130 2623 2184 ὥστε
2659 2132 2857 2184 εἰδέναι
2890 2132 2957 2185 τὰ
2988 2134 3355 2201 πεπραγμένα
3382 2133 3566 2193 αὐτοῖς

1990 2219 2129 2290 μετὰ
2175 2218 2484 2290 ἀκριϐείας,
2534 2219 2706 2272 πολλὰ
2758 2219 2824 2272 ἂν
2884 2217 3078 2289 εὑρέθη
3140 2219 3415 2291 βαρύτερα
3456 2219 3564 2271 τῶν

1997 2308 2305 2361 ἰουδαῖδαυν
2332 2307 2538 2362 κακῶν.
2572 2309 2680 2361 Καὶ
2706 2308 2815 2379 γὰρ
2842 2307 3279 2373 οἰωνιζομένους,
3304 2310 3398 2361 καὶ
3424 2325 3564 2378 φαρ-

1987 2395 2242 2465 μακείαις
2271 2397 2363 2449 καὶ
2380 2395 2757 2466 κληδονισμοῖς
2782 2394 2875 2447 καὶ
2904 2395 3140 2463 ἐπῳδαῖς
3161 2396 3559 2465 κεχρημένους,

1984 2483 2078 2535 καὶ
2117 2483 2583 2553 πεπορνευκότας,
2627 2482 2720 2536 καὶ
2768 2480 3204 2551 μοιχεύσαντας,
3252 2483 3343 2535 καὶ
3394 2481 3561 2553 μεθύ-

1985 2586 2132 2633 σους,
2159 2569 2254 2621 καὶ
2285 2569 2560 2639 λοιδόρους
2596 2563 2756 2641 εὗρεν
2783 2568 2869 2621 ἄν.
2904 2566 3236 2631 Πλεονέκτας
3262 2569 3318 2622 δὲ
3345 2570 3402 2622 οὐ
3442 2568 3563 2638 βού-

1981 2656 2145 2727 λομαι
2173 2656 2373 2723 λέγειν,
2406 2656 2483 2727 μή
2501 2655 2596 2709 καί
2622 2673 2784 2709 τινων
2802 2655 3029 2725 ἅψωμαι
3056 2656 3163 2709 τῶν
3192 2657 3377 2710 ἐνθάδε
3396 2654 3563 2709 ἑστώς

1979 2761 2109 2798 των.
2146 2744 2210 2796 Τί
2248 2744 2327 2809 δὲ,
2367 2743 2532 2807 εἴτις
2562 2744 2690 2806 τοὺς
2729 2743 2787 2794 ἐν
2815 2746 2880 2814 τῇ
2912 2744 3207 2814 οίκουμένῃ
3239 2743 3563 2812 προσιόντας

1982 2829 2228 2891 ἃπαντας
2261 2832 2553 2901 ἠρεύνησε,
2586 2833 2739 2883 ποῖον
2770 2832 2870 2884 οὐκ
2904 2831 2969 2885 ἂν
3004 2824 3128 2901 εὗρε
3153 2830 3558 2899 πλημμέλημας

1981 2918 2032 2970 τί
2054 2919 2109 2971 δὲ
2135 2920 2261 2981 τοὺς
2289 2917 2587 2990 ἄρχοντας;
2612 2919 2734 2988 οὐχὶ
2754 2918 3054 2990 χρημάτων
3076 2918 3416 2988 ἐφιεμένους,
3442 2917 3562 2985 οὐχὶ

1980 3008 2154 3077 ἀρχάς
2184 3009 2549 3076 ὠνουμένους,
2582 3009 2704 3078 οὐχὶ
2738 3008 3055 3080 φθονεροὺς,
3087 3008 3207 3077 οὐχὶ
3230 3005 3560 3077 βασκάνους,

1979 3095 2099 3164 οὐχὶ
2146 3095 2475 3161 κενοδόξους,
2527 3096 2650 3165 οὐχὶ
2702 3096 3078 3167 λαιμάργους,
3131 3096 3223 3148 καὶ
3260 3095 3560 3165 χρημάτων

1978 3180 2227 3245 δού).ους;
2259 3181 2540 3252 Τοσαύτης
2569 3177 2662 3235 οὖν
2704 3182 2959 3246 ἀσεϐείας
2997 3182 3308 3252 γινομένης,
3344 3180 3396 3234 τί
3438 3181 3560 3251 οὐχὶ

1979 3266 2348 3337 προσδοκῆσαι
2377 3269 2486 3338 χρὴ
2514 3269 2688 3322 δεινόν
2708 3287 2723 3333 ;
2747 3268 2859 3322 Καὶ
2893 3270 2980 3322 ἵνα
3022 3268 3230 3339 μάθητε
3262 3270 3361 3340 ὅσῃ
3382 3286 3558 3337 τιμω-

1980 3356 2074 3424 ρίᾳ.
2109 3357 2556 3410 ύπεύθυνοίείσιν
2583 3361 2631 3411 οί
2646 3357 2857 3421 τούτοις
2875 3359 3227 3429 ἁλισκόμενοι
3253 3365 3363 3424 τοῖς
3381 3359 3559 3430 ἁμαρ-

1978 3443 2234 3511 τήμασιν,
2265 3444 2498 3501 ἐννοεῖτε
2533 3444 2603 3497 τά
2629 3444 2839 3499 παλαιά
2858 3461 2871 3475 ·
2905 3441 2987 3508 εἷς
3013 3445 3240 3516 ἔκλεψεν
3269 3446 3389 3516 ίερά
3418 3447 3559 3517 χρή-ι

1982 3547 2128 3600 ματα
2162 3531 2501 3602 στρατιώτης
2532 3532 2843 3602 ἄνθρωπος,
2875 3536 2970 3588 καὶ
3008 3535 3210 3597 πάντες
3252 3533 3559 3593 ἀπώλοντο.

1976 3612 2125 3689 Ἀρα
2163 3618 2278 3672 ίστε
2317 3618 2417 3690 τὴν
2447 3619 2723 3690 ίστορίαν;
2759 3621 2896 3692 Περὶ
2934 3620 3030 3675 τοῦ
3066 3621 3256 3692 Χαρμὶ
3284 3620 3427 3688 λέγω
3460 3619 3561 3672 τοῦ

1975 3708 2037 3759 τὸ
2077 3707 2334 3777 ἀνάθημα
2380 3707 2705 3778 κλέψαντος.
2752 3710 2895 3762 Καὶ*
2916 3711 3037 3764 τότε
3089 3711 3187 3780 μὲν
3212 3710 3242 3762 6
3269 3708 3558 3778 προφήτης

1978 3794 2181 3864 ἔλεγεν,
2217 3797 2297 3850 ὅτι
2346 3798 2730 3867 Ἕνεπλήσθη
2763 3799 2799 3865 ἡ
2834 3798 2995 3868 χώρα
3042 3799 3241 3853 αὐτῶν
3274 3796 3556 3864 κλῃδονιυ

1977 3881 2166 3951 σμῶν,
2198 3885 2278 3950 ὡς
2307 3886 2345 3953 ἠ
2373 3884 2490 3939 τῶν
2519 3886 2905 3955 ἀλλοφύλων.
2943 3884 3057 3939 Νῦν
3084 3887 3140 3939 δὲ
3176 3885 3344 3957 μυρία
3395 3884 3556 3951 γέμει

1977 3971 2256 4041 πανταχοῦ
2282 3973 2451 4036 κακὰ,
2482 3973 2577 4026 καὶ
2607 3974 2787 4036 οὐδεὶς
2818 3974 3048 4027 δέδοικε.
3084 3973 3416 4042 Φοϐηθῶμεν
3448 3971 3556 4022 λοι·

1977 4060 2106 4113 πόν’
2144 4056 2285 4113 οἶδεν
2311 4063 2339 4113 6
2370 4061 2503 4125 Θεὸς
2543 4062 2637 4115 καὶ
2676 4062 2919 4124 δικαίους
2959 4062 3097 4132 μετὰ
3136 4060 3348 4115 ἀσεϐῶν
3384 4074 3555 4127 τιμω-

1977 4147 2211 4219 ρεῖσθαι,
2242 4143 2353 4201 οἷον
2390 4147 2616 4215 γέγονεν
2645 4149 2740 4201 ἐπὶ
2768 4148 2860 4201 τοῦ
2894 4148 3111 4217 Δανιὴλ,
3140 4148 3359 4201 ἐπὶτῶν
3388 4144 3554 4214 τριῶν

1977 4235 2202 4297 παίδων,
2228 4231 2338 4289 οἷον
2369 4234 2463 4286 ὲπί
2502 4234 2713 4304 μυρίων
2742 4236 2827 4311 έτέ
2838 4252 2965 4304 ρων,
2992 4231 3102 4287 οἷον
3132 4236 3223 4286 ἐπὶ
3261 4235 3367 4287 τῶν
3396 4237 3552 4300 πολέ⁸
3627 4274 3639 4285 .

1979 4345 2095 4398 μων
2135 4325 2243 4380 τῶν
2280 4324 2361 4377 ἔτι
2397 4324 2492 4376 καὶ
2522 4324 2616 4378 νῦν
2650 4324 3081 4391 συμϐαινόντων.
3114 4319 3274 4378 υῦτοι
3320 4326 3417 4394 μὲν
3443 4327 3557 4398 γάρ

1901 4453 1905 4457 ~
1976 4419 2073 4472 καὶ
2120 4417 2254 4471 αὐτὸ
2292 4427 2315 4455 ο
2358 4416 2484 4469 ὅσον
2518 4414 2731 4484 ἔχουσιν
2775 4414 3192 4486 ἁμαρτημάτων
3245 4415 3428 4487 βάρος.
3465 4417 3555 4470 διὰ

1974 4507 2164 4572 τούτου
2191 4505 2562 4569 ἀποτίθενται,
2598 4505 2798 4557 ἐκεῖνοι
2825 4504 2881 4557 δὲ
2912 4504 2993 4559 οῦ.
3027 4505 3126 4558 Διὰ
3164 4504 3338 4558 ταῦτα
3377 4507 3555 4561 πάντα

1976 4598 2330 4669 προσέχωμεν
2361 4598 2594 4658 ἑαυτοῖς.
2625 4594 2737 4665 Οὐχ
2772 4597 2936 4666 ὁρᾶτε
2965 4595 3092 4659 τοὺς
3119 4598 3389 4668 πολέμους
3411 4616 3426 4664 ;
3450 4600 3552 4653 οὐκ

1974 4689 2205 4744 ἀκούετε
2227 4687 2325 4750 τὰς
2354 4686 2639 4759 συμφοράς
2659 4686 2752 4752 ςού
2775 4685 3094 4739 παιδεύεσθε
3117 4687 3358 4756 τούτοις;
3381 4688 3551 4759 Ἐθνη

1975 4781 2068 4835 καὶ
2103 4778 2286 4843 πόλεις
2301 4777 2585 4848 ὁλόκληροι
2614 4776 3116 4845 κατεποντίσθησαν
3141 4779 3233 4831 καὶ
3248 4778 3549 4840 ἀπώλοντο.

1979 4871 2242 4944 μυριάδες
2259 4869 2519 4925 τοσαῦται
2550 4867 2664 4940 [45]
2701 4867 2851 4937 παρὰ
2876 4870 2987 4931 τοῖς
3014 4867 3308 4939 βαρϐάροις
3329 4867 3551 4920 δουλεύω

1971 4983 2123 5020 ουσιν
2148 4981 2160 4994 ·
2197 4964 2264 5019 ἂν
2306 4965 2381 5035 μὴ
2412 4965 2479 5033 τῇ
2522 4962 2719 5035 γεέννῃ
2767 4960 3253 5032 σωφρονιζώμεθα,
3288 4960 3393 5014 κᾶν
3420 4959 3550 5013 τού-

1970 5076 2104 5121 τοις.
2140 5057 2232 5126 Μη
2260 5057 2354 5109 καὶ
2379 5054 2551 5108 ταῦτα.
2580 5052 2800 5106 ἀπειλαί
2825 5055 2955 5117 εἰσι,
2980 5053 3073 5106 καὶ
3097 5053 3217 5123 οὐχὶ
3245 5052 3548 5122 πράγματα

1972 5144 2345 5214 ὲκϐεϐηκότα;
2398 5142 2661 5211 Μεγάλην
2711 5144 2908 5196 ἐκεῖνοι
2955 5140 3055 5212 τὴν
3107 5141 3262 5207 δίκην
3313 5139 3545 5206 ἔδωκαν,

1972 5235 2109 5290 ἀλλὰ
2141 5235 2364 5305 μείζονα
2405 5232 2647 5303 δώσομεν
2694 5235 2875 5303 ἡμεῖς,
2903 5234 2951 5285 οἱ
2986 5232 3119 5301 μηδὲ
3162 5232 3280 5293 ταῖς
3320 5232 3546 5284 ἐκείνων

1972 5325 2430 5398 σωφρονιζόμενοι
2481 5326 2809 5394 συμφοραῖς.
2849 5320 3108 5390 Φορτικὸς
3142 5320 3168 5372 6
3204 5320 3383 5390 λόγος,
3431 5318 3545 5375 οἶδα

1970 5419 2145 5488 κάγὼ,
2175 5418 2289 5471 ἀλλ’
2313 5416 2407 5470 ὲάν
2435 5415 2585 5485 αὐτῷ
2610 5413 2985 5485 προσέχωμεν,
3018 5412 3208 5482 κέρδος
3231 5413 3368 5485 ἔχων
3389 5414 3437 5469 ἀ.
3469 5416 3542 5468 Οὐ

1970 5509 2079 5580 γὰρ
2116 5508 2229 5580 ἔχει
2266 5507 2403 5578 πρὸς
2448 5505 2609 5583 χάριν
2645 5504 2887 5575 ὁμιλεῖν,
2919 5502 3121 5573 μᾶλλον
3157 5504 3214 5558 δὲ
3265 5506 3543 5567 οὐδέποτε,

2034 5789 2071 5827 b.
2090 5785 2227 5833 Unus
2246 5781 2399 5832 habet
2420 5781 2726 5842 λελουμένους

2035 5851 2056 5876 ε
2082 5846 2275 5906 Legere
2306 5843 2451 5906 Lubet
2475 5840 2695 5906 Ιὶιιιιωυε
2713 5841 2844 5889 οὗτοι
2866 5842 2948 5906 μὲν
2969 5842 3057 5906 γὰρ
3081 5843 3160 5889 καὶ
3194 5840 3328 5889 αύτοί

2036 5907 2062 5946 ἀ
2088 5899 2240 5969 Μείής.
2265 5899 2439 5966 δεῖνῆη
2459 5904 2624 5965 κέρδος
2644 5903 2698 5951 οὐ
2743 5904 2909 5966 μικρὸν
2950 5899 3249 5966 εὑρεθήσεται
3284 5901 3533 5964 προξενῶν,
