4052 6214
489 335 557 388 ιο
1159 333 1218 389 8.
1256 332 1546 390 JOANNIS
1581 329 2076 390 CHRYSOSTOMI
2110 330 2439 389 ARCHIEP.
2485 330 3043 390 CONSTANTINOP.
3683 338 3758 394 δῦ

482 449 598 502 ἀλλ’
625 449 715 504 ἀεὶ
739 449 808 505 τὰ
847 450 1120 522 δυνάμενα
1162 453 1438 506 συστεῖλαι
1471 451 1566 504 καὶ
1604 452 1938 520 σωφρονίσαι
1969 450 2068 522 τὴν

483 533 682 600 ψυχήν.
710 532 896 588 Ταῦτα
921 536 1030 607 γὰρ
1056 537 1205 589 αἴτια
1225 535 1438 603 γίνεται
1466 534 1574 587 τῶν
1601 535 1905 604 μελλόντων
1935 534 2072 602 ἀγα-

1310 758 1755 769 —_

494 756 840 772 w—

1766 757 2076 769 -—————-.

2176 448 2285 503 θῶν
2309 467 2323 481 ·
2357 443 2433 505 ὧν
2458 448 2672 519 γένοιτο
2704 448 2910 513 πάντας
2946 449 3096 521 ἡμᾶς
3119 449 3418 524 ἐπιτυχεῖν,
3455 451 3638 523 χάριτι
3663 455 3761 508 καὶ

2178 531 2593 607 φιλανθρωπίᾳ.

3553 751 3693 769 -ο

1989 919 2234 972 ΟΜΙΛῙΑ
2260 920 2337 973 Ζ’.

496 1112 658 1192 Ἐμοί
691 1118 773 1185 τῷ
799 1118 1238 1192 ἐλαχιστοτέρῳ
1269 1118 1533 1192 ’.πάντων
1575 1118 1762 1192 ἁγίων
1802 1117 2000 1192 έδόθη,
2024 1117 2061 1184 ἡ

554 1188 728 1262 χάρις
771 1190 946 1257 αὕτη,
979 1190 1049 1242 ὲν
1099 1189 1225 1254 τοῖς
1260 1188 1503 1244 ἔθνεσιν
1558 1188 2067 1257 εὐαγγελίσασθαι

554 1263 664 1314 τὸν
686 1259 1155 1314 ἀνεειγνίαστεν
1207 1258 1478 1313 πλοῦτον
1501 1260 1610 1312 τοῦ
1655 1258 1935 1314 Χριστοῦ.
1967 1256 2066 1311 καὶ

551 1259 664 1315 τὸν
686 1259 1155 1328 ἀνεξιχνίαστον
1207 1259 1478 1313 πλοῦτον
1501 1260 1610 1312 τοῦ
1655 1259 1935 1326 Χριστοῦ,
1967 1259 2065 1311 καὶ

554 1331 814 1400 φωτίσαι
860 1329 1116 1394 πάντας,
1140 1329 1234 1393 τίς
1267 1330 1318 1400 Δη
1355 1329 1664 1400 οίκονομία
1694 1328 1800 1400 τοῦ
1819 1342 2065 1400 Δμυστιηη

545 1396 689 1480 ρίρυ
701 1399 829 1486 ἰοῦ
858 1396 1392 1484 ἀποκεκρυμμένου
1431 1396 1567 1486 ἀπό
1591 1396 2067 1486 τῶνμαξώνιυνῌέν

557 1465 639 1534 τῷ
696 1469 819 1533 Θεῷ
882 1467 964 1534 τῷ
1013 1465 1096 1523 τίί
1126 1465 1323 1521 πάντα
1380 1468 1658 1522 κτίσαντι
1711 1465 1808 1520 διὰ
1860 1465 2065 1533 Ἰησοῦ

557 1538 857 1606 Χριστοῦ·
889 1540 991 1593 ἵνα
1046 1536 1346 1606 γνωρισθῆ
1402 1538 1522 1592 νῦν
1552 1539 1680 1603 ταῖς
1709 1535 1924 1606 ἀρχαῖς
1965 1535 2065 1606 καί

557 1555 857 1608 πριστοῦ·
891 1555 991 1593 ινα
1046 1555 1344 1609 τνωρισσῃ
1402 1555 1522 1592 νυν
1552 1555 1680 1603 ταις
1709 1555 1924 1606 αρχαις
1965 1555 2065 1590 και

556 1608 687 1688 ταῖς
719 1608 1034 1688 ἐξουσίαις
1069 1608 1150 1688 ιὲνΔ
1211 1608 1335 1688 τοῖς
1377 1607 1762 1688 ἐπουρανίοις
1813 1605 1934 1688 Qad“
1953 1604 2066 1687 τῆς

568 1680 936 1747 Ἐκκλησίας
962 1679 1001 1745 η
1035 1679 1471 1747 πολυποίκιλος
1522 1676 1708 1747 σοφία
1738 1676 1845 1747 τοῦ
1894 1676 2062 1747 Θεοῦ,

556 1750 710 1803 κατά
761 1745 1049 1818 πρόθεσιν
1081 1746 1201 1818 τῶν
1248 1746 1514 1818 αἰώνιον,-
1552 1745 1634 1815 ἢν
1677 1746 1971 1815 ἐποίησεν
1995 1745 2067 1799 ἐν

556 1816 1030 1887 ΧριστῷἽησοῦ
1063 1816 1143 1888 τῷ
1160 1816 1369 1890 μυρίῳ
1397 1816 1587 1887 ἡμῶν.

554 1951 696 2015 Τοὺς
727 1952 809 2015 είς
850 1952 1085 2023 ἰατρεῖον
1128 1951 1458 2024 ἐρχομένους
1482 1952 1579 2022 οὐχ
1614 1949 1802 2014 ἁπλῶς
1841 1952 1959 2004 ἐκεῖ
1986 1950 2066 2004 δεῖ

484 2033 831 2107 πορεύεσθαι,
858 2034 972 2087 ἀλλ’
1001 2034 1144 2088 ὥστε
1174 2033 1469 2105 μανθάνειν
1503 2033 1928 2104 θεραπεύεσθαι,
1971 2034 2066 2087 καὶ

484 2118 753 2190 φάρμακα
813 2117 1132 2171 ἐπιτιθέναι.
1193 2117 1303 2170 Kal
1366 2118 1514 2187 ἡμᾶς
1577 2116 1758 2171 τοίνυν
1833 2111 2067 2170 ἐνταῦθα

486 2200 983 2272 παραγενομένους,
1022 2200 1121 2270 οὐχ
1171 2199 1360 2263 ἁπλῶς
1386 2199 1468 2253 δεῖ
1491 2198 1648 2253 τοῦτο
1680 2202 1876 2265 ποιεῖν,
1929 2199 2065 2253 ἀλλά

487 2282 777 2350 μανθάνειν
807 2283 907 2353 τῆς
950 2281 1457 2355 ταπεινοφροσύνης
1509 2282 1723 2337 Παύλου
1758 2284 1859 2355 τὴν
1890 2284 2061 2354 ὑπερ-

483 2365 667 2436 ϐολήν.
701 2365 766 2418 Τί
792 2366 939 2435 γάρ;
974 2364 1194 2437 Ἐπειδὴ
1251 2365 1444 2436 ἔμελλε
1491 2364 1671 2435 λέγειν
1713 2368 1773 2420 τδ
1832 2366 2061 2437 μέγεθος

480 2450 579 2520 τῆς
608 2450 827 2520 χάριτος
854 2448 950 2502 τοῦ
975 2448 1135 2515 Θεοῦ,
1175 2448 1409 2504 ἄκουσον
1440 2450 1491 2503 τί
1536 2467 1702 2522 φησιν
1724 2467 1737 2481 ·
1786 2450 1951 2519 Ἐμοί
1980 2447 2062 2515 τῷ

479 2531 919 2603 ἐλαχιστοτέρῳ
944 2531 1188 2587 πάντων
1206 2533 1392 2603 ἁγίων
1414 2532 1592 2602 ἐδόθη
1627 2535 1666 2603 η
1693 2533 1865 2603 χάρις
1881 2534 2057 2602 αὕτη.

479 2609 589 2668 Ἦν
624 2615 725 2685 μὲν
762 2615 1264 2687 ταπεινοφροσύνης
1294 2617 1473 2670 καὶτὸ
1499 2617 1593 2670 ἐπὶ
1629 2619 1745 2681 τοῖς
1771 2616 2062 2689 προτέροις

476 2698 863 2770 ἁμαρτήμασι,
890 2698 1069 2752 καίτοι
1100 2698 1531 2771 ἐξηλειμμένοις,
1559 2700 1801 2772 θρηνεῖν,
1832 2700 1928 2754 καὶ
1963 2716 2062 2769 με-

481 2779 717 2852 μνῆσθαι
756 2782 957 2846 αὐτῶν,
989 2782 1086 2836 καὶ
1120 2784 1458 2854 μετριάζειν,
1491 2784 1567 2846 ὡς
1596 2785 1727 2838 ὅταν
1761 2783 1897 2855 λέγῃ
1933 2782 2060 2853 βλά-

479 2881 695 2936 σφημον
722 2864 916 2919 ἑαυτὸν
942 2866 1035 2919 καὶ
1056 2864 1292 2936 διώκτην
1320 2868 1414 2920 καὶ
1431 2867 1693 2938 ὑϐριστήν
1711 2883 1724 2895 ·
1764 2867 1878 2919 ἀλλ’
1905 2866 2058 2920 οὐδὲν

479 2949 592 3002 ἴσον
620 2948 829 3005 τούτου.
859 2948 1130 3021 Πρότερον
1146 2949 1276 3020 γὰρ,
1309 2950 1465 3019 φησὶ,
1491 2948 1730 3013 τοιοῦτος
1758 2950 1928 3020 ἥμην,
1965 2950 2060 3002 καὶ

476 3033 738 3105 ἐκτρωμα
770 3033 827 3087 δὲ
863 3032 1056 3086 ἐαυτὸν
1087 3033 1244 3086 καλεῖ
1265 3052 1279 3066 ο
1314 3034 1374 3087 τὸ
1399 3034 1456 3087 δὲ
1480 3034 1622 3105 μετά
1652 3033 1893 3088 τοσαῦτα
1924 3050 2058 3087 κατ-

474 3116 776 3189 ορθώματα
821 3116 916 3170 καὶ
977 3118 1069 3170 ἐπὶ.
1114 3116 1210 3171 τοῦ
1274 3118 1538 3190 παρόντος
1585 3118 1924 3190 μετριάζειν,
1963 3119 2058 3171 καὶ

477 3201 696 3254 πάντων
759 3201 950 3255 ἐαυτὸν
997 3200 1176 3270 λέγειν
1230 3200 1663 3273 ἐλαχιστότερον,
1719 3201 1923 3272 πολλῆς
1964 3203 2058 3255 καὶ

477 3283 922 3355 ὑπερϐαλλούσης
965 3284 1083 3337 ἐστὶ
1132 3285 1502 3358 μετριότητος.
1538 3284 1696 3355 Ἐμοί
1724 3284 1805 3351 τῷ
1850 3286 2055 3354 ἐλαχι-

475 3367 737 3435 στοτέρῳ
767 3366 1011 3421 πάντων
1032 3369 1233 3437 ἀγίων.
1267 3369 1382 3423 Ούκ
1411 3365 1553 3434 εἶπε,
1576 3368 1696 3424 Τῶν
1720 3370 2053 3424 ἀποστόλων’

476 3450 621 3505 ὥστε
652 3453 876 3505 κάκεῖνο
906 3450 1096 3505 τούτου
1136 3451 1376 3506 ἔλαττον.
1410 3452 1560 3506 Ἐκεῖ
1577 3452 1686 3525 γὰρ
1723 3449 1894 3513 εἶπεν,
1933 3454 2056 3507 Οὐκ

473 3534 591 3604 είμί
624 3535 832 3602 ἱκανὸς
861 3534 1174 3590 καλεῖσθαι
1212 3536 1556 3602 ἀπόστολος
1576 3552 1589 3566 ’
1627 3536 1861 3590 ἐνταῦθα
1879 3536 1937 3589 δὲ
1962 3534 2057 3589 καὶ

473 3619 583 3672 τῶν
609 3618 781 3688 ἁγίων
807 3619 1023 3672 πάντων
1047 3618 1459 3692 ἐλαχιστότερον
1492 3615 1633 3673 εἷναί
1656 3635 1837 3689 φησιν.
1868 3618 2051 3687 Ἐμοὶ,

474 3702 632 3772 φησὶ,
671 3694 752 3765 τῷ
781 3701 1223 3769 ἐλαχιστοτέρῳ
1266 3700 1512 3755 πάντων
1564 3702 1752 3769 ἁγίων
1788 3701 1966 3767 ἐδόθη
2013 3700 2054 3767 ἡ

474 3783 648 3853 χάρις
670 3783 847 3850 αὕτη.
878 3782 1015 3835 Ποία
1042 3798 1057 3846 ;
1112 3784 1640 3851 Εὑαγγελίσασθαι
1689 3782 1815 3848 τοῖς
1851 3784 2057 3838 ἔθνεσι

473 3866 583 3921 τὸν
630 3865 1097 3934 ἀνεξιχνίαστον
1140 3866 1408 3920 πλοῦτον
1457 3866 1566 3920 τοῦ
1622 3865 1903 3934 Χριστοῦ,
1958 3866 2058 3921 καί

474 3949 730 4020 φωτίσαι
765 3947 1017 4014 πάντας,
1047 3947 1139 4015 τίς
1175 3949 1213 4016 ἠ
1246 3948 1556 4017 οἰκονομία
1587 3947 1693 4002 τοῦ
1714 3948 2056 4018 μυστηρίου

474 4032 584 4086 τοῦ
631 4029 1216 4100 ἀποκεκαλυμμένου
1270 4029 1392 4085 ἀπὸ
1444 4029 1566 4084 τῶν
1601 4029 1834 4085 αἰώνων
1874 4030 1946 4084 ἐν
1977 4030 2057 4097 τῷ

475 4115 621 4183 Θεῷ,
648 4116 729 4181 τῷ
759 4116 832 4170 τὰ
883 4114 1081 4169 πάντα
1121 4115 1397 4170 κτίσαντι
1419 4113 1519 4169 διὰ
1542 4113 1660 4187 [46]
1694 4115 1892 4182 Ἰησοῦ
1923 4118 2057 4185 Χρι-

395 4260 407 4273 ,
473 4200 648 4263 crto-5,
707 4200 808 4253 ἵνα
865 4197 1170 4268 γνωρισθῇ
1219 4199 1337 4254 νῦν
1364 4199 1496 4266 ταῖς
1531 4200 1743 4270 ἀρχαῖς
1780 4200 1879 4254 καὶ
1926 4200 2056 4268 ταῖς

474 4284 785 4350 ἐξουσίαις
815 4284 886 4337 ἐν
940 4282 1066 4348 τοῖς
1103 4283 1484 4350 ἐπουρανίοις
1514 4283 1613 4338 διὰ
1658 4284 1768 4354 τῆς
1799 4286 2054 4355 Ἐκκλη-

473 4371 617 4434 σιάς
642 4368 679 4437 ἠ
708 4368 1148 4435 πολυποίκιλος
1174 4369 1363 4437 σοφία
1391 4368 1496 4423 τοῦ
1530 4369 1698 4423 Θεοῦ.
1727 4368 1931 4435 Ἐστω,
1962 4370 2058 4423 ἀν-

475 4453 716 4524 θρώποις
765 4453 867 4506 οὐκ
920 4451 1323 4523 ἀπεκαλύφθη·
1385 4453 1480 4506 καὶ
1517 4453 1787 4522 ἀγγέλους
1825 4452 1920 4507 καὶ
1951 4455 2054 4525 ἁρ-

474 4538 776 4610 χαγγέλους
802 4536 1077 4606 φωτίζεις,
1124 4538 1218 4592 xal
1246 4537 1421 4609 ἀρχὰς
1446 4537 1541 4592 καὶ
1580 4537 1827 4601 ἐξουσίας
1853 4555 1869 4605 ;
1921 4537 2051 4601 Nal,

475 4621 640 4688 φησίν
659 4635 673 4649 ·
710 4622 766 4672 ἐν
794 4620 904 4691 γὰρ
931 4620 1010 4691 τῷ
1037 4620 1158 4692 Θεῷ
1177 4621 1481 4691 κέκρυπτο,
1506 4622 1601 4674 καὶ
1628 4619 1748 4691 Θεῷ
1772 4619 1850 4691 τῷ
1876 4621 2055 4675 πάντα

474 4704 721 4757 κτίσαντι
750 4704 839 4756 διά
884 4703 1080 4773 Ἰησοῦ.
1111 4706 1222 4759 Καὶ
1245 4704 1452 4775 τολμᾷς
1486 4704 1642 4758 τοῦτο
1665 4706 1880 4770 εἰπεῖν;
1921 4704 2051 4768 Ναὶ,

474 4785 660 4856 φησίν.
691 4784 852 4838 Ἀλλά
904 4785 1067 4839 πόθεν
1114 4788 1271 4841 τοῦτο
1320 4788 1479 4857 δῆλον
1517 4789 1627 4850 τοῖς
1675 4787 1929 4855 ἀγγέλοις
1956 4788 2053 4856 γέο

473 4886 638 4937 γονε;
678 4867 776 4921 Διά
816 4867 917 4938 τῆς
952 4868 1301 4941 Ἐκκλησίας.
1354 4870 1465 4924 Kal
1507 4869 1628 4921 οὐδέ
1660 4869 1848 4932 ἁπλῶς
1874 4865 2050 4936 εἶπεν,

485 4953 549 5006 Ἥ
583 4952 801 5023 ποικίλη
836 4950 996 5020 σοφία
1024 4950 1119 5004 τοῦ
1139 4950 1297 5015 Θεοῦ,
1324 4952 1462 5012 ἀλλ’,
1506 4953 1567 5006 Ἠ
1590 4953 2051 5019 πολυποίκιλος.

473 5037 539 5090 Τί
568 5032 661 5092 οὖν
690 5036 807 5089 ἐστι
836 5032 1028 5099 τοῦτο;
1065 5034 1164 5087 οὐκ
1213 5034 1410 5105 ᾔδεσαν
1439 5034 1662 5103 ἄγγελοι
1687 5052 1702 5102 ;
1746 5034 2015 5106 Οὐδαμῶς
2034 5052 2051 5068 ο

473 5124 524 5173 εἰ
552 5120 661 5192 γάρ
689 5118 858 5191 ἀρχαὶ
896 5118 997 5172 οὐκ
1019 5117 1241 5188 ᾔδεσαν,
1268 5117 1448 5187 πολλῷ
1476 5118 1676 5189 μᾶλλον
1705 5117 1927 5188 ἄγγελοι
1953 5119 2055 5173 οὐκ

473 5203 671 5273 ᾔδεσαν
699 5204 784 5259 ἄν.
826 5202 892 5255 Τί
937 5196 1058 5268 οὗνς
1108 5198 1232 5253 οὐδὲ
1266 5200 1600 5271 ἀρχάγγελοι
1648 5202 1879 5273 ᾔδεσαν;
1917 5201 2054 5257 Οὐδὲ

474 5288 711 5340 ἐκεῖνοιί
747 5286 912 5340 πόθεν
952 5283 1010 5340 δὲ
1038 5284 1134 5339 καὶ
1169 5282 1393 5353 ἔμελλον
1423 5282 1706 5351 εἴσεσθαι;
1741 5283 1883 5348 τίνος
1913 5285 2049 5338 ἀπο-

476 5368 873 5436 καλύπτοντο;;
910 5369 1040 5422 Ὅτε
1094 5368 1256 5439 ἡμεῖς
1310 5366 1609 5439 ἐμάθομεν,
1647 5367 1767 5421 τότε
1807 5368 2052 5421 κάκεῖνοι

472 5452 543 5505 δι’
572 5451 751 5521 ἡμῶν.
779 5454 978 5506 Ἀκουε
1012 5450 1121 5523 γὰρ
1144 5450 1237 5505 τοῦ
1259 5451 1493 5521 ἀγγέλου
1514 5451 1764 5519 λέγοντος
1797 5451 1933 5523 πρὸς
1962 5453 2053 5506 τὸν

486 5534 686 5603 Ἰωσήφ
709 5550 724 5564 ο
765 5534 1058 5601 Καλέσεις
1085 5535 1152 5590 τό
1187 5535 1376 5606 ὄνομα
1406 5534 1594 5589 αὑτοῦ
1629 5535 1874 5603 Ἰησοῦν
1900 5553 1915 5567 ·
1949 5538 2056 5591 αὺ-

473 5617 579 5682 τὸς
605 5614 715 5686 γὰρ
760 5613 947 5670 σώσει
994 5620 1102 5673 τὸν
1134 5617 1288 5673 λαὸν
1336 5616 1522 5673 αὐτοῦ
1566 5616 1686 5671 ἀπὸ
1718 5614 1839 5671 τῶν
1868 5618 2054 5686 ἀμαρ-

477 5697 619 5753 τιῶν
657 5696 871 5753 αὐτῶν.
913 5699 1083 5762 Αὐτὸς
1116 5701 1396 5771 ἀπεστάλη
1430 5701 1511 5763 είς
1559 5698 1627 5752 τὰ
1670 5697 1819 5768 ἐθνη,
1855 5700 2052 5754 ἐκεῖνοι

474 5782 529 5834 δὲ
567 5783 645 5844 εἰς
679 5782 777 5852 τὴν
809 5783 1131 5853 περιτομήν.
1156 5784 1341 5848 Ὥστε,
1379 5785 1438 5835 τὸ
1481 5780 1928 5852 θαυμασιώτερον
1954 5786 2046 5837 καὶ

476 5866 799 5936 ἐκπὶηκτον,
855 5866 997 5936 ἐμοὶ,
1050 5866 1237 5937 φησιν,
1293 5866 1445 5937 ἐδόθη
1495 5865 1571 5935 τῷ
1624 5863 2037 5938 ἐλαχιστοτέρῳ,

2165 1117 2279 1172 Kal
2312 1117 2473 1172 τοῦτο
2495 1117 2551 1171 δὲ
2586 1117 2809 1190 χάριτος
2852 1112 2942 1196 ἦν,
2972 1117 3035 1171 τὸ
3064 1116 3157 1170 τὸν
3197 1117 3394 1189 μικρὸν
3422 1117 3495 1173 td
3530 1118 3764 1191 μείζονα

2165 1200 2598 1273 ἐγχειρισθῆναι,
2644 1201 2706 1254 τὸ
2737 1201 2994 1270 γενέσθαι
3022 1200 3228 1255 τούτων
3254 1201 3678 1275 εύαγγελιστήν.
3698 1204 3761 1257 ⁸0

2164 1286 2275 1356 γὰρ
2299 1286 2427 1340 τῶν⁴
2456 1285 2722 1358 μειζόνων
2751 1285 3044 1355 γενόμενος
3095 1283 3515 1356 εὐαγγελιστὴς,
3578 1285 3760 1362 ταύτῃ

2169 1369 2342 1439 μέγας
2367 1368 2535 1423 ἐστίν.
2566 1368 3097 1440 Εὐαγγελίσασθαι
3128 1368 3201 1422 ἐν
3239 1367 3365 1436 τοῖς
3405 1368 3616 1424 ἔθνεσι
3647 1371 3760 1425 τὸν

2163 1452 2634 1521 ἀνεξιχνίαστον
2655 1452 2926 1508 πλοῦτον
2954 1451 3062 1506 τοῦ
3100 1451 3384 1519 Χριστοῦ.
3420 1452 3482 1506 ΕΞ
3521 1455 3550 1507 ό
3578 1453 3759 1508 πλοῦ-

2163 1551 2256 1598 τος
2277 1535 2442 1589 αὐτοῦ
2470 1535 2895 1607 ἀνεξιχνίαστος,
2915 1537 3011 1589 καὶ
3034 1535 3175 1607 μετά
3196 1535 3258 1590 τὺ
3283 1536 3542 1607 φανῆναι,
3569 1537 3758 1609 πολλῷ

2169 1617 2370 1689 μᾶλλον
2396 1620 2431 1691 ή
2454 1618 2633 1673 οὐσία.
2670 1617 2734 1672 Εἰ
2771 1618 3071 1689 μυστήριον
3103 1617 3185 1672 ἔτι
3227 1619 3366 1685 ἐστὶ,
3397 1618 3578 1690 πολλῷ
3616 1620 3760 1691 μᾶλ⁹

2164 1702 2255 1756 λον
2286 1702 2394 1775 πρὸ
2419 1702 2515 1757 τοῦ
2545 1702 2936 1773 γνωρισθῆναι.
2980 1703 3301 1772 Μυστήριον
3348 1702 3460 1774 γὰρ
3488 1704 3625 1757 αὐτὸ
3665 1705 3759 1758 διά

2164 1789 2322 1841 τοῦτο
2343 1787 2517 1853 καλεῖ,
2541 1786 2730 1858 ἐπειδὴ
2758 1786 2892 1857 μηδὲ
2917 1785 3141 1854 ἄγγελοι
3164 1785 3389 1856 ᾔδεσαν,
3415 1786 3551 1857 μηδέ
3578 1787 3760 1858 ἑτέρῳ

2165 1871 2274 1924 τινὶ
2309 1870 2469 1941 δῆλον
2513 1866 2604 1942 ἦν.
2658 1871 2771 1924 Kal
2805 1871 3061 1940 φωτίσαι
3099 1868 3355 1935 πάντας,
3391 1872 3546 1941 φησι,
3582 1872 3685 1938 τίς
3717 1874 3758 1940 τι

2166 1955 2471 2024 οίκονομία
2503 1953 2609 2009 τοῦ
2656 1954 2992 2022 μυστηρίου
3039 1952 3146 2006 τοῦ
3207 1953 3761 2023 ἀποκεκρυμμένου

2165 2037 2283 2092 ἀπὸ
2317 2034 2437 2090 τῶν
2466 2037 2697 2092 αἰώνων
2741 2037 2814 2090 ἐν
2842 2035 2924 2102 τῷ
2976 2035 3100 2101 Θεῷ
3148 2034 3228 2101 τῷ
3268 2035 3342 2089 τὰ
3379 2036 3578 2091 πάντα
3628 2039 3760 2091 κτί-

2166 2136 2345 2175 σαντι
2379 2119 2477 2173 διὰ
2521 2119 2718 2188 Ἰησυῦ
2767 2119 3048 2189 Χριστοῦ.
3086 2119 3344 2188 ’Δγγελοι
3388 2120 3548 2174 τοῦτο
3589 2123 3759 2191 μόνον

2166 2202 2385 2273 ᾔδεσαν,
2416 2205 2499 2257 ὅτι
2541 2202 2824 2272 Ἑτενήθη
2853 2202 3025 2272 μερίς
3078 2203 3302 2270 Κυρίου
3332 2203 3484 2271 λαὸς
3522 2204 3753 2260 αὐτοῦ’

2168 2288 2262 2342 καὶ
2293 2286 2478 2350 πάλιν,
2511 2285 2574 2340 '0
2603 2286 2806 2355 ἄρχων
2824 2286 2946 2339 τῶν
2972 2285 3245 2355 Περσῶν,
3272 2287 3461 2357 φησιν,
3483 2287 3759 2357 ἀντέστη

2164 2389 2284 2441 μοι.
2306 2371 2471 2424 Ὥστε
2503 2370 2656 2424 οὐδὲν
2703 2369 3038 2440 θαυμαστὸν,
3084 2370 3132 2422 εἰ
3176 2372 3270 2424 καὶ
3305 2371 3465 2423 τοῦτο
3492 2371 3757 2440 ἠγνόουν.

2170 2453 2233 2507 Et
2289 2454 2399 2524 γὰρ
2444 2452 2514 2506 τὰ
2541 2452 2641 2523 τῆς
2700 2452 2964 2506 ἐπανόδου
3013 2452 3266 2521 ἠγνόουν,
3311 2451 3494 2522 πολλῷ
3548 2453 3757 2523 μᾶλλον

2167 2534 2380 2590 ταῦτα’
2430 2534 2526 2589 καὶ
2566 2535 2677 2606 γὰρ
2716 2534 3037 2603 εὐαγγέλιον
3087 2533 3246 2589 τοῦτό
3299 2536 3470 2591 ἐστιν.
3514 2534 3753 2601 Ὅστις,

2169 2618 2323 2689 φησὶ,
2357 2616 2547 2673 σώσει
2583 2617 2692 2671 τὸν
2734 2617 2893 2672 λαὸν
2934 2617 3124 2672 αὐτοῦ
3154 2618 3264 2672 τὸν
3287 2617 3550 2687 Ἰσραήλ.
3579 2618 3756 2672 Οὐδὲν

2169 2702 2299 2773 περὶ
2336 2701 2444 2755 τῶν
2469 2700 2639 2755 ἐθνῶν
2659 2716 2674 2732 ·
2708 2700 2846 2756 ἀλλά
2897 2700 3030 2771 περὶ
3068 2700 3180 2755 τῶν
3221 2701 3392 2756 ἐθνῶν
3423 2703 3486 2755 τὸ
3521 2701 3754 2772 Πνεῦμα

2167 2784 2563 2840 ἀποκαλύπτει.
2591 2783 2715 2838 Ὀτι
2744 2784 2844 2856 μὲν
2869 2779 2965 2838 οῦν
2985 2783 3113 2850 ὲκλή
3125 2785 3316 2857 θησαν,
3344 2785 3560 2861 ᾔδεσαν,
3584 2786 3674 2839 ὅτι
3695 2786 3754 2844 δὲ

2166 2869 2261 2922 ἐπὶ
2303 2871 2416 2932 τοῖς
2470 2868 2676 2931 αὐτοῖς,
2710 2868 2805 2921 καὶ
2858 2866 3000 2922 ὥστε
3052 2868 3136 2931 εἰς
3165 2867 3256 2922 τὸν
3295 2867 3485 2940 θρόνον
3525 2868 3755 2923 καθίσαι

2166 2950 2258 3004 τὸν
2283 2949 2378 3004 τοῦ
2412 2949 2569 3016 Θεοῦ,
2594 2949 2753 3004 τοῦτο
2773 2951 2857 3015 τίς
2885 2952 2951 3005 ἂν
2975 2950 3345 3021 προσεδόκησε
3371 2968 3386 3017 ;
3419 2953 3503 3014 τίς
3539 2952 3605 3005 ἀν
3625 2951 3752 3005 ἐπί-

2168 3051 2357 3088 στευσε
2383 3051 2398 3102 ;
2445 3035 2556 3089 Τοῦ
2580 3034 3141 3105 ἀποκεκρυμμένου,
3180 3035 3364 3105 φησὶν,
3395 3035 3465 3088 ἐν
3486 3032 3567 3101 τῷ
3600 3034 3752 3108 Θεῷ.

2166 3118 2383 3190 Ταύτην
2419 3119 2476 3172 δὲ
2524 3119 2624 3191 τὴν
2677 3119 2992 3189 οἰκονομίαν
3039 3119 3374 3190 σαφέστερον
3408 3120 3467 3173 ἐν
3496 3121 3562 3190 τῇ
3608 3117 3753 3188 πρὸς

2176 3201 2483 3271 Ῥωμαίους
2513 3200 2911 3255 ἀποκαλύπτει.
2952 3202 3054 3255 Ἐν
3093 3200 3173 3266 τῷ
3205 3199 3347 3266 Θεῷ,
3384 3201 3540 3272 φησὶ,
3571 3199 3653 3265 τῷ
3679 3200 3754 3253 τὰ

2165 3282 2363 3337 πάντα
2401 3282 2677 3337 κτίσαντι
2723 3282 2825 3337 διὰ
2858 3283 3064 3352 Ἰησοῦ
3092 3282 3373 3353 Χριστοῦ.
3425 3282 3535 3337 Καὶ
3564 3281 3753 3345 καλῶς

2165 3367 2542 3437 ἐμνημόνευσε
2577 3366 2831 3432 κτίσεως,
2869 3366 3062 3432 εἰπὼν,
3090 3368 3194 3422 Διὰ
3236 3368 3440 3435 Ἰησοῦ
3462 3367 3748 3437 Χριστοῦ.

2176 3450 2237 3503 '0
2274 3449 2383 3521 γὰρ
2412 3450 2592 3504 πάντα
2619 3449 2687 3503 δι’
2719 3449 2885 3504 αὐτοῦ
2914 3449 3124 3513 κτίσας,
3171 3451 3269 3505 καὶ
3298 3450 3458 3504 τοῦτο
3483 3449 3551 3503 δι’
3579 3448 3750 3503 αὐτοῦ

2164 3533 2575 3589 ἀποκαλύπτει’
2632 3532 2791 3587 οὐδὲν
2838 3532 2947 3606 γὰρ
2999 3533 3170 3604 χωρὶς
3216 3532 3383 3588 αὐτοῦ
3433 3532 3711 3603 πεποίηκε
3734 3546 3749 3562 ·

2162 3619 2354 3688 Χωρὶς
2393 3618 2500 3690 γὰρ
2534 3616 2743 3683 αὑτοῦ,
2793 3617 2980 3686 φησὶν,
3024 3616 3266 3686 ἐγένετο
3318 3615 3522 3671 οὐδέν.
3559 3615 3753 3670 Εἰπὼν

2152 3702 2340 3774 ἀρχὰς
2371 3701 2469 3756 καὶ
2520 3699 2791 3766 ἐξουσίας,
2827 3700 2923 3753 καὶ
2967 3700 3097 3763 τοὺς
3144 3699 3258 3754 ἀνω
3289 3700 3386 3754 καὶ
3429 3700 3558 3764 τοὺς
3592 3700 3749 3754 κάτω

2163 3780 2304 3841 εἰπε.
2337 3784 2497 3840 Κατὰ
2524 3785 2812 3852 πρόθεσιν
2840 3783 2961 3838 τῶν
2987 3783 3238 3839 αἰώνων.
3284 3782 3400 3836 Νῦν
3430 3784 3549 3853 μὲν,
3586 3784 3748 3855 φησὶ,

2162 3869 2407 3937 γέγονεν,
2440 3866 2501 3921 οὐ
2533 3865 2629 3921 νῦν
2672 3866 2729 3919 δέ
2769 3865 2994 3937 ὥριστο,
3046 3865 3165 3919 ἀλλ’
3217 3865 3425 3921 ἀνωθεν
3468 3865 3746 3937 προτετύ-

2164 3968 2333 4006 πωτο.
2365 3950 2528 4005 Κατὰ
2562 3951 2856 4017 πρόθεσιν
2884 3949 3004 4003 τῶν
3034 3949 3288 4019 αἰώνων,
3332 3948 3413 4018 ἢν
3446 3950 3750 4017 ἐποίησεν

2162 4034 2233 4090 ἐν
2258 4033 2491 4104 Χριστῷ
2526 4030 2736 4100 Ἰησοῦ
2755 4031 2871 4104 [47]
2902 4032 2983 4098 τῷ
3012 4034 3209 4103 Κυρίῳ
3232 4031 3401 4103 ἡμῶν
3422 4050 3436 4064 ’
3467 4032 3747 4097 τουτέστι,

2163 4118 2304 4172 κατὰ
2367 4116 2676 4190 πρόγνωσιν
2712 4115 2822 4169 τῶν
2860 4113 3098 4180 αἰώνων,
3163 4114 3431 4189 προειδὼς
3483 4116 3555 4170 τά
3610 4116 3748 4186 μέλη

2161 4203 2323 4256 λοντα
2350 4217 2365 4232 ·
2420 4201 2545 4264 τοὺς
2594 4198 2884 4271 μέλλοντας
2912 4199 3115 4263 αἰῶνας
3138 4214 3338 4271 φησιν·
3379 4201 3497 4273 ᾔδει
3523 4201 3634 4272 γὰρ
3678 4201 3750 4255 τὰ

2163 4284 2423 4356 ἐσόμενα,
2471 4283 2569 4336 καὶ
2621 4282 2795 4347 οὕτως
2847 4282 3036 4354 ὥρισε.
3095 4283 3257 4338 Κατά
3299 4287 3594 4353 πρόθεσιν
3623 4284 3747 4339 τῶν

2161 4368 2411 4425 αἰώνων
2438 4367 2567 4431 ἴσως
2595 4365 2799 4420 τούτων
2827 4360 2902 4420 ὧν
2926 4366 3182 4435 ἐποίησεν
3208 4368 3267 4420 ἐν
3292 4367 3513 4438 Χριστῷ
3540 4368 3745 4437 Ἰησοῦ,

2161 4452 2245 4506 ὅτι
2266 4450 2332 4523 δὴ
2364 4450 2453 4504 διὰ
2477 4448 2572 4502 τοῦ
2604 4448 2845 4519 Χριστοῦ
2872 4448 3097 4518 γέγονεν
3119 4448 3289 4505 ἅπαν.
3305 4451 3402 4505 Ἐν
3425 4446 3474 4518 ᾧ
3498 4449 3747 4521 ἔχομεν,

2162 4534 2318 4606 φησὶ,
2354 4531 2468 4600 τὴν
2517 4531 2866 4600 παρρησίαν
2912 4532 3011 4586 καὶ
3070 4532 3185 4600 τὴν
3239 4534 3645 4603 προσαγωγὴν
3674 4535 3746 4588 ἐν

2162 4614 2518 4683 πεποιθήσει
2546 4613 2647 4667 διὰ
2683 4612 2794 4682 τῆς
2823 4614 3085 4681 πίστεως
3121 4617 3328 4671 αὑτοῦ.
3356 4617 3470 4686 Οὐχ
3516 4616 3593 4679 ὡς
3622 4619 3745 4686 αἰχ.-

2164 4698 2423 4769 μάλωτοι,
2467 4696 2622 4768 φησι,
2672 4696 3089 4768 προσήχθημεν,
3137 4698 3245 4752 οὐδ’
3286 4699 3363 4756 ὡς
3409 4698 3743 4770 συγγνώμης

2161 4780 2494 4853 ἀξιούμενοι,
2521 4780 2642 4834 οὐδὲ
2673 4780 2749 4843 ὡς
2800 4782 3204 4853 ἡμαρτηκότες.
3254 4783 3386 4849 Kal,
3442 4784 3561 4850 Τὴν
3586 4786 3741 4852 παρ-

2152 4867 2384 4935 ρησίαν
2412 4866 2542 4938 γὰρ,
2583 4864 2768 4934 φησὶν,
2806 4863 3028 4933 ἔχομεν
3062 4866 3133 4920 ἐν
3169 4867 3544 4933 πεποιθήσει,
3582 4883 3743 4919 τουτ-

2159 4949 2299 5012 έστι,
2330 4948 2469 5019 μετά
2495 4946 2592 5000 τοῦ
2626 4946 2874 5019 θαρρεῖν.
2909 4947 3119 5013 Πόθενς
3172 4950 3276 5004 Διά
3314 4949 3426 5018 τῆς
3474 4951 3741 5017 πίστεως

2156 5030 2360 5086 αὐτοῦ.
2388 5029 2486 5083 Διὸ
2514 5029 2791 5099 αἰτοῦμαι
2809 5028 2897 5099 μὴ
2926 5030 3208 5085 ἐκκακεῖν
3235 5031 3306 5086 ἐν
3324 5032 3452 5097 ταῖς
3482 5031 3742 5100 θλίψεσί

2156 5130 2278 5183 μου
2311 5113 2465 5180 ὑπὲρ
2492 5111 2681 5181 ὑμῶν,
2704 5112 2837 5180 ἥτις
2859 5111 2993 5166 ἐστὶ
3027 5113 3179 5179 δόξα
3204 5112 3394 5184 ὑμῶν.
3426 5112 3554 5179 Πῶς
3587 5117 3737 5169 ἐστιν

2160 5196 2302 5268 ὑπὲρ
2330 5195 2542 5262 αὐτῶν;
2573 5196 2692 5258 πῶς
2718 5196 2836 5249 ἐστι
2861 5195 2987 5262 δόξα
3014 5197 3198 5251 αὐτῶν
3225 5213 3240 5263 ;
3266 5197 3392 5250 Ὅτι
3419 5195 3601 5263 οὕτως
3635 5198 3735 5251 αύ-

2152 5281 2281 5345 τοὺς
2306 5279 2594 5350 ἠγάπησεν
2625 5280 2653 5332 ό
2674 5279 2830 5342 Θεὸς,
2865 5278 3007 5334 ὥστε
3042 5282 3140 5335 καὶ
3185 5281 3277 5337 τὸν
3311 5283 3442 5337 Υἱὸν
3466 5282 3608 5353 ὑπὲρ
3635 5282 3734 5334 αύ-

2151 5365 2260 5419 τῶν
2286 5364 2489 5423 δοῦναι,
2518 5364 2614 5416 καὶ
2639 5362 2768 5427 τοὺς
2795 5362 3014 5428 δούλους
3038 5364 3268 5421 κακοῦν.
3297 5366 3415 5420 Ἵνα
3449 5366 3560 5437 γὰρ
3587 5359 3732 5418 οῦτοι

2151 5446 2358 5517 τύχωσι
2379 5445 2649 5499 τοσούτων
2692 5445 2941 5513 ἀγαθῶν,
3002 5447 3213 5512 Παῦλος
3262 5447 3565 5521 ἐδεσμεῖτο.
3593 5450 3735 5516 Ἀρα

2152 5529 2310 5584 τοῦτο
2342 5530 2442 5600 τῆς
2472 5528 2673 5599 πολλῆς
2724 5529 2818 5581 τοῦ
2872 5528 3009 5582 Θεοῦ
3061 5531 3194 5603 περὶ
3246 5533 3449 5596 αὐτοὺς
3488 5532 3732 5601 ἀγάπης·

2153 5615 2290 5684 ὅπερ
2323 5613 2417 5667 καὶ
2448 5612 2577 5681 περὶ
2603 5612 2713 5665 τῶν
2739 5613 3040 5683 προφητῶν
3065 5631 3231 5686 φησιν
3261 5615 3290 5667 ό
3318 5615 3456 5679 Θεός
3476 5630 3507 5679 ἠ
3540 5613 3736 5669 Ἁπέκ-

2159 5713 2356 5751 τεινον
2377 5694 2599 5758 αὐτοὺς
2639 5694 2709 5747 ἐν
2725 5694 2951 5764 ῥήματι
3002 5698 3304 5766 στόματός
3346 5716 3486 5766 μου.
3532 5698 3655 5760 Πῶς
3682 5695 3737 5749 δέ

2157 5778 2476 5845 ἐξεκάκουν,
2539 5778 2700 5831 ἄλλου
2750 5778 3107 5849 θλιϐομένου;
3164 5780 3476 5844 Τουτέστιν,
3547 5780 3736 5849 ἐθορυ-

2159 5864 2369 5932 ϐοῦντο,
2446 5863 2821 5934 ἐταραττοντο.
2881 5862 3065 5920 Ταῦτα
3118 5865 3213 5919 καὶ
3277 5864 3736 5919 Θεσσαλονεκευσι
