4080 6218
343 366 404 419 ω
1223 351 1288 407 IN
1327 351 1538 408 EPIS't‘.
1574 345 1661 400 AD
1697 341 1940 399 EPliES.
1981 336 2132 392 car.
2179 335 2265 388 ιιι.
2311 336 2539 394 unum.
2585 339 2694 398 vn.
2812 385 2817 390 .
3545 341 3608 396 an

345 493 518 532 lorum
567 472 881 544 gravitatem
917 484 1010 540 per
1039 468 1089 522 id
1133 467 1446 537 deponunt,
1500 466 1551 519 hi
1610 478 1738 519 vero
1787 478 1916 517 non.

344 571 559 635 Propter
589 565 701 617 lucc
729 563 903 616 omnia
929 559 1083 614 nobis
1102 559 1232 627 ipsis
1252 557 1609 611 attendamus.
1628 554 1742 609 Non
1768 553 1908 606 vide-

343 664 400 715 tis
417 658 596 712 bella?
621 671 723 709 nou
744 653 940 707 auditis
960 649 1329 704 calamitates?
1358 663 1462 702 n0u
1494 648 1576 701 his
1597 644 1918 701 erutlimiui?

343 751 531 805 Gentes
552 755 607 801 et
623 746 865 799 civitates
881 744 1101 808 integra:
1123 742 1389 808 abSurpta:
1407 747 1530 791 sunt
1550 746 1603 790 et
1622 737 1916 804 perierunt;

345 857 442 897 tam
477 841 642 895 multa
670 837 840 891 millia
865 835 1102 888 serviunt
1123 833 1261 896 apud
1286 833 1539 885 barbaros
1573 846 1585 882 :
1609 829 1651 882 si
1674 829 1915 897 geheuua

348 949 438 987 uos
468 949 576 986 non
608 931 858 997 castigat,
893 927 1006 980 hinc
1033 926 1219 978 saltem
1254 940 1350 977 nos
1377 923 1635 992 castigent
1670 929 1721 973 et
1765 919 1922 972 doce-

344 1035 424 1079 aut
452 1037 667 1092 sapere.
695 1022 773 1072 An
806 1019 920 1071 hzre
965 1018 1123 1070 mima
1145 1016 1308 1068 sunt?
1339 1028 1516 1066 nonne
1546 1028 1629 1065 res
1655 1027 1772 1080 quae
1794 1023 1921 1062 eve-

345 1114 575 1171 nerunt?
607 1111 826 1180 Magnas
854 1109 928 1162 illi
973 1107 1238 1161 dederunt
1269 1119 1472 1173 pennas,
1507 1102 1600 1157 sed
1625 1116 1722 1155 uos
1753 1100 1921 1169 majo-

358 1232 2298 1257 __________________________.____—_.———..

2027 473 2114 513 res
2136 456 2397 522 dabimus,
2431 457 2517 526 qui
2548 473 2612 511 ex
2640 456 2852 512 illorum
2883 457 3274 513 calamitatibus
3301 471 3404 512 non
3437 461 3600 515 casti—

2025 566 2233 622 gamur.
2266 549 2440 604 Grave
2467 559 2546 604 est
2579 558 2634 604 et
2687 550 2966 605 molestum
2991 551 3132 620 quod
3153 550 3314 604 dico:
3341 563 3441 616 ego
3470 562 3596 616 quu-

2025 659 2129 712 que
2163 643 2212 696 id
2244 643 2358 697 seio
2385 684 2399 708 ,
2445 642 2538 697 sed
2572 643 2777 697 lucrum
2811 642 2966 698 affert
3009 644 3052 696 si
3101 641 3460 698 attendamus.
3488 637 3604 693 Non

2026 733 2169 785 enim
2208 732 2348 786 dicta
2377 731 2579 803 profert
2607 748 2856 802 umquam
2884 733 2949 786 ad
2985 733 3208 802 gratiam
3233 774 3247 794 ,
3277 731 3370 784 sed
3399 745 3459 783 ea
3486 746 3607 798 quae

2027 827 2197 894 magis
2223 835 2444 893 possunt
2487 828 2717 879 animam
2751 828 3026 880 continere
3068 836 3119 879 ct
3161 825 3456 877 modestam
3488 821 3611 874 red-

2026 917 2174 971 dere.
2193 917 2316 970 Haec
2332 919 2473 971 enim
2499 927 2622 972 sunt
2641 919 2983 972 nobiscausre
3008 919 3303 971 futurorum
3326 916 3610 968 honorum:

2026 1024 2143 1074 quae
2175 1008 2331 1062 detur
2369 1011 2520 1064 nobis
2551 1011 2800 1064 omnibus
2831 1010 3084 1078 euusequi
3109 1049 3123 1074 ,
3157 1007 3322 1078 gratia
3352 1015 3406 1060 et
3460 1005 3609 1058 beni-

2027 1100 2249 1167 gnilale.

3440 1221 3593 1233 -——-.

1690 1309 2035 1368 HOMlLlA
2088 1310 2218 1369 VII.

340 1466 463 1519 CAP.
499 1465 554 1518 5.
586 1477 640 1516 v.
673 1461 726 1516 8.
753 1458 886 1514 Mihi
929 1466 1096 1512 autem
1134 1464 1423 1508 sanctorum
1454 1452 1677 1506 omnium
1702 1451 1912 1503 minimo

406 1557 532 1608 data
559 1562 634 1608 est
673 1552 839 1623 gratia
869 1550 977 1603 haec
1000 1589 1016 1613 ,
1050 1548 1101 1600 in
1129 1544 1357 1616 gentibus
1387 1543 1730 1613 eoangelizare
1753 1541 1925 1594 inves-

410 1647 648 1719 tigabiles
697 1643 900 1697 divitias
947 1639 1154 1695 Christi.
1201 1638 1255 1692 9.
1299 1646 1347 1690 et
1391 1635 1683 1689 illuminare
1721 1649 1922 1696 omnes,

412 1753 527 1809 qua!
551 1737 619 1791 sit
665 1733 975 1803 dispensatio
1005 1727 1313 1784 sacramenti
1341 1725 1622 1779 absconditi
1654 1740 1686 1776 a
1730 1723 1929 1777 steculis

414 1834 468 1884 in
492 1831 603 1884 Deo
619 1830 707 1897 qui
729 1831 895 1880 omnia
915 1822 1101 1878 creavit
1128 1838 1218 1889 per
1240 1819 1418 1874 Jesum
1443 1816 1735 1881 Christum;
1762 1815 1848 1870 10.
1876 1825 1930 1867 ut

418 1925 705 1974 innotescat
728 1933 855 1971 nunc
881 1912 1245 1984 principatibus
1285 1919 1333 1964 et
1353 1907 1680 1981 potestatibus
1708 1906 1759 1959 in
1781 1907 1930 1958 caele-

427 2010 591 2064 stibus
647 2024 736 2076 per
784 2005 1056 2058 Ecclesium
1124 2000 1453 2072 multiformis
1497 1998 1745 2068 sapientia
1793 1994 1930 2063 Dei,

431 2101 512 2154 11.
543 2097 818 2151 secundum
850 2093 1236 2164 prcefinitionem
1263 2090 1564 2143 steculorum
1590 2128 1604 2153 ,
1637 2102 1788 2155 quam
1819 2085 1935 2156 fecit

420 2193 469 2243 in
500 2190 702 2242 Christo
728 2185 854 2238 Jcsu
883 2184 1100 2238 Domino
1127 2190 1318 2235 nostro.

422 2282 473 2334 1.
507 2279 725 2333 Summa
753 2275 910 2328 Pauli
944 2273 1230 2326 humilitas.
1262 2300 1334 2311 ~—
1358 2269 1451 2324 Eis
1494 2269 1584 2338 qui
1629 2268 1694 2321 ad
1744 2266 1935 2320 medici

353 2371 570 2425 veniunt
596 2366 872 2422 ofﬁcinam
893 2406 909 2428 ,
940 2379 1048 2419 non
1075 2363 1190 2416 sine
1220 2376 1378 2416 causa
1413 2360 1538 2414 illuc
1562 2368 1644 2413 est
1669 2357 1934 2421 eundum,

355 2462 444 2517 sed
495 2471 551 2514 ut
588 2459 803 2513 discant
831 2471 1024 2509 curare
1050 2464 1103 2509 et
1132 2452 1390 2507 adhibere
1420 2451 1829 2506 medicamenta.
1877 2449 1940 2502 Et

356 2568 450 2608 nos
473 2565 690 2622 quoque
718 2564 840 2603 cum
869 2547 976 2601 huc
1005 2544 1394 2600 accesserimus
1416 2583 1430 2607 ,
1464 2558 1570 2596 non
1600 2541 1702 2594 hoc
1726 2548 1941 2609 Oportet

357 2655 561 2699 temere
619 2642 797 2694 facere
847 2647 902 2693 et
952 2635 1386 2699 inconsiderate,
1432 2631 1526 2687 sed
1579 2641 1635 2686 ut
1676 2631 1941 2685 discamus

357 2736 504 2792 Pauli
554 2747 823 2789 summam
875 2729 1251 2784 humilitatem.
1279 2725 1416 2792 Quid
1463 2724 1648 2779 enim?
1678 2723 1939 2789 Quoniam

356 2835 468 2882 erat
492 2825 738 2878 dicturus
765 2821 953 2892 gratia:
980 2818 1078 2873 Dei
1109 2815 1552 2887 magnitudinem,
1583 2815 1705 2868 audi
1739 2814 1888 2867 illum
1924 2829 1940 2867 :

360 2916 491 2970 Mihi
517 2915 745 2970 omnium
786 2921 1078 2966 sanctorum
1118 2908 1324 2962 minimo
1353 2908 1472 2960 data
1513 2915 1588 2960 est
1612 2906 1778 2976 gratia
1815 2905 1942 2958 lucc.

359 3008 490 3062 Erat
524 3006 744 3075 quidem
777 3001 1124 3065 humilitatis,
1155 3011 1374 3070 promer
1401 2999 1577 3068 priora
1604 2997 1819 3064 delicta,
1843 2996 1946 3052 etsi

359 3101 541 3154 deleta
571 3139 585 3161 ,
635 3098 849 3166 lugere,
897 3108 1082 3148 eorum
1125 3091 1432 3146 meminisse
1457 3129 1472 3154 ,
1517 3099 1574 3144 et
1618 3089 1860 3144 modeste
1889 3103 1948 3144 se

359 3205 572 3261 gerere,
599 3199 652 3242 ut
677 3185 890 3256 quando
912 3185 1040 3240 dicit
1059 3199 1116 3238 se
1136 3183 1500 3253 blasphemutn
1527 3191 1580 3236 et
1602 3190 1950 3252 persequuto-

363 3299 473 3339 rem
519 3292 577 3337 et
617 3278 1108 3341 contumeliosum;
1142 3274 1238 3331 sed
1275 3289 1382 3330 non
1409 3283 1493 3328 est
1523 3274 1653 3328 illud
1683 3290 1802 3329 cum
1850 3275 1951 3328 hoc

363 3372 776 3431 conferendum.
814 3372 969 3426 Prius
999 3371 1162 3436 enim,
1196 3368 1386 3439 inquit,
1417 3367 1562 3422 Talis
1590 3382 1736 3422 eram
1756 3406 1772 3432 ,
1805 3375 1860 3420 et
1893 3380 1950 3421 se

363 3475 519 3520 vocat
563 3463 869 3518 abortivum
905 3477 919 3514 :
949 3469 1071 3531 post
1096 3469 1175 3514 tot
1199 3469 1378 3515 autem
1409 3459 1665 3528 prmclare
1691 3468 1857 3527 gesta,
1892 3471 1952 3514 se

368 3556 614 3610 modeste
637 3569 850 3625 gerere,
875 3567 936 3606 ac
962 3567 1021 3607 se
1047 3565 1288 3606 omnium
1321 3551 1597 3604 minimum
1625 3549 1836 3614 dicere,
1869 3558 1954 3603 est

364 3647 553 3702 multae
599 3656 653 3701 et
700 3659 926 3699 summa:
955 3645 1253 3699 modestiae.
1296 3641 1458 3706 Mihi,
1490 3642 1700 3707 inquit,
1744 3641 1952 3693 minimo

365 3740 598 3794 omnium
623 3747 936 3792 sanctorum.
983 3735 1098 3789 Non
1137 3735 1274 3789 dixit
1316 3734 1680 3802 apostolorum
1716 3749 1728 3785 :
1763 3747 1951 3802 quam-

365 3829 556 3885 obrem
601 3836 686 3882 est
713 3825 845 3880 illud
874 3839 1086 3895 quoque
1116 3823 1220 3878 hoc
1245 3823 1442 3877 minus.
1474 3822 1588 3878 Illic
1614 3823 1754 3876 enim
1783 3821 1950 3889 dixit,

367 3921 491 3978 Non
516 3939 634 3978 sum
664 3922 849 3991 dignus
886 3921 1054 3973 vocari
1083 3919 1344 3988 apostolus
1373 3917 1449 3988 (1.
1474 3917 1594 3971 Cor.
1627 3918 1712 3972 15.
1741 3916 1834 3988 9);
1869 3916 1955 3970 hic

364 4026 557 4070 autem
590 4029 650 4068 se
674 4014 833 4068 etiam
861 4011 993 4066 dicit
1014 4011 1255 4066 omnium
1287 4017 1598 4062 sanctorum
1627 4007 1903 4061 minimum
1938 4024 1951 4060 :

368 4105 526 4172 Mihi,
558 4104 754 4174 inquit,
786 4102 1013 4157 omnium
1040 4111 1332 4156 sanctorum
1362 4099 1570 4154 minimo
1599 4098 1720 4152 data
1745 4109 1818 4153 est
1838 4117 1955 4170 gra-

368 4197 439 4249 tia
467 4197 584 4249 haec
618 4211 632 4247 :
665 4182 959 4262 Quazuatu?
999 4189 1364 4264 Euangelizare
1390 4189 1619 4261 gentibus
1645 4190 1955 4260 itttperuesti-

366 4286 563 4358 gabiles
614 4285 820 4338 divitias
847 4281 1034 4338 Christi
1073 4291 1120 4336 et
1166 4281 1459 4335 illuminare
1499 4295 1703 4344 omnes,
1755 4294 1867 4349 qua:
1894 4281 1958 4333 sit

366 4378 690 4449 dispensatio
729 4377 956 4448 mysterii
992 4374 1270 4430 absconditi
1295 4391 1326 4428 a
1362 4374 1562 4429 steculis
1588 4376 1642 4428 in
1686 4373 1825 4441 Deo,
1871 4375 1959 4446 qui

367 4473 543 4526 orantia
573 4471 764 4523 creavit
791 4486 881 4540 per
907 4467 944 4522 J
948 4485 1086 4523 esum
1111 4467 1397 4532 Christum;
1423 4478 1476 4520 ut
1515 4468 1794 4521 innotescat
1824 4484 1959 4522 nunc

369 4561 752 4631 principatibus
767 4568 816 4615 et
863 4559 1189 4628 potestatibus
1204 4561 1258 4612 in
1281 4558 1554 4615 ctclestibus
1571 4573 1660 4626 per
1682 4557 1962 4612 Ecclesiam

369 4653 709 4722 ntultifornu‘s
731 4651 980 4720 sapientia
1008 4649 1122 4704 Dei.
1146 4649 1294 4716 Esto,
1322 4648 1626 4704 hominibus
1643 4663 1748 4703 non
1769 4647 1863 4702 fuit
1880 4664 1962 4704 re-

371 4742 998 4811 velatumgillumiuasue
1015 4741 1230 4812 angelos
1240 4749 1294 4796 et
1308 4740 1678 4810 archangelos,
1698 4750 1752 4796 et
1771 4741 1964 4810 princi-

370 4843 531 4902 patus
563 4841 623 4888 et
647 4832 974 4902 potestates?
1017 4830 1206 4900 Certe,
1235 4831 1405 4902 inquit
1436 4846 1449 4883 :
1483 4832 1537 4886 iu
1566 4832 1674 4886 Deo
1700 4832 1843 4887 enim
1870 4831 1968 4885 fuit

369 4925 732 4989 absconsum,
763 4933 819 4978 et
846 4923 958 4979 Deo
987 4925 1077 4994 qui
1097 4925 1275 4979 omnia
1305 4925 1508 4979 creavit
1534 4939 1629 4994 per
1656 4923 1860 4980 Jesum.
1893 4924 1964 4979 Et

370 5016 546 5071 audes
587 5015 693 5069 hoc
721 5014 943 5070 dicere?
971 5015 1145 5070 Etiam
1171 5057 1187 5081 ,
1221 5015 1411 5086 inquit.
1440 5013 1546 5070 Sed
1581 5015 1720 5071 unde
1744 5017 1846 5071 hoc
1874 5016 1972 5071 fuit

372 5107 728 5162 manifestum
746 5105 987 5175 angelis?
1019 5106 1118 5160 Per
1143 5105 1454 5160 Ecclesium.
1489 5105 1672 5175 Neque
1692 5105 1864 5160 solum
1883 5106 1970 5161 di-

375 5199 476 5264 xit,
501 5200 648 5253 varia
669 5198 762 5253 Dei
779 5197 1064 5268 sapientia,
1083 5197 1372 5264 sed,Valde
1399 5199 1558 5252 varia.
1581 5197 1714 5266 Quid
1735 5198 1974 5269 hocergo

377 5291 507 5344 est?
553 5303 663 5343 non
701 5298 900 5342 norunt
922 5287 1130 5358 angeli?
1157 5287 1377 5344 Minime
1407 5305 1423 5344 :
1452 5303 1574 5344 nam
1603 5290 1648 5345 si
1690 5289 1975 5360 principa—

379 5389 468 5433 tus
500 5395 612 5434 uou
642 5388 878 5444 norunt,
910 5381 1081 5434 multo
1109 5380 1286 5435 minus
1329 5381 1504 5452 angeli
1534 5383 1801 5437 noverint.
1831 5382 1970 5450 Quid

380 5472 556 5541 ergo?
585 5485 684 5525 nec
711 5470 1017 5542 archangeli
1040 5473 1269 5527 norunt?
1294 5472 1404 5528 Nec
1439 5473 1515 5528 illi
1541 5491 1554 5528 :
1585 5474 1853 5530 undenam
1885 5493 1975 5532 es-

377 5570 514 5616 sent.
564 5561 871 5632 cognituri?
919 5578 1151 5633 quonam
1205 5563 1521 5620 revelaute?
1575 5566 1802 5634 Quando
1871 5581 1971 5623 nos

381 5652 678 5707 didicimus
699 5695 714 5718 ,
746 5663 874 5707 tunc
905 5654 979 5709 illi
1007 5669 1220 5725 quoque
1259 5671 1354 5725 per
1383 5671 1501 5711 nos.
1533 5656 1671 5712 Audi
1699 5660 1842 5713 enim
1870 5674 1974 5714 au-

380 5743 570 5812 gelum
593 5743 864 5798 dicentem
879 5742 1112 5816 Josepho
1139 5763 1152 5804 :
1185 5737 1403 5796 Vocaois
1424 5763 1602 5804 nomen
1623 5749 1730 5822 eius
1756 5748 1974 5805 Jesum:

2028 1467 2137 1519 ipse
2152 1452 2283 1504 enim
2311 1453 2504 1506 salttum
2531 1451 2682 1522 faciet
2713 1453 2954 1521 populum
2978 1471 3008 1505 α
3027 1455 3241 1520 peccatis
3266 1453 3370 1506 suis
3401 1451 3612 1523 (Matth.

2033 1543 2084 1594 1.
2117 1542 2230 1612 21).
2268 1543 2385 1611 Ipse
2435 1544 2628 1597 missus
2678 1543 2775 1596 fuit
2817 1545 2882 1596 ad
2928 1555 3149 1614 gentes,
3201 1545 3274 1596 illi
3326 1551 3502 1597 autem
3547 1543 3617 1598 ad

2033 1633 2518 1688 eireumcisiouem.
2547 1635 2933 1701 Quamobrem,
2967 1635 3106 1704 quod
3137 1644 3220 1690 est
3246 1635 3618 1689 admirabilius

2034 1736 2088 1780 et
2109 1725 2450 1794 stupendum,
2483 1727 2629 1791 mihi,
2667 1728 2854 1796 inquit,
2886 1728 3066 1781 datum
3091 1731 3284 1798 estqui
3314 1744 3430 1782 sum
3463 1728 3622 1782 mini-

2037 1834 2174 1873 mus.
2224 1818 2351 1872 Erat
2397 1827 2574 1872 autem
2626 1818 2726 1872 huc
2773 1833 2984 1888 quoque
3029 1821 3212 1887 gratia:
3263 1821 3404 1888 quod
3456 1835 3620 1889 parvo

2037 1908 2237 1977 majora
2257 1919 2379 1963 sunt
2402 1910 2622 1975 credita,
2648 1919 2703 1963 ut
2730 1919 2871 1964 esset
2899 1925 3084 1965 eorum
3110 1913 3460 1980 evangelista.
3487 1912 3617 1966 Nam

2037 2001 2126 2070 qui
2158 2001 2416 2067 majorum
2447 2000 2544 2054 fuit
2571 2002 2930 2071 evangelista,
2964 2001 3068 2056 hac
3119 2003 3328 2057 ratione
3370 2013 3453 2057 est
3502 2021 3618 2056 tua-

2037 2107 2194 2162 guus.
2240 2092 2605 2162 Euangelizare
2643 2094 2695 2148 in
2736 2095 2966 2164 gentibus
3014 2094 3382 2166 investigabiles
3421 2096 3624 2150 divitias

2040 2182 2244 2236 Christi.
2275 2183 2328 2236 Si
2356 2183 2473 2251 ejus
2519 2183 2716 2237 divitite
2741 2193 2865 2238 sunt
2897 2185 3426 2255 impervestigabiles,
3458 2187 3620 2241 etiaut

2043 2283 2320 2340 postquam
2367 2274 2645 2342 apparuit,
2701 2274 2871 2327 multo
2913 2274 3080 2342 magis
3129 2276 3383 2329 essentia.
3435 2275 3488 2331 Si
3537 2285 3620 2329 εει

2043 2363 2216 2416 adhuc
2246 2365 2582 2433 mysterium,
2618 2365 2788 2417 multo
2820 2367 2986 2434 magis
3013 2377 3298 2435 antequam
3327 2381 3620 2436 cognosce-

2043 2467 2208 2508 retur.
2243 2455 2549 2524 Mysterium
2578 2455 2717 2509 enim
2749 2456 2918 2524 ipsum
2954 2466 3232 2526 propterea
3262 2467 3448 2521 vocat,
3478 2473 3619 2526 quo-

2045 2549 2185 2600 niam
2217 2562 2314 2600 nec
2339 2549 2511 2617 angeli
2542 2557 2823 2614 noverant,
2859 2563 2958 2602 nec
2986 2549 3076 2602 ulli
3118 2550 3206 2604 alii
3239 2560 3354 2604 erat
3383 2551 3609 2606 manife-

2046 2652 2206 2696 SIum.
2242 2639 2310 2693 Et
2331 2641 2637 2704 illuminare,
2668 2642 2855 2708 inquit,
2874 2658 3062 2696 manes
3091 2659 3203 2711 qua:
3225 2644 3288 2696 sit
3315 2645 3648 2714 dispensatio.

2048 2733 2272 2802 mysterii
2299 2733 2581 2785 absconditi
2605 2749 2637 2784 a
2679 2733 2878 2785 swculis
2903 2733 2954 2785 in
2984 2732 3110 2798 Deo,
3139 2734 3224 2801 qui
3253 2737 3420 2788 omnia
3444 2737 3626 2788 creauit

2050 2843 2140 2893 per
2167 2825 2345 2879 Jesum
2372 2825 2649 2879 Christum.
2685 2824 2870 2894 Angeli
2898 2823 3000 2877 hoc
3033 2833 3237 2878 tantum
3267 2838 3454 2879 norant
3483 2828 3624 2895 quml

2051 2917 2242 2972 Factus
2272 2929 2342 2971 est
2373 2919 2538 2988 portio
2569 2915 2778 2970 Domini
2808 2917 3029 2986 populus
3059 2917 3168 2988 ejus
3199 2915 3374 2988 (Deut.
3407 2919 3494 2971 52.
3529 2918 3582 2982 9)
3610 2934 3624 2981 ;

2050 3019 2103 3066 et
2132 3024 2318 3064 rursus
2338 3049 2354 3072 ,
2391 3008 2638 3076 Princeps
2668 3005 2945 3060 Persarum
2973 3007 3157 3060 restitit
3188 3007 3312 3059 mihi
3342 3006 3502 3077 (Dan.
3535 3008 3624 3062 10.

2055 3105 2162 3171 15).
2191 3100 2547 3169 Quamobrem
2580 3113 2684 3152 non
2718 3109 2800 3151 est
2833 3097 3136 3151 mirandum
3165 3139 3178 3162 ,
3210 3097 3252 3150 si
3287 3097 3387 3150 hoc
3415 3113 3627 3165 quoque

2054 3193 2389 3264 ignorabant.
2416 3189 2547 3244 Nam
2579 3190 2620 3242 si
2651 3188 2878 3242 reditum
2909 3187 3223 3258 ignorabant
3243 3228 3256 3250 ,
3304 3187 3418 3241 hate
3461 3188 3630 3240 multo

2054 3287 2223 3356 magis
2247 3304 2260 3339 :
2284 3295 2367 3340 est
2387 3284 2528 3339 enim
2564 3283 2664 3337 hoc
2691 3282 3044 3352 evangelium.
3079 3281 3180 3344 Qui
3199 3281 3412 3345 salvum,
3438 3281 3627 3350 inquit,

2056 3378 2206 3450 faciet
2238 3375 2481 3446 populum
2509 3391 2657 3428 suum
2685 3373 2849 3427 Israel
2895 3371 3108 3443 (Matth.
3142 3373 3194 3426 1.
3222 3371 3340 3444 21).
3373 3372 3517 3426 Nihil
3563 3375 3632 3427 de

2055 3466 2302 3535 gentibus
2335 3463 2468 3518 :scd
2511 3463 2578 3518 de
2625 3463 2869 3533 gentibus
2911 3462 3112 3516 revelat
3153 3463 3406 3531 Spiritus.
3459 3465 3632 3532 Atque

2055 3557 2194 3628 quod
2223 3566 2422 3610 vocatte
2449 3554 2663 3625 quidem
2696 3563 2900 3620 essent,
2931 3562 3157 3618 norant;
3188 3554 3330 3622 quod
3360 3564 3538 3608 autem
3565 3554 3630 3606 ad

2057 3647 2240 3703 eadem
2268 3687 2281 3710 ,
2323 3655 2378 3701 et
2403 3660 2634 3700 sessum:
2677 3654 2858 3698 essent
2887 3644 2940 3698 in
2972 3644 3166 3698 throno
3193 3644 3324 3708 Dei,
3361 3644 3479 3712 quis
3529 3643 3631 3696 huc

2061 3747 2448 3808 exstiectassct,
2477 3737 2597 3807 quis
2625 3735 2975 3803 eredidisseti
3003 3735 3316 3801 Absconditi,
3362 3734 3552 3804 inquit,
3581 3736 3632 3786 in

2059 3831 2189 3884 Deo.
2225 3829 2372 3884 Hauc
2399 3838 2576 3885 autem
2601 3827 3056 3898 dispensationem
3081 3826 3320 3896 apertius
3349 3826 3548 3880 revelat
3577 3825 3630 3880 iu

2063 3921 2299 3990 Epistula
2334 3920 2399 3972 ad
2442 3919 2732 3973 Romanos.
2781 3917 2848 3971 In
2893 3917 3036 3982 Deo,
3086 3919 3291 3987 inquit,
3335 3919 3422 3988 qui
3468 3925 3636 3971 omnia

2061 4012 2246 4066 creavit
2278 4027 2367 4081 per
2395 4009 2575 4064 Jesum
2605 4009 2878 4064 Christum.
2913 4010 3080 4065 Recte
3105 4020 3279 4064 autem
3308 4013 3635 4066 creationem

2062 4101 2379 4158 memoravit
2425 4101 2646 4166 dicens,
2680 4098 2785 4155 Per
2813 4101 3086 4155 Christum.
3133 4100 3262 4155 Nam
3310 4102 3398 4171 qui
3459 4104 3637 4156 omnia

2062 4193 2264 4250 creavit
2290 4208 2384 4263 per
2414 4193 2623 4262 ipsum,
2653 4191 2754 4246 hoc
2779 4209 2990 4263 quoque
3035 4208 3130 4262 per
3169 4194 3339 4262 ipsmn
3372 4195 3570 4249 revelat
3624 4215 3636 4249 :

2065 4287 2196 4341 nihil
2235 4286 2380 4340 enim
2419 4286 2536 4340 sine
2582 4285 2673 4339 illo
2703 4283 2829 4338 fecit
2871 4301 2884 4336 :
2919 4299 3039 4337 nam
3089 4283 3215 4337 Sine
3255 4283 3373 4349 illo,
3429 4284 3594 4353 inquit
3627 4329 3640 4347 ,

2067 4380 2254 4448 factum
2285 4386 2356 4430 est
2385 4376 2512 4429 nihil
2545 4373 2734 4446 (Joan.
2765 4375 2818 4428 1.
2852 4374 2944 4442 5).
2978 4374 3170 4427 Diceus
3215 4375 3540 4443 principatus
3589 4387 3639 4428 et

2064 4476 2374 4538 potestates,
2393 4465 2596 4520 dixitet
2612 4464 2916 4533 superiores
2936 4474 2988 4520 et
3020 4464 3318 4519 inferiores.
3349 4466 3636 4520 Secundum

2065 4558 2449 4631 prmﬁnitionem
2499 4557 2816 4611 seculorum.
2848 4557 2999 4611 Nunc
3025 4555 3239 4625 quidem
3279 4556 3474 4612 factum
3521 4568 3636 4622 est,

2066 4651 2270 4720 inquit,
2298 4663 2402 4702 non
2431 4663 2569 4702 nunc
2598 4656 2776 4702 autem
2815 4657 2898 4702 est
2931 4649 3251 4719 praeﬁnitum
3277 4690 3291 4714 ,
3339 4649 3432 4704 sed
3457 4651 3637 4704 multis

2070 4749 2215 4795 retro
2263 4739 2397 4793 actis
2445 4739 2773 4808 temporibus
2801 4737 2896 4793 luit
2939 4742 3311 4794 constitutum.
3346 4741 3643 4796 Secundum

2071 4833 2459 4905 prwﬁnitionem
2501 4833 2801 4886 saeculorum
2845 4851 2994 4905 quam
3027 4835 3144 4903 fecit
3181 4835 3232 4888 in
3280 4835 3478 4889 Christo
3521 4835 3644 4888 Iesu

2073 4924 2292 4979 Dontino
2321 4933 2511 4977 nostro.
2544 4923 2655 4977 lloc
2683 4932 2767 4978 est
2786 4965 2802 4990 ,
2855 4925 3145 4980 secundum
3175 4925 3645 4994 praeeoguitiouetu

2075 5018 2392 5073 saeculorum
2412 5058 2427 5082 ,
2451 5025 2506 5070 ut
2535 5017 2622 5088 qui
2644 5015 2818 5070 futura
2845 5018 3231 5086 prtescivisset,
3258 5016 3429 5070 futura
3453 5019 3647 5071 smcula

2074 5108 2203 5163 dicit
2233 5127 2246 5161 :
2279 5107 2481 5163 sciebat
2506 5108 2650 5163 enim
2673 5107 2846 5162 futura
2881 5117 2929 5163 et
2959 5109 3037 5163 sic
3061 5109 3322 5162 deﬁnivit.
3357 5108 3644 5162 Secundum

2077 5200 2462 5271 prce/initionem
2509 5200 2848 5265 steculorum;
2926 5200 3114 5255 horum
3193 5198 3453 5262 fortasse,
3533 5216 3650 5267 qua:

2079 5294 2276 5348 lecitiu
2307 5293 2524 5348 Christo
2571 5292 2741 5348 Jesu:
2796 5309 2886 5362 per
2929 5293 3199 5347 Christum
3245 5301 3420 5347 autem
3453 5293 3646 5348 factum

2080 5394 2165 5442 est
2221 5385 2553 5440 universum.
2605 5385 2692 5439 12.
2726 5383 2789 5437 In
2816 5401 2951 5448 quo,
2991 5383 3194 5452 inquit,
3244 5384 3482 5439 habemus
3511 5387 3643 5454 fidu-

2081 5479 2216 5532 ciam
2269 5486 2315 5530 et
2359 5492 2613 5530 accessum
2664 5475 2716 5528 in
2769 5474 3072 5543 conﬁdentia
3099 5491 3188 5544 per
3207 5476 3359 5545 [idem
3381 5479 3507 5549 ejus.
3530 5476 3645 5532 Non

2085 5580 2352 5639 tamquam
2379 5569 2572 5636 captivi
2598 5608 2613 5634 ,
2643 5567 2812 5636 inquit
2831 5607 2846 5630 ,
2887 5565 3099 5621 adducti
3123 5582 3309 5626 sumus
3333 5610 3348 5632 ,
3378 5587 3550 5640 neque
3605 5584 3652 5627 ut

2083 5661 2280 5729 dignati
2336 5658 2530 5721 venia,
2561 5672 2732 5726 neque
2784 5666 3050 5728 tamquam
3097 5661 3186 5730 qui
3237 5664 3653 5730 peccaverituus.

2091 5749 2297 5806 Etenim
2329 5748 2619 5816 Fiduciam,
2647 5749 2832 5818 inquit,
2861 5749 3096 5804 habemus
3125 5752 3176 5806 in
3205 5752 3528 5818 conﬁdentia,
