4080 6218
501 279 560 330 ειη
1233 268 1288 324 ε.
1328 264 1602 322 ιοΑΝΝιε
1638 256 2099 321 οιιιιγευετυείι
2139 255 2456 319 ARCIIIEP.
2494 262 3020 326 CONSTANTINOP.

493 398 597 454 est,
624 387 960 443 conlidimus.
991 384 1308 441 Undenam?
1334 381 1438 436 Per
1463 381 1613 449 ﬁdem
1655 378 1781 448 ejus.
1814 377 1901 432 15.
1935 375 2066 431 Pro-

500 493 609 547 pter
632 482 768 551 quod
789 490 901 549 peto
927 496 990 533 ne
1015 479 1263 547 deficiatis
1303 475 1357 528 in
1386 471 1789 526 tribulationibus
1830 469 1952 523 meis
1977 485 2069 539 pro

494 573 647 635 vobis,
675 588 788 642 qua:
812 581 885 627 est
911 569 1076 642 gloria
1103 579 1282 623 uestra.
1315 564 1591 633 Quomodo
1618 573 1742 617 sunt
1772 576 1869 631 pro
1899 560 2068 629 ipsis?

493 663 763 732 quomodo
792 672 917 716 sunt
967 660 1134 731 gloria
1185 657 1464 728 ipsorum?
1506 656 1767 724 Quoniam
1815 652 1959 724 ipsos
1984 652 2064 707 sic

491 755 678 810 dilexit
710 755 868 819 Deus,
897 765 947 807 ut
971 753 1130 806 etiam
1160 765 1256 819 pro
1282 749 1411 819 ipsis
1437 747 1591 802 daret
1619 745 1836 814 Filium,
1865 756 1919 801 et
1944 763 2064 802 ser-

494 862 585 899 vos
620 861 747 900 suos
774 846 910 898 male
936 843 1193 896 alliceret.
1223 839 1355 894 Nam
1385 848 1442 893 ut
1465 839 1551 893 isti
1580 847 1684 892 tam
1715 842 1880 891 multa
1928 840 2008 889 lno
2032 852 2063 891 a

489 944 963 1004 consequerentur,
1023 933 1216 987 Paulus
1268 939 1384 985 erat
1429 932 1480 985 in
1530 929 1778 984 vinculis.
1829 929 1941 985 Hoc
1981 937 2065 984 est

489 1027 667 1081 multa:
714 1026 806 1078 Dei
838 1026 887 1078 in
937 1024 1079 1093 ipsos
1110 1023 1384 1076 caritatis:
1441 1020 1583 1091 quod
1631 1022 1790 1075 etiam
1822 1020 1890 1075 de
1932 1036 2060 1091 pro-

488 1118 661 1183 phetis
688 1117 816 1170 dicit
844 1116 979 1171 Deus
1013 1133 1025 1167 :
1058 1114 1234 1167 Occidi
1260 1130 1342 1167 eos
1368 1113 1421 1167 in
1447 1110 1603 1166 verbis
1633 1112 1736 1165 oris
1756 1112 1855 1166 mei
1883 1112 2038 1182 (Osee

484 1208 517 1262 6
567 1207 646 1279 5).
674 1207 952 1275 Quomodo
983 1216 1162 1260 autem
1189 1205 1507 1259 deficiebant
1543 1204 1650 1259 alio
1677 1203 1916 1259 afﬂicto?
1948 1206 2058 1260 Hoc

481 1310 598 1365 est,
643 1300 1114 1370 perturbabantur.
1165 1297 1276 1352 Hoc
1321 1298 1481 1352 etiam
1529 1297 1661 1351 dicit
1710 1296 1952 1351 scribens
1990 1296 2057 1351 ad

493 1390 1002 1444 Thcssalonicenses
1037 1407 1050 1441 :
1083 1387 1149 1443 Ut
1181 1404 1324 1441 nemo
1351 1398 1607 1441 moveatur
1633 1388 1685 1441 in
1709 1387 2053 1442 tribulationi-

480 1484 570 1536 bus
594 1483 702 1536 istis
731 1483 805 1551 (1.
830 1481 1008 1536 Thess.
1036 1481 1090 1535 5.
1115 1478 1193 1550 5).
1222 1479 1339 1534 Non
1366 1480 1538 1533 solum
1566 1480 1707 1534 enim
1740 1495 1846 1533 non
1870 1479 2055 1535 dolen-

477 1573 601 1628 dum
628 1613 645 1639 ,
706 1572 800 1627 sed
830 1573 988 1627 etiam
1019 1581 1102 1626 est
1133 1572 1433 1624 laetandum.
1471 1570 1526 1625 Si
1574 1572 1715 1624 enim
1744 1587 1807 1624 ex
1856 1573 2049 1640 prandi-

477 1665 655 1717 CIione
679 1663 919 1731 accipitis
947 1661 1389 1721 consolationem,
1412 1661 1746 1730 pncdieimns
1774 1661 2008 1717 futurum
2034 1705 2049 1729 ,

476 1764 533 1806 ut
560 1753 643 1806 hic
672 1753 987 1822 afﬂigamnr.
1020 1753 1231 1819 Quare?
1261 1752 1522 1818 Quoniam
1556 1753 1809 1808 Dominus
1837 1756 1913 1810 sic
1937 1754 2052 1825 jus-

472 1843 560 1895 sit.
594 1844 679 1897 M.
716 1842 886 1913 Hujus
922 1844 995 1896 rei
1020 1843 1185 1914 gratia
1210 1845 1359 1912 ﬂecto
1387 1861 1551 1914 genua
1581 1862 1691 1898 mea
1728 1848 1797 1900 ad
1846 1847 2049 1902 Putrem

472 1933 675 1988 Domini
700 1936 859 1988 nostri
899 1934 1016 1990 Iesu
1047 1935 1255 1999 Christi,
1286 1937 1372 1991 15.
1410 1953 1473 1990 ex
1499 1954 1596 2009 quo
1624 1939 1784 1992 onmis
1825 1942 2048 2010 paterni-

472 2037 548 2077 tas
578 2028 629 2078 in
659 2027 797 2080 ctelis
831 2035 878 2080 et
901 2027 955 2080 in
984 2038 1117 2081 terra
1142 2029 1454 2081 nominatur.
1489 2029 1612 2083 Suae
1641 2047 1734 2098 pro
1765 2032 1890 2099 ipsis
1922 2049 2042 2102 pre-

467 2116 692 2170 cationis
717 2118 949 2171 ostendit
976 2117 1244 2172 allectum.
1273 2118 1385 2171 Non
1419 2120 1548 2173 dixit
1581 2122 1754 2176 solum
1775 2161 1790 2187 ,
1823 2124 2041 2191 PrCCHI‘,

466 2209 558 2263 sed
603 2220 976 2278 compunctam
1008 2212 1242 2265 ostendit
1292 2215 1652 2281 precationem
1682 2231 1748 2270 ex
1788 2232 1852 2271 eo
1898 2217 2042 2287 quod

466 2299 642 2354 flectat
664 2316 857 2369 genua.
892 2300 978 2355 Ea:
996 2318 1095 2372 quo
1121 2305 1282 2356 omnis
1310 2307 1603 2372 paternitas.
1638 2306 1753 2360 Non
1779 2308 1889 2376 jam
1915 2309 2045 2363 dicit

462 2390 756 2444 secundum
788 2407 1068 2445 numerum
1096 2394 1404 2463 angelorum
1431 2435 1446 2458 ,
1476 2395 1569 2449 sed
1598 2397 1889 2451 secundum
1919 2416 2040 2452 cum

462 2483 550 2551 qni
586 2482 707 2536 fecit
736 2484 905 2537 tribus
930 2499 1193 2553 supernas
1219 2493 1275 2539 et
1299 2485 1534 2540 infernas
1561 2529 1574 2550 ,
1605 2504 1710 2541 non
1739 2490 1924 2558 quales
1949 2491 2041 2544 .lu-

461 2574 648 2628 daicm.
685 2574 772 2628 16.
810 2572 877 2629 Ut
905 2575 984 2628 det
1025 2576 1462 2654 vobigsecundum
1502 2578 1703 2632 divitias
1732 2583 1909 2651 gloria:
1934 2600 2041 2638 suae

461 2666 688 2719 uirtutem
718 2667 1034 2720 corroborari
1061 2685 1150 2737 per
1180 2668 1433 2738 Spiritum
1457 2670 1567 2738 ejus
1588 2671 1640 2724 in
1667 2671 1897 2727 interiori
1939 2675 2036 2729 ho-

464 2758 617 2822 mine,
650 2759 670 2810 1
692 2758 743 2810 7.
793 2756 1050 2813 Christum
1080 2759 1307 2814 habitare
1332 2778 1419 2830 per
1439 2762 1590 2827 ﬁdem
1615 2762 1669 2816 in
1695 2766 1928 2821 cordibus
1957 2783 2039 2822 ve-

458 2849 596 2900 stris.
632 2848 762 2903 Vide
787 2865 905 2904 cum
937 2861 1131 2920 quanta
1155 2852 1551 2907 insatiabilitate
1577 2855 1657 2909 eis
1678 2857 1815 2909 bona
1850 2871 2036 2926 prece-

461 2949 583 3004 tur,
619 2954 685 2993 ne
721 2940 1188 2998 circumferuntur.
1241 2942 1523 3011 Qu‘imodo
1569 2955 1748 2999 autem
1797 2948 1855 3002 lit
1896 2948 2038 3004 hoc?

360 3101 376 3108 _
461 3030 564 3085 Per
594 3031 844 3102 Spiritum
869 3044 1098 3088 sanctum
1152 3036 1205 3089 in
1251 3037 1480 3090 interiori
1531 3038 1733 3093 homine
1756 3041 2039 3097 inhabitare

459 3124 715 3178 Christum
744 3143 834 3196 per
869 3126 1021 3195 ﬁdem
1051 3129 1103 3181 in
1131 3129 1364 3182 cordibus
1387 3130 1578 3184 vestris.
1610 3131 1924 3197 Quomodo?
1970 3135 2037 3190 In

460 3218 670 3270 caritate
694 3219 909 3272 radicati
935 3230 979 3271 et
1004 3218 1204 3289 fundati
1224 3260 1239 3284 ,
1268 3220 1355 3274 18.
1380 3230 1434 3273 ut
1466 3223 1666 3290 possitis
1705 3228 2035 3293 comprehen-

459 3308 579 3360 dere
623 3325 734 3360 cum
778 3309 1007 3363 omnibus
1043 3312 1264 3372 sanctis,
1292 3328 1405 3380 qua:
1432 3314 1496 3365 sit
1521 3313 1782 3383 longitudo
1831 3324 1875 3369 et
1913 3317 2034 3370 lati-

458 3400 618 3461 tudo,
661 3412 705 3453 et
756 3401 1040 3455 sublimitas
1084 3413 1128 3456 et
1178 3403 1489 3474 profundum
1531 3419 1551 3458 .'
1586 3405 1670 3460 i9.
1714 3407 1844 3461 scire
1885 3409 2036 3462 etiam

457 3493 903 3556 supereminentem
926 3495 1147 3548 scientia:
1174 3496 1433 3548 caritatem
1457 3495 1666 3550 Christi.

530 3581 584 3633 2.
626 3582 776 3647 Quod
818 3594 1062 3652 precatus
1102 3595 1184 3639 est
1211 3586 1261 3638 in
1290 3586 1572 3655 principio,
1605 3586 1705 3641 hoc
1735 3604 1876 3643 nunc
1902 3606 2037 3659 quo-

456 3690 578 3743 que.
604 3675 740 3742 Quid
768 3687 850 3729 est
875 3687 1050 3730 autem
1078 3677 1217 3745 quod
1242 3678 1380 3731 dixit
1402 3679 1452 3730 in
1480 3678 1780 3746 principio?
1803 3679 1870 3734 Ut
1899 3680 2035 3735 Deus

456 3763 663 3819 Domini
705 3770 862 3821 nostri
897 3766 1025 3821 Jesu
1073 3766 1299 3833 Christi,
1347 3767 1504 3823 Pater
1543 3770 1742 3840 gloriw,
1772 3772 1855 3824 det
1898 3773 2034 3826 vobis

455 3856 691 3924 spiritum
725 3857 986 3923 sapientia:
1023 3867 1069 3910 et
1109 3858 1429 3913 reuelationis
1470 3859 1522 3913 in
1550 3860 1859 3930 agnitionem
1898 3864 2029 3933 ejus,

456 3943 770 4000 illuminatos
812 3947 985 3999 oculos
1010 3946 1178 4001 cordis
1204 3949 1373 4011 vestri,
1403 3959 1458 4002 ut
1487 3950 1659 4003 sciatis
1685 3967 1797 4018 quae
1824 3953 1886 4006 sit
1919 3970 2033 4021 spes

458 4035 727 4089 uocationis
751 4039 878 4105 ejus,
907 4047 953 4089 et
979 4052 1092 4107 quae
1115 4036 1304 4091 divitiae
1327 4039 1504 4108 gloria:
1529 4040 1820 4095 hereditatis
1847 4044 1957 4112 ejus
1981 4045 2033 4097 in

456 4126 657 4190 sanctis,
680 4137 725 4181 et
751 4143 863 4197 qua:
900 4129 962 4180 sit
991 4129 1365 4197 supereminens
1389 4131 1682 4200 magnitudo
1705 4133 1901 4186 virtutis
1925 4134 2034 4202 ejus

457 4218 509 4271 in
547 4235 637 4271 nos
674 4220 758 4288 qui
795 4219 1045 4273 credimus
1093 4219 1305 4290 (Ep/tes.
1356 4221 1406 4274 1.
1459 4222 1662 4292 17-19).
1708 4223 1849 4279 Idem
1895 4241 2035 4279 nunc

457 4324 667 4380 quoque
686 4310 813 4366 dicit
846 4329 858 4363 :
897 4310 965 4366 Ut
995 4311 1195 4379 possitis
1219 4314 1638 4381 comprehendere
1664 4331 1778 4367 cunt
1807 4317 2034 4368 omnibus

456 4402 660 4466 sanctis,
702 4417 816 4469 quae
856 4403 920 4456 sit
967 4402 1230 4474 longitudo
1278 4413 1324 4456 et
1370 4404 1608 4471 latitudo,
1657 4405 1937 4459 sublimitas
1987 4417 2035 4460 et

460 4494 803 4561 profundum;
828 4493 927 4549 hoc
957 4507 1059 4559 est,
1106 4496 1417 4566 mysterium
1445 4496 1584 4565 quod
1623 4512 1718 4568 pro
1744 4499 1900 4553 nobis
1927 4499 2036 4554 dis-

461 4595 737 4651 pensatum
767 4596 848 4639 est
895 4596 1143 4641 accurate
1184 4587 1365 4641 scire:
1411 4585 1512 4640 hoc
1555 4588 1696 4641 enim
1733 4599 1883 4642 vocat
1909 4589 2032 4643 lati-

459 4674 693 4727 tudinem
724 4686 776 4728 ct
803 4675 1210 4744 longitudinem,
1253 4676 1662 4746 profunditatem
1695 4686 1750 4732 et
1788 4678 2031 4734 Sublimi-

458 4772 619 4819 tatetn
652 4784 664 4819 :
694 4765 744 4818 id
784 4775 900 4831 est,
948 4767 1365 4836 magnitudinem
1412 4769 1649 4823 caritatis
1698 4769 1790 4823 Dei
1835 4785 2028 4837 nosse,

456 4856 726 4925 quomodo
755 4857 804 4910 in
832 4872 1043 4911 omnem
1076 4867 1279 4928 partem
1307 4867 1526 4914 extensa
1552 4861 1641 4914 sit.
1674 4858 1744 4913 Et
1762 4874 1879 4913 eam
1907 4875 2029 4916 cor-

458 4948 729 5016 poralibus
778 4949 960 5018 figuris
1007 4948 1321 5018 descripsit,
1374 4950 1663 5005 ostendens
1713 4951 2029 5008 hominem:

457 5041 902 5110 comprehendit‘
934 5057 1053 5110 qua:
1096 5054 1222 5096 sunt
1248 5057 1429 5112 supra,
1457 5059 1578 5113 quae
1619 5043 1778 5112 infra,
1821 5057 1875 5101 et
1911 5062 2031 5116 quae

457 5148 525 5185 ex
561 5132 886 5190 transverso.
930 5134 1166 5189 Diximus
1193 5136 1359 5202 enim,
1390 5136 1576 5206 inquit,
1613 5154 1717 5192 non
1745 5149 1827 5194 est
1852 5151 2029 5195 autem

460 5240 591 5277 mea:
626 5225 837 5281 dicendi
865 5224 1128 5283 facultatis
1161 5226 1275 5282 haec
1300 5225 1516 5294 docere,
1541 5230 1635 5285 sed
1664 5232 1831 5286 sancti
1858 5230 2029 5302 Spiri-

458 5322 561 5368 tus.
594 5312 763 5384 Hujus
792 5318 989 5382 rirtute,
1032 5318 1222 5388 inquit,
1266 5318 1583 5373 corroborari
1619 5320 1876 5376 adversus
1908 5334 2027 5379 ten-

458 5407 702 5474 tzttiones,
744 5418 799 5461 et
838 5423 942 5464 non
969 5409 1147 5465 labare
1182 5418 1240 5465 et
1266 5408 1451 5465 devios
1487 5410 1633 5465 ferri.
1665 5410 2024 5478 Quamobrem

515 5558 532 5588 ι
569 5557 951 5630 consumam...
980 5569 1178 5630 extensa
1200 5564 1278 5630 sit.
1312 5565 1479 5630 (olens
1509 5573 1669 5616 autem
1691 5568 2023 5630 demonstrare

450 5628 630 5694 putauit
651 5625 949 5694 sacerdotis
976 5625 1392 5694 Deijnagnitudo,
1419 5629 1748 5694 corporalibus
1770 5628 1941 5694 ﬁguris
1963 5631 2019 5681 il-

451 5681 547 5730 lam
571 5680 840 5745 descripsit,
868 5682 1026 5748 reipsa
1049 5680 1230 5748 diceris,
1258 5680 1787 5755 quod'com'prehendat',
1802 5680 1894 5743 etc.

3687 274 3756 336 $2

2178 374 2289 428 fieri
2334 376 2489 431 aliter
2525 394 2627 432 non
2672 389 2846 448 potest
2893 390 2950 436 ut
2992 382 3424 446 corroboremur.
3461 400 3620 457 quam
3657 406 3747 460 per

2173 465 2426 534 Spiritum
2472 479 2526 523 et
2572 474 2913 527 tentationes.
2953 474 3234 541 Quomodo
3275 486 3454 532 autem
3504 476 3746 539 Christus

2172 555 2373 612 habitet
2403 559 2454 612 in
2482 561 2753 629 cordibus,
2781 564 2902 617 audi
2932 564 3202 620 Christum
3234 567 3498 624 dicentem
3525 591 3539 627 :
3564 572 3675 644 Ego
3699 587 3747 629 et

2171 644 2329 700 Pater
2369 650 2619 704 veniemus
2640 693 2654 714 ,
2703 661 2749 705 et
2801 655 3113 708 mansionem
3153 656 3294 725 apud
3344 675 3457 712 cum
3505 664 3748 730 faciemus

2174 735 2350 806 (Joan.
2384 740 2468 794 14.
2495 741 2609 809 25).
2646 742 2909 798 Inliabitat
2935 756 3112 801 autem
3146 763 3252 803 non
3284 751 3621 819 simpliciter.
3649 759 3742 814 sed

2172 828 2220 881 in
2252 831 2498 886 cordibus
2527 833 2772 890 fidelibus
2799 852 2917 906 qua:
2945 838 3155 894 radices
3183 853 3410 910 egerunt
3436 845 3487 899 in
3518 848 3635 915 ejus
3654 865 3742 906 ca-

2167 920 2340 987 ritate,
2387 940 2505 991 quae
2544 940 2648 979 non
2678 927 2845 983 devise
2876 927 3143 985 feruntur.
3191 930 3258 986 Ut
3284 937 3507 1004 possitis,
3549 938 3740 1011 inquit.

2166 1010 2348 1082 Itaque
2378 1018 2582 1086 magnis
2602 1033 2737 1087 opus
2756 1031 2838 1074 est
2863 1022 3083 1076 viribus.
3121 1021 3217 1078 lilii
3247 1041 3373 1080 vero
3396 1029 3589 1085 talibus
3608 1010 3743 1103 opus

2164 1106 2234 1159 sit
2260 1107 2461 1161 viribus
2489 1109 2742 1177 declarat,
2784 1113 3130 1185 sulijungens,
3177 1116 3245 1172 Ut
3273 1122 3476 1187 possitis
3513 1141 3740 1195 compre-

2164 1196 2378 1252 hendere
2411 1215 2523 1251 cum
2563 1203 2793 1256 omnibus
2833 1206 3041 1270 sanctis,
3075 1222 3188 1276 quae
3231 1209 3296 1262 sit
3331 1213 3652 1281 profunditas
3692 1229 3739 1271 et

2160 1289 2395 1353 altitudo,
2424 1299 2477 1343 et‘
2499 1293 2624 1345 scire
2643 1308 2758 1358 quae
2782 1294 2844 1347 sit
2874 1297 3252 1362 supereminens
3280 1302 3466 1354 raritas
3489 1306 3737 1374 cognitio-s

2162 1378 2239 1431 nis
2274 1376 2475 1433 Christi.
2529 1379 2596 1435 Ut
2646 1383 3015 1452 adimpleamur
3045 1386 3099 1439 in
3140 1402 3337 1441 omnem
3377 1390 3738 1459 plenitudinem

2170 1467 2275 1522 Dei.
2309 1470 2418 1524 lloc
2445 1481 2623 1525 autem
2657 1474 2769 1527 vult
2793 1475 3096 1544 significare
3123 1494 3136 1527 :
3164 1477 3496 1549 Quamquam
3539 1487 3735 1541 caritas

2157 1559 2351 1614 Christi
2382 1561 2537 1631 longe
2559 1571 2777 1632 superet
2792 1579 3006 1619 omnem
3035 1568 3320 1622 humanam
3342 1573 3731 1642 cognitionem;

2157 1667 2253 1706 vos
2275 1662 2448 1706 tamen
2475 1656 2827 1723 cognoscetis,
2858 1657 2900 1711 si
2931 1657 3171 1713 habeatis
3197 1660 3466 1717 Christum
3493 1664 3737 1720 habitan-

2156 1753 2261 1798 tem
2304 1744 2356 1797 iu
2389 1744 2557 1799 vobis.
2588 1745 2771 1816 Neque
2797 1749 2970 1802 solum
3001 1750 3103 1803 hoc
3143 1767 3209 1804 ex
3252 1751 3343 1807 illo
3373 1758 3731 1823 cognoscetis,

2155 1850 2337 1890 verum
2364 1844 2417 1889 et
2446 1835 2796 1901 implebimini
2846 1837 2899 1891 in
2940 1853 3155 1894 omnem
3196 1840 3579 1909 plenitudinem
3610 1845 3729 1902 Dei.

2152 1925 2253 1982 Ubi
2283 1935 2376 1980 aut
2407 1927 2614 1993 annuit,
2663 1926 2802 1983 idem
2831 1943 2954 1984 esse
2983 1930 3368 1998 plenitudinem
3412 1934 3528 2001 Dei,
3570 1946 3731 2006 atque

2150 2031 2492 2088 cognoscere,
2517 2019 2787 2088 quomodo
2816 2021 2868 2075 in
2894 2020 3052 2075 Patre
3079 2031 3134 2076 et
3156 2022 3290 2077 Filio
3320 2033 3375 2078 et
3402 2036 3588 2081 sancto
3609 2027 3730 2097 δρία

2152 2110 2255 2163 ritu
2318 2110 2455 2164 Deus
2501 2126 2639 2164 unus
2690 2111 2899 2166 adorari
2943 2112 3103 2167 debet
3134 2124 3263 2168 :aut
3311 2115 3626 2173 adhortatur
3671 2129 3728 2173 nt

2147 2200 2289 2254 serio
2329 2199 2698 2255 incumbamus
2740 2200 2791 2255 in
2822 2202 2895 2267 id,
2946 2212 3000 2256 ut
3039 2204 3344 2258 omnimodo
3378 2206 3592 2274 virtute,
3622 2224 3726 2278 qua

2146 2292 2379 2347 abundat
2410 2293 2572 2355 Deus,
2604 2308 2701 2346 nos
2727 2294 3064 2362 impleamur.
3096 2295 3187 2349 20.
3224 2295 3285 2348 Ei
3309 2306 3498 2364 autem,
3521 2301 3610 2369 qui
3631 2318 3726 2369 po-

2145 2393 2253 2439 tens
2297 2395 2370 2439 est
2413 2386 2584 2438 omnia
2614 2386 2783 2451 facere
2824 2386 3294 2455 superabundanter
3321 2405 3473 2455 quam
3513 2392 3727 2460 petimus

2145 2486 2232 2530 aut
2275 2477 2601 2546 intelligimus
2648 2478 2925 2530 secundum
2964 2480 3195 2533 virtutem
3237 2496 3350 2550 gnte
3392 2493 3629 2551 operatur
3670 2486 3723 2538 in

2146 2569 2308 2622 nobis.
2342 2569 2639 2622 Secundum
2671 2571 2898 2623 virtutem
2924 2581 3069 2625 recte
3086 2570 3221 2626 dixit
3240 2591 3252 2625 :
3270 2588 3335 2627 ex
3365 2575 3555 2630 virtute
3578 2577 3720 2631 enim

2144 2677 2206 2716 ea
2232 2661 2520 2730 accipimus
2548 2677 2668 2730 quie
2700 2677 2984 2732 numquam
3031 2664 3387 2731 Speravimus.
3429 2665 3579 2731 Quod
3620 2682 3720 2721 au-

2146 2761 2252 2804 tem
2283 2749 2634 2804 abundantius
2663 2765 2822 2819 quam
2852 2765 2971 2820 quae
3003 2752 3233 2820 petimus
3252 2762 3343 2807 aut
3370 2753 3715 2825 intelligimus

2144 2841 2348 2907 fecerit,
2377 2843 2553 2912 palam
2577 2853 2660 2897 est
2686 2858 2751 2897 ex
2778 2843 2843 2897 iis
2864 2859 2983 2912 quae
3010 2845 3124 2913 ipse
3150 2846 3439 2901 scribebat.
3467 2846 3598 2902 Nam
3619 2863 3719 2919 ego

2141 2932 2378 3002 quidem,
2409 2933 2599 3003 inquit,
2630 2948 2820 3001 precor
2850 2949 2864 2986 :
2898 2934 3011 3002 ipse
3036 2946 3213 2990 autem
3244 2937 3404 2991 etiam
3428 2938 3545 2992 sine
3584 2941 3717 2993 meis

2141 3026 2390 3097 precibus
2418 3025 2616 3096 majora
2660 3025 2815 3080 faciet
2839 3042 2997 3095 quam
3025 3037 3222 3081 nostra:
3248 3028 3352 3082 sint
3385 3031 3670 3097 petitiones
3698 3046 3714 3085 :

2142 3131 2247 3172 non
2274 3118 2448 3175 solum
2486 3119 2687 3186 majora
2724 3127 2817 3171 aut
2842 3118 3200 3184 abundanter,
3232 3120 3345 3182 sed.
3382 3121 3716 3188 Superabun-

2141 3209 2338 3274 danter,
2364 3209 2781 3278 magnitudinem
2810 3209 2936 3264 doni
2962 3208 3265 3266 declarans.
3301 3210 3579 3268 Undenam
3611 3214 3717 3271 hoc

2140 3300 2343 3370 liquet?
2388 3302 2462 3355 Ex
2510 3303 2708 3356 virtute
2751 3317 2870 3371 qua:
2914 3312 3171 3371 operatur
3216 3303 3268 3358 in
3314 3305 3488 3359 nobis.
3534 3306 3715 3376 Neque

2139 3389 2282 3444 enim
2324 3389 2438 3444 haec
2467 3406 2716 3460 umquam
2752 3392 3020 3459 petiimus,
3062 3407 3233 3462 neque
3259 3396 3707 3463 exspectavimus.

2138 3479 2230 3535 21.
2261 3478 2397 3549 Ipsi,
2427 3480 2614 3550 inquit,
2648 3479 2812 3551 gloria
2840 3482 2894 3534 in
2922 3480 3151 3534 Ecclesia
3188 3483 3239 3535 in
3281 3482 3480 3538 Christo
3510 3484 3637 3539 Jesu
3662 3488 3715 3539 in

2139 3589 2310 3627 omnes
2342 3573 2682 3643 generationes
2719 3573 2892 3626 circuli
2914 3573 3233 3627 saeculorum.
3279 3576 3456 3628 Amen.
3492 3577 3714 3632 Pulchre

2138 3663 2400 3719 conclusit
2425 3664 2721 3717 orationem
2753 3662 2998 3731 precibus
3027 3672 3081 3717 et
3107 3664 3512 3732 gloriﬁcatione.
3545 3665 3715 3735 Opora

2142 3753 2289 3808 lebat
2311 3754 2454 3807 enim
2484 3768 2606 3807 cum
2633 3752 2914 3823 glorificari
2940 3763 2996 3807 et
3016 3752 3256 3809 benedici
3283 3756 3370 3823 qui
3402 3764 3546 3809 tanta
3575 3772 3712 3825 pra:-

2139 3844 2270 3897 buit.
2298 3843 2472 3908 Quare
2497 3843 2600 3898 hoc
2627 3858 2836 3914 quoque
2863 3858 2983 3912 pars
3012 3854 3095 3898 est
3120 3844 3500 3908 admirationis,
3528 3848 3705 3915 glori-

2141 3934 2296 3988 ficare
2319 3943 2536 4003 propter
2555 3948 2614 3987 ea
2642 3949 2761 4003 qua:
2787 3950 2818 3988 a
2848 3934 2954 3987 Deo
2974 3948 3158 3988 sumus
3177 3934 3374 4003 adepti,
3409 3950 3502 4002 per
3529 3934 3710 3990 Jesuiu

2138 4024 2429 4080 Christum.
2477 4024 2652 4079 Gloria
2688 4025 2805 4094 ejus
2833 4027 2884 4079 in
2919 4025 3169 4093 Ecclesia,
3206 4038 3351 4081 recte
3395 4027 3527 4081 dixit
3557 4043 3570 4079 :
3601 4029 3711 4097 ipsa

2138 4115 2279 4170 enim
2330 4115 2442 4169 sola
2494 4123 2673 4169 manet
2719 4116 2770 4168 in
2817 4127 3152 4184 perpetuum.
3195 4116 3327 4183 Quia
3377 4126 3552 4172 autem
3599 4119 3708 4187 ipsa

2139 4222 2354 4277 semper
2394 4218 2520 4269 stat,
2552 4208 2665 4263 vult
2705 4209 2853 4264 illum
2877 4225 2908 4265 α
2940 4211 3093 4266 nobis
3121 4212 3405 4281 glorificari
3441 4228 3609 4283 usque
3642 4212 3711 4266 ad

2138 4302 2689 4356 consummationem:
2725 4302 2823 4358 hoc
2869 4305 3012 4359 enim
3062 4305 3378 4374 signiﬁcavit
3411 4305 3617 4370 dicens,
3648 4305 3711 4358 In

2138 4405 2309 4445 omnes
2334 4392 2679 4461 generationes
2717 4394 2908 4447 steculi.
2941 4393 3076 4460 Quid
3107 4395 3210 4448 sint
3241 4397 3587 4464 paternitates
3612 4411 3710 4450 nee

2138 4495 2288 4536 oesse
2330 4491 2414 4536 est
2447 4481 2643 4537 dicere.
2673 4482 2802 4537 Nam
2836 4484 2922 4539 hic
2957 4485 3174 4553 quidem
3202 4488 3548 4555 paternitates
3589 4497 3712 4541 sntit

2137 4588 2355 4643 genera.
2388 4574 2438 4627 in
2467 4574 2598 4629 czelo
2624 4585 2799 4629 autem
2821 4576 3090 4646 quomodo
3143 4578 3232 4632 ubi
3265 4579 3442 4634 nullus
3458 4595 3523 4634 ex
3542 4581 3711 4634 altero

2139 4672 2220 4718 est
2243 4663 2488 4733 genitus?
2519 4681 2584 4718 an
2616 4668 2724 4720 illic
2749 4677 2917 4722 coetus
2945 4677 3098 4723 vocat
3124 4677 3348 4740 πατριὰς.
3380 4671 3429 4724 id
3468 4681 3550 4725 est
3576 4687 3710 4741 gen-

2139 4765 2220 4811 tes
2262 4772 2325 4812 ac
2370 4758 2758 4826 cognationes?
2800 4760 2938 4815 sicut
2983 4762 3247 4816 invenitur
3301 4762 3352 4815 in
3400 4761 3668 4831 Scriptura
3694 4804 3709 4825 ,

2139 4855 2321 4917 πατριὰ
2362 4851 2628 4919 ἁματταρεὶ
2656 4847 2752 4920 (a),
2794 4860 2974 4917 utpote
3009 4866 3038 4902 a
3077 4866 3182 4918 quo
3219 4861 3394 4919 patres
3432 4862 3710 4906 vocantur.

2137 4936 2253 4992 Non
2293 4947 2456 4991 totum
2489 4950 2663 4994 autem
2691 4954 2720 4992 a
2748 4938 2858 4994 Deo
2889 4939 3140 5009 postulat,
3174 4939 3267 4993 sed
3296 4942 3453 4993 etiam
3484 4943 3550 4995 ab
3577 4942 3711 5009 ipsis

2140 5027 2298 5084 ﬁdem
2329 5038 2381 5084 et
2410 5031 2685 5085 caritatem
2717 5045 2731 5083 :
2766 5046 2937 5097 neque
2967 5029 3140 5084 solum
3170 5030 3467 5093 caritatem,
3496 5029 3590 5084 sed
3622 5046 3714 5084 ra-

2138 5118 2365 5174 dicatam
2386 5131 2442 5175 et
2463 5120 2756 5185 fundatam,
2788 5132 2845 5173 ut
2865 5135 3036 5191 neque
3063 5121 3204 5174 venti
3232 5135 3348 5173 eam
3372 5119 3710 5184 lahefaciant,

2138 5227 2310 5282 neque
2340 5206 2630 5282 quidquam
2661 5212 2801 5266 aliud
2825 5227 2943 5266 eam
2975 5211 3207 5278 dejiciat.
3234 5210 3374 5265 Dixit
3394 5210 3713 5267 afﬂictiones

2136 5317 2257 5357 esse
2296 5302 2517 5372 gloriam
2549 5321 2561 5357 :
2593 5304 2636 5357 si
2683 5313 2857 5356 autem
2900 5318 3056 5370 mete,
3094 5302 3261 5357 multo
3301 5304 3469 5372 magis
3495 5310 3708 5358 vestrm.

2207 5392 2260 5447 5.
2301 5392 2660 5460 Quamobrem
2686 5394 2730 5449 si
2753 5393 3061 5465 affligimur,
3091 5408 3196 5447 non
3230 5392 3351 5448 ideo
3377 5393 3708 5448 deserimur:

2194 5561 2266 5632 (Ε)
2293 5563 2398 5632 ωε
2439 5566 2657 5629 suSpicor
2700 5565 2970 5630 legendum
3011 5582 3145 5631 ατρηι
3188 5580 3359 5632 κεραμί.
3407 5566 3460 5616 1η
3501 5565 3713 5617 ΗΘΜωο

2130 5629 2264 5744 git:
2288 5630 2497 5700 legitur;
2526 5643 2633 5687 erat
2655 5629 2823 5688 autem
2844 5639 3004 5689 tribus
3026 5629 3315 5688 Levitarum.
3350 5635 3473 5687 Vide
3497 5643 3628 5685 Num.
3651 5633 3679 5680 t
3689 5668 3707 5697 ,
