4052 6214
475 293 546 342 55
1171 289 1529 349 S.JOANNIS
1566 287 2055 346 CHRYSOSTOMI
2085 288 2408 354 ARCHIEP.
2444 294 3000 359 CONSTANTINOP.
3666 299 3738 358 bl

481 400 692 468 Παῦλος
722 404 779 458 δέ
825 405 886 458 οὐ
917 404 978 458 τὸ
1001 406 1186 470 πόσον,
1219 406 1280 458 ού
1312 406 1367 459 δέ
1395 407 1535 459 ὥστε
1569 406 1838 476 μετρῆσαι
1873 405 2046 475 ζητεῖ·

481 504 601 567 πῶς
619 502 728 574 γάρ
759 519 774 567 ;
808 501 922 556 ἀλλ’
951 503 1034 556 ὅτι
1079 504 1416 574 ὑπερϐάλλον
1456 505 1548 556 καὶ
1588 505 1735 572 μέγα
1769 503 1887 557 ἐστὶ
1921 502 2050 556 αὐτὸ

479 601 634 653 τοῦτο
669 601 858 670 μαθεῖν
883 614 898 629 ⁶
929 600 1020 653 καί
1047 617 1234 669 φησιν,
1264 601 1345 652 ὅτι
1378 601 1508 653 αύτὸ
1546 601 1704 654 τοῦτο
1734 600 1915 663 ἱκανός
1935 603 2050 652 ἐστι

479 696 648 762 δεῖξαι
667 699 760 750 καὶ
784 697 889 750 ἀπὸ
913 697 1012 765 τῆς
1036 695 1308 764 γνώσεως,
1331 692 1398 767 ἦς
1426 699 1585 767 ἡμεῖς
1613 697 2046 768 κατηξιώθημεν.

478 794 670 847 Καίτοι
703 794 754 847 τί
782 795 1037 862 περισσόν
1070 795 1188 846 ἐστι
1223 793 1316 846 τοῦ
1341 793 1731 864 κραταιοῦσθαι
1757 811 1771 860 ;
1793 794 1867 847 Τὸ
1900 795 2052 849 δυνά-

480 908 590 961 μει,
624 891 809 960 ὥσπερ
865 891 957 943 τοῦ
997 891 1085 943 τὸν
1139 890 1370 959 Χριστὸν
1422 891 1566 959 ἐχειν
1609 892 1795 954 ἁπλῶς
1815 892 1875 944 τὸ
1903 892 2048 945 ἔνδον

475 988 594 1038 ἐστὶ
655 986 931 1054 περισσόν.
968 985 1197 1052 Μεγάλα
1247 985 1314 1037 τά
1348 986 1640 1056 αἰτηθέντα
1663 1030 1676 1050 ,
1714 989 1908 1054 φησὶν,
1933 987 2045 1040 ἀλλ’

470 1079 577 1135 οἰδε
616 1084 708 1136 καὶ
737 1083 877 1153 ὑπὲρ
929 1082 1068 1136 αύτά
1101 1084 1294 1144 ποιεῖν,
1321 1081 1459 1133 ὥστε
1503 1082 1576 1151 μὴ
1609 1083 1768 1151 μόνον
1802 1085 2042 1152 ἀγαπᾷν,

468 1179 604 1232 ἀλλά
624 1179 719 1232 καὶ
739 1178 942 1249 σφόδρα
970 1177 1128 1252 τοῦτο
1159 1181 1350 1230 ποιεῖν.
1372 1174 1816 1248 Μεριμνήσωμεν
1843 1178 2042 1243 τοίνυν,

467 1275 764 1344 ἀγαπητοὶ,
799 1273 939 1326 ὥστε
973 1272 1066 1327 τοῦ
1094 1274 1227 1326 Θεοῦ
1262 1274 1357 1344 τὴν
1394 1274 1613 1343 ἀγάπην
1650 1275 1858 1342 μαθεῖν.
1884 1273 2044 1342 Μέγα

465 1372 622 1424 τοῦτό
659 1373 828 1432 ἐστιν,
867 1370 1019 1424 ούδέν
1049 1369 1192 1424 οὕτω
1243 1371 1390 1441 ἡμᾶς
1419 1369 1654 1440 ὠφελεῖ,
1683 1371 1836 1424 οὐδὲν
1872 1370 2044 1434 οὓτως

463 1469 613 1537 ἡμᾶς
679 1464 1007 1520 κατανύσσει
1033 1483 1048 1497 ·
1078 1467 1171 1520 τοῦ
1224 1465 1391 1537 φόὸου
1452 1468 1549 1536 τῆς
1605 1461 1831 1537 γεέννης
1857 1467 2041 1520 ἰκανὸν

463 1563 624 1617 τοῦτο
676 1562 876 1634 μᾶλλον
907 1564 1047 1618 ἐλεῖν
1083 1565 1184 1628 τάς
1213 1561 1488 1634 ἡμετέρας
1516 1563 1713 1636 ψυχάς.
1747 1563 1919 1621 Πόθεν
1945 1560 2038 1621 οὖν

464 1657 757 1728 εἰσόμεθα;
802 1660 906 1713 Ἐκ
949 1676 1011 1712 τε
1051 1657 1158 1712 τῶν
1196 1658 1521 1730 εἰρημένων,
1567 1658 1628 1714 ἐκ
1673 1679 1731 1714 τε
1773 1661 1879 1715 τῶν
1915 1663 2038 1715 καθ’

462 1753 700 1824 ἑκάστην
738 1754 951 1824 ἡμέραν
998 1754 1430 1824 συμϐαινόντων.
1490 1751 1646 1820 Τίνος
1702 1757 1810 1829 γάρ
1852 1755 2037 1814 ἕνεκεν

460 1849 635 1902 ταῦτα
691 1849 1013 1918 γεγένηταις
1047 1847 1205 1912 ποίας
1257 1850 1448 1919 χρείας
1502 1851 1600 1920 τῆς
1646 1849 1840 1914 αύτοῦ;
1873 1853 2036 1905 Ούδε-

461 1947 611 2014 μιᾶς.
649 1945 796 1999 ’Λνω
834 1946 928 2000 καί
984 1947 1134 2000 κάτω
1167 1948 1267 2019 τὴν
1313 1949 1535 2018 ἀγάπην
1573 1949 1784 2021 τίθησιν
1813 1951 1989 2006 αἰτίαν
2017 1969 2032 1984 ·

462 2041 696 2110 μάλιστα
739 2037 796 2092 δὲ
833 2041 1017 2111 ἐκείνη
1065 2042 1252 2110 ἀγάπη
1288 2040 1455 2105 ἐστὶν,
1486 2045 1614 2097 ὅταν
1643 2046 2035 2116 εύεργετῶνται

457 2135 734 2206 ἄνθρωποι
759 2136 987 2206 μηδενὸς
1022 2136 1472 2206 προῦπάρξαντος
1498 2140 1628 2209 παρ’
1662 2141 1860 2195 αὐτῶν.
1895 2139 2032 2196 Τοῦ-

455 2249 545 2283 τον
579 2232 757 2284 τοίνυν
792 2231 884 2284 καί⁵
905 2233 1066 2300 ἡμεῖς
1111 2231 1410 2301 μιμώμεθα
1437 2245 1463 2272 ι
1485 2272 1500 2296 ,
1539 2235 1664 2297 τοὺς
1711 2234 1936 2307 ἐχθροὺς
1970 2235 2030 2292 εὖ

457 2328 722 2398 ποιῶμεν,
758 2329 882 2390 τοὺς
922 2329 1215 2397 μισοῦντας
1247 2332 1432 2399 ἡμᾶς,
1472 2332 1599 2395 τοὺς
1628 2335 2030 2407 ἀποστρεφομέ·

455 2443 580 2490 νους
625 2425 999 2500 προσιώμεθα.
1050 2427 1222 2480 Τοῦτο
1255 2430 1432 2496 ὁμοιοῖ
1481 2431 1628 2500 ἡμᾶς
1656 2431 1733 2502 τῷ
1761 2433 1898 2504 Θεῷ.
1936 2437 2032 2488 Ἂν

454 2524 562 2595 γὰρ
615 2525 706 2577 τὸν
775 2525 948 2592 φίλον,
985 2526 1189 2592 φησὶν,
1229 2527 1554 2597 ἀγαπήσῃς.
1591 2529 1642 2582 τί
1693 2531 1754 2584 τδ
1804 2532 2026 2604 κέρδος;

451 2619 612 2673 τοῦτο
652 2620 748 2673 καί⁸
795 2621 843 2672 οἰ
895 2621 1097 2673 ἐθνικοὶ
1137 2623 1406 2677 ποιοῦσιν.
1458 2623 1571 2696 [50]
1620 2625 1780 2679 Ἀλλά
1826 2626 1879 2679 τί
1931 2628 2029 2699 τῆς

453 2715 674 2785 ἀγάπης
700 2717 1029 2787 τεκμήριον;
1058 2719 1161 2771 Τὸν
1197 2720 1461 2789 μισοῦντα
1485 2725 1725 2795 ἀγαπᾷν.
1763 2725 2028 2798 Βούλομαί

451 2831 505 2866 τι
556 2815 866 2885 ὑπόδειγμα
914 2817 1110 2880 εἰπεῖν,
1162 2817 1440 2885 σύγγνωτέ
1473 2838 1593 2889 μοι.
1638 2823 1732 2875 καὶ
1760 2823 1856 2894 ούχ
1878 2825 2028 2894 εὑρί-

453 2925 567 2963 σκω
588 2909 644 2961 ἐν
665 2911 776 2973 τοῖς
811 2912 1201 2980 πνευματικοῖς
1235 2928 1249 2942 ο
1276 2912 1355 2965 διὸ
1379 2914 1486 2966 ἀπὸ
1519 2913 1629 2967 τῶν
1666 2891 1864 2980 ἔξωθεν

449 3005 561 3076 οὐχ
593 3006 754 3076 ὁρᾶτε
787 3005 915 3068 τοὺς
946 3005 1184 3076 ἐρῶντας
1214 3009 1436 3072 τούτους
1466 3027 1480 3075 ;
1511 3011 1649 3066 πόσα
1683 3013 2026 3086 ύόριζόμενοι

447 3100 601 3173 παρὰ
657 3099 767 3153 τῶν
805 3101 1131 3172 ἐρωμένων,
1169 3103 1311 3156 πόσα
1342 3105 1846 3177 ἐπιϐουλευόμενοι,
1884 3112 2025 3165 πόσα

448 3195 825 3266 ζημιούμενοι,
861 3197 1258 3268 προσηλοῦνται
1302 3201 1396 3254 καὶ
1432 3202 1775 3267 ἐκκαίονται,
1813 3207 2027 3278 καὶτῆς

447 3290 657 3344 ἑαυτῶν
717 3291 897 3362 ψυχῆς
949 3293 1147 3363 μᾶλλον
1195 3295 1363 3359 αύτάς
1411 3298 1708 3366 ἀγαπῶσι,
1749 3301 2028 3357 διανυκτευ

449 3383 694 3454 ρεύοντες
721 3387 779 3438 ἐν
806 3387 918 3449 τοῖς
948 3388 1173 3442 ἐκείνων
1204 3391 1527 3463 προθύροις;
1580 3396 1820 3450 Ἐκεῖθεν
1847 3398 2025 3451 λάϐω-

449 3479 634 3548 μεντὸ
662 3481 984 3553 ὑπόδειγμα,
1018 3484 1114 3553 ούχ
1151 3483 1289 3538 ὥστε
1311 3489 1566 3553 τοιαύτας
1597 3491 1792 3562 φιλεῖν,
1822 3495 2024 3565 πόρνας

446 3573 589 3644 λέγω
619 3580 905 3644 γυναῖκας,
935 3579 1049 3632 ἀλλ’
1070 3580 1210 3633 ὥστε
1239 3580 1386 3636 οὕτω
1414 3585 1588 3652 φιλεῖν
1611 3589 1738 3652 τοὺς
1770 3590 2018 3660 ἐχθρούς.

445 3669 580 3722 Εἰπὲ
630 3672 738 3740 γάρ
779 3689 890 3739 μοι,
925 3673 1046 3742 οὐχὶ
1067 3674 1284 3726 πάντων
1323 3677 1537 3747 ἐχθρῶν
1568 3681 2022 3755 ὑϐριστικώτερον

443 3765 626 3829 αὐτοῖς
651 3767 944 3836 κέχρηνται
968 3807 980 3829 ,
1014 3769 1108 3821 καὶ
1133 3769 1228 3839 τὴν
1250 3769 1440 3826 οὐσίαν
1475 3775 1816 3830 διασπαθῶσι
1847 3779 1896 3844 ιι,
1928 3781 2020 3834 καὶ

451 3862 549 3932 τὴν
605 3863 726 3931 ὄψιν
770 3864 1081 3933 ύόρίζουσι,
1108 3867 1199 3918 καὶ
1234 3866 1344 3921 τῶν
1375 3869 1806 3942 διακονουμένων
1828 3877 2022 3941 αύταῖς

453 3959 816 4030 δουλικώτερα
869 3962 1275 4030 ἐπιτάττουσινς
1337 3965 1477 4019 Ἀλλ’
1527 3967 1676 4039 ὅμως
1735 3971 1834 4024 οὐκ
1894 3974 2020 4043 ἀφίο

447 4070 691 4109 στανται.
725 4058 917 4111 Καίτοι
970 4058 1144 4121 οὐδεὶς
1169 4060 1358 4115 οὐδένα
1393 4062 1502 4133 ἔχει
1529 4065 1770 4121 τοιοῦτον
1801 4069 2014 4142 ἐχθρὸν,

439 4145 550 4204 οἷον
578 4154 605 4205 6
641 4153 812 4222 φιλῶν
841 4153 938 4224 τὴν
964 4154 1316 4227 φιλουμένην.
1340 4159 1448 4211 Καὶ
1476 4161 1585 4232 γάρ
1616 4161 2017 4233 θρύπτεταικαὶ

440 4248 727 4313 αἰκίζεται,
763 4252 856 4302 καὶ
886 4249 1262 4322 ἀποκέχρηται
1319 4254 1467 4325 αύτῷ
1509 4256 1813 4331 πολλάκιςή
1841 4261 2016 4330 φιλου-

443 4345 598 4414 μένη,
646 4347 740 4398 καὶ
788 4347 897 4416 ὅσῳ
945 4346 1010 4400 ἂν
1062 4348 1282 4417 φιλῆται
1315 4390 1330 4410 ,
1382 4354 1621 4425 τοσούτῳ
1661 4361 2011 4426 καταφρονεῖ.

441 4443 629 4494 Καίτοι
663 4443 715 4495 τί
755 4445 847 4513 τῆς
881 4442 1022 4497 οὓτω
1068 4445 1414 4519 διακειμένης
1458 4450 1634 4522 ψυχῆς
1659 4451 2012 4525 θηριωδέστε-

441 4551 572 4602 ρον;
623 4535 762 4589 Ἀλλ’
812 4537 961 4607 ὅμως
1018 4537 1262 4606 φιλοῦσιν
1311 4541 1525 4595 ἐκεῖνοι.
1567 4544 1727 4597 Ἀλλά
1762 4548 1902 4618 τάχα
1919 4551 2012 4604 καὶ

439 4631 545 4682 ἀπὸ
583 4631 691 4684 τῶν
731 4635 1113 4703 πνευματικῶν
1153 4637 1457 4707 εὑρήσομεν
1482 4639 1735 4710 τοιαύτην
1765 4643 2007 4714 ἀγάπην,

436 4723 498 4775 ού
534 4723 642 4777 τῶν
664 4723 758 4778 νῦν
790 4743 803 4756 ·
835 4727 1010 4797 ἐψύγη
1053 4731 1159 4800 γάρ
1183 4748 1195 4760 ·
1224 4729 1361 4782 ἀλλά
1401 4733 1506 4784 τῶν
1539 4734 1708 4786 πάλαι
1761 4739 2012 4806 μεγάλων

439 4820 534 4873 καὶ
572 4820 900 4890 θαυμαστῶν
925 4823 1148 4876 ἐκείνων
1178 4826 1405 4894 ἀνδρῶν.

521 4904 578 4956 ’0
604 4905 844 4974 Μωῡσῆς
871 4907 898 4958 6
955 4906 1221 4975 μακάριος
1249 4910 1342 4960 καὶ
1370 4908 1598 4974 τούτους
1621 4914 1818 4980 αὐτοὺς
1846 4916 2008 4988 ὑπερ-

433 4999 595 5054 έϐαλε
623 5001 750 5063 τοὺς
787 4999 948 5071 ἔρωτι
987 5000 1293 5070 φιλοῦντας.
1345 5004 1468 5068 Πῶς
1517 5007 1611 5060 καὶ
1647 5011 1753 5063 τίνι
1785 5013 2003 5083 τρόπῳ;

437 5096 656 5165 Πρῶτον
679 5097 778 5168 μὲν
804 5096 872 5150 τὰ
903 5096 1149 5166 βασίλεια
1190 5099 1368 5167 ἀφιεὶς
1409 5103 1504 5154 καὶ
1531 5101 1628 5174 τὴν
1654 5107 1770 5160 ἐκεῖ
1798 5110 2008 5182 τρυφὴν

437 5195 529 5246 καὶ
566 5195 662 5265 τὴν
715 5195 1011 5266 θεραπείαν
1069 5198 1160 5250 καὶ
1203 5198 1264 5250 τὸ
1291 5196 1629 5266 δοξάζεσθαι,
1669 5205 1838 5259 εἵλετο
1863 5203 2002 5262 εἶναι

439 5289 577 5358 μετά
624 5290 730 5345 τῶν
774 5291 1140 5363 Ἰσραηλιτῶν.
1185 5294 1379 5349 Καίτοι
1413 5297 1473 5349 ού
1512 5297 1668 5367 μόνον
1693 5302 1791 5355 ούκ
1821 5304 1886 5358 ἀν
1915 5323 2001 5370 τις

434 5382 592 5446 ἄλλος
633 5387 924 5455 εἰργάσατο
959 5388 1136 5456 τοῦτο,
1165 5389 1302 5444 ἀλλά
1357 5393 1459 5445 κᾶν
1489 5396 1804 5468 ἐπῃσχύνθη
1851 5401 2004 5470 ἐλέγο

434 5496 617 5550 κοντος
670 5482 856 5552 ἑτέρου
891 5487 1127 5558 φανῆναι
1164 5490 1430 5562 συγγενὴς
1473 5493 1533 5545 ού
1577 5494 1736 5564 μόνον
1765 5497 2001 5564 δούλων,

437 5588 571 5643 ἀλλὰ
622 5589 711 5642 καί
763 5593 975 5660 μιαρῶν
1004 5590 1144 5649 εἶναι
1180 5595 1586 5666 νομιζομένων·
1623 5598 1727 5652 6δέ
1751 5600 1810 5652 ού
1847 5599 2007 5669 μόνον

519 5773 539 5844 ξ
573 5771 718 5844 .\_1_arg.
738 5777 918 5844 βοτη..
947 5783 1240 5844 μιμούμενοι.

517 5832 546 5874 δ
584 5832 692 5884 MSS:
720 5839 817 5887 duo
854 5832 1111 5895 διασπξῦσιί

2162 395 2265 466 τῆν
2304 398 2620 466 συγγένειαν
2635 401 2734 454 οὐκ
2751 403 3085 474 ἐπῃσχύνθη,
3115 403 3247 458 ἀλλά
3266 406 3359 459 καὶ
3390 407 3554 460 παντὶ
3577 409 3737 482 θύμῳ

2156 504 2329 574 ἤμυνε
2349 546 2364 569 ,
2397 507 2489 560 καὶ
2517 509 2599 570 εἰς
2639 507 2918 570 κινδύνους
2947 506 3137 560 ἐαυτὸν
3161 506 3384 577 ἐρριψεν
3417 507 3560 579 ὑπὲρ
3584 510 3735 563 ἐκείσ

2154 616 2280 656 νων.
2309 603 2465 666 Πῶςς
2509 603 2685 674 ῗΟρῶν
2710 646 2725 669 ,
2761 604 2916 672 φησι,
2961 603 3082 657 τινά
3104 603 3412 666 ἀδικοῦντα,
3452 605 3626 675 ἤμυνε
3655 605 3737 675 τῷ

2152 695 2495 768 ἀδικουμένῳ
2522 741 2536 763 ,
2580 699 2674 752 καὶ
2732 701 3020 753 ἀπέκτεινε
3081 699 3173 752 τὸν
3235 699 3543 754 ἀδικοῦντα.
3591 702 3733 754 Ἀλλ’

2150 789 2303 844 οὔπω
2328 793 2498 845 ταῦτα
2533 793 2672 865 ὑπὲρ
2705 794 2915 866 ἐχθρῶν
2948 809 2963 825 ·
3006 794 3218 864 μεγάλα
3257 795 3354 851 ιιὲν
3383 791 3474 848 οὖν
3503 797 3598 849 καὶ
3630 799 3734 850 αύ-

2149 885 2236 953 τά,
2274 888 2372 956 οὐχ
2398 887 2542 942 οὕτω
2578 889 2634 942 δὲ
2667 891 2744 953 ὼς
2773 891 2842 944 τά
2875 891 3012 960 μετά
3045 891 3246 944 ταῦτα.
3281 893 3358 962 Τῇ
3381 889 3472 946 οὖν
3496 894 3734 968 ἐπιούσῃ

2149 981 2330 1052 ἡμέρᾳ
2376 982 2436 1034 τὸ
2469 983 2598 1036 αὐτὸ
2649 980 2755 1038 εἶδε
2805 986 3108 1056 γινόμενον,
3144 989 3392 1040 κάκεῖνον
3425 981 3468 1055 ᾧ
3519 989 3733 1059 ἤμυνεν

2145 1075 2286 1143 ὁρῶν
2307 1073 2624 1140 ἀδικοῦντα,
2663 1076 2896 1148 παρῄνει
2935 1078 3247 1132 παύσασθαι
3281 1082 3378 1150 τῆς
3411 1081 3620 1146 ἀδικίας
3651 1098 3667 1114 ο
3696 1085 3730 1135 6

2144 1165 2199 1221 δέ
2221 1188 2290 1240 φη
2302 1187 2371 1234 σι,
2398 1172 2564 1242 πολλῇ
2583 1173 2943 1244 ἀγνωμοσύνῃ
2971 1175 3330 1245 κεχρημένος,
3356 1173 3456 1241 Τίς
3482 1193 3555 1230 σε
3571 1196 3726 1232 κατ-

2143 1266 2406 1332 έστησεν
2438 1268 2702 1338 ἄρχοντα
2745 1270 2845 1324 καί
2879 1271 3183 1340 δικαστὴν
3218 1273 3310 1341 ἐφ’
3365 1259 3557 1341 ἡμᾶςέ
3589 1276 3731 1328 Τίνα.

2144 1363 2240 1416 οὐκ
2272 1362 2336 1416 ἂν
2363 1366 2629 1436 ἐνέπρησε
2666 1366 2735 1419 τά
2765 1368 2984 1438 ῥήματα
3015 1367 3220 1432 ταῦτα;
3258 1369 3323 1421 Εἰ
3347 1369 3525 1422 τοίνυν
3553 1370 3720 1441 θυμῷ

2141 1457 2202 1510 τὸ
2246 1461 2506 1529 πρότερον
2555 1462 2768 1528 ἐγένετο
2812 1463 2906 1516 καὶ
2936 1463 3124 1534 μανίᾳ,
3152 1466 3244 1517 καὶ
3274 1465 3462 1520 τοῦτον
3484 1467 3550 1520 ἀν
3580 1466 3726 1536 πλήδ

2144 1551 2239 1617 ξας
2281 1555 2508 1609 ἀνεῖλεν.
2533 1557 2607 1610 Ού
2648 1558 2756 1630 γὰρ
2789 1558 2851 1628 δὴ
2899 1561 3124 1622 ἐκεῖνος,
3155 1561 3295 1631 ὑπὲρ
3323 1557 3383 1615 οὗ
3415 1561 3573 1615 τοῦτο
3605 1563 3731 1632 ἐγέε

2139 1669 2279 1716 νετο,
2308 1655 2680 1726 κατεμήνυσεν
2709 1657 2772 1710 ἂν
2788 1655 2970 1721 αὐτὸν,
3003 1652 3117 1711 ἀλλ’
3146 1660 3228 1712 ὅτι
3253 1661 3534 1726 συγγενεῖς
3554 1656 3719 1730 ἦσαν,

2139 1747 2310 1816 φησὶ,
2353 1749 2524 1802 ταῦτα
2569 1745 2742 1804 εἶπεν.
2786 1753 2914 1805 Ὅτε
2963 1754 3224 1822 ἠδικεῖτο,
3269 1753 3422 1806 οὐδὲν
3473 1755 3722 1808 τοιοῦτον

2138 1843 2456 1911 ἐφθέγξατο,
2495 1847 2590 1911 Τίς
2621 1864 2695 1901 σε
2738 1847 3118 1916 κατέστησεν
3141 1851 3402 1918 ἄρχοντα
3427 1853 3524 1904 καί
3548 1851 3722 1906 δικα-

2136 1937 2295 2006 στὴν
2321 1939 2414 2007 ἐφ’
2441 1939 2640 2008 mlite;
2675 1942 2771 1995 Διά
2823 1943 2875 1994 τί
2924 1945 2998 2014 μὴ
3039 1945 3167 2013 χθὲς
3215 1939 3370 2008 εἶπες
3414 1945 3606 2011 τοῦτ-ος
3646 1945 3717 2001 Ἡ

2135 2032 2318 2087 ἀδικία
2347 2037 2379 2104 ἡ
2411 2034 2478 2106 σὴ
2504 2037 2596 2088 καὶ
2632 2038 2664 2106 ἤ
2693 2037 2932 2107 ὠμότης,
2959 2039 3142 2108 φησὶν,
3183 2038 3321 2110 αῦτη
3355 2059 3422 2110 με
3444 2042 3717 2110 κατέστη-

2137 2146 2228 2184 σεν
2255 2131 2490 2202 ἄρχοντα
2518 2136 2611 2187 καὶ
2639 2134 2923 2203 δικαστήν.
2969 2135 3126 2188 Ἀλλά
3157 2134 3251 2190 νῦν
3291 2138 3392 2206 ὅρα
3413 2139 3495 2192 ὃτι
3519 2139 3612 2192 καὶ
3634 2139 3718 2210 τῷ

2134 2226 2252 2296 Θεῷ
2299 2229 2470 2282 ταῦτα
2499 2229 2715 2297 λέγουσί
2747 2229 2861 2302 [51]
2886 2249 3047 2296 τινες.
3093 2234 3180 2286 Ἐν
3208 2228 3288 2296 οἷς
3318 2235 3416 2304 μὲν
3447 2236 3553 2306 γάρ
3590 2237 3715 2290 ἀδι-

2134 2322 2373 2387 κοῦνται,
2418 2324 2696 2393 βούλονται
2738 2326 2897 2379 αὑτὸν
2943 2323 3083 2380 εἶναι
3137 2328 3388 2400 σφοδρὸν,
3459 2332 3552 2384 καὶ
3609 2333 3712 2400 τῆς

2136 2419 2518 2490 μακροθυμίας
2555 2421 2719 2474 αὑτοῦ
2763 2423 3163 2493 κατηγοροῦσιν
3193 2441 3206 2454 ·
3245 2426 3374 2479 ὅταν
3418 2428 3474 2480 δὲ
3506 2429 3712 2484 ἀδικῶ-

2135 2527 2240 2580 σιν,
2265 2515 2466 2569 οὐκέτι.
2513 2518 2578 2569 Τί
2600 2517 2808 2569 τούτων
2865 2517 3190 2589 πικρότερον
3233 2520 3340 2573 τῶν
3401 2523 3702 2593 ρημάτων;

2146 2609 2284 2662 Ἀλλ’
2311 2611 2458 2681 ὅμως
2492 2613 2630 2682 μετὰ
2663 2613 2833 2666 ταῦτα
2857 2615 2993 2684 πρὸς
3025 2615 3149 2678 τοὺς
3173 2615 3497 2687 ἀγνώμονας
3517 2661 3533 2685 ,
3569 2621 3712 2692 πρὸς

2129 2707 2257 2769 τοὺς
2297 2707 2623 2778 ἀχαρίστους
2662 2709 3016 2780 πεμπόμενος
3040 2750 3055 2774 ,
3093 2712 3314 2782 ἤρχετο,
3338 2715 3430 2767 καὶ
3463 2716 3562 2768 ούκ
3586 2717 3712 2770 ἀνε-

2130 2803 2307 2856 δύετο.
2347 2803 2507 2856 Ἀλλά
2561 2805 2656 2858 καὶ
2694 2804 2830 2874 μετὰ
2869 2805 2939 2858 τὰ
2971 2809 3173 2875 σημεῖα
3207 2809 3410 2872 ἐκεῖνα,
3443 2811 3536 2862 καὶ
3568 2813 3709 2880 μετά

2127 2898 2196 2950 τὰ
2224 2897 2473 2969 θαύματα
2501 2899 2566 2953 τά
2593 2897 2660 2954 δι’
2680 2899 2847 2954 αὐτοῦ
2874 2902 3160 2972 γενόμενα,
3188 2904 3520 2958 καταλεῦσαι
3544 2907 3709 2960 αὑτὸν

2129 2992 2390 3057 πολλάκις
2414 2995 2795 3068 ἐπεχείρησαν,
2817 2999 2910 3051 καὶ
2934 2997 3163 3066 ἐξέφυγε
3181 2999 3280 3063 τὰς
3299 3003 3485 3071 χεῖρας
3503 3003 3704 3056 αύτῶν⁴

2129 3091 2220 3142 καὶ
2247 3092 2655 3161 κατεγόγγυζον
2693 3095 2950 3164 συνεχῶς,
2986 3092 3099 3148 ἀλλ’
3122 3094 3272 3166 ὅμως
3308 3099 3505 3161 αὐτοὺς
3532 3099 3699 3161 οὕτως

2128 3185 2302 3254 ἐφίλει
2352 3187 2550 3258 ἔρωτι,
2593 3191 2666 3252 ὼς
2710 3191 2884 3242 εἰπεῖν
2927 3189 3064 3262 πρὸς
3105 3192 3198 3245 τὸν
3225 3193 3378 3258 Θεὸν,
3415 3195 3576 3266 ἡνίκα
3605 3197 3705 3266 τὴν

2127 3283 2402 3354 ἁμαρτίαν
2435 3285 2650 3355 ἐκείνην
2696 3283 2795 3356 τὴν
2825 3288 3070 3358 χαλεπὴν
3101 3291 3425 3358 εἰργάσαντο
3450 3308 3463 3321 ·
3489 3295 3558 3345 Εἰ
3589 3294 3702 3360 μὲν

2125 3377 2288 3446 ἁφῆς
2312 3379 2517 3446 αὐτοῖς
2540 3380 2656 3447 τὴν
2689 3383 3002 3450 ἁμαρτίαν,
3032 3384 3181 3452 ἄφες
3207 3402 3221 3416 ο
3252 3389 3305 3438 εἰ
3337 3386 3404 3438 δὲ
3426 3386 3532 3455 μὴ,
3553 3389 3701 3456 κὰμὲ

2123 3472 2449 3542 ἑξάλειψον
2479 3476 2548 3528 ἐκ
2587 3475 2697 3544 τῆς
2715 3477 2938 3540 ,ϐίϐλου
2968 3474 3045 3548 ἧς
3084 3479 3382 3549 ἔγραψας.
3427 3483 3700 3552 Βούλομαι

2127 3571 2243 3640 μετ’
2265 3572 2487 3625 ἐκείνων
2513 3573 2830 3636 ἀπολέσθαι,
2857 3575 3042 3643 φησὶν,
3085 3575 3117 3646 ἢ
3146 3577 3318 3648 χωρὶς
3341 3579 3564 3632 ἐκείνων
3596 3581 3689 3632 σώ-

2123 3664 2548 3731 ζεσθαι.ὐντως
2589 3669 2774 3738 μανία,
2797 3669 2966 3732 ὅντως
2987 3671 3129 3739 ἔρως
3164 3673 3357 3743 μέγας.
3396 3675 3460 3727 Τί
3486 3675 3698 3743 λέγεις;

2121 3760 2214 3812 τοῦ
2267 3763 2497 3833 ούρανοῦ
2555 3767 2955 3835 καταφρονεῖς;
2988 3767 3133 3834 Ναὶ,
3187 3769 3322 3840 φησί
3357 3785 3371 3799 ·
3397 3767 3536 3838 φιλῶ
3593 3772 3702 3842 γὰρ

2119 3864 2245 3927 τοὺς
2269 3865 2616 3934 ἠδικηκότας.
2638 3866 3049 3938 Ἐξαλειφθῆναι
3078 3869 3282 3935 αἰτεῖς;
3317 3871 3425 3924 Καὶ
3449 3873 3502 3924 τί
3520 3873 3697 3934 πάθω,

2121 3956 2284 4024 φησίν
2308 3973 2322 4022 ;
2347 3955 2484 4026 ἐρως
2512 3958 2622 4026 γάρ
2640 3959 2776 4013 ἐστι.
2802 3956 2867 4012 Τί
2896 3959 2953 4012 δὲ
2981 3961 3050 4013 τά
3082 3961 3222 4031 μετά
3245 3961 3420 4014 ταῦτα
3445 3978 3460 4028 ;
3493 3964 3698 4016 Ἀκουο

2121 4068 2212 4104 σον
2248 4053 2301 4104 τί
2331 4069 2495 4122 φησιν
2525 4053 2752 4124 ἑτέρωθι
2784 4055 2816 4126 ἡ
2841 4055 3030 4127 Γραφή
3051 4074 3065 4088 ·
3102 4058 3210 4112 Καί
3238 4057 3506 4128 ἐκακώθη
3531 4063 3698 4113 Mm}-

2117 4145 2237 4215 σῆς
2280 4146 2354 4200 δι’
2392 4150 2633 4216 αὐτούς.
2675 4150 2913 4215 Ποσάκις
2958 4153 3234 4223 ῦὸρισανς
3285 4155 3522 4218 ποσάκις
3565 4156 3696 4208 ἀπε-

2118 4246 2507 4316 χειροτόνησαν
2538 4247 2723 4310 αὑτὸν,
2768 4247 2864 4301 καὶ
2887 4247 2976 4301 τὸν
3003 4249 3231 4318 ἀδελφόν
3256 4268 3270 4316 ;
3314 4252 3394 4315 εἰς
3418 4251 3694 4320 Αἴγυπτον

2118 4342 2350 4406 ποσάκις
2406 4345 2803 4413 μεταναστῆναι
2856 4344 3129 4416 ἐζήτησαν
3155 4363 3171 4412 ;
3200 4347 3294 4399 καὶ
3352 4346 3491 4418 μετὰ
3519 4347 3692 4400 ταῦτα

2117 4439 2301 4492 πάντα
2328 4437 2605 4503 ἐξεκαίετο
2628 4439 2718 4494 καὶ
2751 4441 3041 4511 ἐμεμήνει,
3076 4439 3169 4494 καὶ
3198 4441 3338 4512 ὑπὲρ
3375 4442 3555 4494 αὐτῶν
3587 4445 3693 4495 πά-

2118 4551 2265 4603 σχειν
2301 4534 2516 4604 ἕτοιμος
2538 4531 2625 4606 ἦν.
2663 4535 2818 4589 Οῦτω
2848 4537 2928 4590 δεῖ
2957 4537 3133 4607 φιλεῖν
3159 4539 3285 4603 τοὺς
3318 4539 3565 4609 ἐχθροὺς.
3595 4557 3689 4592 κοο

2117 4628 2387 4698 πτὸμενον
2429 4629 2525 4683 καὶ
2560 4629 3077 4703 ταλαιπωρούμενον
3103 4633 3198 4686 καὶ
3233 4635 3410 4687 πάντα
3429 4633 3690 4688 ποιοῦντα

2115 4723 2209 4775 καὶ
2238 4723 2626 4794 χωριζόμενον,
2665 4727 2911 4795 ἐφίεσθαι
2946 4729 3045 4799 τῆς
3088 4730 3365 4799 σωτηρίας
3403 4730 3603 4784 αὐτῶν.
3625 4731 3689 4782 Τί

2112 4817 2168 4870 δέ
2197 4821 2225 4872 6
2253 4817 2486 4886 Παῦλος,
2522 4823 2644 4874 εἰπέ
2689 4839 2801 4892 μοι,
2825 4825 2945 4894 οὐχὶ
2971 4825 3063 4877 καὶ
3089 4825 3316 4893 γέενναν
3345 4826 3546 4896 ⁴ᾔτησεν
3569 4827 3688 4880 ἀντ’

2113 4915 2337 4983 αὐτῶνς
2391 4917 2530 4970 Ἀλλ’
2563 4919 2670 4972 ἀπὸ
2729 4919 2822 4972 τοῦ
2878 4921 3150 4974 Δεσπότου
3206 4923 3268 4975 τὸ
3337 4925 3685 4996 παράδειγμα

2111 5013 2409 5080 ἀναγκαῖον
2450 5015 2702 5084 ἀγαγεῖν.
2746 5014 2903 5069 Οὕτω
2945 5017 3052 5088 γάρ
3085 5019 3180 5072 καὶ
3215 5019 3377 5083 αύτδς
3403 5024 3565 5084 ποιεῖ,
3595 5021 3684 5074 λέ-

2111 5126 2245 5177 γων,
2275 5110 2355 5162 ὅτι
2378 5109 2489 5162 Τὸν
2525 5109 2703 5178 ἥλιον
2722 5111 2908 5165 αὐτοῦ
2921 5113 3238 5168 ἀνατέλλει
3261 5116 3356 5168 ἐπὶ
3383 5117 3686 5184 πονηροὺς

2111 5205 2208 5258 καί
2262 5205 2520 5274 ἀγαθούς
2551 5222 2565 5236 ·
2603 5206 2710 5259 ἀπὸ
2744 5207 2838 5260 τοῦ
2864 5208 3079 5279 Πατρδς
3109 5210 3274 5263 αὐτοῦ
3301 5211 3480 5281 φέρων
3505 5214 3564 5266 τὸ
3582 5231 3686 5267 πα·-

2113 5303 2400 5373 ράδειγμα,
2449 5303 2611 5372 ἡμεῖς
2653 5302 2710 5356 δὲ
2762 5305 3038 5358 ἀπἀύτοῦ
3089 5306 3184 5359 τοῦ
3240 5305 3682 5380 Χριστοῦ.Ἦλθε

2110 5399 2247 5469 πρὸς
2268 5399 2486 5461 αὐτοὺς,
2520 5399 2659 5453 κατά
2686 5399 2782 5470 τὴν
2807 5402 3118 5472 οἰκονομίαν
3154 5403 3316 5472 λέγω,
3348 5405 3532 5470 δοῦλος
3563 5407 3684 5474 ἐγέ-

2109 5507 2228 5544 νετο
2259 5491 2325 5543 δι’
2356 5489 2571 5552 αὐτοὺς,
2605 5491 2967 5546 ἐταπείνωσεν
2997 5493 3211 5560 ἑαυτὸν,
3248 5495 3504 5560 ἐκένωσε,
3550 5514 3682 5566 μορ-

2107 5581 2212 5652 φὴν
2254 5580 2442 5633 δούλου
2502 5582 2661 5636 ἔλασε
2695 5597 2709 5609 ⁶
2741 5583 2833 5636 καὶ
2872 5589 3336 5658 παραγενόμενος,
3363 5587 3484 5641 οὔτε
3517 5589 3674 5652 αὐτὸ,

2105 5671 2185 5733 εἰς
2247 5669 2365 5723 666v
2415 5669 2584 5723 ἐθνῶν
2631 5673 2930 5743 ἀπήρχετο,
2959 5677 3185 5740 καὶτοῖς
3211 5678 3482 5748 μαθηταῖς
3517 5679 3674 5733 τοῦτο

2103 5761 2366 5814 ἐπέταττε
2402 5777 2416 5790 ⁸
2441 5761 2536 5812 καὶ
2578 5763 2637 5814 ού
2676 5761 2834 5816 τοῦτο
2876 5765 3058 5831 μόνον,
3100 5767 3234 5820 ἀλλά
3277 5770 3371 5821 καὶ
3439 5771 3672 5842 περιῆγε

2105 5849 2420 5920 θεραπεύων
2449 5853 2624 5907 πᾶσαν
2650 5854 2802 5909 νόσον
2823 5855 2914 5908 καὶ
2955 5859 3135 5911 πᾶσαν
3167 5859 3458 5927 μαλακίαν.
