4080 6218
327 319 401 374 δῦ
1249 314 1314 367 ΙΝ
1352 314 1569 369 ΕΡΞδΤ.
1614 315 1703 368 AD
1745 313 1919 369 EPllE

2032 315 2182 371 CAP.
2230 318 2328 373 ΙΙΙ.
2375 320 2601 377 ἰίΟΜὶίι.
2651 322 2758 376 Yll.
3541 334 3613 392 δέ

330 449 439 487 non
469 433 618 486 enim
648 431 752 485 hoc
782 428 965 484 fecerit
998 427 1087 496 qui
1119 436 1226 481 tam
1254 428 1416 480 nmlta
1445 436 1527 481 est
1552 439 1829 498 operatus.
1861 426 1917 481 Si

327 535 534 588 autem,
565 534 623 577 ut
646 522 821 576 discat
862 521 957 576 Dei
988 520 1289 584 caritatem,
1321 518 1486 571 Paulo
1513 533 1647 587 opus
1686 527 1770 571 est
1801 532 1920 587 pre-

327 618 548 671 catione
586 626 642 669 et
671 613 844 669 fulcro
887 612 1138 682 Spiritus,
1167 611 1289 681 quis
1314 609 1511 665 Christi
1557 610 1691 665 sciet
1736 626 1921 664 esseu-

329 710 487 772 tiam,
518 720 747 775 sequens
768 701 1088 758 ratiocinia?
1115 702 1271 770 Atqui
1294 700 1582 755 dil'ficilene
1607 710 1690 754 est
1713 700 1920 762 discere

330 798 479 866 quod
521 798 661 851 Deus
688 809 788 850 nos
816 793 1043 864 diligat?
1072 792 1168 847 Est
1197 791 1486 852 adinudum
1509 791 1744 856 difficile,
1782 810 1814 840 o
1841 791 1920 844 di-

330 895 496 944 lecte.
550 885 682 942 Nam
728 886 820 941 alii
858 885 1078 955 quidem
1119 884 1281 938 etiam
1323 882 1427 936 hoc
1472 882 1741 952 ignorant,
1782 882 1921 935 umle

326 983 491 1037 etiam
519 980 705 1034 dicunt
749 975 1160 1032 innumerabilia
1206 974 1343 1032 mala
1390 973 1520 1029 oriri
1554 972 1755 1027 mundo
1786 991 1798 1027 ς
1831 973 1917 1025 alii

327 1088 506 1131 autem
544 1073 793 1143 ignorant
817 1078 1100 1140 quantum.
1131 1067 1327 1121 Paulus
1372 1075 1549 1121 autem
1595 1081 1701 1119 non
1729 1066 1921 1133 qua-rit

327 1176 608 1234 quasnam,
643 1177 818 1232 neque
858 1172 916 1216 ut
941 1160 1249 1215 dimetiatur
1276 1177 1288 1211 :
1318 1158 1591 1238 qumuodu
1617 1158 1760 1211 enim
1796 1172 1922 1226 pos-

326 1255 447 1310 set?
469 1255 566 1309 sed
589 1252 737 1323 quod
775 1253 878 1306 hoc
900 1252 1074 1321 ipsum
1098 1250 1307 1307 discere
1332 1259 1412 1304 est
1434 1264 1701 1309 summum
1724 1258 1778 1302 et
1808 1262 1921 1300 ma-

323 1363 487 1418 gnum
509 1366 523 1400 :
542 1346 744 1401 etdicit
766 1359 828 1399 se
853 1358 919 1400 ex
941 1342 1046 1397 hoc
1064 1343 1176 1410 ipso
1209 1355 1366 1410 posse
1397 1339 1701 1402 ostendere.
1728 1353 1920 1407 nempe

325 1455 391 1494 ex
420 1437 752 1507 cognitione,
767 1450 869 1505 qua
885 1449 984 1487 nos
996 1432 1195 1502 dignati
1209 1445 1414 1484 sumus.
1435 1429 1637 1498 Atquid
1649 1439 1731 1483 est
1744 1427 1917 1483 abun-

324 1529 540 1583 dantius
559 1542 721 1597 quam
741 1521 1471 1579 corroborari?Corroborari
1503 1522 1718 1584 virtute,
1739 1534 1920 1588 quem-

325 1619 615 1674 admodum
645 1619 806 1672 etiam
835 1615 1110 1671 Christum
1141 1614 1286 1667 intus
1317 1612 1515 1669 habere
1555 1611 1917 1672 abundantius

326 1724 431 1778 est,
472 1727 633 1781 quam
679 1708 996 1778 simplicimr
1029 1721 1150 1767 eum
1182 1704 1400 1768 habere,
1435 1704 1472 1756 i.
1506 1718 1556 1756 e.
1602 1702 1919 1771 simpliciter

325 1819 454 1862 eum
482 1800 751 1872 proﬁteri.
771 1797 1188 1869 Magpaﬂnquit,
1219 1806 1344 1850 sunt
1369 1812 1489 1866 quae
1513 1806 1802 1865 petuntur;
1826 1793 1917 1847 sed

327 1895 436 1949 scit
456 1896 621 1949 etiam
654 1892 832 1948 facere
855 1906 970 1961 quze
997 1890 1112 1960 ipsa
1141 1876 1417 1958 superant,
1452 1887 1587 1946 adeo
1611 1895 1667 1939 ut
1698 1901 1801 1947 non
1832 1900 1921 1938 so-

332 1986 448 2039 lum
476 1984 781 2053 diligamus,
808 1980 899 2042 sed
929 1981 1089 2034 etiam
1115 1978 1295 2039 valde.
1324 1977 1643 2032 Mcditemur
1672 1977 1852 2044 igitur,
1882 1990 1918 2028 ο

329 2076 543 2141 dilecti,
594 2085 648 2128 ut
677 2073 771 2128 Dei
793 2073 1066 2129 discamus
1106 2070 1472 2131 dilectionem.
1512 2068 1623 2122 Hoc
1670 2082 1916 2136 magntmt

330 2178 416 2222 est
446 2186 462 2220 :
492 2166 625 2220 nihil
651 2166 803 2231 nobis
827 2165 906 2218 sic
926 2163 1166 2234 prodest,
1195 2161 1325 2215 nihil
1347 2174 1445 2214 nos
1473 2161 1543 2213 ita
1573 2158 1914 2228 compungit:

329 2258 437 2320 hoc
468 2256 637 2325 magis
660 2265 745 2309 est
769 2263 956 2324 aptum
987 2263 1041 2309 et
1067 2254 1339 2307 sutticrens
1365 2250 1431 2304 ad
1464 2260 1675 2303 nostras
1704 2249 1921 2318 capien-

329 2352 429 2405 das
463 2349 694 2411 animas,
723 2362 885 2418 quam
932 2356 1105 2401 metus
1140 2343 1425 2413 gehenum.
1458 2340 1617 2397 Unde
1647 2356 1773 2392 vero
1819 2341 1919 2393 hoc

330 2441 604 2499 sciemus?
654 2441 718 2494 Et
760 2455 828 2494 ex
878 2439 945 2492 iis
972 2454 1091 2508 qum
1123 2438 1264 2491 dicta
1310 2444 1455 2497 sunt,
1506 2442 1560 2488 et
1590 2448 1655 2486 ex
1707 2433 1770 2486 iis
1798 2447 1918 2502 quae

328 2532 567 2606 quotidie
590 2532 858 2587 accidunt.
892 2530 1062 2597 Quam
1092 2527 1164 2583 ob
1185 2542 1401 2582 causam
1435 2525 1550 2579 lucc
1584 2524 1719 2578 facta
1749 2523 1913 2577 sunt?

328 2626 455 2696 quid
480 2628 561 2681 eis
583 2625 684 2695 ipsi
705 2639 844 2693 opus
872 2622 1006 2677 fuit?
1027 2621 1188 2682 Nihil.
1220 2620 1343 2679 Sive
1364 2635 1600 2692 sursum,
1625 2620 1738 2671 sive
1759 2617 1917 2673 dcor-

327 2732 449 2771 sum
467 2726 700 2787 spectes,
721 2729 938 2771 causam
950 2728 1171 2785 semper
1186 2712 1337 2790 ponit
1352 2710 1628 2772 caritatem
1647 2727 1660 2763 :
1686 2709 1916 2762 maxime

328 2823 509 2868 autem
556 2812 648 2867 illa
696 2822 778 2866 est
822 2811 1040 2878 caritas,
1085 2807 1303 2878 quando
1347 2807 1544 2860 ltettclit
1590 2802 1916 2870 hominibus,

326 2924 452 2962 cum
484 2907 616 2962 nihil
648 2906 715 2962 ab
745 2907 824 2969 eis
849 2906 1001 2974 prius
1043 2905 1112 2957 sit
1152 2903 1447 2972 profectum
1483 2898 1749 2953 beneficii.
1782 2894 1917 2955 Eum

326 3015 465 3069 ergo
508 3013 607 3055 nos
642 3014 856 3069 quoque
900 2997 1191 3057 imitemur,
1234 2992 1628 3057 bent-faciamus
1663 2989 1915 3054 inimicis,

429 3093 520 3160 qui
564 3104 668 3149 nos
695 3088 942 3155 oderunt,
978 3088 1043 3142 iis
1081 3086 1169 3156 qui
1203 3099 1301 3139 nos
1346 3092 1683 3147 aversantur,
1729 3077 1797 3138 ad
1827 3091 1919 3129 eos

328 3178 687 3240 accedamus:
722 3179 824 3235 hoc
871 3192 970 3233 nos
1020 3176 1133 3239 Deo
1190 3174 1363 3228 reddit
1411 3172 1633 3233 siiuiies.
1682 3169 1815 3229 Nam
1872 3168 1918 3222 si

327 3271 584 3335 amicum,
638 3270 829 3340 inquit,
878 3268 1091 3339 diligas,
1136 3266 1263 3344 quid
1317 3266 1441 3331 inde
1499 3261 1764 3316 lucraris?
1812 3261 1916 3314 hoc

328 3363 489 3415 etiam
513 3361 716 3422 faciunt
742 3359 944 3419 ethnici
971 3356 1184 3428 (Matth.
1212 3356 1265 3412 5.
1297 3356 1409 3426 46).
1440 3353 1544 3416 Sed
1571 3351 1709 3423 quod
1734 3359 1816 3405 est
1837 3350 1919 3410 in-

327 3454 525 3514 dicium
552 3451 836 3511 caritatis?
861 3451 1086 3520 Diligere
1107 3463 1226 3502 eum
1248 3446 1336 3516 qui
1361 3445 1556 3501 oderit,
1588 3442 1720 3505 Volo
1742 3441 1918 3503 dicere

327 3546 547 3616 aliquod
586 3545 935 3614 exemplum;
972 3541 1227 3611 ignoscite
1272 3539 1423 3605 mihi,
1469 3554 1573 3590 non
1606 3535 1823 3590 invenio
1864 3535 1915 3593 in

326 3639 702 3708 spiritualibns
729 3655 744 3692 :
771 3635 1118 3706 quamobrem
1166 3632 1337 3687 dicam
1386 3647 1452 3686 ex
1496 3628 1756 3685 externis.
1800 3626 1915 3680 Non

326 3730 522 3784 videtis
551 3726 837 3798 eosquihic
849 3722 1223 3792 ama,nt?quam
1239 3716 1699 3788 multisabiisqute
1732 3731 1919 3771 aman-

325 3830 418 3875 tur
463 3818 822 3885 cornameliis,
871 3815 1098 3880 insidiis,
1141 3812 1352 3878 damnis
1397 3810 1506 3865 sint
1549 3808 1724 3864 affecti
1750 3826 1763 3862 :
1794 3817 1920 3861 sunt

323 3911 477 3965 affixi
516 3921 720 3973 urtica,
754 3909 1053 3978 ardentque
1102 3915 1160 3969 et
1198 3914 1445 3972 uruntur,
1497 3912 1552 3958 et
1602 3918 1694 3957 cas
1747 3901 1917 3971 magis

325 4012 513 4059 autaut
544 4018 709 4072 quam
752 4016 878 4063 suas
920 3999 1150 4060 animas,
1182 4003 1559 4066 pernoctautes
1606 3994 1658 4047 in
1702 3993 1912 4046 illarum

326 4094 649 4148 vestibulis?
688 4092 837 4147 illinc.
865 4089 1191 4160 accipiamus
1222 4085 1549 4156 exemplum,
1582 4097 1685 4137 non
1726 4091 1782 4137 ut
1826 4096 1920 4136 eas

326 4201 597 4253 amemus,
632 4185 965 4250 meretrices,
1010 4182 1248 4251 inquam,
1293 4178 1389 4234 sed
1433 4187 1491 4232 ut
1535 4177 1604 4230 ita
1632 4176 1916 4246 diligamus

327 4271 602 4333 inimicos.
626 4269 759 4336 Nam
788 4269 875 4323 dic
894 4266 1046 4333 mihi,
1072 4282 1178 4331 non
1199 4262 1642 4323 contumeliosius
1658 4262 1709 4314 in
1737 4275 1831 4313 eos
1861 4274 1919 4317 se

326 4373 528 4433 gerunt
557 4378 723 4438 quam
752 4377 943 4416 oumes
981 4359 1225 4424 inimici?
1265 4372 1372 4413 non
1401 4356 1662 4427 dissipant
1692 4354 1917 4415 faculta-

332 4458 458 4513 tes?
489 4471 596 4511 non
624 4457 678 4510 in
707 4470 771 4511 os
795 4454 1150 4517 contumelias
1175 4451 1445 4521 ingerunt,
1483 4456 1535 4503 et
1559 4448 1639 4502 eis
1670 4445 1920 4505 servilius

324 4548 601 4616 imperant
625 4561 782 4615 quam
803 4546 914 4609 suis
938 4542 1231 4607 ministris?
1251 4541 1357 4596 Sed
1387 4548 1564 4593 tamen
1595 4553 1699 4599 non
1731 4537 1921 4590 absce-

320 4636 488 4698 dunt.
516 4638 677 4706 Atqui
707 4635 882 4689 nullus
907 4635 1065 4690 talem
1095 4634 1255 4688 habet
1279 4631 1490 4695 hostem
1521 4628 1735 4698 qualem
1767 4641 1919 4684 ama-

323 4740 418 4790 .tor
460 4740 717 4787 amatam.
757 4727 906 4783 Illum
947 4726 1091 4784 enim
1124 4725 1434 4785 ludificatur
1479 4730 1535 4777 et
1571 4718 1921 4786 dissimulans

324 4823 540 4884 irridet.
579 4829 636 4876 et
680 4836 747 4876 eo
789 4835 933 4889 ωερε
968 4819 1208 4874 abutitur
1253 4815 1448 4881 amica,
1492 4822 1548 4869 et
1590 4828 1700 4883 quo
1751 4811 1921 4880 magis

328 4922 567 4978 amatur,
606 4926 674 4967 eo
710 4911 876 4980 magis
900 4908 1149 4979 despicit.
1185 4906 1348 4976 Atqui
1391 4906 1565 4958 anima
1611 4904 1689 4956 sic
1732 4900 1920 4955 affecta

328 5003 459 5073 quid
488 5012 580 5058 est
629 5001 800 5071 magis
837 4998 1169 5062 belluinum?
1215 4997 1292 5059 illi
1345 5007 1521 5049 tamen
1569 5001 1771 5047 amant.
1816 4990 1922 5045 Sed

331 5094 563 5155 fumasse
591 5093 754 5154 etiam
781 5106 813 5145 e
837 5088 1203 5160 spiritualibus
1233 5087 1392 5141 talem
1419 5085 1758 5147 inveniemus
1787 5083 1925 5137 cari-

334 5194 523 5249 tatem,
569 5200 676 5247 non
722 5197 788 5244 ex
819 5182 883 5236 iis
924 5180 1139 5251 quidem
1183 5179 1272 5250 qui
1316 5192 1461 5232 nunc
1505 5186 1669 5242 sunt;
1718 5174 1926 5228 refrixit

328 5279 516 5342 enim;
553 5277 652 5333 sed
696 5291 763 5332 ex
806 5275 910 5331 illis
950 5275 1078 5329 viris
1118 5274 1322 5341 magnis
1360 5281 1414 5325 ct
1456 5269 1791 5328 admirandis
1833 5268 1921 5337 qui

329 5369 552 5425 σωυω
582 5370 735 5431 olim.

318 5508 327 5514 .
403 5461 464 5515 4.
498 5459 697 5514 Beatus
715 5458 806 5513 ille
822 5457 995 5513 Moses
1014 5456 1107 5512 hos
1123 5471 1337 5528 quoque
1352 5454 1622 5524 superavit
1638 5453 1727 5522 qui
1744 5466 1928 5506 amore

327 5552 475 5623 capti
501 5559 710 5607 amant.
728 5550 1040 5621 Quomodo?
1061 5551 1295 5605 Primum
1313 5547 1527 5619 quidem
1551 5547 1735 5601 relicta
1757 5546 1922 5617 regia,

328 5654 384 5699 ct
405 5658 534 5715 quae
554 5642 667 5699 illic
686 5653 839 5697 erant
859 5641 1083 5705 delicis,
1114 5640 1409 5710 obsequiis,
1439 5638 1606 5709 gloria
1628 5648 1678 5693 et
1700 5638 1923 5702 honore,

329 5734 524 5799 maluit
546 5748 671 5790 esse
699 5747 821 5788 cum
850 5732 1121 5807 Israelitis.
1155 5731 1313 5802 Atqui
1350 5747 1456 5787 non
1492 5729 1593 5797 hoc
1625 5728 1795 5785 solum
1817 5743 1927 5787 non

662 5823 934 5895 ΡΔτιιοι.
980 5827 1095 5895 Gtt.
1132 5823 1331 5897 LXII.

2032 430 2244 486 fecisset
2285 433 2544 501 quispiam
2581 435 2742 501 alius,
2776 437 2869 492 sed
2890 439 3049 492 etiam
3070 441 3375 499 erubuisset
3398 443 3503 499 alio
3522 460 3612 504 ar-

2026 531 2239 589 guente,
2255 524 2396 592 quod
2413 527 2877 595 apparuisxetenm
2896 544 3017 583 esse
3036 542 3320 599 cognatum
3335 546 3440 587 non
3457 535 3619 591 modo

2026 627 2327 681 servorum,
2364 616 2457 670 sed
2486 632 2670 671 eorum
2698 620 2784 689 qui
2813 620 2974 674 etiam
3014 621 3463 679 existimabantur
3494 638 3614 679 esse

2027 704 2259 761 scelesti.
2289 705 2418 765 Eum
2449 721 2578 762 vero
2599 723 2701 767 non
2727 711 2898 764 solum
2922 727 3027 766 non
3052 712 3237 781 puduit
3256 715 3613 785 cognationis,

2027 796 2118 859 sed
2142 797 2302 853 etiam
2328 809 2441 862 toto
2462 802 2645 855 animo
2666 818 2760 858 eos
2785 805 2927 859 ultus
2950 786 3057 873 est,
3088 814 3140 860 et
3160 820 3221 863 se
3244 822 3343 886 pro
3364 807 3467 863 illis
3487 823 3613 863 col-

2030 886 2152 950 iccit
2169 886 2220 942 in
2244 890 2498 958 pericula.
2537 890 2858 959 Quomodo?
2885 895 3098 963 Videas,
3119 898 3307 967 inquit,
3330 899 3605 969 quemdam:

2029 976 2308 1032 facientem
2337 978 2606 1050 injuriam,
2629 983 2771 1037 ultus
2789 993 2869 1039 est
2888 1000 3009 1045 eum
3037 988 3120 1049 cui
3146 987 3308 1047 ﬁebat
3329 989 3539 1058 injuria,
3560 1000 3615 1043 ct

2025 1069 2220 1124 occidit
2240 1085 2364 1126 eum
2389 1072 2480 1142 qui
2514 1072 2796 1130 inferebat.
2824 1075 2931 1132 Sed
2960 1078 3197 1142 nondum
3223 1090 3348 1135 sum
3373 1079 3487 1135 lucc
3515 1096 3613 1151 pro

2027 1162 2254 1216 inimicis
2281 1182 2292 1217 :
2324 1179 2511 1233 magna
2533 1167 2745 1236 quidem
2770 1183 2855 1237 ea,
2877 1168 2968 1223 scd
2992 1186 3097 1232 non
3119 1180 3223 1231 tam
3242 1187 3434 1241 magna
3450 1188 3609 1242 quam

2022 1271 2143 1324 qua:
2175 1264 2354 1322 postea
2387 1254 2532 1311 fecit.
2571 1257 2822 1328 Sequenti
2855 1277 2981 1328 ergo
3009 1260 3096 1316 die
3124 1262 3252 1317 vidit
3280 1263 3423 1328 idem
3454 1262 3565 1318 fieri
3592 1305 3609 1329 ,

2023 1355 2075 1399 et
2101 1345 2249 1399 illum
2281 1347 2467 1412 videns
2495 1348 2739 1418 injuriam
2773 1351 3090 1417 facientem,
3122 1368 3279 1422 quem
3313 1353 3453 1409 ultus
3492 1355 3610 1413 foe.

2023 1447 2103 1502 rat
2122 1437 2220 1506 (α),
2244 1436 2522 1500 admonuit
2549 1450 2599 1493 ut
2626 1451 2868 1500 cessaret
2888 1443 3135 1512 injuriam
3165 1444 3339 1511 facere
3365 1463 3379 1498 :
3410 1444 3608 1504 illeauo
3633 1502 3639 1507 ,

2025 1537 2130 1581 tem
2154 1527 2444 1582 inhumano
2467 1529 2623 1598 plane
2642 1542 2697 1585 et
2721 1532 2925 1603 ingrato
2949 1533 3149 1598 animo,
3174 1535 3301 1601 Qui:
3327 1544 3393 1600 te,
3418 1534 3607 1606 inquit,

1984 1619 2006 1641 ⁸
2021 1618 2281 1681 constituit
2303 1619 2580 1689 principem
2602 1630 2648 1672 et
2659 1622 2887 1689 judicent
2905 1640 3061 1691 super
3080 1640 3170 1683 nos
3195 1624 3387 1693 (Exod.
3408 1625 3465 1679 9..
3487 1627 3611 1697 ﬂ)?

2022 1708 2190 1773 Quem
2214 1723 2318 1761 non
2342 1708 2702 1763 incendissent
2729 1711 2841 1765 ha~c
2862 1713 3057 1775 verba?
3074 1712 3132 1767 Si
3152 1730 3280 1784 ergo
3300 1715 3441 1786 quod
3465 1718 3612 1787 prius

2023 1803 2219 1863 factum
2244 1813 2354 1869 est,
2387 1802 2582 1866 factum
2612 1813 2754 1861 esset
2778 1804 2951 1878 aliqua
2978 1806 3140 1867 animi
3171 1807 3533 1878 indignatione
3556 1820 3611 1865 et

2022 1895 2354 1963 utl'ensione,
2393 1897 2534 1951 hunc
2575 1911 2790 1967 quoque
2835 1897 3188 1967 percussisset
3230 1909 3286 1955 et
3321 1898 3391 1954 de
3434 1900 3611 1956 medio

2021 1987 2328 2043 sustulisset
2358 2008 2369 2041 :
2402 2005 2506 2042 non
2536 1989 2679 2044 enim
2712 1990 2820 2056 ille,
2848 1999 3066 2059 propter
3087 2006 3246 2062 quem
3276 1991 3474 2049 factum
3498 1993 3610 2050 fue-

2023 2090 2122 2141 rat,
2155 2096 2276 2139 eum
2307 2079 2609 2135 detulisset.
2637 2080 2743 2135 Sed
2771 2082 3022 2152 quoniam
3053 2083 3265 2152 cognati
3292 2093 3465 2149 erant,
3496 2082 3611 2139 hac

2020 2169 2165 2231 dicit.
2191 2170 2415 2239 Quando
2436 2173 2489 2234 ei
2514 2171 2674 2237 fiebat
2697 2172 2910 2243 injuria,
2936 2171 3065 2235 nihil
3094 2173 3203 2228 tale
3228 2183 3312 2228 est
3339 2174 3606 2245 loquutus.

2020 2265 2152 2330 Quis
2179 2274 2230 2318 te
2256 2264 2534 2318 constituit
2561 2264 2855 2337 principem
2898 2276 2952 2327 et
2986 2264 3221 2334 judicent
3265 2280 3430 2335 super
3473 2264 3610 2319 nos?

2021 2355 2127 2409 Cur
2152 2355 2257 2422 hoc
2285 2365 2339 2410 et
2368 2354 2485 2409 heri
2532 2371 2639 2409 non
2680 2354 2905 2409 dixisti?
2935 2355 3129 2424 lnjuria
3162 2365 3249 2410 tua
3272 2397 3288 2422 ,
3322 2355 3525 2426 inquit,
3555 2365 3612 2410 et

2020 2449 2333 2514 crudelitas,
2363 2448 2477 2517 ipsa
2509 2464 2595 2503 me
2623 2448 2902 2502 constituit
2947 2447 3242 2518 principem
3270 2456 3326 2503 et
3347 2446 3608 2517 judicent.

2022 2542 2126 2595 Sed
2157 2555 2298 2595 nunc
2324 2541 2550 2605 observa
2578 2540 2718 2609 quod
2752 2540 2861 2594 Deo
2890 2555 3102 2610 quoque
3130 2540 3246 2594 lucc
3274 2539 3459 2597 dicunt
3487 2541 3607 2611 qui-

2020 2632 2166 2696 dam,
2193 2630 2325 2693 utin
2350 2646 2445 2686 eos
2472 2646 2501 2684 a
2529 2632 2722 2700 quibus
2749 2630 2940 2700 injuria
2965 2630 3275 2686 afficiuntur
3295 2632 3462 2687 velint
3484 2649 3606 2689 eum

2020 2740 2142 2780 esse
2166 2724 2560 2793 vehementem,
2589 2735 2643 2778 et
2682 2723 2800 2795 ejus
2824 2731 3079 2779 accusent
3122 2725 3397 2779 leuitatem
3426 2733 3481 2781 et
3509 2741 3606 2796 pa-

2023 2816 2259 2879 tientiam
2292 2832 2304 2867 :
2331 2814 2545 2884 quando
2565 2824 2742 2877 autem
2766 2812 2955 2883 injuria
2973 2813 3232 2875 afficiunt,
3258 2829 3363 2871 non
3392 2814 3599 2885 itidem.

2021 2908 2158 2975 Quid
2190 2908 2274 2971 his
2300 2908 2475 2973 verbis
2500 2906 2779 2963 amarius?
2805 2905 2912 2961 Sed
2944 2916 3118 2960 tamen
3140 2948 3155 2970 ,
3188 2920 3312 2964 cum
3346 2916 3467 2975 post
3491 2904 3608 2971 ha'c

2022 3000 2252 3065 mittitur
2279 2999 2344 3053 ad
2376 3001 2611 3069 ingratos
2636 3008 2693 3055 ct
2723 2997 2966 3058 beneficii
2999 2996 3363 3063 immemores,
3386 2995 3526 3062 vertit
3551 3005 3610 3061 et

2022 3105 2126 3144 non
2154 3090 2439 3144 recusavit.
2469 3088 2575 3144 Sed
2602 3103 2658 3144 et
2686 3098 2803 3159 post
2833 3088 2918 3144 illa
2949 3089 3100 3158 signa
3127 3098 3182 3142 et
3208 3094 3328 3159 post
3349 3087 3607 3161 miracula

2020 3196 2138 3249 quae
2163 3195 2258 3249 per
2284 3179 2456 3250 ipsum
2482 3179 2621 3233 facta
2652 3188 2772 3232 sunt
2795 3221 2810 3245 ,
2842 3192 2987 3247 saepe
3012 3192 3138 3234 eum
3163 3187 3292 3239 sntit
3316 3176 3493 3244 conati
3525 3176 3607 3237 la-

2022 3270 2232 3345 pidibus
2255 3272 2516 3336 obruere,
2547 3278 2603 3324 et
2641 3269 2811 3323 evasit
2840 3284 2870 3323 e
2898 3268 3145 3322 manibus
3168 3282 3360 3338 eorum
3389 3284 3404 3321 :
3433 3276 3492 3323 et
3517 3280 3602 3321 as-

2022 3362 2173 3416 sidue
2199 3361 2601 3418 murmurabant
2629 3376 2646 3423 ;
2692 3358 2787 3413 sed
2816 3369 2994 3424 tamen
3026 3356 3146 3422 illos
3167 3372 3238 3418 eo
3266 3370 3451 3430 amore
3476 3370 3605 3426 pro-

2021 3454 2362 3533 sequebatur,
2386 3464 2441 3513 ut
2464 3453 2574 3506 Deo
2597 3452 2811 3519 dixerit,
2835 3466 2960 3515 cum
2982 3465 3149 3530 grave
3179 3450 3309 3507 illud
3332 3460 3606 3521 peccatum

2020 3545 2361 3612 admisissent
2388 3563 2399 3596 :
2432 3544 2494 3603 Si
2536 3554 2797 3612 peccatum
2838 3543 3043 3622 quidem
3076 3543 3334 3611 dimittas,
3364 3542 3561 3596 dimitte
3588 3559 3607 3595 .-

2020 3640 2099 3705 σξη
2120 3638 2307 3701 minus,
2326 3653 2409 3702 me
2426 3652 2619 3717 quoque
2644 3636 2754 3695 dele
2776 3652 2803 3689 e
2823 3634 2951 3695 libro
2976 3651 3120 3704 quem
3139 3635 3387 3705 scripsisti
3408 3631 3601 3708 (Exod.

2022 3731 2112 3786 32.
2149 3732 2238 3788 'dl.
2288 3728 2401 3802 52).
2434 3729 2605 3801 Malo,
2636 3730 2840 3805 inquit,
2868 3744 2991 3784 cmn
3042 3728 3148 3791 illis
3186 3730 3363 3800 perire
3386 3772 3402 3800 ,
3447 3745 3605 3809 quam

2023 3820 2225 3892 absque
2256 3821 2358 3875 illis
2385 3835 2506 3876 eSse
2532 3819 2735 3876 salvus.
2779 3818 2858 3874 Re
2900 3834 3024 3874 vera
3070 3829 3154 3875 est
3182 3818 3332 3881 furor
3351 3862 3366 3884 ,
3396 3835 3455 3874 re
3483 3835 3610 3881 vere

2022 3926 2105 3972 est
2121 3930 2344 3986 magnus
2360 3929 2534 3969 amor.
2558 3913 2695 3983 Quid
2719 3913 2893 3968 dicis?
2910 3916 3100 3968 czelum
3124 3912 3391 3983 despicis?
3409 3912 3605 3980 Etiam.

2024 4009 2225 4079 inquit;
2258 4023 2353 4063 eos
2378 4008 2521 4063 enim
2550 4022 2673 4062 amo
2702 4006 2792 4077 qui
2824 3994 3063 4063 fecerunt
3102 4005 3374 4083 injuriam.
3424 4005 3605 4076 Eeleri

2019 4101 2195 4172 petis?
2216 4100 2352 4168 Qttid
2376 4099 2587 4167 faciam,
2614 4099 2825 4171 inquit?
2842 4110 2930 4158 est
2950 4101 3096 4156 enim
3121 4114 3292 4171 amor.
3315 4098 3453 4167 Quid
3480 4114 3608 4167 vero

2019 4209 2140 4263 qua;
2172 4203 2355 4262 postea
2399 4199 2524 4251 sunt
2559 4190 2932 4259 consequuta?
2960 4190 3099 4259 Audi
3124 4190 3249 4259 quid
3294 4173 3420 4242 alibi
3462 4188 3608 4256 dicat

2021 4286 2297 4355 Scriptura
2331 4304 2343 4338 :
2379 4283 2442 4338 Et
2469 4284 2616 4337 malis
2641 4281 2855 4351 adactus
2880 4283 2978 4351 fuit
3007 4282 3174 4342 Moses
3216 4289 3424 4351 propter
3465 4281 3608 4350 ipso;

2021 4378 2194 4450 (Paul.
2221 4378 2343 4432 f05.
2365 4375 2484 4444 32).
2509 4376 2731 4444 Quoties
2752 4388 2878 4441 eum
2904 4371 3247 4437 contumeliis
3271 4368 3609 4436 affecerunt?

2023 4470 2233 4539 quoties
2273 4467 2633 4527 destituerunt
2673 4465 2826 4532 illum
2855 4474 2910 4518 et
2940 4462 3198 4517 fratrem?
3222 4461 3432 4541 quaties
3455 4475 3605 4537 quae-

2023 4562 2228 4615 sierunt
2257 4557 2433 4617 redire
2473 4557 2531 4611 iu
2576 4555 2909 4631 Egyptum?
2930 4564 2988 4609 et
3014 4562 3135 4623 post
3165 4551 3279 4607 hmo
3304 4553 3480 4623 omnia
3505 4568 3603 4624 es-

2023 4650 2380 4708 candescehat
2404 4659 2462 4704 et
2490 4649 2728 4712 furebat,
2758 4655 2813 4703 et
2842 4662 2939 4718 pro
2970 4646 3099 4716 ipsis
3135 4647 3346 4717 perpeti
3373 4655 3488 4716 erat
3512 4661 3605 4721 pg.
3690 4682 3695 4686 .

2025 4752 2175 4800 ratus
2204 4760 2216 4796 :
2250 4742 2329 4797 sic
2367 4749 2583 4810 oportet
2625 4739 2849 4810 diligere
2899 4738 3180 4808 inimicos;
3227 4723 3519 4793 laceratum
3554 4748 3610 4793 et

2025 4838 2281 4892 afflictum
2305 4851 2371 4897 ac
2396 4833 2524 4889 nihil
2546 4848 2653 4894 non
2678 4833 2955 4895 facientem
2982 4841 3039 4893 et
3065 4840 3390 4900 separatum,
3418 4830 3605 4889 horum

2026 4926 2335 4985 desiderare
2354 4925 2607 4987 salutem.
2634 4921 2771 4990 Quid
2795 4937 2942 4986 vero,
2961 4921 3046 4983 die
3068 4921 3219 4987 mihi,
3244 4919 3479 4973 Paulus?
3499 4934 3607 4983 non

2027 5020 2187 5074 etiam
2217 5031 2315 5087 pro
2333 5016 2463 5086 ipsis
2489 5015 2640 5085 petiit
2659 5014 3000 5085 gehennam?
3027 5013 3131 5065 Sed
3152 5012 3219 5076 ab
3243 5010 3357 5081 ipso
3387 5008 3611 5073 Domino

2029 5124 2251 5169 necesse
2292 5117 2376 5163 est
2416 5107 2685 5173 adducere
2713 5097 3056 5173 exemplum}
3093 5120 3213 5157 nam
3259 5104 3372 5171 ipse
3401 5114 3615 5172 quoque

2030 5203 2108 5258 sic
2138 5201 2302 5264 facit,
2334 5198 2519 5260 dicens
2550 5215 2562 5250 :
2600 5197 2772 5251 Solem
2800 5214 2947 5248 suum
2977 5195 3097 5248 oriri
3129 5194 3250 5262 facit
3277 5178 3430 5259 super
3459 5189 3615 5244 bonos

2026 5307 2077 5353 et
2108 5295 2268 5349 malos
2294 5294 2313 5363 (
2336 5292 2521 5355 Matth.
2546 5276 2606 5344 ὅ.
2634 5290 2703 5343 4.)
2721 5292 2763 5359 ),
2793 5304 2821 5342 a
2851 5289 3007 5344 Patre
3028 5299 3125 5345 suo
3149 5283 3458 5353 exemplum
3486 5282 3617 5338 πσρ-

2028 5406 2195 5455 rens;
2229 5402 2326 5447 nos
2352 5395 2526 5439 autem
2552 5384 2619 5436 ab
2648 5384 2763 5453 ipso
2788 5381 3020 5447 tibi-isto.
3067 5375 3221 5443 Venit
3247 5374 3314 5432 ad
3341 5376 3487 5445 ipsos
3507 5417 3525 5446 ,
3551 5391 3621 5431 cx

2095 5549 2170 5611 (a)
2204 5554 2301 5595 Non
2325 5544 2442 5594 dicit
2464 5542 2711 5611 Scriptura
2723 5538 3001 5611 _Hebr:ep_m
3038 5535 3173 5611 illum
3190 5572 3206 5599 ,
3228 5537 3313 5611 qui
3336 5543 3622 5611 monentem

2032 5596 2310 5673 se‘ttoysgm
2331 5620 2440 5673 cum
2472 5596 2769 5673 improperio
2790 5599 2998 5673 ['deth
3008 5596 3235 5673 eumdem
3244 5596 3619 5673 'ipsum‘f‘ulsse,

2034 5658 2193 5735 quem'
2204 5668 2468 5740 {Egyptius
2479 5658 2651 5740 injuria
2666 5738 2675 5740 _
2689 5658 3069 5740 affecerat_._3ed
3104 5658 3397 5726 concionem
3422 5658 3625 5721 Chryso-

2034 5723 2223 5793 s'tomus
2244 5723 2502 5810 aliquando
2524 5723 2758 5791 memoria
