4080 6218
481 384 549 438 55
1183 373 1239 426 S.
1280 364 1553 423 JO.\NNIS
1578 357 2048 414 CIIIWSOSTOMI
2080 354 2396 410 ABCIIIEP.
2428 352 2955 411 CONSTANTINOP.
3682 356 3749 410 litt

484 487 880 562 dispensatione
902 527 917 550 ,
945 487 1188 555 inquam,
1225 491 1441 551 propter
1472 479 1614 544 ipsos
1642 474 1810 527 factus
1840 480 1922 525 est
1948 486 2061 523 ser-

482 601 598 651 vus,
631 583 866 651 seipsum
914 577 1211 634 huiniiiavit
1239 617 1252 638 ,
1287 570 1596 630 evacuavit,
1647 567 1873 621 fortnam
1922 564 2062 618 servi

484 677 687 746 accepit
718 694 730 732 :
762 683 960 730 etcum
986 670 1309 727 advenisset,
1345 678 1518 732 neque
1550 662 1663 731 ipse
1687 659 1816 715 abiit
1842 659 1893 713 in
1922 659 2062 711 viam

477 770 740 841 gentium,
767 774 820 820 et
846 766 945 819 hoc
973 758 1251 829 imperavit
1272 754 1547 825 discipulis
1575 771 1587 806 :
1616 766 1714 807 nec
1738 750 1840 805 hoc
1865 749 2059 815 solum,

484 861 577 916 sed
609 869 663 914 et
691 857 936 912 circuivit
981 865 1195 906 onmem
1239 847 1482 903 morbum
1515 857 1713 899 curans
1759 852 1811 896 et
1851 856 2063 895 omnem

488 949 872 1016 aigrituslincm.
1786 990 1790 995 .

558 1037 799 1090 Inimicos
828 1032 1080 1104 quomodo
1110 1029 1320 1100 diligere
1358 1035 1601 1097 aporteat.
1632 1054 1700 1063 -—
1725 1022 1862 1089 Quid
1892 1038 2019 1091 ergo
2040 1022 2064 1060 ν

485 1130 585 1185 Alii
609 1140 794 1181 omnes
820 1124 1106 1193 stupebant
1141 1132 1193 1175 et
1220 1118 1643 1180 admirabantur,
1677 1126 1731 1170 et
1769 1116 2017 1169 dicebant
2048 1133 2059 1167 :

490 1218 755 1272 Undenam
782 1217 826 1271 ei
848 1216 954 1269 Ιιωσ
984 1215 1111 1280 [iant
1143 1210 1358 1281 (Matth.
1394 1210 1477 1264 15.
1509 1208 1638 1277 56)?
1668 1208 1700 1260 ii
1726 1215 1901 1261 autem
1931 1220 2064 1273 quos

484 1308 750 1365 alliciebat
776 1306 1070 1370 beneliciis,
1092 1302 1357 1365 dicebant,
1388 1298 1699 1353 Dazmonium
1717 1299 1860 1351 habet
1884 1295 2061 1369 (Joan.

485 1403 571 1458 l0.
600 1402 714 1473 20),
747 1400 1146 1469 etblasphemat
1174 1409 1225 1451 et
1258 1395 1452 1449 insanit
1481 1403 1534 1446 et
1564 1404 1645 1446 cst
1671 1392 1859 1460 planus
1887 1400 1939 1445 et
1970 1388 2065 1443 de-

483 1504 671 1563 ceptor
699 1491 909 1565 (Matth.
933 1491 986 1546 9.
1018 1491 1071 1545 5.
1100 1497 1144 1542 et
1174 1487 1261 1541 27.
1284 1485 1397 1556 63).
1429 1482 1690 1553 Numquid
1712 1496 1841 1552 ergo
1867 1496 1960 1537 eos
1982 1495 2066 1536 re-

486 1588 652 1658 pulit?
680 1585 1047 1656 Nequaquam,
1092 1580 1185 1636 scd
1235 1593 1329 1633 eos
1367 1575 1660 1645 majoribus
1678 1573 1866 1628 all‘ecit
1896 1572 2062 1627 bene~

485 1678 620 1733 liciis
653 1677 767 1731 haec
793 1675 1036 1737 audiens,
1068 1680 1121 1725 et
1142 1671 1267 1725 abiit
1300 1667 1366 1722 ad
1394 1682 1486 1722 eos
1505 1666 1591 1736 qui
1624 1666 1796 1735 ipsum
1827 1672 1980 1718 erant
2009 1662 2061 1717 in

483 1782 697 1824 erucem
726 1765 932 1828 acturi,
962 1773 1021 1816 ut
1051 1777 1145 1815 eos
1174 1759 1351 1814 salvos
1405 1757 1624 1813 faceret.
1658 1755 1727 1809 Et
1782 1763 2061 1824 postquam

484 1861 579 1913 fuit
614 1857 924 1921 CI‘IICIIlIUS,
972 1854 1097 1924 quid
1142 1850 1315 1907 dicit?
1367 1849 1752 1915 Pater,dimitte
1777 1846 1919 1910 illis;
1962 1860 2062 1899 non

413 1960 416 1963 ‘
484 1952 613 2003 enim
640 1949 804 2002 sciunt
831 1948 953 2016 quid
968 1946 1161 2015 faciunt
1192 1942 1339 2013 (Luc.
1364 1942 1454 1996 2'5.
1483 1941 1593 2010 54).
1639 1940 1706 1993 Et
1730 1947 1885 1993 antea
1926 1938 2063 1991 male

482 2056 691 2111 passus,
725 2050 777 2094 et
802 2048 981 2108 postea
1040 2035 1178 2089 male
1208 2048 1416 2103 passus,
1454 2033 1517 2085 ad
1558 2040 1862 2087 extremum
1893 2045 2060 2100 usque

481 2133 725 2201 spiritum
772 2146 866 2198 pro
896 2127 1022 2195 ipsis
1071 2124 1248 2177 omnia
1279 2124 1502 2193 agebat,
1533 2136 1632 2190 pro
1678 2121 1808 2190 ipsis
1849 2123 2057 2175 orilmt.

480 2225 545 2280 Et
572 2232 690 2292 post
721 2235 933 2275 crucem
967 2215 1094 2288 quid
1127 2231 1233 2271 non
1265 2229 1362 2286 pro
1394 2214 1474 2270 eis
1500 2213 1664 2270 fecit?
1690 2229 1867 2270 nonne
1917 2214 2059 2267 misit

483 2370 1690 2395 ,_____________..__..._...._..._.____..._.

2171 469 2487 537 apostolos?
2531 483 2632 521 non
2675 468 2821 536 signa
2856 467 3016 521 fecit?
3047 483 3151 521 non
3196 467 3404 536 quidvis
3436 469 3636 521 movit?
3662 473 3749 521 Sic

2170 567 2377 629 oportet
2408 559 2630 627 diligere
2670 558 2936 623 inimicos,
2971 557 3049 612 sic
3094 558 3289 611 imitari
3313 556 3606 613 Christum.
3662 560 3749 614 Sic

2171 648 2293 702 fecit
2320 649 2514 703 Paulus
2540 664 2552 699 :
2584 647 2848 717 lapidibus
2878 648 3165 716 appetitus,
3221 663 3408 716 passus
3442 649 3749 704 innumera-

2168 741 2313 802 bilia.
2344 755 2441 812 pro
2469 741 2598 810 ipsis
2628 741 2818 810 agebat
2863 739 3063 793 omnia.
3100 739 3234 793 Audi
3277 754 3396 793 eum
3429 740 3697 794 dicentem
3731 758 3761 793 :-

2144 844 2147 847 '
2178 832 2422 885 Voluntas
2442 832 2608 886 cordis
2629 832 2726 884 mei
2752 840 2797 884 et
2819 830 3094 884 obsecratio
3115 831 3171 899 ﬁt
3190 848 3283 899 pro
3298 830 3400 885 illis
3413 832 3478 884 ad
3501 832 3745 896 salutem;

2169 933 2221 977 et
2244 937 2474 988 rursum,
2511 922 2870 977 Testimonium
2894 923 3025 975 enim
3046 922 3147 975 illis
3170 922 3421 992 perhibeo,
3447 923 3578 993 quod
3599 935 3747 974 (emu-

2171 1015 2406 1068 lalionem
2438 1013 2531 1067 Dei
2556 1014 2735 1067 [tabent
2762 1014 2935 1083 (Rom.
2964 1012 3050 1067 10.
3078 1014 3130 1069 1.
3163 1024 3210 1066 et
3229 1014 3284 1083 2)
3307 1029 3321 1077 ;
3346 1023 3400 1068 et
3427 1016 3616 1068 iterum
3647 1032 3660 1066 :
3690 1015 3745 1068 Si

2172 1119 2223 1162 tu
2254 1124 2315 1162 ex
2348 1108 2571 1162 naturali
2600 1108 2813 1162 excisus
2837 1107 3071 1161 oleastro
3106 1107 3337 1161 insertus
3360 1120 3419 1161 es
3445 1105 3624 1177 (Rom.
3655 1108 3743 1160 ll.

2171 1201 2281 1267 17),
2311 1209 2510 1268 quanto
2541 1199 2709 1267 magis
2760 1199 2847 1252 isti
2902 1199 3204 1252 inserentur
3257 1212 3367 1254 sua
3420 1193 3621 1254 olivae?
3669 1198 3744 1253 Ex

2168 1302 2366 1358 quanto
2396 1308 2581 1345 amore
2614 1292 2728 1345 iure
2758 1292 2918 1345 verba
2965 1290 3067 1345 dici
3101 1291 3399 1357 existimas,
3452 1307 3516 1346 ex
3547 1301 3744 1361 «planta

2170 1383 2539 1438 benevolentia
2561 1383 2586 1436 ?
2612 1382 2725 1436 Non
2757 1391 2934 1451 potest
2963 1381 3090 1450 dici,
3114 1398 3219 1436 non
3253 1390 3448 1452 potest.
3472 1382 3561 1437 Sic
3586 1398 3747 1451 opor-

2170 1487 2244 1531 tet
2270 1477 2512 1530 inimicos
2542 1476 2766 1543 diligere
2796 1492 2807 1527 :
2838 1474 2941 1529 hoc
2969 1484 3053 1529 est
3081 1474 3249 1528 Deum
3274 1475 3493 1544 diligere
3520 1477 3606 1542 qui
3633 1474 3745 1540 jus-

2168 1570 2254 1634 sit,
2275 1570 2365 1639 qui
2394 1569 2561 1639 legem
2586 1567 2764 1631 dedit;
2798 1567 2947 1621 illum
2979 1567 3175 1621 imitari
3205 1575 3286 1621 est
3313 1566 3536 1637 diligere
3565 1566 3744 1619 inimi-

2168 1679 2309 1716 cum.
2337 1661 2518 1731 Cogita
2546 1660 2686 1730 quod
2717 1676 2822 1715 non
2854 1660 3073 1714 inimico
3103 1658 3371 1715 benefacis
3391 1700 3406 1724 ,
3458 1657 3551 1715 sed
3605 1659 3697 1712 tibi
3728 1677 3743 1712 :

2170 1771 2273 1809 nou
2320 1754 2465 1808 illum
2501 1752 2695 1821 diligis.
2756 1751 2848 1807 sed
2882 1752 2990 1806 Deo
3037 1751 3242 1807 obedis.
3276 1750 3403 1805 Hice
3449 1764 3578 1820 ergo
3623 1765 3743 1804 cum

2168 1848 2399 1900 sciamus
2419 1885 2434 1903 .
2464 1843 2845 1898 conlirmemus
2875 1843 3014 1897 inter
3048 1858 3145 1897 nos
3173 1842 3482 1907 amicitiam,
3526 1850 3585 1895 ut
3624 1856 3745 1895 cum

2172 1951 2267 1991 nos
2295 1938 2345 1990 in
2378 1951 2439 1990 ea
2470 1947 2656 1989 exacte
2686 1935 3034 2004 gesserimus,
3072 1948 3428 2003 assequamur
3460 1932 3595 1987 bona
3633 1927 3750 2002 pro-

2170 2030 2328 2085 missa
2357 2029 2407 2082 in
2434 2028 2651 2082 Christo
2668 2027 2793 2083 Jesu
2827 2027 3056 2082 Domino
3084 2036 3290 2093 nostro,
3316 2041 3436 2082 cum
3468 2040 3575 2096 quo
3601 2024 3743 2079 Patri

2168 2125 2325 2177 simul
2347 2139 2467 2177 cum
2493 2133 2678 2176 sancto
2701 2122 2901 2190 Spiritu
2924 2120 3379 2191 gloris,potentia,
3397 2118 3588 2181 honor,
3609 2131 3747 2171 nunc

2175 2225 2225 2268 et
2251 2229 2483 2283 semper,
2514 2223 2566 2267 et
2598 2213 2649 2266 in
2680 2212 2870 2266 smcula
2900 2212 3238 2266 surculorum.
3272 2210 3458 2265 Amen.

1806 2441 2151 2506 HOMILIA
2195 2444 2361 2506 VIII.

480 2592 607 2645 Car.
638 2592 689 2645 4.
724 2606 773 2642 v.
806 2590 856 2643 1.
894 2587 1112 2642 Obsecro
1164 2589 1333 2657 itaque
1376 2602 1460 2640 vos
1505 2601 1595 2654 ego
1623 2585 1816 2637 uinctus
1863 2584 1915 2637 in
1955 2582 2059 2637 Do-

553 2682 706 2742 mino,
754 2690 806 2733 ut
836 2681 985 2751 digne
1012 2679 1275 2732 ambuletis
1314 2679 1570 2732 vocatione
1597 2694 1695 2746 qua
1731 2677 1890 2730 vocati
1920 2680 2056 2743 estis,

551 2791 662 2827 rum
689 2773 823 2825 omni
857 2771 1139 2824 humilitate
1158 2781 1203 2823 et
1235 2768 1635 2823 mansuetudine.
2034 2826 2039 2831 _

558 2869 606 2919 l.
652 2866 936 2919 Doctorum
967 2870 1049 2918 est
1080 2861 1280 2926 virtus,
1330 2876 1434 2914 non
1483 2858 1763 2923 honorem,
1798 2875 1902 2913 non
1948 2860 2059 2929 glo-

482 2963 614 3014 riam
644 2973 888 3028 querere
925 2956 992 3009 ab
1021 2955 1086 3009 iis
1116 2954 1307 3024 quibus
1353 2953 1641 3023 imperant,
1674 2952 1767 3007 sed
1817 2952 2057 3021 ipsorum

484 3052 734 3117 salutent,
766 3060 818 3105 et
862 3065 956 3121 pro
1005 3064 1065 3104 ea
1094 3064 1151 3103 re
1197 3048 1374 3102 omnia
1418 3045 1614 3101 facere.
1654 3044 1785 3101 Nam
1815 3046 1903 3117 qui
1932 3045 2060 3100 illud

481 3143 689 3212 qttmrit,
721 3156 826 3196 non
868 3140 1027 3194 fuerit
1068 3140 1255 3193 doctor
1276 3180 1290 3203 ,
1338 3136 1430 3193 sed
1465 3146 1746 3208 tyrannus.
1774 3135 1889 3189 Non
1917 3137 2060 3191 enim

484 3234 622 3288 licus
651 3241 931 3302 propterea
957 3239 1008 3286 te
1034 3228 1099 3284 iis
1121 3228 1379 3299 pricl'ecit,
1412 3238 1466 3283 ut
1494 3236 1549 3282 tu
1574 3226 1743 3297 magis
1772 3226 1971 3282 celaris
2012 3234 2066 3281 et

482 3324 806 3390 observeris,
837 3322 932 3378 sed
956 3330 1012 3377 ut
1040 3332 1127 3376 tua
1155 3320 1372 3391 quidem
1403 3319 1759 3391 negligantur,
1788 3333 1907 3389 quae
1930 3331 2064 3373 vero

485 3425 610 3470 sunt
645 3416 857 3471 illorum
909 3414 1087 3469 omnia
1133 3413 1482 3468 aedificentur.
1537 3412 1647 3468 Hoc
1677 3410 1912 3466 doctoris
1939 3420 2060 3466 est:

485 3508 606 3561 talis
634 3516 750 3562 erat
770 3507 959 3562 beatus
989 3505 1211 3572 Paulus,
1240 3505 1377 3561 liber
1401 3505 1469 3561 ab
1500 3507 1643 3560 omni
1671 3504 1839 3571 fastu;
1871 3505 1941 3558 ita
1969 3519 2065 3557 au-

485 3609 590 3654 tem
634 3608 749 3654 erat
786 3598 1009 3654 allectus
1034 3607 1091 3652 ut
1130 3606 1273 3654 esset
1301 3596 1517 3668 quidem
1554 3611 1689 3651 unus
1718 3611 1785 3652 es
1840 3597 2021 3651 multis
2048 3637 2062 3661 ,

487 3691 591 3743 imo
621 3690 780 3744 etiam
823 3689 1037 3743 illorum
1085 3689 1358 3741 minimus.
1403 3687 1695 3755 Propterea
1725 3697 1780 3742 et
1819 3702 1878 3742 se
1912 3694 2067 3741 vocat

486 3794 734 3843 servum,
781 3787 835 3833 et
893 3779 1118 3846 plurima
1150 3787 1418 3845 tamquam
1464 3776 1770 3846 supplicans
1809 3777 2060 3849 loquitur.

489 3866 669 3937 Itaque
700 3866 818 3923 vide
846 3883 968 3922 eum
993 3881 1136 3921 nunc
1157 3881 1368 3935 quoque
1399 3866 1527 3920 nihil
1556 3867 1792 3922 scribere
1823 3868 2068 3939 imperio-

487 3974 626 4022 sum,
660 3957 791 4011 nihil
811 3957 950 4027 quod
976 3974 1084 4028 prie
1106 3972 1165 4012 se
1192 3957 1325 4012 ferat
1356 3958 1751 4022 auctoritatem,
1785 3959 1877 4013 sed
1919 3957 2060 4029 quod

489 4050 559 4101 sit
588 4056 920 4102 contractum
944 4063 1007 4104 ac
1033 4047 1322 4103 demissum
1355 4065 1369 4102 :
1406 4048 1622 4103 Obsecro
1650 4050 1816 4118 itaque
1846 4064 1952 4113 vos,
1981 4051 2063 4103 in-

488 4139 622 4208 quit,
652 4153 743 4209 ego
764 4138 958 4193 cinctus
982 4139 1036 4192 in
1071 4137 1309 4200 Domino,
1353 4148 1405 4193 ut
1435 4139 1585 4210 digne
1611 4138 1875 4192 ambuletis
1916 4153 2063 4192 voca-

493 4230 628 4283 tione
653 4246 751 4300 qua
791 4230 951 4283 vocati
978 4230 1114 4284 estis.
1144 4229 1281 4298 Quid
1305 4245 1480 4300 rogas,
1511 4229 1843 4300 dic.qu:eso?
1872 4239 1929 4284 ut
1954 4229 2066 4300 ipse

492 4320 691 4390 aliquid
722 4319 1065 4390 assequaris?
1106 4320 1484 4392 Nequaquam,
1521 4320 1721 4391 inquit,
1746 4321 1839 4377 sed
1867 4332 1921 4377 ut
1951 4322 2068 4378 aliis

492 4410 717 4466 salutem
740 4411 984 4467 all'eram.
1003 4411 1163 4482 Atqui
1192 4411 1280 4480 qui
1299 4421 1505 4483 rogant,
1522 4421 1712 4482 rogant
1728 4429 1843 4481 quae
1857 4413 2068 4481 assequi

500 4503 735 4570 ipsorum
762 4503 1005 4559 interest.
1037 4503 1100 4558 Et
1139 4518 1278 4571 mea,
1309 4503 1498 4573 inquit,
1532 4504 1632 4558 hoc
1660 4504 1909 4558 interest:
1934 4504 2070 4558 sicut

494 4593 652 4647 etiam
681 4594 804 4647 alibi
831 4594 1071 4649 scribens
1100 4594 1312 4650 diccbat
1338 4611 1352 4648 :
1387 4593 1541 4649 Nunc
1557 4595 1789 4658 vivimus,
1812 4596 1853 4648 si
1875 4605 2068 4648 uosste-

496 4681 561 4737 tis
589 4685 641 4737 in
656 4682 872 4737 Domino
894 4682 944 4753 (l
971 4682 1149 4739 Thess.
1175 4684 1227 4740 5.
1243 4686 1319 4754 8).
1341 4685 1566 4754 Semper
1579 4686 1718 4739 enim
1747 4685 1899 4738 valde
1928 4685 2064 4738 desiv

497 4772 716 4826 iterabat
743 4772 967 4827 salutem
991 4787 1212 4829 suorum
1233 4776 1636 4845 discipulorum.
1672 4774 1782 4846 Ego
1800 4777 1989 4829 vinctas
2019 4776 2071 4829 in

496 4863 735 4918 Domino.
764 4861 947 4932 Magna
978 4873 1030 4916 et
1059 4879 1176 4932 quae
1217 4865 1319 4919 vim
1353 4876 1593 4934 magnam
1624 4864 1782 4919 habet
1818 4852 2067 4934 dignitas,

498 4964 550 5005 et
579 4967 741 5020 regno
770 4960 823 5004 et
848 4951 1125 5006 consulatu
1153 4962 1207 5006 et
1225 4954 1499 5022 quibusvis
1527 4953 1646 5007 aliis
1673 4954 1863 5022 major.

569 5039 818 5094 Diadema
847 5040 1491 5109 Intperatorum.Vinctutn
1509 5062 1613 5100 esse
1636 5062 1729 5116 pro
1751 5045 1948 5100 Christo
1966 5063 2074 5100 ma-

495 5134 578 5200 jus
601 5140 829 5203 palatur,
852 5148 1001 5201 quant
1030 5133 1201 5188 sedere
1228 5151 1260 5186 a
1285 5134 1472 5189 dextris
1505 5138 1636 5205 ejus.
1664 5166 1736 5179 —
1759 5135 1911 5202 Quod
1953 5136 2073 5206 qui-

502 5222 619 5277 :lein
650 5224 778 5278 dicit
800 5223 959 5280 etiam
996 5224 1237 5289 scribens
1263 5224 1330 5280 ad
1364 5225 1768 5281 Philemonem:
1803 5227 1930 5281 Cum
1979 5228 2074 5281 sim

504 5312 694 5366 Paulus
723 5331 892 5379 senex,
929 5332 1063 5370 nunc
1084 5327 1251 5370 autem
1274 5316 1468 5371 vinctus
1511 5319 1564 5371 in
1596 5315 1798 5373 Christo
1824 5316 2071 5386 (Philem.

498 5404 554 5473 9)
608 5402 747 5457 Nihil
790 5416 871 5459 est
918 5408 1058 5461 enim
1104 5422 1258 5478 atque
1308 5408 1622 5476 prmclarum
1668 5418 1827 5479 atque
1859 5410 2069 5464 vincula

503 5502 718 5562 propter
742 5494 1032 5565 Christum,
1060 5510 1222 5570 atque
1242 5509 1446 5554 catena:
1473 5500 1670 5554 sanctis
1694 5499 1802 5554 illis
1826 5500 2073 5555 manibus

501 5583 783 5651 impositze.
817 5583 1062 5640 Vinctum
1099 5605 1221 5645 esse
1251 5601 1466 5660 propter
1501 5590 1773 5645 Christum
1819 5601 1905 5646 est
1933 5606 2072 5660 pra:-

499 5673 696 5727 elarius
725 5689 881 5741 quam
929 5692 1047 5729 esse
1073 5683 1393 5747 apostolum,
1440 5698 1599 5752 quam
1628 5697 1750 5738 esm
1771 5682 2068 5751 doctorem,

499 5777 655 5834 quam
685 5777 805 5823 esse
829 5770 1228 5839 evangelistam.
1259 5774 1311 5827 Si
1336 5775 1454 5843 quis
1485 5789 1627 5830 amat
1650 5778 1942 5845 Christum,
1970 5795 2067 5833 no-

2167 2586 2240 2639 vit
2268 2587 2412 2657 quod
2439 2588 2633 2645 dicitur
2663 2608 2676 2645 :
2704 2590 2753 2648 si
2780 2591 2897 2662 quis
2926 2592 2978 2646 in
3011 2591 3291 2646 Dominum
3322 2587 3517 2642 insanit
3545 2595 3599 2643 et
3626 2589 3742 2652 ejus

2166 2696 2349 2739 amore
2374 2684 2563 2750 uritur,
2614 2686 2761 2741 novit
2802 2686 2907 2740 vim
2940 2685 3288 2740 vinculorum.
3334 2681 3577 2737 Maluerit
3622 2694 3742 2735 esse

2168 2774 2374 2830 vinctus
2395 2785 2613 2846 propter
2634 2776 2907 2832 Christum
2936 2792 3096 2844 quam
3129 2776 3373 2831 habitare
3393 2774 3573 2829 melus.
3595 2774 3710 2841 Quo
3727 2803 3741 2811 -

2169 2864 2249 2919 vis
2270 2880 2401 2921 auro
2429 2866 2820 2935 splendidiores
2847 2867 2925 2921 eis
2946 2866 3264 2922 ostendebat
3292 2878 3500 2931 manus,
3528 2874 3581 2919 et
3604 2877 3739 2935 quo~

2172 2953 2253 3008 vis
2284 2956 2449 3024 regali
2477 2956 2797 3012 diademate.
2833 2956 2946 3012 Non
2976 2959 3118 3012 enim
3149 2965 3256 3011 tam
3299 2955 3634 3026 Splendidam
3660 2954 3740 3008 fa-

2170 3046 2244 3100 cit
2276 3056 2436 3119 caput
2477 3049 2609 3102 vitta
2663 3063 2727 3103 es
2774 3048 2999 3118 gemmis
3038 3046 3334 3117 composita
3370 3046 3419 3101 ei
3472 3045 3737 3115 imposita,

2168 3152 2325 3206 quam
2368 3147 2555 3192 catena
2598 3138 2770 3194 ferrea
2826 3147 3041 3208 praptcr
3088 3138 3379 3193 Christum.
3435 3136 3583 3192 Tunc
3627 3144 3743 3190 erat

2168 3228 2328 3297 regiis
2349 3226 2550 3283 :edibus
2570 3242 2754 3284 carcer
2777 3229 3099 3298 praeclarior.
3115 3228 3250 3296 Quid
3277 3228 3397 3283 (IlCO
3424 3228 3585 3298 regiis
3607 3226 3738 3281 auli-

2169 3316 2307 3372 bus?
2329 3317 2446 3387 ipso
2468 3333 2679 3388 quoque
2706 3319 2838 3374 ca-lo
2863 3337 2876 3370 :
2909 3319 3141 3375 habebat
3165 3319 3307 3374 enim
3335 3318 3564 3372 vinctum
3589 3316 3743 3371 Cbri»

2170 3409 2257 3463 sti.
2284 3408 2339 3464 Si
2367 3410 2485 3479 quis
2512 3410 2781 3465 Christum
2812 3410 3019 3480 diligit,
3056 3411 3202 3466 novit
3245 3411 3381 3466 hanc
3407 3409 3740 3479 dignitatem.

2173 3500 2316 3554 novit
2342 3499 2477 3555 hanc
2502 3500 2773 3565 virtutem,
2801 3503 3214 3572 novitquantum
3245 3504 3426 3572 generi
3460 3500 3739 3554 hominum

2170 3589 2242 3644 sit
2266 3589 2638 3659 gratiﬁcatum,
2666 3591 2807 3662 quod
2840 3601 3058 3662 propter
3083 3593 3254 3662 ipsum
3283 3592 3351 3646 sit
3380 3591 3609 3646 vinctus.
3635 3590 3745 3644 lloc

2172 3680 2396 3736 fortasse
2421 3692 2499 3737 est
2533 3683 2862 3752 praeclarius,
2891 3699 3053 3753 quam
3085 3684 3280 3739 sedere
3307 3699 3334 3735 a
3360 3683 3565 3737 dextris
3592 3682 3743 3751 ejus:

2171 3772 2272 3829 hoc
2292 3784 2374 3829 est
2399 3774 2843 3844 magniﬁcentius,
2878 3790 3036 3844 quam
3059 3775 3251 3830 sedere
3278 3789 3439 3845 super
3456 3774 3741 3828 duodecim

2170 3866 2348 3934 sedes,
2381 3868 2616 3923 vinctum
2643 3882 2763 3923 esse
2803 3877 3018 3938 propter
3046 3866 3337 3922 Christum.
3369 3867 3433 3921 Et
3459 3865 3584 3937 quid
3624 3864 3745 3919 dico

2170 3958 2237 4013 de
2268 3957 2427 4014 rebus
2447 3959 2732 4013 humanis?
2767 3975 2852 4014 me
2882 3959 3043 4028 pudet
3077 3959 3321 4015 conferre
3347 3959 3558 4013 divitias
3582 3969 3636 4013 et
3655 3972 3747 4013 or-

2173 4054 2352 4100 natum
2383 4061 2599 4101 aureum
2629 4063 2751 4103 cum
2792 4049 3037 4105 vinculis.
3081 4049 3186 4105 Sed
3230 4064 3421 4119 magna
3469 4049 3553 4102 illa
3585 4048 3744 4102 missa

2171 4138 2390 4204 faciens,
2421 4140 2579 4195 etiam
2611 4140 2657 4195 si
2684 4154 2773 4197 res
2804 4142 3001 4197 nullam
3035 4142 3255 4197 haberet
3296 4140 3615 4203 mercedem,
3644 4139 3748 4194 hoc

2172 4231 2344 4284 solum
2376 4239 2458 4285 est
2487 4236 2908 4302 magnainerces
2935 4242 2988 4288 et
3032 4231 3297 4287 sufﬁciens
3352 4231 3743 4294 remuneratio,

2174 4321 2285 4377 lucc
2314 4323 2493 4393 gravia
2524 4324 2627 4393 pati
2657 4334 2873 4394 propter
2901 4339 3026 4379 eum
3045 4325 3131 4393 qui
3157 4332 3384 4376 amatur.
3408 4323 3583 4377 Sciqu
3605 4319 3746 4389 quod

2170 4411 2364 4467 dicitur
2403 4412 2492 4483 qui
2540 4424 2742 4477 amant,
2787 4415 2829 4467 si
2876 4430 2980 4468 non
3013 4415 3199 4479 Deum,
3226 4422 3280 4468 at
3333 4413 3608 4467 homines:
3655 4413 3746 4477 qui

2173 4504 2339 4573 magis
2365 4504 2612 4559 laetantur
2638 4506 2680 4558 si
2703 4506 2839 4559 male
2864 4505 3134 4574 patiuntur
3163 4519 3259 4574 pro
3289 4504 3354 4559 iis
3383 4518 3516 4573 quos
3544 4511 3744 4563 ainant,

2172 4608 2329 4663 quam
2364 4593 2406 4646 si
2450 4592 2808 4648 bonorentur.
2853 4595 2962 4648 lloc
2992 4595 3159 4648 sancti
3189 4592 3337 4648 chori
3368 4593 3540 4648 solum
3570 4604 3644 4646 est
3675 4593 3749 4645 in-

2176 4683 2434 4753 telligere,
2464 4684 2850 4754 apostolorum,
2903 4685 3139 4751 inquam.
3191 4683 3323 4738 Audi
3370 4684 3510 4738 enim
3539 4684 3747 4739 lieatum
3842 4692 3850 4697 ’

2174 4772 2371 4828 Lucam
2403 4772 2689 4840 dicentem,
2720 4771 2966 4828 Redibant
2993 4774 3312 4845 gaudentem
3342 4786 3611 4839 consul-cm
3632 4790 3750 4823 ron-

2175 4865 2299 4930 cilii,
2327 4867 2563 4935 quoniam
2592 4867 2732 4936 digni
2761 4866 2917 4920 habiti
2942 4877 3057 4921 sunt
3079 4883 3170 4936 pro
3193 4869 3394 4919 nomine
3419 4862 3604 4919 Christi
3634 4879 3748 4916 rou-

2177 4958 2429 5009 tumcliam
2451 4957 2557 5027 pati
2581 4955 2715 5027 (Act.
2737 4957 2790 5011 5.
2821 4958 2934 5026 41).
2958 4959 3131 5024 Atque
3157 4956 3275 5009 aliis
3304 4953 3520 5024 quidem
3542 4954 3754 5005 videtur

2177 5063 2295 5103 esse
2316 5048 2625 5115 ridiculum,
2657 5050 2699 5104 si
2726 5050 2921 5119 pro‘bro
2943 5058 2995 5103 et
3016 5047 3332 5103 contumelia
3349 5059 3468 5100 esse
3480 5045 3755 5114 allectum,

2177 5139 2247 5194 sit
2273 5155 2392 5196 esse
2422 5141 2736 5210 dignitatem
2765 5149 3103 5210 asseqnutum
3130 5179 3146 5205 ,
3170 5138 3214 5192 si
3259 5135 3455 5207 probro
3483 5150 3602 5191 esse
3629 5136 3759 5191 atto-

2178 5238 2342 5295 ctum,
2370 5230 2439 5284 sit
2474 5230 2643 5284 lunari
2675 5248 2688 5284 :
2722 5231 2786 5284 iis
2811 5240 2986 5283 autem
3009 5229 3096 5298 qui
3128 5228 3305 5282 sciunt
3322 5226 3523 5282 Christi
3544 5227 3758 5281 deside-

2179 5320 2337 5386 rium,
2362 5319 2462 5373 hoc
2487 5335 2607 5373 esse
2633 5320 2971 5375 existimatur
3006 5319 3240 5372 omnium
3281 5316 3670 5372 beatissimum.
3703 5317 3758 5370 Si

2178 5425 2211 5479 q
2236 5409 2297 5464 iis
2326 5409 2452 5463 mihi
2483 5409 2702 5464 oﬂ'erret
2733 5419 2900 5463 totum
2938 5409 3149 5472 cazlum,
3183 5417 3274 5463 aut
3312 5408 3454 5462 illam
3494 5419 3764 5472 catenam,

2119 5560 2125 5566 ,
2179 5517 2279 5571 ego
2319 5502 2458 5555 illam
2484 5502 2792 5572 pra-ferrem
2838 5518 2850 5554 :
2888 5501 2931 5555 si
2957 5500 3076 5570 quis
3118 5516 3206 5556 me
3233 5500 3372 5570 apud
3402 5513 3626 5569 superos
3656 5511 3766 5550 cot-

2181 5593 2521 5649 locaretcum
2543 5594 2767 5664 angelis,
2798 5604 3026 5648 autcum
3058 5591 3226 5647 Paulo
3267 5593 3477 5655 vincto,
3506 5591 3763 5658 eligerem

2181 5680 2449 5739 carcerem
2481 5702 2493 5738 :
2524 5684 2566 5739 si
2593 5685 2716 5754 quis
2745 5699 2833 5738 me
2858 5683 3056 5740 faceret
3089 5697 3256 5737 unum
3297 5696 3364 5735 ex
3407 5678 3771 5735 Potestatibus

2180 5794 2298 5847 qum
2327 5788 2449 5832 sunt
2477 5778 2620 5833 circa
2650 5777 2834 5846 ctelos,
2871 5784 2961 5831 aut
2987 5775 3128 5830 circa
3178 5771 3400 5829 thronos
3424 5808 3440 5836 .
3479 5779 3573 5828 aut
3604 5771 3769 5826 talun
