4052 6214
426 364 493 418 57
1205 371 1261 424 S.
1301 373 1585 428 JUANNIS
1624 370 2106 427 CIIIWSOSTOMI
2151 372 2465 428 ARCHIEP.
2501 369 3055 428 CONSTANTINOP.
3621 372 3690 428 58

427 483 665 547 ἁλύσεις,
708 484 776 549 ἃς
816 486 1083 542 δεδοίκασι
1126 490 1221 558 μὲν
1249 489 1499 559 δαίμονες
1540 490 1634 543 καὶ
1672 490 2004 560 φρίττουσιν.

426 566 698 622 αἰδοῦνται
724 570 778 623 δέ
794 571 1034 640 ἄγγελοι.
1056 574 1224 628 Οὐδὲν
1249 574 1456 641 βέλτιον
1477 573 1573 629 τοῦ
1602 574 1789 639 κακῶς
1811 574 2002 627 παθεῖν

425 667 478 701 τι
507 649 593 704 διὰ
624 652 875 723 Χριστόν.
907 657 1018 726 Οὐχ
1046 657 1187 710 οὕτω
1232 656 1521 729 μακαρίζω
1546 657 1780 722 Παῦλον,
1815 657 1897 710 ὅτι
1926 658 2004 718 εἰς

429 735 755 804 παράδεισον
792 740 1039 810 ήρπάγη,
1100 741 1175 804 ὡς
1208 743 1291 794 ὃτι
1322 744 1401 805 είς
1439 743 1497 795 τὸ
1530 742 1903 812 δεσμωτήριον
1933 742 2017 792 ἐν·

432 815 660 889 εϐλήθη.
698 818 814 892 [54]
839 823 951 893 Οὐχ
973 824 1147 887 οὕτως
1165 826 1326 878 αὑτὸν
1352 825 1660 896 μακαρίζω,
1688 826 2015 895 ὅτιήκουσεν

430 901 644 972 άρῤητα
672 906 913 975 ῥήματα,
938 909 1106 972 ὼςότι
1122 910 1383 980 ὑπέμεινε
1416 910 1485 964 τὰ
1510 910 1685 979 δεσμά
1703 909 1823 980 ὀὐχ
1844 908 2017 970 οὕτως

429 984 594 1038 αὑτὸν
646 990 957 1060 μακαρίζω,
1000 992 1081 1045 ὅτι
1118 994 1345 1064 ἡρπάγη
1386 997 1468 1058 εἰς
1498 998 1679 1064 τρίτον
1714 990 1943 1061 οὐρανὸν
1961 1001 2010 1055 ⁸,

429 1068 505 1129 ὡς
533 1073 820 1143 μακαρίζω
856 1074 945 1127 διὰ
971 1076 1039 1130 τά
1067 1075 1260 1145 δεσμά.
1293 1076 1414 1129 Ὅτι
1451 1076 1562 1147 γὰρ
1594 1075 1770 1131 ταῦτα
1794 1074 2018 1129 ἐκείνων

434 1153 675 1219 μείζονα,
698 1156 932 1212 ἄκουσον
961 1160 1054 1212 καὶ
1072 1160 1235 1222 αὐτὸς
1253 1159 1372 1224 πῶς
1397 1159 1557 1213 τοῦτο
1578 1155 1738 1213 οἶδεν.
1757 1157 1891 1211 Οὐδὲ
1908 1156 2018 1226 γὰρ

429 1229 570 1296 εἷπε.
604 1239 917 1308 Παρακαλῶ
958 1242 1105 1312 ὑμᾶς
1134 1242 1244 1309 ἐγὼ
1272 1245 1301 1296 0
1336 1244 1556 1314 ῥήματα
1592 1244 1810 1314 ἄρρητα
1852 1229 2019 1293 ἀκούέ

432 1335 552 1383 σας,
598 1322 733 1376 ἀλλά
762 1325 844 1389 τί;
877 1326 1211 1394 Παρακαλῶ
1252 1326 1408 1397 ὑμᾶς
1447 1325 1562 1397 ἐγὼ
1600 1330 1633 1381 ὁ
1671 1325 1918 1394 δέσμιος
1948 1322 2018 1375 έν

431 1405 648 1471 Κυρίῳ.
1854 1442 1857 1445 .

506 1590 569 1643 Et
591 1590 648 1644 δὲ
671 1592 746 1661 μὴ
762 1592 967 1657 πάσαις
986 1593 1146 1649 τοῦτο
1171 1595 1519 1665 προσγράφει
1535 1593 1657 1656 ταῖς
1681 1589 2016 1652 ἐπιστολαῖς,

433 1672 497 1725 ού
532 1673 879 1744 θαυμαστόνι
936 1677 1057 1730 ούδέ
1101 1677 1211 1747 γάρ
1249 1676 1483 1729 πάντοτε
1527 1674 1754 1736 ἐδέδετο.
1799 1673 1914 1728 ἀλλ’
1961 1674 2019 1725 ἐν

435 1756 648 1825 Χρόνοις
677 1757 838 1813 τισίν.
875 1759 1245 1829 Αίρετώτερον
1279 1758 1401 1828 ἐμοὶ
1429 1757 1624 1810 παθεῖν
1663 1756 1851 1818 κακῶς
1879 1755 2021 1824 ὑπὲρ

435 1837 530 1890 τοῦ
566 1839 826 1910 Χριστοῦ,
866 1841 898 1912 ἢ
943 1842 1207 1909 τιμᾶσθαι
1238 1840 1390 1912 παρά
1420 1840 1514 1894 τοῦ
1546 1840 1805 1911 Χριστοῦ.
1850 1839 2022 1891 Τοῦτο

439 1923 652 1991 μεγάλη
683 1925 843 1995 τιμὴ,
875 1922 1036 1978 τοῦτο
1065 1925 1192 1991 δόξα
1220 1927 1251 1995 ή
1287 1925 1465 1979 πάντα
1486 1923 1923 1994 ὑπερϐάλλουσα.
1957 1922 2018 1974 El

435 2005 598 2070 αὐτὸς
625 2006 691 2060 δι’
722 2008 823 2077 ἐμὲ
848 2009 1136 2077 γενόμενος
1166 2008 1372 2073 δοῦλος,
1407 2009 1504 2062 καὶ
1538 2008 1635 2077 τὴν
1667 2006 1824 2070 δόξαν
1852 2005 2022 2059 κενώ-

438 2107 557 2153 σας,
599 2089 696 2160 οὐχ
726 2092 899 2155 οὕτως
933 2096 1119 2162 ἠγεῖτο
1152 2096 1210 2145 ἐν
1244 2093 1370 2164 δόξῃ
1398 2090 1559 2157 εἶναι,
1600 2092 1676 2156 ὡς
1707 2092 1796 2144 ὅτε
1823 2092 2021 2145 ἐσταυ-

441 2172 599 2242 ροῦτο
619 2173 759 2243 ὑπὲρ
776 2174 933 2242 ἐμοῦ,
956 2176 1008 2227 τί
1031 2176 1129 2243 ἐμὲ
1148 2175 1342 2228 παθεῖν
1361 2175 1422 2228 ού
1448 2175 1530 2229 δεῖ
1548 2193 1563 2242 ;
1586 2176 1785 2228 Ἀκουε
1805 2173 1914 2244 γὰρ
1935 2174 2025 2227 αύο

434 2254 531 2308 τοῦ
548 2256 821 2324 λέγοντος.
866 2257 1141 2321 Δόξασόν
1151 2276 1228 2328 με
1248 2259 1349 2323 σὺ,
1372 2259 1583 2327 Πάτερ.
1608 2260 1674 2313 Τί
1692 2258 1874 2327 λέγεις
1896 2276 1910 2324 ;
1933 2259 2026 2312 ἐπὶ

439 2338 677 2409 σταυροῦ
706 2341 813 2412 ἄγῃ
847 2341 986 2410 μετά
1005 2342 1219 2413 λῃστῶν
1244 2343 1339 2396 καὶ
1369 2343 1771 2416 τυμϐωρύχων,
1801 2343 1892 2396 τὸν
1915 2342 2025 2396 τῶν

438 2422 734 2492 ἐπαράτων
769 2422 1097 2491 ὑφίστασθαι
1131 2425 1380 2491 θάνατον,
1431 2427 1774 2496 ἐμπτύεσθαι
1812 2426 2025 2497 μέλλεις

438 2505 533 2558 καὶ
558 2504 906 2574 ῥαπίζεσθαι,
932 2506 1216 2561 καὶταῦτα
1241 2509 1398 2574 δόξαν
1429 2509 1644 2573 καλεῖς;
1667 2509 1796 2573 Ναὶ,
1821 2509 1986 2579 φησίν
2012 2528 2024 2540 ·

440 2586 582 2657 ὑπὲρ
604 2587 713 2658 γὰρ
737 2587 845 2641 τῶν
877 2588 1032 2658 φιλου
1041 2590 1218 2660 μένων
1241 2591 1352 2659 ἐγὼ
1374 2591 1569 2660 πάσχω
1599 2591 1795 2657 ταῦτα,
1820 2591 1914 2646 καλ⁸
1934 2610 2026 2645 τα-

439 2669 536 2723 νῦν
560 2670 717 2735 δόξαν
730 2672 869 2727 αὐτὰ
892 2673 1154 2744 ἡγοῦμαι.
1182 2675 1245 2728 Εί
1265 2677 1293 2728 0
1316 2675 1441 2737 τοὺς
1465 2674 1720 2746 οίκτροὺς
1735 2675 1830 2729 καὶ
1850 2675 2029 2729 ταλαι-

441 2752 660 2825 πώρους
684 2756 941 2826 φιλήσας,
955 2756 1114 2824 δόξαν
1135 2757 1192 2811 τὸ
1222 2760 1455 2828 πρᾶγμα
1478 2758 1656 2821 καλεῖ,
1674 2758 1770 2811 καὶ
1802 2759 1863 2811 οὐ
1884 2758 1948 2812 τὸ
1969 2759 2027 2812 ἐν

440 2837 520 2909 τῷ
535 2837 710 2909 θρόνῳ
725 2835 865 2894 εἶναι
892 2841 971 2912 τῷ
995 2841 1273 2912 πατρικῷ,
1304 2841 1426 2895 ούδέ
1453 2842 1512 2894 τὸ
1541 2841 1600 2893 ἐν
1628 2843 1694 2911 τῇ
1715 2840 1863 2912 δόξῃ,
1891 2840 2031 2896 ἀλλά

438 2920 503 2975 τὸ
540 2923 599 2977 ἐν
632 2923 828 2994 ἀτιμίᾳ
864 2922 992 2987 δόξα
1026 2920 1116 2995 ἦν,
1156 2924 1252 2978 καὶ
1281 2923 1440 2978 τοῦτο
1478 2924 1690 2977 ἐκείνου
1728 2924 2027 2993 προετίθει,

442 3005 626 3076 πολλῷ
657 3006 859 3076 μᾶλλον
897 3006 1008 3074 ἐγὼ
1039 3006 1213 3061 ταῦτα
1240 3006 1442 3076 ὀφείλω
1474 3006 1635 3071 δόξαν
1664 3006 1938 3077 ἡγεῖσθαι.
1968 3010 2031 3061 Ὢ

441 3088 550 3143 τῶν
585 3090 870 3161 μακαρίων
907 3089 1144 3161 δεσμῶν,
1172 3089 1218 3143 ὣ
1251 3091 1358 3145 τῶν
1391 3091 1674 3161 μακαρίων
1711 3088 1930 3161 χειρῶν,
1966 3092 2032 3153 ἃς

444 3173 754 3243 ἐκόσμησεν
774 3176 807 3243 ή
837 3173 1028 3238 ἅλυσις
1055 3175 1259 3245 ἐκείνη.
1291 3175 1405 3227 Οὐκ
1424 3169 1568 3244 ἦσαν
1589 3175 1732 3227 οῦτω
1761 3174 1942 3244 τίμιαι
1975 3174 2031 3227 αἱ

443 3259 626 3329 χεῖρες
654 3258 870 3312 Παύλου
900 3259 991 3313 τὸν
1023 3259 1195 3331 χωλὸν
1220 3259 1312 3312 τὸν
1346 3260 1403 3311 ἐν
1430 3258 1700 3330 Λύστροις
1724 3259 2032 3328 ἀναστήσα-

447 3356 540 3394 σαι
564 3342 659 3394 καὶ
673 3341 1069 3411 ἐγείρασαι,ὼς
1108 3343 1180 3396 τά
1202 3341 1379 3412 δεσμὰ
1400 3341 1805 3413 περικείμεναι.
1833 3343 1895 3395 Et
1911 3343 2031 3396 κατ’

448 3423 690 3488 ἐκείνους
713 3424 839 3487 τοὺς
869 3425 1092 3496 χρόνους
1109 3421 1177 3497 ἦν
1198 3424 1329 3493 ἐγὼ,
1361 3426 1483 3479 τότε
1507 3425 1573 3478 ἂν
1608 3425 1843 3495 μάλιστα
1864 3425 2033 3489 αύτάς

446 3508 919 3580 περιεπτυξάμην,
941 3509 1037 3564 καὶ
1065 3511 1161 3564 ἐπὶ
1187 3509 1290 3574 τὰς
1317 3510 1486 3580 κόρας
1515 3510 1690 3579 ἐθηκα
1722 3512 1821 3576 τὰς
1858 3512 1998 3582 ἐμάς
2018 3528 2032 3543 ·

447 3593 548 3646 οὐκ
563 3593 894 3665 ἐπαυσάμην
914 3592 1230 3663 καταφιλῶν
1245 3595 1431 3664 χεῖρας
1445 3593 1879 3657 καταξιωθείσας
1894 3594 2035 3664 ὑπὲρ

445 3674 543 3728 τοῦ
573 3676 845 3730 Δεσπότου
880 3676 1101 3745 δεθῆναι
1123 3675 1224 3729 τοῦ
1253 3676 1411 3745 ἐμοῦ.
1450 3675 1768 3745 Θαυμάζεις
1797 3677 2032 3741 Παῦλον,

448 3758 539 3810 ὅτε
583 3758 826 3827 καθῆψεν
880 3756 1046 3810 αὐτοῦ
1083 3759 1118 3826 ἡ
1167 3757 1282 3825 ἔχις
1323 3757 1426 3825 τῆς
1478 3758 1683 3828 χειρὸς,
1738 3759 1834 3811 καὶ
1884 3761 2036 3814 οὐδὲν

451 3839 677 3905 ἐποίησε
698 3857 712 3904 ;
743 3838 835 3907 Μὴ
858 3838 1145 3910 θαυμάσῃς
1166 3854 1177 3866 ·
1210 3838 1411 3908 ᾐδέσθη
1434 3841 1544 3910 γάρ
1560 3840 1658 3910 τὴν
1678 3840 1868 3894 ἅλυσιν
1897 3858 1910 3872 ·
1941 3842 2037 3896 καὶ

452 3923 694 3976 θάλαττα
707 3921 761 3975 δὲ
785 3921 980 3992 ὁλόκλη
990 3940 1080 3997 ρος
1094 3921 1299 3993 ταύτην
1319 3923 1501 3992 ᾐδεῖτο
1517 3941 1532 3957 ο
1547 3924 1665 3976 τότε
1680 3924 1752 3992 γά
1759 3942 1789 3995 ρ
1801 3924 2032 3980 ἐδέδετο.

454 4007 521 4059 Εἰ
556 4006 640 4069 τίς
691 4024 779 4071 μοι
819 4007 1047 4076 νεκροὺς
1076 4006 1276 4059 ἔδωκεν
1328 4008 1634 4077 ἀναστῆσαι
1669 4008 1785 4068 νῦν,
1817 4010 1920 4061 οὐκ
1971 4010 2037 4064 ἂν

447 4089 611 4142 τοῦτο
633 4088 878 4159 εἱλόμην,
905 4089 1042 4142 ἀλλὰ
1070 4091 1171 4157 τὴν
1193 4090 1382 4143 ἅλυσιν
1406 4108 1420 4121 ο
1450 4092 1500 4144 εί
1524 4091 1635 4144 τῶν
1655 4091 2038 4161 ἐκκλησιαστι-

454 4174 568 4226 κῶν
603 4173 901 4244 φροντίδων
930 4174 1088 4238 ἐκτὸς
1119 4174 1289 4243 ήμην,
1327 4174 1419 4228 καὶ
1451 4174 1514 4227 τδ
1556 4175 1716 4245 σῶμα
1761 4175 2037 4246 εὔρωστον

456 4254 622 4327 εἶχον,
645 4258 752 4311 οὐκ
765 4257 831 4311 ἂν
849 4258 1256 4329 παρῃτησάμην
1281 4259 1591 4330 ἀποδημίαν
1611 4257 1882 4329 τοσαύτην
1903 4261 2056 4330 ποιή-

457 4340 652 4395 σασθαι
677 4341 817 4410 ὑπὲρ
836 4341 929 4394 τοῦ
960 4341 1059 4404 τὰς
1081 4341 1298 4404 ἁλύσεις
1331 4342 1490 4412 μόνον
1518 4342 1668 4403 ἰδεῖν,
1696 4343 1837 4412 ὑπὲρ
1860 4342 1955 4396 τοῦ
1978 4344 2038 4397 τὸ

454 4422 827 4496 δεσμωτήριον
850 4423 979 4478 ἔνθα
1002 4424 1228 4479 ἐδέδετο.
1265 4425 1458 4479 Καίτοι
1483 4425 1579 4480 καὶ
1607 4425 1716 4479 τῶν
1739 4425 2036 4494 θαυμάτων

456 4508 622 4561 αὐτοῦ
647 4508 817 4561 πολλὰ
837 4508 1116 4579 πανταχοῦ
1149 4511 1352 4579 σημεῖα
1379 4510 1661 4580 τυγχάνει,
1687 4509 1801 4562 ἀλλ’
1826 4510 1924 4579 οὐχ
1945 4508 2039 4562 οῦ.

456 4607 562 4652 τως
590 4591 706 4643 ἐστὶ.
735 4591 978 4650 ποθεινὰ.
1008 4594 1083 4654 ὡς
1105 4591 1174 4645 τά
1194 4592 1301 4644 τῶν
1332 4592 1668 4663 στιγμάτων.
1704 4594 1814 4647 Καὶ¹
1834 4595 1893 4646 ἐν
1920 4596 2038 4656 ταῖς

456 4674 703 4743 Ῠραφαῐς
731 4674 788 4726 δέ
815 4674 913 4743 οὐχ
943 4674 1088 4729 οὕτω
1121 4693 1187 4746 με
1216 4676 1501 4746 εὐφραίνει
1531 4675 1786 4747 θαύματα
1813 4676 2040 4748 ἐργαζό-

457 4771 643 4824 μενος,
673 4753 749 4815 ὼς
780 4755 1006 4824 πάσχων
1033 4757 1240 4820 κακῶς,
1268 4758 1683 4827 μαστιζόμενος,
1715 4759 2035 4830 συρόμενος.

460 4839 670 4899 Ὄντως
699 4836 991 4908 θαυμαστὰ
1011 4838 1105 4891 καὶ
1124 4839 1192 4892 τὰ
1216 4840 1308 4893 τοῦ
1332 4840 1543 4911 χρωτὸς
1565 4840 1823 4912 σουδάρια
1853 4841 1949 4896 καὶ
1969 4841 2040 4895 τὰ

458 4919 798 4991 σημικίνθια,
845 4918 1124 4991 παράδοξα
1156 4921 1533 4992 ἐργαζόμενα’
1568 4923 1683 4976 ἀλλ’
1717 4924 1779 4977 οὐ
1815 4924 2040 4979 τοιαῦτα

457 5000 545 5057 οἷα
570 5004 775 5058 ἐκεῖνα.
811 5003 1126 5072 Δείραντες
1154 5003 1363 5067 αὐτόν,
1411 5005 1567 5074 φησὶ,
1607 5005 1707 5059 καί
1733 5004 2035 5073 ἐπιθέντες

459 5089 693 5154 πολλὰς
891 5085 1151 5155 πληγὰς,
1188 5086 1415 5141 ἔϐαλον
1442 5089 1530 5154 είς
1575 5088 1897 5157 φυλακήν·
1947 5091 2040 5145 καὶ

460 5169 642 5234 πάλιν,
692 5169 1007 5240 Δεδεμένοι
1050 5168 1284 5237 ὕμνουν
1324 5168 1431 5223 τὸν
1472 5172 1621 5225 Θεόν
1645 5188 1657 5202 ·
1710 5172 1806 5225 καὶ
1853 5172 2038 5239 πάλιν,

461 5251 831 5319 Λιθάσαντες
858 5251 1066 5317 αὐτὸν,
1103 5251 1329 5320 ἔσυρον
1359 5251 1476 5317 ἔξω
1501 5251 1610 5321 τῆς
1649 5256 1902 5320 πόλεως,
1937 5274 2040 5310 νο-

459 5333 750 5399 μίσαντες
779 5336 968 5390 αὐτὸν
996 5334 1295 5390 τεθνάναι.

536 5515 795 5569 Βούλεσθε
823 5518 1015 5585 μαθεῖν
1041 5523 1166 5575 ὅσον
1191 5521 1340 5574 ἐστὶν
1362 5520 1553 5584 ἅλυσις
1580 5520 1777 5593 σιδηρᾶ
1802 5523 1888 5577 διά
1912 5527 2043 5595 Χρι-

466 5598 589 5653 στὸν
619 5599 977 5671 περικειμένη
1022 5602 1237 5673 σώματι
1268 5605 1529 5675 δουλικῷ;
1564 5605 1837 5659 ἀκούσατε
1879 5607 2043 5662 αὑτοῦ

461 5682 556 5737 τοῦ
589 5681 825 5753 Χριστοῦ
852 5682 1122 5750 λέγοντος,
1151 5688 1439 5755 Μακάριοι
1464 5690 1626 5745 ἐστε.
1662 5691 1759 5757 Τί;
1798 5692 1925 5745 ὅταν
1955 5710 2043 5745 νε-

524 5909 552 5943 ι
578 5905 732 5968 Unus,
762 5907 827 5964 εἰς
846 5907 1003 5971 τρίτον
1025 5908 1312 5971 παράδεισον
1335 5908 1414 5956 τὸν
1438 5909 1648 5971 οὐρανόν.

2120 489 2280 557 κροὺς
2300 489 2638 560 άναστήσητε
2661 508 2673 552 ;
2694 488 2829 559 Ούχί
2845 502 2860 518 ο
2878 485 3012 540 ἀλλά
3029 484 3081 537 τί
3103 484 3265 547 ςὸταν
3284 484 3517 552 τυφλοὺς
3540 487 3700 559 θερα-

2120 572 2391 643 πεύσητε;
2432 573 2699 642 Οὐδαμῶς
2721 589 2736 603 ο
2781 570 2917 625 ἀλλὰ
2954 568 3007 621 τί
3028 584 3042 631 ;
3088 568 3276 620 Ὅταν
3313 567 3702 625 ὀνειδίσωσιν

2118 652 2290 721 ὑμᾶς,
2314 656 2411 708 καὶ
2439 653 2714 721 διώξωσι,
2737 653 2833 707 καί
2861 652 3076 705 εἴπωσι
3098 647 3221 705 πᾶν
3236 651 3506 719 πονηρὸν
3513 650 3704 722 ῥῆμα,

2116 736 2478 807 ψευδόμενοι
2501 738 2631 791 καθ’
2648 735 2820 806 ὑμῶν
2845 735 3057 789 ἕνεκεν
3071 733 3238 801 ἐμοῦ.
3262 733 3326 785 Εἰ
3351 732 3407 786 δέ
3427 734 3492 787 τὸ
3517 734 3705 799 κακῶς

2118 817 2349 873 ἀκοῦσαι
2382 820 2524 873 οῦτω
2551 819 2698 872 ποιεῖ
2726 817 3051 889 μακαρίους,
3101 814 3165 868 τὸ
3195 815 3381 883 κακῶς
3406 815 3626 878 παθεῖν,
3650 817 3707 869 τί

2118 901 2219 955 οὐκ
2230 901 2295 956 ἂν
2306 903 2603 974 εἰργάσατο
2621 903 2650 944 ιι
2672 919 2686 969 ;
2705 903 2908 956 Ἀκουε
2923 898 3088 955 αὑτοῦ
3101 898 3197 952 τοῦ
3225 900 3501 971 μακαρίου
3511 899 3711 955 τούτου

2119 983 2366 1054 λέγοντος
2395 983 2626 1056 ἀλλαχοῦ
2653 1001 2669 1017 ο
2697 985 2926 1040 Λοιπὸν
2957 982 3270 1038 ἀπόκειται
3286 998 3387 1050 μοι
3418 986 3452 1036 ὁ
3481 982 3594 1052 τῆς
3615 982 3711 1037 δι-

2120 1068 2453 1136 καιοσύνης
2485 1068 2809 1139 στέφανος.
2864 1068 3026 1122 Ἀλλὰ
3061 1066 3159 1120 τοῦ
3201 1068 3468 1135 στεφάνου
3508 1067 3711 1121 τούτου

2119 1150 2499 1223 λαμπρότερος
2517 1155 2546 1206 0
2565 1152 2783 1223 δεσμός.
2814 1151 3018 1205 Τούτου
3066 1167 3133 1220 με
3164 1148 3514 1216 καταξιὼσει,
3545 1151 3709 1221 φησὶ,

2120 1234 2216 1286 καὶ
2251 1234 2403 1288 οὐδὲν
2430 1234 2573 1305 ὑπὲρ
2601 1235 2826 1289 ἐκείνων
2862 1231 3348 1303 ἀκριϐολογοῦμαι.
3393 1232 3581 1303 Ἀρκεῖ
3613 1249 3713 1296 μοι

2119 1315 2259 1385 πρὸς
2280 1319 2462 1371 πᾶσαν
2486 1318 2755 1372 ἀντίδοσιν
2780 1318 2841 1371 τὸ
2862 1317 3057 1372 παθεῖν
3075 1316 3264 1380 κακῶς
3293 1315 3382 1370 διὰ
3407 1316 3501 1371 τὸν
3529 1318 3713 1387 Χρισ-

2117 1398 2232 1453 τόν.
2263 1399 2410 1453 Δότω
2428 1418 2519 1471 μοι
2537 1400 2873 1470 φθέγξασθαι
2909 1401 3107 1465 ἐκεῖνο,
3137 1397 3715 1467 ὃτιᾌνταναπληρῶ

2118 1482 2192 1536 τὰ
2219 1482 2603 1553 ὑστερήματα
2642 1484 2762 1537 τῶν
2788 1484 3058 1552 θλίψεων
3092 1482 3201 1537 τοῦ
3234 1482 3498 1551 Χριστοῦ
3529 1483 3602 1536 ἐν
3630 1479 3717 1551 τῇ

2120 1565 2304 1633 σαρκί
2321 1584 2463 1636 μου,
2488 1568 2583 1620 καὶ
2615 1567 2832 1630 οὐδενὸς
2861 1566 3074 1637 δέομαι.
3114 1565 3447 1636 Κατηξιὼθη
3471 1567 3568 1619 καὶ
3598 1565 3717 1619 Πέ-

2120 1665 2248 1717 τρος
2264 1648 2468 1721 ταύτης
2491 1650 2588 1721 τῆς
2620 1650 2862 1714 ἁλύσεως
2881 1665 2895 1681 °
2924 1645 3032 1706 Ἦν
3057 1649 3187 1720 γὰρ,
3208 1650 3363 1720 φησι,
3399 1649 3714 1720 δεδεμένος,

2122 1733 2217 1785 καὶ
2252 1733 2686 1804 παραδεδομένος
2724 1732 3105 1804 στρατιώταις,
3130 1735 3225 1790 καὶ
3259 1732 3572 1787 ἐκάθευδεν.
3599 1731 3721 1785 Οὖ-

2122 1832 2230 1879 τως
2276 1816 2487 1886 ἔχαιρε,
2528 1818 2622 1871 καὶ
2653 1819 2754 1872 οὐκ
2791 1818 2969 1891 ἤλγει,
2996 1817 3071 1881 ὡς
3101 1818 3196 1872 καὶ
3234 1817 3517 1871 καθεύδειν
3547 1833 3561 1848 ’
3608 1817 3719 1869 οῦκ

2122 1912 2188 1965 ἂν
2222 1913 2277 1967 δὲ
2304 1914 2465 1967 αὑτὸν
2500 1913 2666 1984 βαθὺς
2706 1913 2872 1978 ῦπνος
2898 1911 3064 1985 εἶχεν,
3095 1914 3150 1967 εἴ
3181 1929 3246 1982 γε
3277 1913 3335 1964 ἐν
3371 1910 3612 1982 φροντίδι
3643 1904 3720 1980 ἦν

2126 1996 2313 2067 πολλῇ.
2359 1998 2647 2052 Ἐκάθευδε
2686 1998 2889 2069 μεταξὺ
2931 1997 3278 2067 στρατιωτῶν
3303 1995 3378 2049 ῶν
3404 2013 3418 2026 ·
3460 1997 3557 2049 καὶ
3607 1995 3717 2062 ἄγ-

2124 2081 2281 2149 γελος
2328 2077 2461 2152 ἦλθε
2508 2083 2644 2155 πρὸς
2698 2084 2882 2147 αὐτὸν,
2936 2084 3032 2137 καὶ
3077 2082 3325 2146 πατάξας
3384 2078 3551 2135 αὑτοῦ
3613 2078 3721 2146 τὴν

2126 2164 2389 2236 πλευρὰν,
2433 2167 2678 2237 ἤγειρεν.
2720 2165 2788 2219 Εἴ
2810 2184 2897 2230 τις
2928 2167 3109 2219 τοίνυν
3140 2162 3265 2219 εἶπέ
3303 2182 3414 2234 μοι,
3454 2163 3521 2216 Τί
3551 2161 3720 2214 ἐϐού-

2125 2246 2246 2313 λου;
2276 2246 2508 2317 ἄγγελος
2533 2245 2672 2304 εἶναι
2700 2251 2730 2303 0
2760 2249 2966 2317 Πέτρον
3007 2248 3193 2315 νύξας,
3225 2248 3258 2319 ἢ
3296 2250 3500 2318 Πέτρος
3533 2247 3561 2298 0
3592 2245 3717 2298 δια-

2129 2330 2351 2397 σωθείς;
2396 2332 2601 2403 Πέτρος
2647 2332 2713 2386 ἂν
2758 2332 2984 2404 εἱλόμην
3018 2331 3293 2400 γενέσθαι,
3349 2331 3418 2384 δι’
3456 2328 3516 2383 ὃν
3550 2329 3649 2383 καὶ
3688 2327 3723 2378 ὁ

2126 2414 2359 2484 ἄγγελος
2391 2413 2576 2488 ἦλθεν.
2627 2416 2769 2486 Ἐγὼ
2799 2417 2908 2470 τῶν
2938 2415 3157 2487 δεσμῶν
3189 2415 3424 2486 ὀναίμην
3465 2414 3717 2467 ἐκείνων.

2128 2498 2238 2551 Καὶ
2260 2498 2399 2560 πῶς,
2425 2500 2614 2569 φησὶν.
2641 2500 2718 2564 ὠς
2747 2499 3000 2571 μεγάλων
3033 2498 3225 2553 κακῶν
3253 2497 3589 2565 ἀπαλλαγεὶς
3620 2494 3719 2548 εῦ-

2128 2597 2312 2651 χεταις
2342 2582 2434 2652 Μὴ
2459 2583 2745 2654 θαυμάσῃς
2763 2600 2778 2615 ·
2804 2581 3027 2653 εὔχεται
3047 2582 3178 2654 γάρ,
3209 2580 3461 2644 δεδοικὼς
3487 2580 3562 2652 μὴ
3584 2581 3723 2631 ἀπο-

2129 2664 2286 2736 θάνῃ.
2326 2666 2400 2718 Τὸ
2427 2665 2484 2718 δὲ
2522 2665 2819 2721 ἀποθανεῖν
2856 2665 3116 2720 ἐδεδοίκει
3156 2664 3246 2721 διὰ
3303 2664 3364 2719 τι
3413 2663 3495 2723 ὅτι
3529 2662 3722 2734 βούλε-

2131 2749 2255 2804 σθαι
2288 2750 2451 2804 αὐτὸν
2492 2749 2588 2820 τὴν
2617 2749 2762 2822 ζωὴν
2812 2746 2953 2804 εἶναι
2996 2749 3254 2803 ὑπόθεσιν
3286 2748 3395 2801 τῶν
3446 2746 3637 2803 παθῶν
3660 2757 3716 2797 ε.

2134 2832 2401 2886 Ἄκουσον
2457 2832 2587 2901 γοῦν
2639 2833 2732 2887 καὶ
2779 2832 2944 2895 αὐτὸς
2990 2834 3019 2886 0
3073 2832 3344 2903 μακάριος
3389 2830 3604 2893 Παῦλος
3661 2829 3718 2880 τί

2131 2931 2296 2986 φησι;
2333 2915 2403 2970 Τὸ
2429 2915 2737 2971 ἀναλῦσαι
2760 2915 2859 2971 καί
2893 2916 3017 2970 σὺν
3039 2913 3269 2985 Χριστῷ
3301 2911 3476 2980 εἶναι,
3502 2911 3722 2977 πολ.ἶῷ

2124 2996 2369 3065 μᾶλλον
2384 2997 2695 3066 κρεῖσσον,
2714 2999 2779 3052 τὸ
2792 2998 2858 3052 δὲ
2870 2999 3236 3068 παραμένειν
3253 2996 3326 3066 τῇ
3342 2997 3519 3067 σαρκί
3534 2997 3719 3065 ἀναγ-

2131 3080 2445 3149 καιότερον
2455 3080 2530 3135 δι’
2543 3080 2895 3151 ὺμᾱς.¹ιόῦτο
2907 3083 2999 3134 καὶ
3017 3082 3176 3151 χάριν
3206 3080 3432 3134 ἐκάλεσε
3450 3080 3681 3150 γράφων
3703 3093 3715 3104 ·

2145 3162 2468 3232 Ἑχαρίσθη
2503 3164 2610 3234 γὰρ
2634 3166 2794 3234 ὑμῖν,
2822 3165 3008 3235 φησὶν,
3038 3165 3155 3219 ἀπὸ
3195 3162 3302 3217 τοῦ
3333 3161 3612 3231 Χριστοῦ,
3645 3162 3720 3214 οὐ

2126 3248 2319 3315 μόνον
2344 3248 2412 3301 τὸ
2440 3249 2526 3313 είς
2557 3249 2747 3302 αὐτὸν
2774 3248 3105 3312 πιστεύειν,
3138 3246 3298 3302 ἀλλὰ
3325 3249 3424 3300 καί
3462 3246 3527 3300 τὸ
3560 3245 3718 3312 ὑπὲρ

2131 3330 2318 3385 αὑτοῦ
2356 3329 2639 3399 πάσχειν.
2671 3332 2838 3386 Ὥστε
2868 3332 3029 3387 τοῦτο
3063 3330 3273 3384 ἐκείνου
3309 3328 3496 3401 μεῖζόν
3529 3331 3679 3382 ἐστιν
3700 3344 3713 3357 ’

2132 3412 2425 3484 ἐχαρίσατο
2456 3414 2588 3485 γάρ.
2625 3416 2830 3479 Ὄντως
2858 3416 2975 3467 ἐστί
3006 3414 3165 3489 χάρις
3199 3414 3453 3485 μεγίστη,
3482 3411 3578 3465 καὶ
3608 3427 3717 3464 πα‹

2136 3496 2244 3549 σῶν
2281 3494 2489 3550 τούτων
2536 3495 2763 3567 μείζων,
2797 3498 2891 3551 τοῦ
2926 3497 3018 3551 τὸν
3048 3498 3202 3568 ἥλιον
3241 3497 3441 3566 στῆσαι
3485 3495 3578 3549 καὶ
3616 3493 3719 3563 τήν

2138 3579 2390 3652 σελήνην,
2437 3579 2529 3634 τοῦ
2556 3580 2646 3635 τὸν
2678 3581 2883 3650 κόσμον
2910 3582 3131 3652 κινῆσαι
3155 3597 3170 3614 ·
3206 3580 3364 3633 τοῦτο
3405 3580 3590 3649 μεῖζον
3626 3577 3721 3630 τοῦ

2133 3664 2403 3735 δαιμόνων
2431 3664 2726 3735 κρατῆσαι,
2749 3666 2781 3736 ἢ
2803 3666 3077 3721 ἀπελάσαι
3108 3665 3385 3735 δαίμονας.
3412 3663 3525 3733 Οὐχ
3548 3661 3724 3724 οὕτως

2134 3747 2392 3816 ἁλγοῦσιν
2426 3744 2624 3802 ἐκεῖνοι
2656 3749 2836 3803 πίστει
2866 3751 2931 3820 τῇ
2979 3750 3108 3820 παρ’
3142 3747 3301 3819 ἡμῶν
3348 3746 3720 3816 ἐλαυνόμενοι,

2134 3831 2211 3894 ὡς
2254 3833 2384 3885 ὅταν
2431 3833 2580 3901 ἡμᾶς
2630 3832 2780 3888 ἴδωσι
2829 3832 2999 3886 κακόν
3033 3850 3087 3886 τι
3133 3833 3444 3902 πάσχοντας
3491 3829 3579 3881 διά
3628 3830 3722 3882 τὸν

2137 3914 2181 3965 Χ
2191 3912 2393 3984 ριστὸν,
2419 3911 2515 3966 καὶ
2540 3914 2739 3983 δεσμου
2749 3914 2941 3985 μένους
2969 3931 2982 3945 ”
3016 3915 3239 3985 μείζονα
3261 3914 3368 3984 γάρ
3392 3911 3549 3965 τοῦτο
3575 3914 3727 3968 ποιεῖ

2135 3996 2234 4067 τήν
2264 3996 2597 4067 παρρησίαν.
2646 3998 2721 4051 Οὐ
2748 3999 2835 4051 διὰ
2864 3998 3023 4053 τοῦτο
3061 3999 3225 4057 καλὸν
3253 3998 3312 4052 τὸ
3352 3995 3600 4053 δεδέσθαι
3634 3994 3724 4048 διὰ

2135 4080 2228 4133 τὸν
2283 4078 2542 4148 Χριστὸν,
2595 4081 2679 4133 ὅτι
2732 4081 3012 4151 βασιλείαν
3060 4082 3313 4154 προξενεῖ
3350 4081 3412 4134 τὸ
3460 4082 3720 4152 πρᾶγμα.

2137 4161 2253 4215 ἀλλ’
2277 4162 2359 4215 ὅτι
2385 4161 2472 4215 διὰ
2500 4162 2591 4215 τὸν
2623 4164 2858 4233 Χριστὸν
2886 4166 3130 4232 γίνεται·
3163 4167 3225 4220 ού
3255 4164 3344 4219 διὰ
3362 4164 3521 4221 τοῦτο
3543 4181 3724 4233 μακα-

2141 4243 2276 4316 ρίζω
2315 4246 2442 4308 τοὺς
2481 4245 2736 4314 δεσμοὺς,
2775 4248 2856 4302 ὅτι
2900 4250 2981 4312 εἰς
3022 4249 3114 4304 τὸν
3148 4249 3379 4325 οὐρανὸν
3422 4247 3722 4318 παραπέμ-

2137 4344 2354 4394 πουσιν,
2391 4328 2508 4382 ἀλλ’
2549 4330 2633 4383 ὅτι
2663 4330 2750 4384 διὰ
2783 4330 2874 4386 τὸν
2917 4333 3199 4402 Δεσπότην
3226 4330 3322 4388 τοῦ
3355 4328 3593 4402 ούρανοῦ
3634 4327 3723 4397 γί-

2136 4429 2338 4467 νονται.

2213 4579 2328 4652 [56]
2349 4580 2517 4634 Πόσον
2533 4581 2795 4652 καύχημα
2812 4582 3030 4650 εἰδέναι,
3048 4583 3130 4636 ὅτι
3146 4583 3233 4638 διὰ
3249 4585 3340 4638 τὸν
3353 4582 3590 4655 Χριστὸν
3610 4581 3725 4636 ὲδέ-

2139 4664 2236 4734 θη;
2266 4665 2405 4734 πόση
2427 4665 2609 4735 ἡδονὴ,
2634 4667 2773 4737 πόση
2805 4667 2962 4736 τιμὴ,
2986 4668 3127 4737 πόση
3148 4668 3505 4740 λαμπρότης;
3541 4668 3726 4722 Ἐϐου-

2139 4745 2309 4817 λόμην
2337 4746 2630 4812 διαπαντὸς
2658 4749 2831 4802 ταῦτα
2865 4749 3196 4819 φθέγγεσθαι
3221 4769 3239 4783 ο
3273 4751 3574 4822 ἐϐουλόμην
3601 4750 3724 4821 ἐχε-

2141 4830 2263 4884 σθαι
2297 4834 2392 4901 τῆς
2421 4831 2696 4896 ἁλύσεωςο
2733 4833 3055 4904 ἐϐουλόμην,
3099 4837 3147 4887 εἰ
3178 4836 3274 4888 καὶ
3318 4835 3398 4907 τῷ
3437 4834 3725 4905 πράγματι

2139 4914 2543 4985 ἀπεστέρημαι.
2592 4915 2727 4968 ἀλλὰ
2765 4915 2843 4986 τῷ
2890 4917 3034 4987 λόγῳ
3072 4919 3379 4990 περιθεῖναι
3404 4918 3503 4989 τὴν
3532 4918 3725 4972 ἅλυσιν

2137 4998 2205 5067 τῇ
2234 4996 2379 5066 ψυχῇ
2409 4997 2497 5052 διὰ
2517 4998 2615 5069 τῆς
2640 4998 2953 5064 διαθέσεως.
2994 5002 3302 5070 Ἐσείσθη,
3335 5002 3492 5074 φησὶ,
3536 5003 3603 5056 τὸ
3626 5000 3727 5056 δε·-

2139 5080 2479 5150 σμωτήριον
2526 5081 2850 5152 δεδεμένου
2905 5086 3150 5141 Παύλου
3170 5126 3185 5150 ,
3235 5086 3337 5140 καὶ
3374 5085 3620 5140 πάντων
3653 5086 3730 5142 τὰ

2139 5165 2332 5234 δεσμὰ
2365 5166 2593 5234 ἀνείθη.
2628 5162 2782 5231 Εἶδες
2828 5167 3043 5239 δεσμῶν
3092 5168 3256 5240 φύσιν
3285 5171 3356 5225 τὰ
3391 5169 3571 5240 δεσμά
3604 5171 3731 5225 ἀνα-

2140 5249 2374 5303 λύουσαν
2394 5267 2409 5317 ;
2422 5249 2634 5322 Ὥσπερ
2651 5249 2760 5323 γὰρ
2773 5254 2801 5306 0
2820 5251 2915 5306 τοῦ
2933 5253 3139 5322 Κυρίου
3151 5253 3382 5318 θάνατος
3393 5254 3484 5309 τὸν
3497 5253 3730 5309 θάνατον

2141 5333 2504 5396 ἐθανάτωσεν,
2534 5332 2675 5387 οὕτω
2707 5334 2891 5391 καὶτὰ
2918 5335 3136 5390 Παύλου
3157 5336 3334 5408 δεσμὰ
3361 5338 3489 5402 τοὺς
3515 5336 3728 5408 δεσμώ-

2140 5434 2240 5478 τας
2283 5417 2462 5478 ἐλυσε,
2494 5418 2554 5469 τὸ
2590 5416 2962 5489 δεσμωτήριον
3002 5419 3201 5483 ἔσεισε,
3251 5420 3350 5485 τὰς
3405 5420 3580 5492 θύρας
3630 5422 3729 5476 ἀν-

2145 5500 2314 5570 έῳξεο
2350 5500 2528 5554 καίτοι
2577 5501 2675 5571 οὐχ
2709 5499 2850 5570 αὕτη
2894 5501 3004 5556 τῶν
3040 5503 3318 5575 δεσμῶνή
3353 5504 3515 5573 φύσις
3556 5505 3727 5567 ἐστὶν,

2143 5582 2256 5634 ἀλλ’
2288 5585 2322 5653 ή
2351 5582 2587 5648 ἐναντία,
2624 5583 2875 5656 κατέχειν
2906 5586 2964 5640 ἐν
2998 5586 3267 5659 ἀσφαλείᾳ
3307 5587 3399 5640 τὸν
3421 5587 3728 5658 δεδεμένον,

2218 5790 2247 5857 ‘P
2416 5790 2635 5857 qqidam,
2658 5793 2930 5857 ἐργάσαιτο,
2957 5808 3052 5851 non
3077 5797 3223 5850 mate.

2220 5856 2241 5884 ε
2262 5853 2420 5929 lMarg.
2437 5853 2622 5917 ’Savilq
2648 5853 2744 5904 τῶν
2787 5857 3001 5920 ἀγώνων,
3028 5865 3081 5908 el.
3119 5857 3242 5907 infra
3270 5859 3503 5923 ἐπιμεῖναι
3525 5870 3616 5922 pro
3635 5874 3731 5909 πα·

2156 5931 2384 5977 ραμενειν.
