4080 6218
384 293 453 348 επ
908 266 915 271 “
1055 332 1061 339 .
1288 284 1354 338 IN
1391 283 1601 340 setsr.
1643 286 1731 340 an
1768 289 2000 349 uenas.
2042 287 2193 349 CAP.
2233 291 2319 346 Iv.
2364 292 2588 350 HOMIL.
2636 296 2765 361 vut.
3592 321 3658 375 ss

383 419 504 461 esse
538 400 804 465 vinctum,
853 397 1026 467 potius
1065 403 1307 464 Optarent
1339 393 1458 448 talis
1486 406 1604 447 esse
1634 393 1863 446 vinctus.
1906 390 1971 443 Et

379 500 500 567 jure
528 492 747 564 quidem
775 509 790 545 :
821 490 951 543 nihil
981 488 1124 542 enim
1152 496 1237 541 est
1271 487 1358 541 illa
1380 497 1567 563 catena
1593 484 1820 539 beatius.
1844 482 1969 537 Vel-

381 587 484 641 lem
506 598 652 639 nunc
678 596 801 637 esse
840 582 894 633 in
930 579 1039 634 illis
1068 579 1235 644 locis,
1268 578 1319 632 in
1350 576 1541 648 quibus
1581 575 1827 631 dicuntur
1857 589 1965 628 ma-

381 690 509 732 nere
537 674 631 729 illa
658 672 872 728 vincula
894 713 911 738 ,
937 680 992 725 et
1019 670 1202 724 videre
1223 711 1237 734 ,
1273 668 1523 738 virosque
1564 668 1685 722 illos
1712 666 1966 720 admirari

381 775 601 837 propter
642 763 844 819 Christi
873 760 1199 818 desiderium
1239 778 1251 813 :
1282 760 1473 814 vellem
1503 758 1682 813 videre
1725 767 1964 823 catenas,

376 872 511 929 quas
535 856 924 927 pertimescunt
949 852 1165 923 quidem
1195 859 1248 905 et
1294 849 1513 905 horrent
1551 848 1845 913 datmones,
1875 862 1965 903 re~

376 956 634 1004 verentur
655 955 835 1002 autem
880 945 1076 1016 angeli.
1128 939 1268 999 Nihil
1299 951 1381 997 est
1412 939 1601 997 melius
1631 955 1788 1010 quam
1825 939 1966 995 male

374 1040 480 1108 ptati
535 1026 758 1109 propter
796 1036 1087 1092 Christum.
1141 1035 1257 1090 Non
1308 1044 1414 1088 tam
1463 1033 1678 1089 beatum
1730 1031 1963 1101 praedico

372 1132 599 1186 Paulum
628 1130 775 1201 quod
822 1138 1005 1199 raptus
1051 1129 1124 1183 sit
1158 1128 1211 1182 itt
1254 1126 1579 1196 paradisum,
1613 1141 1771 1195 quam
1815 1123 1958 1194 quod

368 1226 650 1294 conjectus
692 1224 763 1278 sit
787 1222 840 1276 in
870 1235 1145 1275 carcerem
1177 1236 1190 1271 :
1221 1233 1326 1272 non
1354 1226 1462 1271 tam
1490 1216 1634 1271 enim
1682 1216 1802 1269 dico
1836 1214 1958 1268 bea-

366 1325 483 1369 tum
525 1313 672 1385 quod
715 1311 947 1367 audierit
991 1323 1188 1364 arcana
1212 1308 1396 1372 verba,
1420 1321 1579 1377 quam
1609 1321 1730 1360 eum
1763 1320 1959 1360 censeo

368 1409 587 1461 beattun
617 1411 839 1475 propter
868 1403 1079 1457 vincula
1107 1418 1121 1454 :
1155 1416 1259 1454 non
1292 1410 1398 1453 tam
1429 1398 1639 1453 beatum
1666 1397 1788 1452 dico
1814 1396 1954 1467 quod

362 1505 552 1565 ι-τψιιιε
582 1495 653 1549 sit
686 1494 740 1550 in
771 1492 989 1549 tertium
1025 1490 1240 1554 caelum,
1291 1505 1451 1560 qttam
1478 1498 1698 1559 propter
1727 1488 1816 1541 illa
1845 1488 1955 1540 vin-

361 1588 506 1642 cula.
541 1586 678 1641 Nam
699 1584 841 1656 quod
872 1583 990 1638 haec
1016 1582 1121 1637 illis
1146 1581 1256 1635 sint
1283 1579 1506 1650 majora.
1532 1579 1651 1633 audi
1686 1578 1956 1649 quomodo

362 1679 480 1746 ipse
507 1691 727 1747 quoque
754 1673 982 1729 noverit.
1005 1671 1189 1742 Neque
1209 1669 1352 1726 enim
1376 1669 1511 1725 dixit
1536 1687 1548 1722 :
1576 1669 1724 1738 Rogo
1744 1683 1838 1723 vos
1856 1683 1957 1737 ego

361 1767 456 1837 qui
486 1770 655 1821 verba
673 1764 848 1819 audivi
879 1762 1212 1819 inelfabilia?
1238 1760 1331 1817 sed
1363 1760 1488 1832 quid
1511 1760 1536 1813 ?
1574 1759 1721 1831 Rogo
1749 1774 1835 1813 vos
1866 1775 1955 1829 ego

361 1858 567 1912 tinctus
591 1858 646 1911 in
672 1855 899 1910 Domino.

437 1948 499 2002 ἓ.
542 1946 605 2004 Si
635 1948 735 2000 hoc
756 1959 925 2001 autem
967 1961 1073 1999 non
1105 1944 1352 1999 omnibus
1385 1942 1646 1997 adscribit
1672 1941 1912 2011 epistolis
1935 1982 1950 2005 ,

364 2054 479 2095 non
501 2048 585 2094 est
606 2040 799 2093 mirum
833 2056 847 2092 :
873 2054 978 2092 non
1010 2039 1154 2093 enim
1207 2051 1420 2106 semper
1461 2035 1562 2090 fuit
1602 2036 1831 2099 vinctus,
1860 2030 1951 2087 sed

360 2130 688 2201 quibusdam
722 2129 1072 2199 temporibus.
1106 2124 1231 2182 Mihi
1263 2136 1347 2182 est
1368 2126 1651 2197 optabilius
1677 2125 1815 2179 male
1847 2125 1951 2193 pati

360 2238 459 2291 pro
481 2220 722 2285 Christo,
768 2234 927 2290 quam
958 2216 1210 2273 honorari
1243 2235 1273 2271 τι
1301 2212 1536 2272 Christo.
1568 2212 1679 2271 Hoc
1729 2230 1952 2283 magnus

356 2321 442 2366 est
467 2312 664 2375 honor,
704 2307 807 2364 hac
850 2320 934 2365 est
971 2310 1137 2380 gloria
1186 2325 1304 2378 qua:
1333 2309 1512 2364 omnia
1540 2317 1846 2375 exsuperat.
1894 2306 1948 2359 Si

359 2405 473 2468 ipse
505 2404 599 2471 qui
645 2410 869 2474 prepter
899 2417 985 2457 me
1012 2402 1179 2456 factus
1215 2410 1295 2456 est
1339 2416 1563 2459 servus.
1590 2412 1641 2455 et
1669 2401 1952 2455 evacuarit

354 2494 609 2563 gloriam,
640 2510 748 2549 non
771 2474 928 2551 .adeo
954 2494 1296 2549 existimabat
1325 2508 1384 2549 se
1421 2509 1543 2548 esse
1574 2493 1627 2546 itt
1653 2493 1840 2561 gloria,
1896 2502 1952 2546 nt

354 2586 571 2655 quando
615 2601 717 2657 pro
763 2601 850 2641 me
886 2584 1143 2656 agebatur
1180 2584 1236 2638 iu
1266 2597 1506 2649 crucem,
1552 2583 1678 2652 quid
1723 2597 1808 2638 me
1844 2597 1948 2636 non

352 2687 568 2746 oportet
586 2678 693 2745 pati
712 2677 735 2729 ἲ
758 2677 892 2731 Audi
911 2677 1052 2731 enim
1069 2675 1244 2745 ipsum
1261 2675 1529 2731 dicentem
1553 2693 1564 2729 :
1586 2673 1833 2741 Gloriﬁca
1848 2691 1945 2739 me,

355 2768 549 2838 inquit,
581 2779 637 2821 tu
671 2767 829 2822 Pater
849 2766 1029 2839 (Joan.
1060 2768 1145 2821 l7.
1178 2767 1255 2835 l).
1290 2764 1426 2833 Quid
1452 2764 1626 2820 dicis?
1657 2765 1710 2817 in
1732 2779 1946 2818 crucem

346 2861 553 2931 μεωειλ,
586 2869 647 2914 ut
673 2867 1074 2915 exsecratorum
1094 2867 1323 2912 mortem
1349 2857 1544 2912 subeas
1583 2871 1703 2909 cum
1727 2854 1947 2908 latroni-

351 2953 455 3005 bus
502 2961 560 3007 et
619 2951 990 3021 sepulcrorum
1044 2949 1430 3015 clfossoriltus;
1473 2964 1533 3004 es
1572 2948 1947 3017 consltuendus

351 3055 404 3094 et
437 3040 683 3113 colaphis
706 3041 1015 3106 caedendus,
1040 3051 1094 3096 et
1139 3042 1254 3096 lucc
1293 3056 1452 3096 vocas
1477 3040 1739 3110 gloriam?
1766 3041 1943 3102 Certe,

352 3136 563 3206 inquit;
594 3137 713 3190 lucc
740 3135 883 3189 enim
911 3134 1085 3204 patior
1110 3149 1208 3205 pro
1254 3134 1318 3188 iis
1345 3148 1480 3203 quos
1506 3131 1695 3202 diligo,
1743 3141 1797 3186 et
1832 3131 1947 3187 haec

351 3244 495 3282 nunc
516 3228 749 3301 gloriam
777 3227 1047 3281 existimo.
1080 3226 1138 3281 Si
1165 3226 1252 3295 qui
1282 3225 1620 3282 miserabiles
1646 3233 1701 3279 et
1720 3225 1947 3279 miseros

350 3321 560 3383 dilexit,
611 3335 737 3374 eam
768 3331 883 3372 rem
915 3326 1071 3373 vocat
1117 3314 1364 3387 gloriam,
1415 3331 1592 3386 neque
1640 3317 1691 3369 in
1749 3316 1943 3371 throno

350 3430 472 3467 esse
501 3426 730 3479 paterno
759 3426 930 3480 neque
973 3409 1025 3463 in
1049 3410 1238 3480 gloria.
1280 3408 1374 3464 sed
1423 3408 1475 3462 in
1507 3408 1794 3478 ignominia
1825 3424 1944 3464 esse

350 3517 401 3557 rt
427 3503 699 3559 dedecore
721 3503 1043 3570 eratgloria,
1075 3510 1129 3554 et
1150 3500 1251 3555 hoc
1274 3500 1348 3553 illi
1374 3498 1728 3569 prml'crebat;
1777 3500 1944 3553 multo

350 3593 522 3662 magis
557 3607 664 3662 ego
700 3590 816 3645 lucc
857 3591 1031 3646 debeo
1073 3589 1386 3644 existimare
1436 3588 1683 3659 gloriam.
1715 3587 1760 3642 0
1790 3587 1940 3641 beata

350 3683 599 3736 \iuculat
630 3698 666 3735 o
710 3680 897 3736 beatas
932 3695 1123 3735 manus
1149 3692 1285 3750 quas
1322 3678 1537 3733 ornavit
1582 3677 1675 3732 illa
1716 3677 1938 3732 catena!

347 3765 469 3826 Non
501 3778 663 3826 erant
699 3769 836 3826 adeo
864 3769 1193 3825 honorandae
1220 3768 1371 3826 Pauli
1400 3784 1614 3834 manus,
1644 3784 1763 3838 qua:
1797 3770 1944 3824 clau-

343 3863 478 3916 dum
512 3863 749 3932 quierat
795 3861 1002 3933 Lystris
1036 3870 1326 3916 erexerunt
1352 3870 1407 3916 et
1458 3859 1942 3929 feceruntsurgere

345 3955 367 4018 t
378 3954 494 4006 Act.
519 3953 631 4023 ιι),
654 3963 711 4008 ιιι
736 3968 855 4023 quae
876 3951 1075 4008 induta:
1089 3960 1243 4008 erant
1259 3951 1507 4008 vinculis.
1529 3951 1585 4005 Si
1607 3965 1707 4022 ego
1723 3949 1940 4006 fuissem

343 4047 455 4099 illis
484 4045 849 4115 temporibus,
879 4054 1006 4101 tunc
1048 4045 1281 4100 maxime
1317 4060 1409 4099 eas
1447 4059 1620 4099 essent
1641 4044 1938 4114 amplexus,

341 4147 405 4192 et
428 4138 650 4207 pupillis
677 4137 813 4194 meis
842 4136 1199 4193 admovissent
1227 4151 1366 4191 :nou
1395 4151 1691 4191 cessassem
1717 4136 1942 4189 deoscu-

345 4230 452 4285 lari
478 4243 701 4295 manus,
733 4244 854 4300 qua;
874 4228 1048 4300 digna:
1073 4237 1200 4285 sunt
1228 4229 1425 4284 habitae
1450 4245 1568 4299 quae
1596 4245 1692 4299 pro
1717 4229 1942 4284 Domino

347 4334 474 4374 meo
510 4319 865 4375 vincirentur.
894 4320 1190 4375 Admiraris
1222 4320 1443 4375 Paulum
1465 4320 1678 4389 quando
1699 4320 1815 4388 ejus
1832 4334 1941 4374 ma-

344 4427 479 4464 rtum
506 4411 687 4481 tetigit
712 4414 891 4480 vipera
912 4453 929 4478 ,
960 4422 1013 4467 et
1040 4413 1171 4466 nihil
1194 4412 1241 4466 ei
1278 4413 1433 4467 fecit?
1460 4411 1536 4467 Ne
1576 4414 1786 4466 mireris
1816 4431 1828 4465 :
1860 4428 1942 4467 re-

346 4503 519 4558 verita
573 4504 722 4557 enim
762 4503 859 4557 luit
896 4514 1169 4571 catenam;
1204 4515 1366 4560 totam
1416 4506 1575 4561 etiam
1626 4522 1772 4561 mare
1821 4522 1939 4561 eam

342 4594 737 4659 rcrcmbatur;
788 4597 1085 4660 tuncenim
1125 4606 1245 4651 erat
1292 4598 1524 4653 vinctus.
1558 4598 1615 4652 Si
1662 4598 1784 4667 quis
1809 4597 1938 4652 mihi

345 4686 561 4742 dederit
588 4702 734 4743 nunc
762 4697 818 4742 ut
843 4689 1096 4744 suscitcm
1124 4698 1387 4757 mortuos,
1407 4706 1511 4745 non
1541 4688 1643 4746 hoc
1665 4690 1939 4761 elegerint,

346 4777 441 4831 sed
488 4785 765 4831 mutuam.
791 4776 846 4832 Si
867 4776 936 4830 ab
969 4778 1347 4834 ecclesiasticis
1371 4780 1516 4835 curis
1542 4795 1717 4835 essent
1759 4795 1937 4836 remo-

256 4932 260 4943 ‘
347 4879 453 4932 tus,
482 4878 541 4922 et
566 4876 714 4923 esset
757 4866 883 4921 mihi
913 4884 1110 4937 corpus
1133 4885 1320 4924 sanum
1347 4886 1409 4925 ac
1432 4871 1683 4939 validunt,
1710 4890 1813 4926 tton
1850 4889 1937 4927 re-

346 4957 582 5012 cusarim
624 4957 769 5011 hanc
807 4958 1080 5027 suscipere
1130 4961 1635 5031 peregrinationem,
1668 4972 1725 5016 ιιι
1763 4962 1937 5018 solum

351 5047 585 5103 viderem
631 5057 881 5110 catenas,
914 5056 972 5102 ut
1011 5062 1283 5104 carcerem
1330 5049 1386 5104 in
1433 5065 1541 5120 quo
1582 5050 1680 5117 fuit
1707 5053 1934 5108 vinctus.

352 5137 508 5207 Atqui
538 5138 663 5208 ejus
708 5138 1088 5195 miraculorum
1116 5141 1284 5196 multa
1314 5142 1497 5197 multis
1546 5143 1599 5197 in
1639 5144 1772 5200 locis
1814 5156 1938 5202 sunt

354 5229 521 5298 sigma,
549 5231 648 5285 sed
690 5246 799 5285 non
828 5240 954 5287 sunt
975 5241 1082 5287 tam
1108 5233 1488 5290 desiderabilia
1517 5251 1678 5307 quam
1714 5238 1936 5308 stigma-

353 5329 481 5373 tum.
512 5320 580 5375 Et
621 5322 677 5376 in
706 5321 1001 5392 Scripturis
1040 5338 1145 5378 non
1174 5324 1245 5379 ita
1273 5340 1360 5379 me
1388 5324 1620 5381 delectat
1647 5328 1770 5383 dum
1813 5327 1938 5383 facit

349 5411 603 5466 miracula
626 5455 642 5478 ,
682 5428 844 5482 quam
891 5413 1018 5467 dum
1049 5415 1188 5469 male
1218 5414 1435 5484 patitur,
1467 5415 1643 5486 ﬂagris
1686 5418 1931 5482 creditur,

352 5509 506 5568 atque
535 5512 802 5570 raptatur.
856 5502 993 5557 Vere
1024 5504 1287 5563 mirabilia
1337 5516 1460 5560 sunt
1508 5507 1650 5561 illius
1696 5510 1936 5578 corporis

348 5590 560 5645 sudaria
588 5602 646 5647 ct
691 5593 1020 5648 scmiciuctia
1049 5610 1170 5664 qua:
1216 5599 1474 5665 stupetnla
1512 5610 1722 5667 patrant
1753 5619 1765 5656 :
1808 5611 1934 5656 sunt

348 5681 461 5739 hac
488 5699 614 5741 vere
643 5684 931 5756 mirabilia,
959 5684 1053 5743 scd
1082 5700 1188 5741 non
1228 5697 1283 5743 ut
1322 5689 1428 5744 illa.
1461 5690 1585 5747 Cum
1615 5690 1761 5748 illaut
1798 5695 1931 5749 ecci-

2078 396 2289 466 dissent,
2320 411 2366 454 et
2394 406 2578 463 multas
2614 413 2791 483 plagas
2839 417 2885 468 ei
2912 419 3288 491 imposuissent,
3320 432 3560 487 miserunt
3608 440 3657 491 in

2074 502 2345 590 carcerem;
2363 504 2417 550 et
2438 513 2640 567 rursus,
2685 504 2845 561 Vineti
2861 512 3139 568 laudabant
3155 516 3314 572 Deum
3334 533 3421 584 ;et
3447 540 3654 590 rursus.

2074 574 2666 647 Lapidantestraxerunt
2691 613 2802 649 eum
2848 611 2990 655 extra
3035 606 3321 673 civitatem,
3355 574 3687 680 existimanh

2074 675 2285 772 tes'eum
2309 688 2559 772 mortuum
2574 700 2678 738 esse
2700 687 2833 763 (Act.
2861 692 2947 745 16.
2966 693 3208 751 25;!bid.
3233 716 3277 750 v.
3296 701 3365 756 25
3390 714 3437 755 et
3461 705 3544 759 l-i.
3571 707 3651 772 8).

2145 759 2366 858 l’ropter
2393 768 2645 828 Christum
2687 759 2795 847 pati
2829 780 2971 835 bonis
3000 786 3229 840 omnibus
3260 792 3427 858 majus
3451 803 3544 848 est.

2073 847 2247 909 Vultis
2260 859 2405 951 scire
2434 875 2631 931 quanta
2658 885 2745 923 res
2763 871 2834 925 sit
2859 883 3045 929 catena
3070 878 3238 933 ferrea
3259 847 3475 951 propter
3493 847 3648 941 Chri-

2068 950 2210 998 stum
2257 946 2309 1001 in
2335 964 2529 1022 corpus
2571 959 2769 1015 servile
2808 959 3039 1031 injecta?
3078 946 3456 1042 audite‘ips-um
3489 976 3645 1031 Clui-

2067 1043 2207 1090 stum
2255 1039 2542 1111 dicentem,
2581 1046 2725 1103 Beati
2767 1055 2905 1107 estis.
2954 1056 3011 1110 In
3053 1061 3199 1128 quo?
3244 1039 3363 1118 cum
3412 1076 3649 1121 mortuos

2068 1128 2453 1189 suscitaticritis
2475 1138 2496 1187 ?
2523 1136 2864 1210 Nequaquam
2888 1162 2901 1211 ;
2936 1134 3033 1202 sed.
3060 1150 3110 1203 itt
3128 1161 3243 1220 ‘quo
3264 1154 3288 1204 ‘l
3313 1157 3524 1223 quando
3544 1174 3647 1212 Cll!-

2067 1232 2159 1273 cos
2201 1228 2556 1283 curaveritis?
2602 1232 2851 1302 Minime;
2887 1239 2982 1294 sed
3024 1241 3074 1295 in
3117 1248 3388 1312 quonam?
3430 1248 3646 1315 Quando

2068 1313 2267 1377 probris
2296 1332 2382 1371 vos
2411 1317 2672 1386 affecerint
2699 1328 2946 1395 homines,
2975 1341 3022 1385 et
3053 1338 3338 1404 persequuti
3366 1313 3573 1408 fuerint,
3601 1317 3645 1395 et

2064 1403 2281 1460 dixerint
2306 1425 2453 1466 omne
2479 1415 2668 1468 malum
2694 1418 2957 1474 adversum
2985 1437 3091 1487 vos,
3116 1427 3418 1493 mentientes,
3443 1441 3645 1500 propter

2063 1508 2142 1546 me
2188 1495 2405 1565 (Matth.
2438 1502 2490 1556 5.
2528 1505 2640 1569 tl).
2675 1508 2729 1561 Si
2766 1520 2944 1565 autem
2990 1516 3128 1568 male
3149 1517 3334 1573 audire
3360 1495 3646 1575 sicbeatos

2061 1587 2252 1652 efficit,
2276 1592 2417 1646 male
2448 1597 2552 1662 pati
2580 1599 2703 1667 quid
2747 1617 2853 1655 non
2884 1603 3110 1660 fecerit?
3139 1608 3277 1662 Audi
3304 1608 3473 1679 ipsum
3516 1612 3642 1667 beao

2063 1687 2172 1732 tum
2220 1680 2441 1739 Paulum
2489 1686 2753 1744 dieentcnt
2788 1692 2911 1746 alibi
2948 1713 2959 1748 :
2998 1695 3065 1748 In
3112 1697 3303 1767 reliquo
3330 1703 3546 1771 reposita
3572 1712 3644 1758 est

2062 1771 2184 1823 milii
2212 1788 2400 1857 corona
2427 1776 2647 1845 justum:
2686 1781 2765 1849 (ἓ.
2808 1782 2938 1837 Tim.
2967 1787 3020 1839 4.
3068 1787 3146 1853 8).
3180 1790 3284 1843 Sed
3317 1790 3416 1845 hac
3442 1808 3639 1852 corona

2061 1864 2369 1928 prmclarius
2390 1877 2471 1921 cst
2503 1870 2769 1927 vinculum
2796 1892 2810 1928 :
2844 1874 2923 1930 Eo
2950 1892 3054 1943 me,
3086 1878 3276 1948 inquit,
3308 1881 3632 1952 dignabitur,

2058 1962 2112 2006 ct
2140 1953 2208 2008 de
2248 1954 2356 2010 illis
2385 1972 2489 2011 non
2519 1972 2771 2019 accurate
2809 1965 3071 2036 discepto.
3106 1969 3186 2022 Ad
3213 1986 3427 2026 omnem
3458 1989 3631 2028 remu.

2058 2047 2390 2102 neratiouent
2434 2051 2563 2105 mihi
2602 2053 2799 2110 sufficit
2845 2058 2983 2112 tnale
3035 2074 3246 2127 passum
3278 2077 3397 2118 esse
3424 2076 3640 2135 prepter

2055 2134 2350 2192 Christum.
2397 2140 2495 2194 Det
2538 2143 2665 2196 mihi
2713 2157 2768 2199 ut
2802 2146 2931 2201 illud
2961 2148 3220 2218 eloquar:
3260 2152 3528 2223 Adimpleo
3573 2173 3632 2207 ea

2053 2241 2166 2294 qua:
2194 2228 2372 2283 desunt
2392 2234 2683 2300 passionum
2709 2234 2896 2292 Christi
2920 2239 2971 2292 in
2986 2256 3137 2295 carne
3153 2258 3262 2295 mea
3286 2242 3419 2314 (Col.
3443 2246 3491 2299 1.
3514 2246 3628 2315 2i),

2055 2327 2109 2372 et
2153 2320 2351 2375 nullius
2400 2338 2551 2391 egeo.
2606 2325 2804 2394 Dignus
2841 2343 3056 2398 quoque
3097 2341 3175 2385 cst
3209 2332 3417 2388 habitus
3445 2335 3636 2390 Petrus

2057 2408 2155 2464 hac
2198 2422 2428 2466 catena:
2482 2416 2607 2470 Erat
2653 2418 2818 2485 enim,
2863 2421 3053 2490 inquit,
3098 2424 3304 2479 vinctus
3331 2434 3385 2481 ct
3415 2427 3637 2482 traditus

2055 2501 2310 2557 militibus
2329 2543 2344 2568 ,
2374 2516 2428 2559 et
2456 2505 2754 2563 dormiebat
2789 2509 2923 2580 (Act.
2972 2512 3058 2566 19...
3087 2515 3228 2585 4-6).
3257 2515 3406 2571 Adeo
3431 2518 3634 2587 gaude-

2056 2589 2141 2643 bat
2167 2607 2264 2646 uec
2290 2593 2636 2662 alterabatur,
2669 2608 2721 2652 ut
2772 2600 3072 2669 profundus
3106 2619 3230 2658 eum
3261 2615 3466 2663 teneret
3494 2624 3625 2664 som-

2053 2696 2154 2732 nus
2184 2698 2197 2733 :
2232 2696 2336 2736 non
2361 2683 2668 2751 dormisset,
2701 2689 2744 2741 si
2792 2690 2842 2742 in
2877 2706 3067 2760 magna
3096 2692 3282 2750 fuisset
3312 2699 3620 2753 sollicitudi-

2053 2790 2137 2826 ne.
2166 2774 2467 2831 Dormiebat
2495 2779 2631 2833 inter
2652 2776 2848 2837 milites
2872 2822 2887 2847 ,
2915 2791 2968 2836 et
2994 2785 3138 2838 venit
3158 2787 3224 2840 ad
3248 2805 3367 2843 cum
3387 2793 3627 2862 angelus,

2051 2873 2100 2916 et
2129 2866 2380 2931 percusso
2427 2868 2540 2938 ejus
2574 2870 2743 2926 latere
2783 2887 2904 2927 eum
2936 2875 3215 2931 excitavit.
3244 2878 3301 2932 Si
3342 2882 3459 2949 quis
3503 2899 3631 2953 ergo

2052 2956 2178 3010 mihi
2207 2956 2409 3013 diceret
2438 2977 2451 3014 :
2481 2961 2616 3029 Quid
2649 2964 2858 3031 malles,
2912 2983 2976 3021 an
3005 2983 3127 3024 esse
3158 2971 3383 3041 angelus
3411 2975 3502 3042 qui
3526 2975 3630 3029 Pc-

2034 3047 2190 3102 'trutn
2222 3052 2462 3121 pupugit,
2502 3068 2570 3107 an
2603 3055 2792 3111 l’ctrus
2818 3059 2907 3128 qui
2952 3060 3132 3115 salvus
3172 3062 3380 3117 evasit?
3417 3065 3630 3119 mallem

2051 3153 2171 3192 esse
2220 3138 2413 3195 Petrus
2456 3155 2675 3213 propter
2711 3163 2869 3215 quem
2916 3151 3060 3205 venit
3106 3153 3346 3222 angelus.
3384 3154 3471 3208 Illa
3498 3156 3629 3210 mihi

2049 3230 2370 3298 prodessent
2411 3234 2639 3289 vincula.
2692 3239 2758 3293 Et
2804 3242 3096 3310 quomodo,
3130 3241 3321 3314 inquit,
3360 3260 3627 3317 precatur,

2051 3332 2317 3394 tamquam
2349 3329 2604 3384 liberatus
2624 3346 2651 3384 a
2682 3334 2888 3402 magnis
2910 3335 3107 3393 malis?
3132 3337 3206 3393 Ne
3230 3341 3439 3397 mireris
3466 3360 3477 3396 :
3510 3358 3631 3412 prc-

2047 3423 2198 3467 catur
2224 3416 2367 3470 enim
2403 3418 2597 3474 timens
2626 3437 2693 3476 ne
2720 3424 2979 3481 moriatur
3006 3444 3019 3480 :
3051 3429 3270 3485 timebat
3298 3440 3471 3487 autem
3512 3450 3626 3487 tuo-

2047 3502 2114 3563 ri,
2144 3506 2283 3573 quod
2335 3506 2510 3562 adhuc
2536 3510 2695 3565 vellet
2727 3514 2887 3568 vitam
2920 3531 3041 3572 esse
3070 3521 3430 3588 pcrpcssionis
3466 3539 3655 3594 argu-g

2046 3603 2283 3648 mentum
2334 3606 2388 3651 ct
2436 3602 2737 3656 materiam.
2788 3606 2924 3660 Audi
2977 3608 3155 3677 itaque
3183 3610 3307 3679 quid
3347 3613 3458 3681 ipse
3488 3612 3630 3668 dicat

2044 3684 2233 3743 beatus
2262 3688 2458 3745 Paulus
2483 3711 2494 3745 :
2532 3692 2750 3750 Dissolvi
2780 3708 2825 3751 et
2852 3715 2967 3753 cunt
2996 3701 3193 3756 Christo
3219 3721 3323 3758 esse
3341 3707 3497 3760 multo
3520 3724 3625 3760 nte-

2047 3777 2143 3834 lius
2181 3796 2200 3835 :
2247 3800 2538 3851 permanere
2584 3799 2754 3841 autem
2797 3793 2849 3844 in
2897 3808 3049 3846 carne
3092 3797 3252 3865 magis
3296 3802 3626 3853 necessariam

2046 3882 2251 3942 propter
2300 3893 2384 3930 vos
2424 3876 2684 3949 (Philipp.
2730 3881 2781 3935 l.
2811 3882 2901 3936 23.
2932 3883 3048 3952 24).
3090 3885 3200 3940 Huc
3230 3888 3389 3941 etiam
3425 3891 3630 3945 vocavit

2043 3964 2292 4031 gratiam,
2321 3968 2563 4023 scribens
2589 3987 2600 4022 :
2648 3969 2818 4038 Vobis,
2846 3972 3032 4043 inquit,
3068 3977 3309 4029 donatum
3338 3990 3408 4032 est
3436 3981 3628 4036 alluri-

2042 4066 2143 4122 sto,
2176 4067 2227 4110 ut
2246 4075 2348 4113 non
2364 4061 2527 4115 solum
2554 4063 2605 4115 in
2632 4080 2745 4117 etim
2776 4065 3012 4128 credatis,
3044 4068 3132 4120 sed
3158 4070 3307 4123 etiam
3328 4088 3422 4139 pro
3448 4090 3503 4127 co
3532 4093 3627 4142 pa-

2047 4149 2244 4204 tiamini
2269 4151 2377 4221 (Ib.
2406 4168 2454 4207 υ.
2502 4155 2618 4225 29).
2649 4157 3009 4223 Quamobrem
3054 4160 3151 4214 hoc
3180 4162 3271 4215 illo
3305 4172 3388 4217 est
3417 4166 3623 4234 majus:

2043 4240 2263 4296 donavit
2304 4245 2470 4299 enim.
2524 4247 2728 4303 Revera
2768 4260 2851 4304 est
2897 4252 3125 4308 maxima
3156 4256 3348 4323 gratia,
3378 4267 3428 4310 ct
3459 4260 3626 4326 major

2044 4329 2152 4384 illis
2198 4333 2468 4398 omnibus,
2514 4351 2672 4404 quam
2717 4338 2884 4392 solent
2929 4349 2983 4393 ct
3025 4342 3202 4395 lunam
3230 4344 3438 4411 sistere,
3469 4364 3623 4415 quant

2042 4422 2299 4476 mundum
2342 4439 2595 4480 movere:
2639 4427 2740 4482 hoc
2778 4430 2951 4498 majus
2976 4447 3135 4499 quam
3171 4436 3387 4489 vincere
3411 4448 3495 4489 aut
3527 4456 3622 4491 ex-

2046 4509 2243 4577 pellere
2270 4510 2562 4570 daemones.
2593 4516 2707 4570 Non
2739 4517 2811 4571 illi
2843 4528 2946 4572 lant
2989 4521 3191 4587 dolent,
3217 4524 3340 4577 dum
3385 4526 3484 4579 lide
3528 4545 3622 4581 ett-

2044 4603 2314 4669 pelluntur
2357 4619 2386 4657 a
2437 4605 2611 4672 nobis,
2644 4617 2700 4661 ttt
2741 4610 2955 4675 quando
2983 4612 3215 4667 viderint
3244 4632 3341 4670 nos
3371 4619 3491 4670 mali
3520 4620 3587 4672 ali

2043 4691 2168 4761 quid
2219 4693 2325 4761 pali
2376 4704 2593 4765 pr0ptcr
2637 4697 2903 4753 Christum
2946 4711 3001 4756 et
3050 4703 3237 4759 vinciri
3291 4724 3304 4760 :
3354 4706 3453 4763 hoc
3479 4712 3620 4765 enim

2044 4785 2300 4852 Ittajorcut
2333 4785 2426 4839 dat
2466 4786 2765 4842 libertatem
2794 4799 2848 4844 et
2889 4792 3155 4848 fiduciam.
3186 4795 3301 4851 Non
3343 4812 3621 4868 propterea

2044 4878 2241 4932 bonum
2287 4888 2370 4932 est
2408 4880 2639 4935 vinetum
2667 4897 2786 4937 esse
2818 4894 3034 4954 pr0pter
3060 4886 3353 4953 Christum,
3386 4893 3526 4956 quod
3557 4909 3619 4949 ea

2043 4986 2131 5025 res
2154 4986 2374 5040 regnum
2420 4974 2690 5037 conciliet,
2723 4976 2817 5030 sed
2844 4978 2985 5045 quod
3024 4994 3089 5032 eo
3118 4980 3206 5033 liat
3234 4993 3448 5048 propter
3470 4984 3623 5036 Chri—

2043 5074 2181 5114 stum
2229 5080 2240 5114 :
2296 5077 2401 5116 non
2453 5074 2733 5132 propterea
2780 5066 2933 5120 beata
2975 5069 3208 5136 pra-dico
3247 5072 3449 5124 vincula
3482 5076 3619 5137 qttol

2045 5154 2408 5206 transmittant
2435 5153 2485 5206 iu
2515 5154 2729 5222 caelum,
2762 5156 2858 5211 scd
2885 5158 3026 5228 quod
3055 5175 3117 5215 ea
3145 5161 3250 5214 sint
3274 5173 3490 5230 propter
3522 5164 3623 5217 llu~

2044 5242 2243 5295 tniuum
2276 5243 2415 5298 οωιί.

2115 5336 2166 5387 5.
2192 5337 2396 5399 Quanta
2446 5344 2529 5389 est
2572 5338 2820 5406 gloriatio
2867 5341 3004 5396 scire
3046 5340 3187 5411 quod
3217 5356 3434 5416 propter
3461 5348 3617 5403 Chri—

2043 5435 2181 5478 stum
2211 5427 2281 5480 sit
2327 5427 2557 5494 vinctus,
2598 5442 2796 5499 quanta
2841 5435 3108 5504 voluptas,
3159 5450 3389 5507 quantus
3428 5441 3621 5499 honor.

2043 5525 2272 5583 quantus
2304 5518 2592 5585 splendor?
2630 5522 2832 5578 Vellem
2866 5524 2979 5579 hate
3012 5540 3269 5597 perpetuo
3312 5531 3481 5593 cll'ari,
3510 5501 3637 5585 velo.

2042 5606 2144 5661 lcm
2171 5606 2379 5663 ltzcrerc
2409 5621 2635 5676 catenae,
2665 5614 2858 5668 vellem
2887 5619 2986 5670 etsi
3023 5622 3192 5688 rcipsa
3219 5636 3333 5675 sum
3363 5623 3616 5692 privatus,

2044 5711 2097 5755 at
2137 5703 2339 5755 ratione
2369 5720 2468 5772 pt‘t‘
2510 5703 2847 5761 adactionem
2879 5712 3109 5764 animant
3155 5728 3214 5767 ca
3265 5715 3611 5769 circumdare.
