4080 6218
424 456 602 535 Terra!
635 478 771 528 motu
800 472 1073 523 conbustus
1099 469 1170 518 est
1209 476 1380 515 carcer
1405 454 1567 510 vincto
1602 449 1786 513 Paulo,
1820 457 1866 502 et
1893 454 2005 499 sunt

428 569 598 624 omnia
626 560 855 618 relaxata
879 550 1081 613 vincula
1106 544 1242 625 (Act.
1273 542 1360 604 16.
1387 545 1503 614 $6).
1532 540 1724 598 Vidisti
1756 536 1993 592 vinculo-

430 662 550 712 rum
576 650 822 709 natura'm'
846 645 1209 703 resolveutem
1238 635 1491 692 vincula?
1522 632 1671 687 Sicut
1691 629 1833 684 enim
1864 639 2012 681 mors

436 732 650 806 Comini
677 753 850 800 morte
881 742 1105 796 mortem
1136 734 1333 797 affecit,
1362 732 1432 785 ita
1454 728 1613 783 etiam
1636 723 1785 781 Pauli
1802 718 2013 776 vincula

433 840 644 895 vinctos
694 832 991 896 solverunt,
1042 839 1312 883 carcerem
1367 822 1785 880 concusSerunt,
1835 818 2014 882 portas

431 934 774 1003 aperuerunt.
822 921 982 993 Atqui
1030 926 1136 974 non
1175 925 1258 972 est
1285 915 1399 969 [nec
1419 910 1756 966 vineulorum
1789 908 2003 967 natura,

436 997 532 1077 scd
563 1014 853 1080 contraria,
902 1014 1097 1079 nempe
1141 1008 1376 1061 vinctum
1407 1008 1519 1057 tuto
1546 1010 1728 1055 tenere
1752 997 1809 1051 in
1833 1003 2013 1049 custo-

435 1111 543 1170 dia’.
578 1119 683 1162 non
709 1105 757 1161 ei
786 1102 997 1173 aperire
1020 1099 1270 1170 parietes.
1303 1093 1408 1150 Sed
1438 1088 1771 1146 vinculorum
1799 1083 2013 1155 quidem

437 1198 541 1253 non
584 1204 670 1251 est
716 1193 962 1250 absolute
1014 1190 1129 1243 haec
1157 1188 1367 1248 natura,
1409 1181 1504 1238 sed
1533 1178 1870 1235 vinculorum
1899 1188 2018 1244 qua:

436 1303 564 1347 sunt
604 1295 824 1360 propter
865 1276 1160 1340 Christum.
1206 1280 1397 1332 Custos
1435 1272 1666 1330 carceris
1694 1264 1921 1360 procidit
1951 1262 2019 1318 ad

443 1356 788 1451 pedes-Pauli
826 1373 1051 1432 et'Silze.
1085 1362 1190 1426 Sed
1222 1382 1396 1438 neque
1420 1365 1525 1421 hoc
1549 1361 1799 1418 absolute
1822 1356 2022 1451 faciunt

439 1447 677 1536 iincula,
705 1474 765 1523 ut
791 1482 887 1523 eos
912 1464 1003 1535 qui
1033 1457 1524 1516 viux‘eruntducant
1548 1454 1612 1509 ad
1632 1452 1795 1524 pedes
1816 1447 2021 1503 vinetu-

442 1567 583 1628 r‘um,
636 1560 732 1617 sed
775 1568 960 1615 contra
1008 1556 1109 1611 hos
1143 1550 1251 1608 illis
1287 1549 1513 1606 reddant
1553 1546 1845 1615 subjecms.
1873 1539 2024 1595 Nunc

443 1656 622 1710 autem
654 1651 720 1717 is,
749 1650 839 1723 qui
870 1657 986 1704 erat
1011 1646 1240 1710 solutus,
1270 1641 1627 1714 procubuerat
1650 1636 1714 1691 ad
1738 1635 1901 1690 vineti
1929 1648 2023 1703 pe-

449 1746 586 1801 des:
633 1743 722 1813 qui
768 1742 1033 1803 vinxerat,
1082 1735 1302 1805 rogabat
1350 1733 1582 1813 vinctum
1626 1735 1684 1781 ut
1726 1725 2026 1781 solveretur

447 1839 619 1890 metu.
645 1812 761 1888 Non
791 1839 843 1885 ttt
873 1844 994 1883 eum
1028 1824 1269 1889 vinxisti,
1297 1823 1383 1877 die
1410 1812 1578 1875 mihi?
1604 1832 1709 1873 non
1740 1825 1794 1871 tu
1819 1830 1941 1870 eum
1973 1815 2023 1868 in

451 1924 762 1979 interiorem
791 1917 1071 1989 coniecisti
1101 1908 1448 1971 custodiam?
1476 1923 1583 1965 non
1611 1918 1664 1963 tu
1682 1906 2029 1977 compedibus

452 2014 505 2070 in
536 2020 651 2068 tut'o‘
680 2011 950 2067 collocasti
976 2007 1184 2080 pedes?
1209 2006 1334 2076 quid
1357 2000 1764 2060 contremiseis?
1790 1998 1928 2066 Quid
1956 2006 2030 2051 tuo

457 2092 779 2161 innltnaris?
811 2102 937 2173 quid
967 2094 1323 2171 laerymaris?
1351 2092 1476 2166 quid
1503 2093 1763 2147 strinxisti
1805 2087 2033 2145 ensem?

450 2179 592 2254 itum
622 2197 750 2260 υιιε,
774 2195 966 2264 inquit,
1000 2188 1142 2245 vinxi
1172 2208 1185 2242 ε
1215 2186 1518 2243 nesciebam
1552 2192 1751 2238 tantam
1780 2195 1903 2237 esse
1922 2181 2033 2234 vir-

454 2291 624 2344 tutem
654 2288 953 2341 vinctorum
974 2281 1193 2338 Christi.
1227 2278 1365 2348 Quid
1386 2276 1521 2331 dicis
1539 2272 1565 2329 ?
1585 2280 1905 2355 acceperunt
1932 2285 2030 2341 po-

457 2385 701 2437 testatem
749 2376 910 2432 titulos
962 2373 1262 2443 aperiendi,
1315 2377 1370 2425 et
1411 2383 1681 2424 carcerem
1736 2382 1844 2420 non
1880 2373 2035 2420 erant

455 2467 715 2540 aperturi?
741 2450 1016 2522 solvebant
1036 2474 1128 2518 eos
1148 2462 1237 2531 qui
1266 2459 1423 2512 vincti
1455 2469 1652 2513 eranta
1680 2454 2031 2514 dmmonibns,

456 2573 508 2617 et
568 2560 766 2615 ferrum
812 2574 907 2613 eos
940 2558 1057 2611 eiat
1084 2550 1497 2623 Superaturum?
1530 2546 1645 2603 Non
1687 2547 1822 2601 nosti
1870 2547 2032 2606 viros.

458 2654 514 2708 et
544 2651 665 2706 ideo
692 2647 901 2704 veniam
934 2662 991 2700 es
1016 2650 1398 2711 consequutus.
1433 2640 1626 2693 Paulus
1658 2646 1742 2692 est
1786 2636 1874 2690 ille
1917 2634 2035 2687 vin-

460 2752 601 2807 ctus,
630 2742 789 2810 quem
820 2734 995 2805 angeli
1023 2748 1211 2789 omnes
1256 2740 1380 2785 sunt
1418 2726 1630 2784 reverili
1662 2745 1674 2780 :
1710 2724 1902 2780 Paulus
1930 2728 2037 2785 est,

462 2831 619 2900 cujus
645 2828 861 2884 sudaria
887 2837 939 2881 et
961 2821 1291 2878 seiuicinetia
1318 2822 1588 2874 ila-mones
1609 2815 1947 2886 expellebant
1984 2823 2040 2868 et

465 2921 685 2996 tnqrbos
725 2914 997 2987 fugahant.
1049 2912 1205 2981 Atqui
1239 2910 1383 2964 ferro
1409 2916 1493 2963 est
1522 2906 1692 2960 multo
1719 2901 2041 2996 magisada-

462 2992 782 3074 nta'n'tintnn,
810 3014 865 3062 et
885 3006 1026 3076 quod
1050 3003 1220 3073 frangi
1244 3012 1348 3057 non
1376 3005 1571 3069 petest,
1590 2995 1847 3052 dtemonis
1866 2992 2053 3048 vincu-

461 3104 571 3162 lum
600 3121 617 3159 :
659 3109 779 3158 nam
806 3100 908 3155 hoc
933 3097 1147 3169 quidem
1175 3094 1423 3156 animam,
1458 3082 1587 3145 illttd
1615 3103 1742 3144 vero
1771 3086 1894 3158 ligat
1922 3099 2042 3140 cor-

404 3170 415 3175 κ
463 3213 586 3269 pus.
615 3195 717 3263 Qui
741 3193 947 3248 vinctas
972 3200 1100 3261 ergo
1114 3189 1272 3243 solvit
1298 3187 1523 3247 animas,
1546 3195 1741 3251 corpus
1759 3192 2039 3269 suumnon

463 3268 636 3358 potuit
660 3283 894 3340 solvere?
914 3281 1004 3353 qui
1034 3279 1332 3336 daemonum
1356 3272 1636 3345 perfringit
1654 3270 1885 3335 vincula,
1915 3268 2041 3323 ferri

467 3392 572 3434 non
637 3372 857 3432 solverit
896 3371 1164 3444 Iigameu?
1223 3366 1311 3439 qui
1369 3380 1463 3437 per
1517 3378 1642 3420 suas
1692 3368 1866 3416 vestes
1926 3359 2045 3414 illos

465 3459 707 3523 solvebat
729 3466 937 3520 vinctos
989 3472 1045 3518 et
1086 3458 1343 3516 liberabat
1382 3473 1410 3511 a
1435 3454 1785 3519 daemonibus,
1814 3452 1926 3521 ipse
1952 3461 2048 3520 per

468 3574 528 3614 se
554 3559 791 3628 seipsun’i
817 3560 923 3610 non
950 3544 1209 3609 solverit?
1228 3548 1521 3620 Propterea
1546 3546 1662 3617 ipse
1690 3544 1918 3616 primum
1951 3541 2049 3596 luit

466 3655 699 3711 vinetus.
726 3660 779 3706 et
800 3660 924 3705 tunc
952 3646 1111 3703 Solvit
1139 3644 1370 3705 vinctos,
1398 3650 1454 3695 ut
1479 3640 1653 3695 discus
1678 3635 1819 3708 quod
1849 3634 2045 3691 Christi

467 3744 609 3799 Servi
636 3743 798 3797 vincti
830 3742 986 3808 longe
1006 3739 1261 3806 majorem
1283 3735 1389 3786 Vim
1417 3731 1635 3796 habent,
1660 3741 1816 3799 quam
1844 3728 1931 3798 qui
1959 3742 2038 3780 so-

469 3835 563 3887 luti
609 3838 750 3887 sunt.
797 3824 853 3885 Si
900 3826 1111 3882 solutus
1160 3816 1262 3879 hoc
1296 3821 1530 3884 feeiSSet,
1574 3834 1678 3874 non
1723 3828 1828 3872 tam
1862 3817 2048 3871 fuisset

469 3923 682 3977 mirum.
709 3916 826 3975 Non
856 3925 973 3974 erat
1021 3917 1197 3984 itaque
1221 3911 1486 3967 vinculum
1520 3908 1917 3972 imbecillitatis,
1949 3907 2042 3961 sed

472 4010 692 4079 initjnris
735 4008 1010 4079 potentia.
1058 4000 1145 4061 Sic
1169 4004 1311 4059 enim
1340 4003 1509 4056 sancti
1547 4000 1853 4070 praeclarior
1879 3998 2048 4053 virtus

470 4102 790 4166 ostenditur,
816 4099 1032 4170 quando
1056 4097 1215 4152 etiam
1242 4095 1455 4150 vinetus
1476 4094 1808 4149 dominatum
1839 4088 2047 4146 obtinet

469 4193 524 4251 in
554 4196 779 4259 vinetus,-
806 4206 924 4246 cum
956 4191 1116 4245 etiam
1157 4187 1371 4242 vinctus
1411 4200 1518 4240 non
1562 4183 1739 4238 solum
1786 4182 2040 4252 seipsum,

470 4285 566 4342 'sed
592 4284 753 4341 etiam
782 4283 989 4338 vinctos
1019 4275 1198 4337 solvit.
1242 4277 1378 4347 Quid
1402 4278 1586 4347 juvant
1617 4274 1889 4347 parietes?
1917 4272 2044 4344 quid

470 4377 691 4450 prodest
713 4388 834 4431 eum
861 4374 910 4428 in
939 4373 1245 4428 interiorem
1276 4368 1543 4438 conjicere
1574 4365 1890 4430 custodiam,
1921 4378 2042 4417 cum
2080 4391 2091 4399 -

467 4469 628 4524 etiam
662 4465 931 4538 aperuerit
958 4463 1276 4519 exteriorem
1296 4462 1321 4514 ?
1361 4459 1467 4515 Cur
1497 4458 1546 4513 id
1577 4467 1753 4512 autem
1786 4464 1966 4520 noctu,
1992 4462 2047 4508 ct

468 4576 566 4617 cur
587 4576 709 4617 cum
734 4566 893 4614 terra:
921 4558 1067 4612 motu‘
1095 4555 1288 4610 factum
1320 4550 1445 4607 est?
1471 4551 1662 4605 Parum
1688 4547 1818 4602 mihi
1847 4559 2039 4602 conce-

469 4651 577 4705 dite
606 4659 659 4704 et
677 4649 986 4719 permittite,
1020 4656 1077 4700 ut
1099 4646 1224 4701 dum
1265 4661 1291 4696 a
1324 4642 1505 4696 verbis
1530 4637 1881 4694 abscesserim
1912 4650 2043 4704 apo-

470 4742 693 4806 stolicis,
715 4752 769 4794 et
785 4740 834 4793 in
859 4734 1014 4794 factis
1029 4738 1338 4809 apoStolicis
1366 4750 1450 4790 me
1475 4732 1797 4803 expleverint
1815 4729 2041 4793 deliciis,

470 4835 524 4888 in
568 4820 715 4887 Pauli
753 4838 941 4885 catena
986 4827 1260 4884 eonvivari
1295 4846 1306 4879 :
1338 4826 1461 4879 date
1500 4822 1626 4877 mihi
1675 4824 1727 4874 in
1777 4835 1838 4874 ea
1886 4817 2044 4888 paulo

467 4922 698 4992 amplius
717 4921 939 4978 versari.
974 4919 1314 4991 Apprehendi
1345 4916 1634 4978 vinculum,
1658 4929 1816 4969 nemo
1832 4928 1919 4968 me
1947 4910 2043 4966 ah-

469 5004 650 5069 ὀπήδει.
687 5008 878 5068 Tutius
898 5024 998 5081 ego
1024 5024 1166 5065 nunc
1193 5024 1309 5063 sum
1335 5007 1546 5062 vinctus
1566 5004 1854 5069 desiderio,
1883 5016 2041 5073 quam

469 5108 557 5161 ille
597 5110 722 5161 tunc
749 5105 914 5175 ligno.
956 5101 1069 5158 Hoc
1095 5112 1254 5157 nemo
1279 5094 1436 5155 solvit
1463 5096 1766 5161 vinculum;
1796 5103 1879 5150 est
1900 5094 2042 5149 enim

466 5206 496 5250 a
523 5196 721 5252 Christi
744 5190 1013 5251 desiderio
1052 5209 1065 5244 :
1097 5192 1198 5246 hoc
1213 5203 1389 5260 neque
1407 5188 1604 5258 angeli,
1624 5200 1801 5258 neque
1820 5199 2042 5255 regnum

468 5288 721 5342 c;rlorum
736 5295 907 5357 potest
924 5286 1152 5342 solvere.
1169 5279 1316 5339 Licet
1328 5281 1514 5337 audire
1530 5279 1700 5350 ipsum
1729 5276 1949 5332 Paulum
1966 5275 2046 5330 di-

464 5388 678 5433 centem
696 5393 711 5429 :
736 5372 913 5447 Neque
928 5372 1115 5448 angeli,
1129 5384 1286 5442 neque
1301 5373 1632 5442 principatus,
1648 5376 1806 5439 neque
1828 5376 2040 5438 potesta-

463 5471 555 5530 ιη,
573 5480 729 5537 neque
741 5464 1354 5536 instantiameqttefnturu,
1371 5460 1753 5532 nequenltitndo
1771 5472 2045 5528 nequema-

463 5561 555 5628 [μὴ
568 5558 679 5611 iam
694 5565 853 5625 potest
864 5572 953 5611 nos
963 5573 1196 5627 separare
1211 5572 1242 5608 a
1253 5556 1460 5609 caritate
1477 5552 1661 5607 Christi
1688 5548 1903 5621 (Rom.8
1928 5547 2041 5618 39).

535 5644 614 5701 De
637 5644 845 5700 custode
881 5647 1118 5710 carceris,
1163 5645 1216 5699 in
1244 5659 1342 5715 quo
1373 5642 1571 5698 Paulus
1600 5651 1707 5696 crat
1731 5641 2040 5694 vinctus.—

461 5735 705 5806 Quauam
727 5752 854 5806 ergo
879 5736 945 5792 de
986 5753 1141 5793 causa
1185 5737 1376 5792 factnm
1405 5747 1483 5792 est
1512 5737 1612 5790 hoc
1641 5734 1813 5789 media
1847 5730 2044 5786 nocte?

1159 338 1216 404 s.
1256 326 1530 404 ibamus
1564 318 2036 397 cunisosruut
2076 320 2385 387 suomet).
2416 310 2944 387 CONS’l'ANTINOP.

2111 450 2277 513 quare
2302 442 2463 498 etiam
2495 456 2614 497 cum
2646 451 2804 498 terra:
2846 442 3032 497 motu?
3060 441 3255 498 Audite
3283 443 3376 498 Dei
3403 442 3688 516 dispensa-

2115 535 2333 599 tionem,
2364 545 2417 590 et
2445 534 2803 595 admiremini.
2831 534 3079 590 Omnium
3102 544 3227 589 sunt
3250 535 3423 589 soluta
3455 538 3691 609 vincula,

2112 626 2167 683 et
2196 632 2362 697 porta:
2388 636 2511 682 sunt
2539 636 2756 697 apertae.
2784 625 2888 682 Sed
2922 627 3024 681 hoc
3046 627 3218 681 solam
3247 626 3440 682 factum
3468 638 3547 684 est
3577 645 3692 698 pro-

2116 726 2233 786 pter
2271 716 2544 771 custodem
2585 716 2851 779 carceris;
2887 732 2991 769 non
3023 717 3091 771 ad
3124 717 3560 786 ostentationem,
3589 722 3688 776 sed

2115 806 2181 861 ad
2211 808 2455 861 salutem.
2484 800 2615 862 Nam
2639 806 2779 878 quod
2812 808 2972 863 vincti
3013 809 3281 864 nescirem
3307 822 3367 865 se
3392 826 3512 867 esse
3539 813 3683 868 solu-

2117 906 2217 963 tos,
2250 904 2334 952 εει
2367 899 2698 967 perspicuum
2730 913 2794 952 ex
2822 912 2950 953 voce
2979 898 3149 952 Pauli.
3179 898 3316 965 Quid
3347 900 3489 955 enim
3518 901 3647 958 dicit
3666 902 3695 959 l‘

2116 978 2374 1041 Clamavit
2411 1001 2541 1043 voce
2567 1002 2753 1057 magna
2793 988 2979 1043 dicens
3009 1007 3022 1043 :
3050 988 3200 1044 Nihil
3226 990 3316 1044 tibi
3342 993 3465 1046 mali
3493 995 3656 1065 facins
3678 1038 3695 1060 ,

2118 1086 2288 1133 (mines
2315 1078 2448 1132 enim
2473 1080 2553 1132 hic
2579 1094 2752 1134 sumus
2781 1081 2917 1151 (Act.
2951 1082 3039 1136 i6.
3065 1080 3179 1152 28).
3216 1081 3327 1137 Non
3350 1082 3578 1140 fuissent
3602 1101 3699 1140 att-

2122 1181 2225 1226 tem
2271 1186 2461 1227 omnes
2501 1172 2665 1239 intus,
2697 1173 2740 1227 si
2790 1174 3075 1228 scivissem
3102 1183 3284 1244 portas
3314 1186 3435 1232 esse
3462 1188 3696 1248 apertas,

2119 1275 2174 1320 et
2201 1280 2261 1320 se
2307 1266 2531 1321 solutos.
2568 1265 2699 1321 Nam
2740 1267 2831 1337 qui
2863 1280 3044 1322 muros
3068 1268 3421 1340 perfringunt,
3457 1280 3704 1344 tectaque

2120 1363 2174 1410 et
2197 1348 2521 1425 suggrundia
2566 1357 2888 1421 transiliunt,
2937 1366 2992 1412 et
3020 1357 3154 1413 nihil
3182 1375 3285 1413 non
3315 1362 3513 1417 audent
3540 1363 3703 1419 etiam

2121 1462 2242 1501 cum
2260 1448 2504 1513 vinculis,
2525 1464 2631 1503 non
2651 1448 2972 1506 tolerassent
2989 1460 3043 1505 et
3060 1451 3286 1507 vinettlis
3302 1454 3490 1509 solutis
3510 1463 3562 1508 et
3579 1472 3702 1524 por-

2126 1538 2192 1591 tis
2211 1539 2413 1607 apertis
2437 1540 2580 1594 intus
2619 1548 2857 1604 manere,
2885 1539 3184 1596 dormiente
3208 1543 3324 1613 ipso
3345 1546 3566 1600 custode
3588 1556 3702 1601 car-

2124 1630 2281 1684 ceris.
2303 1628 2406 1684 Sed
2422 1646 2516 1699 pro
2534 1624 2721 1686 ferreis
2741 1631 2968 1687 vinculis
2984 1635 3188 1689 erateis
3208 1637 3382 1690 somni
3410 1638 3702 1693 vinculum.

2125 1716 2241 1786 Quo
2274 1718 2469 1774 factum
2500 1730 2583 1775 est
2614 1730 2670 1775 ut
2699 1728 2753 1776 et
2784 1722 2834 1776 id
2865 1721 3038 1788 ﬁeret,
3075 1738 3173 1779 nec
3218 1736 3283 1781 ex
3312 1727 3571 1781 miraculo
3598 1730 3703 1783 ulla

2128 1825 2265 1863 noxa
2314 1808 2513 1865 rediret
2567 1812 2632 1866 ad
2660 1811 2937 1867 custodem
2968 1815 3223 1881 carceris,
3263 1817 3352 1887 qui
3384 1826 3501 1872 erat
3528 1820 3708 1876 salitus

2129 1901 2354 1956 futurus.
2399 1901 2468 1957 Et
2490 1904 2685 1974 alioqui
2718 1905 2878 1960 etiam
2914 1907 3145 1962 maxime
3172 1918 3332 1963 noctu
3365 1908 3596 1979 ligantur
3617 1914 3707 1980 qui

2132 2000 2253 2047 Sunt
2278 1994 2582 2056 vincti,uen
2613 1994 2861 2049 interdiu.
2890 1990 3106 2051 Licebat
3128 2000 3256 2068 ergo
3278 2009 3402 2054 tunc
3424 2000 3711 2071 diligenter

2128 2084 2312 2140 videre
2351 2100 2535 2142 rursus
2570 2085 2778 2142 vinctos
2814 2093 2869 2143 et
2909 2087 3260 2146 dormientes.
3293 2090 3349 2146 Si
3393 2092 3506 2148 haec
3531 2106 3708 2147 autem

2131 2170 2359 2231 interdiu
2403 2179 2536 2233 facta
2580 2184 2782 2244 essent,
2826 2187 3050 2252 magnus
3078 2188 3227 2238 ortus
3261 2196 3399 2240 esset
3433 2188 3704 2243 tumultus.

2133 2266 2242 2321 Cur
2265 2282 2394 2337 ergo
2424 2277 2582 2324 terra:
2612 2278 2760 2325 motu
2789 2280 3082 2326 concussus
3112 2265 3210 2327 fuit
3236 2276 3463 2331 career?
3488 2263 3556 2332 Ut
3586 2292 3709 2331 sur:

2132 2366 2283 2433 geret
2311 2367 2490 2413 custos
2514 2360 2750 2416 carceris
2775 2361 2842 2416 ad
2865 2364 2940 2417 rei
2971 2364 3368 2433 spectaculum:
3402 2368 3447 2422 is
3467 2369 3605 2423 enim
3623 2383 3712 2424 so-

2136 2448 2216 2501 lus
2244 2446 2432 2517 dignus
2461 2458 2579 2504 erat
2606 2450 2799 2506 salute.

2174 2533 2181 2539 ’
2207 2540 2259 2592 4.
2290 2536 2368 2592 Tu
2395 2548 2572 2594 autem
2622 2538 2752 2595 mihi
2795 2542 2917 2598 vide
2945 2542 3143 2599 Christi
3171 2556 3433 2600 summam
3462 2548 3708 2618 gratiam.

2136 2624 2266 2681 Nam
2298 2627 2436 2684 inter
2466 2626 2616 2684 Pauli
2662 2631 2895 2698 vincula,
2927 2632 3125 2688 Christi
3153 2649 3367 2705 quoque
3393 2636 3576 2706 gratiae
3598 2636 3715 2693 me-

2140 2720 2357 2775 minisse
2383 2720 2666 2790 pulchrum
2696 2730 2753 2778 et
2775 2722 3057 2779 honestum
3086 2741 3099 2777 :
3129 2726 3237 2780 imo
3261 2740 3391 2781 vero
3413 2742 3473 2782 ea
3504 2743 3715 2798 quoque

2139 2816 2292 2863 erant
2339 2808 2430 2865 Dei
2455 2811 2661 2881 gratiae.
2703 2810 2839 2868 Sunt
2868 2814 3008 2868 enim
3037 2815 3126 2884 qui
3154 2816 3550 2885 reprehendunt
3574 2819 3713 2887 quod

2139 2902 2318 2957 salvus
2346 2901 2506 2957 fuerit
2531 2910 2713 2959 custos
2760 2906 3015 2974 careeris,
3053 2915 3107 2962 et
3136 2921 3231 2977 pro
3252 2910 3441 2979 quibus
3466 2911 3713 2966 admirari

2139 2991 2420 3062 oportebat
2462 2993 2554 3049 Dei
2596 2994 2957 3060 clementiam,
3005 3013 3069 3051 ex
3115 2998 3182 3052 iis
3209 2999 3336 3068 ipsis
3365 3000 3714 3069 vituperant:

2142 3090 2242 3137 nec
2276 3084 2493 3137 mirum.
2524 3083 2779 3138 imbecilli
2820 3085 2966 3140 enim
2992 3092 3047 3141 ct
3074 3092 3259 3158 τρεῖ-οῑὶ
3287 3097 3412 3144 sunt
3441 3089 3717 3158 hujusmo-z

2141 3171 2218 3240 di,
2243 3172 2517 3243 quietiam
2557 3175 2866 3231 alimentum
2911 3176 3234 3246 vituperant,
3261 3178 3404 3249 quod
3439 3184 3719 3249 oporteret

2143 3262 2415 3330 admirari,
2463 3272 2519 3320 et
2554 3263 2658 3319 mel
2687 3263 2870 3320 dicunt
2898 3280 3018 3322 esse
3045 3278 3306 3323 amarum.
3335 3267 3404 3323 Et
3431 3271 3517 3338 qui
3548 3285 3720 3326 emcn-

2144 3354 2302 3418 tiunt,
2350 3369 2415 3410 es
2460 3366 2526 3410 eo
2553 3354 2973 3411 obtenebrantur
2997 3372 3061 3412 ex
3100 3374 3207 3428 quo
3233 3358 3495 3415 deberent
3526 3360 3722 3416 illumi«

2144 3446 2282 3511 nari,
2315 3461 2434 3501 cum
2462 3446 2576 3502 hare
2603 3446 2847 3503 accidant
2867 3465 2972 3502 non
3001 3462 3067 3504 ex
3093 3457 3269 3504 rerum
3300 3460 3508 3515 natura,
3533 3453 3626 3508 sed
3651 3455 3721 3509 ei

2144 3537 2509 3594 imbecillitate
2538 3551 2723 3595 eorum
2754 3539 2844 3611 qui
2871 3541 2954 3595 eis
2978 3541 3052 3595 uti
3080 3554 3188 3596 non
3212 3548 3455 3613 possunt.
3486 3553 3543 3598 ut
3563 3559 3724 3615 opor-

2149 3637 2242 3682 tet.
2266 3627 2403 3695 Quid
2420 3643 2548 3699 ergo
2561 3630 2976 3686 dicebanuCum
3002 3641 3277 3701 upon-teret
3300 3633 3548 3688 admirari
3578 3633 3723 3703 quod

2146 3733 2266 3773 eum
2294 3721 2528 3789 cepisset
2547 3721 2636 3791 qui
2662 3721 2728 3777 ad
2754 3731 3050 3785 extremum
3080 3724 3360 3795 prolapsus
3376 3735 3488 3780 erat
3511 3725 3719 3791 vitium,

2145 3820 2198 3863 et
2223 3806 2438 3866 fecisset
2467 3810 2764 3875 meliorem,
2797 3810 3018 3868 dicunt:
3046 3814 3327 3883 Quomodo
3354 3830 3458 3869 non
3489 3815 3721 3871 arbitra;

2146 3908 2230 3952 tus
2253 3910 2335 3954 est
2356 3912 2471 3954 eam
2490 3915 2603 3957 rem
2626 3915 2744 3958 esse
2762 3906 3151 3975 praestigiarum
3168 3909 3226 3961 et
3243 3906 3640 3969 incantationis.
3666 3917 3725 3963 et

2146 4005 2251 4045 non
2282 4006 2375 4047 ens
2415 3995 2583 4062 magis
2621 3994 2841 4050 retinuit
2893 4007 2946 4050 et
2992 3996 3279 4052 clamavit?
3306 3996 3385 4053 Ad
3415 3997 3517 4054 hoc
3540 4000 3728 4055 multis

2146 4096 2273 4135 usus
2300 4091 2381 4136 est
2424 4084 2784 4150 conjectnris:
2817 4085 3044 4154 primum
3077 4082 3313 4156 quidem,
3352 4088 3493 4158 quod
3521 4088 3725 4143 audivit

2146 4185 2240 4226 eos
2271 4171 2434 4227 Deum
2474 4172 2752 4228 laudantes
2778 4183 2829 4228 et
2854 4175 3081 4246 hymnos
3106 4183 3385 4233 cantantes
3415 4196 3429 4231 :
3459 4176 3728 4247 ejusmodi

2146 4271 2323 4319 autem
2347 4265 2573 4336 hymnos
2599 4276 2704 4321 non
2737 4265 3078 4334 cecinissent,
3106 4269 3150 4322 si
3182 4268 3402 4325 fuissent
3432 4270 3726 4340 prtestigiaa

2149 4365 2324 4411 tores:
2353 4356 2745 4423 Audivitenim,
2769 4358 2959 4429 inquit,
2979 4374 3073 4413 eos
3096 4354 3265 4414 Deum
3289 4360 3566 4415 laudantes
3587 4360 3724 4428 (Act.

2148 4446 2234 4501 16.
2262 4444 2377 4518 25).
2427 4446 2675 4502 Secundo
2701 4458 2901 4515 autem,
2946 4446 3086 4519 quod
3118 4450 3216 4519 ipsi
3250 4467 3353 4506 non
3384 4450 3723 4520 aufugerunt,

2146 4539 2240 4593 scd
2265 4540 2423 4593 etiam
2476 4538 2863 4607 prohibuerunt
2901 4555 2967 4595 ne
2993 4554 3055 4595 se
3081 4541 3403 4596 interﬁceret
3428 4559 3441 4594 :
3472 4542 3515 4596 si
3544 4552 3725 4595 autem

2149 4639 2364 4698 propter
2399 4644 2458 4684 se
2500 4627 2602 4685 hoc
2640 4626 2910 4695 fecissent,
2945 4645 3051 4684 non
3081 4630 3221 4686 intus
3249 4632 3594 4696 mansissent,
3627 4630 3725 4686 scd

2145 4732 2204 4773 se
2233 4722 2379 4790 prius
2425 4721 2770 4775 exemissent.
2798 4719 2983 4790 Magna
3023 4731 3198 4775 autem
3231 4729 3314 4774 est
3336 4722 3495 4776 etiam
3539 4736 3729 4776 eorum

2146 4810 2453 4865 immanitas
2476 4828 2490 4864 :
2519 4809 2907 4879 prohibuerunt
2928 4826 2994 4865 ne
3015 4825 3075 4865 se
3103 4811 3451 4876 interﬁceret,
3471 4810 3558 4880 qui
3583 4811 3731 4880 ipsos

2144 4902 2321 4956 valide
2343 4916 2404 4955 ac
2431 4902 2678 4956 similiter
2699 4901 2980 4972 ligaverat.
3011 4902 3087 4957 Ac
3108 4901 3155 4955 si
3181 4902 3443 4956 dixissent
3464 4903 3538 4957 illi
3563 4918 3579 4958 :
3610 4903 3732 4956 Fir-

2147 4994 2305 5047 miter
2323 5002 2376 5049 et
2401 4993 2596 5074 acriter
2621 5008 2720 5046 nos
2747 4994 2984 5060 vinxisti,
3017 5002 3074 5046 ttt
3103 4993 3218 5062 ipse
3249 5006 3399 5047 esses
3428 4993 3635 5046 solutus
3658 4994 3732 5047 ait

2147 5083 2509 5138 acerbissimis
2530 5083 2783 5138 vinculis.
2811 5083 3029 5138 Catenis
3058 5083 3201 5137 enim
3226 5097 3447 5137 suorum
3477 5091 3733 5150 peccatoa

2148 5188 2265 5232 rum
2285 5174 2647 5244 unusquisque
2669 5174 3073 5244 constringitur.
3094 5172 3224 5226 Nam
3248 5172 3338 5226 illa
3366 5171 3581 5242 quidem
3600 5185 3733 5228 sunt

2147 5266 2473 5323 exsecranda
2489 5267 2850 5322 vinculadlmc
2862 5275 3039 5320 autem
3055 5265 3206 5318 beata
3224 5275 3277 5318 ct
3295 5265 3453 5319 Valde
3469 5266 3701 5334 optanda
3714 5307 3727 5319 .

2146 5359 2280 5415 Nam
2308 5358 2447 5429 quod
2490 5357 2605 5412 hac
2627 5357 2717 5412 illa
2742 5357 3021 5424 solverint,
3045 5356 3283 5411 ostendit
3323 5372 3386 5410 ex
3414 5357 3725 5412 sensilibus.

2148 5451 2337 5506 Vidisti
2360 5464 2456 5505 eos
2492 5450 2700 5506 solutos
2724 5450 2815 5521 qtti
2845 5451 2986 5505 ferro
3027 5447 3238 5504 fuerant
3265 5447 3476 5504 vincti?
3508 5446 3729 5503 Videbis

2148 5558 2200 5599 te
2225 5560 2436 5615 quoque
2458 5546 2630 5616 ipsum
2650 5543 2944 5598 relaxatum
2966 5560 3030 5599 ex
3058 5544 3176 5598 aliis
3202 5544 3452 5615 gravibus
3480 5539 3727 5596 vinculis.

2149 5635 2274 5690 ηερε
2300 5637 2530 5696 vincula.
2557 5636 2878 5701 vinctorum,
2898 5636 3134 5705 inquam,
3158 5635 3390 5701 vincula,
3418 5650 3521 5688 non
3555 5629 3725 5694 Pauli.

2153 5728 2350 5783 iaciunt
2397 5728 2483 5783 illa
2528 5728 2737 5783 vincula
2786 5725 3342 5797 peccatorum.Erant
3386 5725 3492 5781 duo
3528 5734 3725 5795 genm
