4052 6214
320 214 401 269 59

316 324 449 395 οὐχὶ
482 324 600 386 τοὺς
629 324 839 392 τοίχους
878 324 1107 392 ἀνοίγειν
1150 328 1318 397 αὐτῷ.
1365 328 1521 382 Ἀλλά
1550 329 1657 382 τῶν
1685 331 1783 400 μέν
1807 331 1894 382 δε-

320 412 484 482 σμῶν
511 413 698 475 ἁπλῶς
726 412 883 481 φύσις
911 415 1009 467 ούκ
1058 416 1202 468 ἔστιν
1243 416 1406 487 αῦτη,
1446 417 1659 484 δεσμῶν
1696 418 1753 471 δὲ
1792 419 1898 471 τῶν

318 501 415 554 διὰ
440 500 675 569 Χριστὸν
699 500 858 571 αὕτη.
887 499 1228 573 Προσέπεσεν
1253 505 1280 556 6
1302 504 1736 576 δεσμοφύλαξτῴ
1760 504 1903 558 Παύ-

318 588 405 658 λῳ
431 589 525 641 καὶ
558 587 632 658 τῷ
658 587 807 658 Σίλᾳ.
841 588 982 641 Ἀλλ’
1005 588 1122 641 ούδέ
1150 588 1305 642 τοῦτο
1332 592 1475 642 ποιεῖ
1500 589 1674 659 δεσμὰ
1692 589 1900 653 ἁπλῶς,

318 676 456 738 τοὺς
469 674 740 743 δήσαντας
756 675 836 737 είς
851 676 975 737 τοὺς
991 674 1155 739 πόδας
1173 674 1326 743 άγειν
1347 676 1453 728 τῶν
1472 675 1789 746 δεδεμένων,
1813 676 1904 728 άλ-

317 760 398 814 10
442 762 750 814 τούναντίον
797 761 1134 832 ὑποχειρίους
1174 761 1392 826 τούτους
1430 761 1659 827 ἐκείνοις
1708 765 1901 817 ποιεῖν.

319 845 447 900 Νῦν
464 846 523 899 δὲ
536 846 565 898 6
587 845 871 915 λελυμένος
892 847 996 901 61:6
1013 848 1138 910 τοὺς
1162 847 1325 910 πόδας
1337 843 1404 918 ἦν
1422 846 1514 900 τοῦ
1527 846 1809 920 δεδεμένου
1831 864 1845 880 ο
1875 849 1905 900 ό

320 934 501 1003 δήσας
524 932 676 1002 ηξίου
705 933 797 985 :60
821 932 1040 989 δεθέντα
1072 933 1298 1004 λυθῆναι
1328 932 1422 997 τοῦ
1455 934 1641 1005 φόόου.
1673 934 1810 1004 Οὐχὶ
1838 934 1902 986 σὺ

323 1021 549 1090 ἓδησας,
570 1019 694 1077 εἰπέ
721 1036 842 1098 μοις
876 1021 994 1089 ούχὶ
1016 1022 1094 1083 είς
1115 1020 1210 1091 τὴν
1235 1022 1505 1091 ἐσωτέραν
1533 1020 1719 1084 έδαλες
1742 1019 1904 1088 φυλα·

323 1110 436 1179 κήν
460 1125 476 1172 ;
509 1108 631 1179 οὐχ)⁵
649 1109 728 1172 είς
749 1108 809 1160 :6
839 1107 993 1172 ξύλον
1022 1109 1306 1179 ὴσφαλίσω
1324 1098 1449 1173 τοὺς
1475 1109 1676 1174 πόδας;
1708 1108 1761 1161 τί
1780 1108 1901 1178 τρέ-

327 1211 495 1264 μεις;
541 1195 595 1248 τί
635 1194 867 1265 θορυδῇς
895 1195 945 1247 τί
978 1195 1261 1264 δακρύειςς
1296 1195 1348 1247 τί
1376 1196 1437 1247 :6
1465 1194 1616 1264 ξίφος
1646 1194 1900 1258 ἐσπάσω;

320 1283 501 1336 Οὐδὲν
528 1281 763 1336 τοιοῦτον
788 1282 973 1351 ἔδησα,
1001 1282 1163 1350 φησίν
1187 1299 1200 1312 ·
1230 1282 1331 1335 οὐκ
1360 1283 1527 1353 ᾔδειν,
1558 1282 1641 1335 ὅτι
1671 1279 1902 1351 τοσαύτη

294 1387 307 1397 ·
321 1369 439 1423 τῶν
463 1369 558 1423 τοῦ
574 1370 810 1440 Χριστοῦ
830 1369 1063 1439 δεσμίων
1084 1371 1117 1438 ἡ
1136 1368 1383 1439 δύναμις.
1417 1368 1481 1421 Τί
1504 1368 1679 1436 λέγεις
1702 1383 1716 1432 ;
1742 1368 1906 1437 0690-

323 1458 453 1519 000;
486 1456 678 1509 ἔλαϐον
708 1455 954 1521 ἐξουσίαν
983 1455 1237 1523 ἀνοίγειν,
1278 1456 1372 1509 καὶ
1412 1455 1779 1525 δεσμωτήριον
1805 1453 1906 1506 ούκ

325 1542 559 1611 ἔμελλον
578 1541 844 1610 άνοίγεινς
878 1542 1003 1604 τοὺς
1025 1541 1128 1594 61:6
1149 1541 1417 1611 δαιμόνων
1446 1541 1758 1611 δεδεμένους
1778 1539 1904 1592 I10-

318 1649 412 1693 ον,
446 1632 542 1683 καὶ
577 1629 815 1698 σιδήριον
837 1628 1060 1698 ἔμελλεν
1086 1628 1263 1683 αὐτῶν
1293 1628 1676 1697 περιέσεσθαι;
1710 1629 1810 1680 οὐκ
1837 1623 1907 1680 01—

326 1718 431 1780 δας
455 1720 585 1779 τοὺς
618 1716 816 1785 ἀνδρας
838 1731 852 1747 ο
884 1715 976 1768 διὰ
1001 1714 1158 1768 τοῦτο
1199 1716 1294 1769 καὶ
1330 1713 1659 1784 συγγνώμης
1696 1713 1903 1781 ἔτυχες.

326 1803 549 1866 Παῦλος
578 1802 609 1854 6
634 1801 912 1871 δεδεμένος
933 1802 1100 1865 ἐστὶν,
1129 1800 1189 1855 60
1209 1801 1431 1870 άγγελοι
1459 1802 1654 1863 πάντες
1679 1799 1907 1870 ᾐδέσθη-

331 1908 437 1943 σαν
459 1909 475 1921 ·
507 1888 716 1952 Παῦλός
745 1889 915 1955 ἐστιν,
943 1884 1005 1944 06
1044 1890 1135 1943 καὶ
1160 1890 1229 1943 τά
1258 1889 1511 1961 σουδάρια
1541 1889 1634 1941 καὶ
1662 1889 1727 1942 τὰ
1747 1903 1910 1957 σημιι-

333 1980 517 2034 κίνθια
541 1979 803 2059 δαίμονας
827 1980 1047 2049 ῆλαυνε,
1086 1979 1180 2033 καὶ
1204 1980 1390 2043 νόσους
1432 1980 1751 2048 ἐφυγάδευε,
1786 1978 1907 2032 καί·

335 2084 420 2119 τοι
447 2066 627 2137 πολλῷ
657 2067 876 2137 σιδήρου
908 2065 1286 2135 ἀδαμάντινος,
1324 2066 1419 2120 καὶ
1451 2064 1851 2135 άῤῥαγέστερος
1880 2064 1909 2115 6

337 2155 494 2224 παρά
535 2153 628 2206 τοῦ
674 2152 926 2221 δαίμονος
961 2151 1187 2221 δεσμός·
1218 2146 1374 2214 οὗτος
1423 2152 1520 2222 μὲν
1565 2151 1673 2221 γάρ
1710 2150 1907 2221 ψυχὴν,

337 2245 546 2305 ἐκεῖνος
581 2242 637 2295 δέ
676 2240 835 2310 σῶμα
877 2239 1085 2309 δεσμεῖ.
1130 2239 1188 2292 '0
1208 2239 1381 2309 ψυχάς
1407 2239 1585 2293 τοίνυν
1625 2238 1909 2313 δεδεμένας

337 2331 503 2391 λύων,
530 2330 591 2381 :6
604 2328 763 2398 σῶμα
786 2328 847 2382 :6
863 2327 1025 2385 αὐτοῦ
1048 2327 1146 2380 οὐκ
1166 2327 1231 2379 ἂν
1256 2326 1439 2395 ἴσχυσε
1458 2323 1614 2378 λῦσαι
1635 2341 1649 2387 ;
1673 2326 1701 2377 6
1721 2325 1805 2377 δαι
1812 2324 1909 2395 μό-

339 2434 449 2470 νων
477 2416 650 2480 δεσμά
677 2415 1031 2486 διαρῤηγνὺς,
1065 2413 1282 2485 σιδήρου
1314 2412 1459 2466 δέσιν
1479 2412 1577 2465 οὐκ
1599 2411 1663 2465 ἂν
1687 2411 1910 2474 ἕλυσενς

337 2509 369 2560 6
394 2507 483 2559 διὰ
506 2502 614 2557 τῶν
640 2504 872 2575 ἱματίων
906 2501 1069 2557 αὐτοῦ
1098 2503 1223 2565 τοὺς
1248 2502 1527 2575 δεσμώτας
1557 2496 1797 2562 ἐκείνους
1823 2498 1913 2553 λύθ-

338 2610 436 2653 ων,
473 2592 565 2643 καὶ
583 2589 703 2655 ,τῶν
726 2588 995 2660 δαιμόνων
1023 2587 1396 2649 ἀπαλλάττων,
1430 2584 1591 2650 06:6;
1621 2584 1688 2636 δι’
1718 2581 1912 2636 ἑαυτοῦ

341 2680 536 2734 ἑαυτὸν
559 2678 661 2732 οὐκ
680 2677 747 2737 ἂν
765 2677 958 2739 E1005;
986 2674 1083 2728 Διά
1105 2674 1262 2727 τοῦτο
1281 2674 1493 2743 πρῶτον
1518 2673 1693 2742 ἐδέθη,
1716 2672 1916 2726 1:01:6-

339 2783 400 2820 τε
432 2766 557 2827 τοὺς
572 2763 887 2833 δεδεμένους
919 2760 1125 2826 ἔλυσεν,
1145 2760 1231 2814 ἵνα
1261 2759 1457 2831 μάθῃς,
1475 2760 1556 2811 ὅτι
1586 2760 1632 2811 οί
1658 2757 1749 2810 τοῦ
1779 2758 1915 2825 Χρι-

342 2851 473 2907 στοῦ
498 2850 677 2907 δοῦλοι
702 2848 991 2919 δεδεμένοι,
1032 2846 1211 2917 πολλῷ
1242 2846 1348 2900 τῶν
1378 2845 1689 2915 ,λελυμένων
1733 2843 1917 2913 μείζο-

342 2958 415 2992 να
446 2940 630 3009 ἔχουσι
659 2939 754 3005 τὴν
785 2934 954 3005 ἰσχύν.
1003 2935 1066 2988 Εἰ
1091 2933 1381 3003 λελυμένος
1413 2931 1571 2985 τοῦτο
1603 2932 1916 3000 εἰργάσατο,

335 3029 454 3082 οῦκ
474 3023 543 3095 ἦν
565 3025 709 3080 οὕτω
730 3022 1032 3092 θαυμαστόν
1056 3039 1069 3051 ·
1096 3019 1235 3074 ὣστε
1255 3021 1355 3073 οὐκ
1373 3019 1655 3082 ἀσθενείας
1678 3020 1705 3071 6
1723 3016 1919 3085 δεσμὸς

340 3108 438 3178 ἦν,
469 3112 612 3167 ἀλλά
647 3112 886 3181 μείζονος
915 3109 1215 3178 δυνάμεως.
1247 3106 1403 3160 Οῦτω
1435 3106 1544 3174 γάρ
1570 3102 1921 3175 λαμπροτέρα

340 3200 379 3264 ἡ
410 3202 567 3270 ἰσχῦς
592 3198 689 3251 τοῦ
718 3197 873 3265 άγίου
900 3196 1191 3257 δείκνυται,
1224 3194 1351 3246 ὅταν
1383 3194 1478 3246 καὶ
1505 3191 1781 3260 δεδεμένος
1814 3189 1921 3242 τῶν

346 3287 665 3356 λελυμένων
687 3286 887 3357 κριτῇ,
914 3283 1041 3337 ὃταν
1063 3284 1091 3336 6
1117 3281 1398 3351 δεδεμένος
1424 3278 1498 3349 μὴ
1526 3279 1684 3349 μόνον
1709 3276 1920 3339 ἑαυτὸν,

342 3377 484 3429 ἀλλὰ
503 3378 596 3428 καὶ
627 3375 754 3437 τοὺς
775 3371 1087 3442 δεδεμένους
1113 3370 1233 3440 λύῃ.
1276 3370 1341 3421 Τί
1371 3369 1480 3421 τῶν
1507 3367 1699 3436 τοίχων
1719 3366 1777 3419 :6
1798 3365 1922 3430 ὕφει

345 3463 468 3528 λοςς
494 3465 548 3517 τί
580 3463 644 3517 :6
676 3462 838 3515 πλέον
861 3460 967 3515 61:6
994 3460 1085 3513 τοῦ
1117 3461 1194 3520 εἰς
1232 3459 1330 3526 τὴν
1377 3457 1649 3525 ἐσωτέραν
1680 3453 1924 3523 φυλακὴν

354 3552 534 3621 βαλεῖν
562 3550 750 3611 06:60,
773 3548 907 3601 61:00
928 3563 991 3615 γε
1019 3546 1109 3599 καὶ
1137 3543 1233 3615 τὴν
1256 3543 1525 3613 ἐξωτέραν
1556 3541 1757 3611 ἀνέῳξε
1777 3538 1924 3609 ;[57]

352 3639 452 3691 Διά
464 3639 515 3691 τί
534 3638 591 3690 δὲ
622 3639 680 3689 ἐν
704 3634 882 3697 νυκτὶ,
908 3633 1000 3686 καὶ
1022 3632 1156 3701 μετά
1183 3628 1406 3699 σεισμοῦ
1428 3628 1677 3696 γέγονεν;
1710 3625 1926 3679 Ἕνδοτέ

359 3744 451 3794 μοι
472 3723 669 3793 μικρὸν
702 3722 799 3775 1:01
812 3718 1266 3789 παραχωρήσατε.
1280 3716 1388 3769 τῶν
1408 3712 1773 3768 ἀποστολικῶν
1789 3713 1927 3765 ἀπο-

358 3812 606 3882 σχομένῳ
634 3807 917 3878 ῥημάτων,
952 3806 1046 3858 καὶ
1073 3805 1470 3875 ὲντρυφὴσαντι
1501 3803 1611 3864 τοῖς
1645 3799 1927 3852 ἀποστολι-

357 3905 470 3963 ιοζς
497 3899 844 3969 πράγμασιν,
867 3890 1181 3964 ἑπιαθῆναι
1202 3892 1260 3943 ὲν
1281 3894 1346 3961 τῇ
1366 3889 1553 3944 ἁλύσει
1573 3886 1785 3941 Παύλου
1808 3903 1819 3917 ·
1846 3886 1929 3939 δό-

357 4005 416 4041 τε
441 4006 531 4058 μοι
552 3983 811 4038 ἐπιπλέον
830 3977 1182 4049 ἐνδιατρίψαι.
1203 3976 1575 4045 Ἐπελαδόμην
1597 3975 1688 4027 τοῦ
1709 3973 1926 4045 δεσμοῦ,

233 4122 253 4138 ,
358 4074 530 4136 οὐδείς
567 4088 636 4142 με
664 4068 971 4139 ἀφίστησιν.
1018 4064 1442 4134 Ἀσφαλέστερον
1469 4062 1578 4130 ἐγὼ
1597 4061 1815 4132 δέδεμαι
1835 4060 1929 4114 νῦν

359 4163 435 4231 τῷ
456 4158 630 4230 πόθῳ,
666 4158 699 4227 ῆ
729 4157 934 4217 ἐκεῖνος
956 4153 1073 4206 τότε
1102 4150 1178 4221 τῷ
1202 4151 1362 4219 ξύλῳ.
1404 4147 1603 4202 Τοῦτον
1622 4147 1793 4211 οὐδεὶς
1813 4146 1930 4201 λύει

360 4249 450 4301 :60
471 4244 693 4315 δεσμόνο
716 4242 823 4297 ἀπὸ
844 4241 953 4310 γὰρ
972 4238 1066 4293 τοῦ
1089 4238 1255 4292 πόθου
1278 4238 1394 4289 ἐστὶ
1414 4233 1503 4288 τοῦ
1525 4234 1778 4306 Χριστοῦ’
1807 4233 1935 4287 τοῦ-

361 4353 450 4388 τον
475 4334 600 4387 ούδέ
622 4334 673 4386 οί
695 4330 938 4398 ἄγγελοι,
965 4328 1081 4381 οὐδὲ
1105 4325 1351 4397 βασιλεία
1368 4322 1608 4395 οὐρανῶν
1640 4321 1810 4393 ἰσχύει
1833 4320 1932 4375 λῦ-

366 4438 489 4476 σαι’
533 4417 701 4473 αὑτοῦ
747 4416 956 4469 Παύλου
997 4414 1146 4467 ἐστὶν
1176 4410 1404 4465 ἀκοῦσαι
1448 4409 1730 4477 λέγοντος,
1787 4407 1935 4463 Οὔτε

365 4512 627 4578 ἄγγελοι,
644 4506 715 4560 οὔ
724 4522 783 4559 τε
797 4502 993 4573 ἀρχαί,
1011 4502 1147 4555 οὔτε
1168 4500 1471 4567 δυνάμεις,
1483 4496 1620 4551 οὔτε
1638 4494 1937 4550 ἐνεστῶτα

367 4599 502 4651 οὔτε
519 4594 847 4665 μέλλοντα,
869 4590 1006 4643 οὔτε
1024 4588 1240 4657 ὕψωμα
1258 4585 1393 4639 οὔτε
1404 4583 1596 4649 βάθος
1612 4581 1937 4648 δυνήσεται

369 4680 526 4751 ἡμᾶς
551 4681 802 4749 χωρίσαι
829 4676 946 4731 ἀπὸ
981 4673 1090 4741 τῆς
1118 4671 1353 4743 ἀγάπης
1385 4670 1490 4723 τοῦ
1517 4665 1795 4738 Χριστοῦ.

439 4845 594 4905 Τίνος
613 4836 709 4895 οῦν
735 4841 897 4894 ἕνεκα
925 4838 1090 4907 μέσον
1119 4835 1330 4890 νυκτῶν
1353 4835 1414 4888 :6
1454 4834 1684 4905 πρᾶγμα
1714 4831 1938 4899 γέγονε;

374 4934 511 4995 τίνος
535 4930 726 4983 ξνεκεν
752 4927 846 4979 καὶ
872 4924 1007 4995 μετά
1031 4920 1254 4993 σεισμοῦ
1276 4939 1291 4985 ;
1326 4921 1617 4974 ’Δκούσατε
1640 4917 1774 4971 Θεοῦ
1796 4919 1942 4971 011:0-

372 5017 582 5088 ’νομίαν,
620 5014 717 5068 καί
743 5010 1080 5080 θαυμάσατε.
1113 5009 1334 5062 Πάντων
1352 5007 1422 5060 τὰ
1440 5005 1613 5075 δεσμά
1635 5002 1817 5073 ἐλύθη.
1851 5004 1943 5057 κα)⁵

379 5108 433 5159 αί
456 5105 617 5174 θύραι
645 5098 989 5170 ἀνεῲγησαν.
1030 5094 1190 5149 Ἀλλά
1221 5092 1383 5148 τοῦτο
1415 5092 1572 5162 μόνον
1603 5090 1691 5145 διὰ
1712 5091 1800 5143 τὸν
1820 5090 1944 5143 δεσ-

389 5191 669 5259 μο·;ὐλακα
714 5185 973 5254 γέγονεν,
1023 5183 1085 5236 06
1128 5180 1264 5251 1:96;
1313 5178 1590 5244 ἐπίδειξιν,
1627 5177 1762 5232 ἀλλὰ
1811 5176 1944 5248 πρὸς

384 5279 672 5348 σιιιτηρίαν.
721 5275 847 5326 Ὅτι
905 5271 1014 5341 γὰρ
1067 5268 1166 5322 οὐκ
1207 5269 1403 5338 ᾔδεσαν
1440 5267 1490 5319 οί
1537 5264 1811 5334 δεσμῶται
1862 5266 1944 5318 ὅτι

383 5366 659 5433 λελυμένοι
699 5360 860 5424 εἰσὶν,
891 5358 1049 5427 δῆλον
1081 5355 1189 5409 ἀπὸ
1223 5354 1326 5423 τῆς
1363 5352 1544 5422 φωνῆς
1594 5351 1828 5404 Παύλου.
1880 5351 1945 5403 Τί

384 5456 488 5523 γάρ
511 5465 709 5521 φησιν;
749 5445 1025 5516 Ἑφώνησε
1042 5443 1099 5497 δὲ
1120 5445 1269 5512 φωνῇ
1298 5440 1503 5511 μεγάλῃ
1519 5438 1690 5507 λέγων
1710 5456 1723 5469 ο
1745 5437 1947 5506 Μηδὲν

387 5540 611 5606 πράξῃς
632 5532 867 5598 σεαυτῷ
892 5531 1099 5594 κακὸν,
1136 5528 1353 5593 πάντες
1379 5525 1484 5595 γάρ
1508 5526 1691 5593 ἐσμεν
1716 5524 1942 5580 ἐνθάδε.

386 5628 494 5678 Οὐκ
538 5627 605 5677 ἂν
635 5622 691 5675 δὲ
730 5621 928 5682 πάντες
968 5614 1106 5688 ἦσαν
1140 5616 1305 5676 ἔνδον,
1372 5616 1418 5665 εί
1465 5609 1603 5664 εἶδον
1648 5611 1745 5671 τὰς
1781 5610 1947 5681 θύρας

389 5710 761 5782 ἀνεῳγμένας,
786 5709 878 5761 καὶ
903 5707 1124 5769 ἑαυτοὺς
1148 5701 1486 5770 λελυμένους.
1521 5701 1581 5750 ΟΞ
1613 5697 1717 5768 γὰρ
1741 5698 1943 5767 τοίχους

1176 214 1240 268 IN
1282 215 1498 270 EPIST.
1544 216 1634 268 Λι)
1676 217 1915 271 ΕΡίΙΕὸ.

2021 216 2109 272 \P.
2154 218 2239 272 IV.
2279 217 2511 273 lIOMIL.
2550 216 2677 272 VIII.
3498 220 3571 274 IIII

2006 332 2153 386 διατέ
2161 351 2402 403 μνοντες,
2427 334 2518 387 x01
2535 334 2758 403 ὀρόφους
2776 333 2867 384 καὶ
2888 330 3107 401 θριγκία
3131 331 3564 400 ὑπερϐαίνοντες,

2006 422 2098 474 καὶ
2135 421 2311 473 πάντα
2351 419 2653 490 τολμῶντες
2702 418 2841 488 μετά
2876 416 3110 487 δεσμῶν,
3159 416 3257 467 οὐκ
3294 415 3358 469 ἂν
3402 414 3567 487 6x09-

2003 508 2261 577 τέρησαν,
2286 507 2381 559 καὶ
2409 505 2516 559 τῶν
2538 505 2747 574 δεσμῶν
2765 502 3071 573 λελυμένων
3115 502 3209 557 καὶ
3236 502 3343 554 τῶν
3390 502 3567 572 θυρῶν

2003 594 2392 664 ἀνεῳγμένων,
2439 593 2585 648 ἔνδον
2621 593 2834 662 μένειν,
2880 591 2973 644 x01
3011 590 3105 643 τοῦ
3164 588 3567 659 δεσμοφύλακος

2004 683 2355 745 καθεύδοντος
2399 683 2587 738 αὑτοῦ.
2658 681 2806 733 Ἀλλ’
2833 680 2952 733 00:1
2998 678 3211 747 δεσμῶν
3246 677 3474 748 σιδηρῶν
3499 672 3567 747 ἦν

2003 771 2185 831 αὐτοῖς
2199 772 2227 823 6
2247 768 2440 840 δεσμὸς
2449 768 2539 821 τοῦ
2554 767 2741 821 ῦπνου.
2766 765 2864 819 Διά
2874 766 3029 820 τοῦτο
3040 767 3208 830 οὓτως
3219 766 3467 837 ᾠκονομή
3474 763 3563 832 θη,

2003 857 2144 911 ὥστε
2182 857 2355 910 καὶτὸ
2380 857 2610 927 πρᾶγμα
2632 854 2906 923 γενέσθαι,
2934 854 3027 907 καὶ
3053 852 3320 924 μηδεμίαν
3341 850 3448 905 ἀπὸ
3471 848 3565 902 τοῦ

2005 942 2281 1013 θαύματος
2320 942 2520 1011 ζημίαν
2565 940 2838 1011 συμϐῆναι
2879 939 2956 1010 τῷ
3008 939 3255 1009 μέλλοντι
3299 936 3567 1001 σώζεσθαι

2001 1028 2389 1099 δεσμοφύλακι.
2422 1026 2533 1081 Καὶ
2561 1028 2758 1098 ἑτέρως
2780 1027 2837 1080 δὲ
2866 1026 3103 1097 μάλιστα
3139 1026 3190 1077 οί
3213 1024 3482 1083 δεδεμένοι
3510 1024 3568 1075 ἐν

2004 1116 2156 1170 νυκτὶ
2165 1114 2611 1184 δεσμοῦνται,ούκ
2628 1114 2686 1168 ἐν
2697 1113 2902 1183 ἡμέρα.
2918 1112 3070 1167 Μετά
3084 1111 3279 1179 πολλῆς
3293 1107 3384 1164 οῦν
3401 1126 3566 1162 σπου-

2003 1202 2098 1271 δῆς
2114 1198 2180 1271 ἦν
2194 1200 2319 1253 ἰδεῖν
2332 1200 2645 1270 δεδεμένους
2660 1198 2842 1264 πάλιν,
2863 1198 2955 1250 καὶ
2972 1197 3345 1259 καθεύδοντας.
3365 1197 3428 1249 II
3443 1196 3499 1249 δέ
3514 1197 3571 1247 ἐν

2006 1289 2187 1359 ἡμέρᾳ
2207 1288 2423 1355 ἐγένετο
2442 1287 2635 1350 ταῦτα,
2659 1286 2823 1348 πολὺς
2850 1284 2917 1338 ἂν
2936 1286 3151 1352 ἐγένετο
3165 1282 3572 1352 θόρυϐος.Τίνος

2004 1371 2095 1429 οῦν
2118 1376 2300 1428 ἕνεκεν
2327 1374 2420 1427 καὶ
2446 1374 2665 1442 ἐσείσθη
2696 1373 2755 1425 :6
2771 1371 2977 1442 οἴκημα
3000 1389 3015 1437 ;
3045 1372 3204 1422 ’Ὥστε
3228 1369 3572 1438 διαναστῆναι

2006 1462 2095 1515 :60
2122 1463 2505 1532 δεσμοφύλακα
2534 1462 2624 1514 ἐπὶ
2656 1462 2753 1532 τὴν
2777 1461 2871 1514 τοῦ
2894 1461 3215 1532 πράγματος
3232 1457 3360 1510 θέαν
3384 1472 3397 1488 ·
3421 1452 3573 1517 06:0;

2007 1550 2115 1617 γάρ
2135 1544 2202 1621 ἦν
2223 1549 2371 1615 ἄξιος
2398 1550 2494 1617 τῆς
2525 1548 2795 1618 σωτηρίας
2827 1548 3003 1615 μόνος.

2080 1742 2151 1793 Σὺ
2172 1741 2227 1795 δέ
2259 1758 2348 1811 μοι
2376 1739 2475 1794 θέα
2505 1740 2600 1810 τῆς
2628 1739 2723 1793 τοῦ
2758 1738 2994 1812 Χριστοῦ
3032 1738 3250 1807 χάριτος
3290 1735 3386 1805 τὴν
3410 1736 3576 1803 ὑπερ·

2008 1826 2192 1897 ϐολήν.
2229 1827 2446 1893 Μεταξὺ
2477 1826 2583 1897 γὰρ
2611 1826 2718 1881 τῶν
2748 1824 2960 1881 Παύλου
2984 1824 3194 1894 δεσμῶν
3224 1823 3317 1876 καὶ
3351 1822 3449 1890 τῆς
3480 1819 3576 1872 τοῦ

2009 1914 2243 1986 Χριστοῦ
2270 1915 2490 1984 χάριτος
2510 1912 2818 1989 μεμνῆσθαι
2839 1912 3021 1975 καλὸν,
3048 1910 3245 1981 μᾶλλον
3266 1909 3322 1961 δέ
3338 1909 3430 1961 καὶ
3453 1906 3579 1959 ταῦ-

2009 2019 2076 2055 τα
2107 2004 2203 2070 τῆς
2224 2003 2315 2056 τοῦ
2343 2001 2478 2054 Θεοῦ
2513 2001 2729 2072 χάριτός
2758 2003 2925 2053 ἐστιν.
2959 1999 3075 2052 Εἰσί
3108 2015 3252 2061 τινες
3288 1992 3581 2063 ἐγκαλοῦν-

2009 2106 2098 2153 τες
2122 2092 2201 2151 61:
2229 2089 2458 2158 διεσώθη
2477 2092 2505 2144 6
2534 2088 2894 2158 δεσμοφύλαξ.
2918 2087 3009 2141 καὶ
3029 2087 3165 2155 ὑπὲρ
3185 2078 3259 2137 ὦν
3283 2082 3579 2152 θαυμάζειν

2011 2176 2104 2229 τοῦ
2134 2175 2267 2229 Θεοῦ
2294 2177 2389 2245 τὴν
2420 2175 2822 2245 φιλανθρωπίαν
2866 2172 3057 2243 ἐχρῆν,
3102 2172 3210 2225 ἀπὸ
3238 2169 3441 2229 τούτων
3478 2168 3578 2237 ψει

2012 2279 2223 2332 γοντες·
2252 2264 2345 2315 καὶ
2368 2262 2516 2317 οὐδὲν
2532 2261 2861 2331 θαυμαστόν.
2884 2261 2949 2317 Οί
2968 2261 3076 2327 γάρ
3093 2258 3334 2320 ἀσθενεῖς
3351 2254 3580 2308 τοιοῦτοί

2011 2354 2169 2413 εἰσιν,
2225 2352 2273 2404 οἳ
2305 2353 2399 2407 καὶ
2430 2352 2529 2420 τὴν
2560 2351 2864 2419 τρέφουσαν
2896 2349 3100 2417 τροφὴν
3135 2346 3479 2409 κακίζουσιν,
3514 2344 3581 2410 ἢν

2009 2438 2311 2509 θαυμάζειν
2335 2438 2522 2505 ἐχρῆν,
2549 2437 2645 2489 καὶ
2672 2435 2733 2487 :6
2757 2435 2877 2505 μέλι
2899 2435 3095 2503 πικρὸν
3120 2428 3258 2486 εἷναί
3283 2447 3436 2498 φασι.
3476 2430 3583 2482 K01

2012 2526 2062 2577 οἱ
2108 2523 2543 2592 τυφλώττοντες,
2575 2522 2667 2588 ἀφ’
2696 2514 2757 2573 οὗ
2799 2520 3026 2588 ὤφειλον
3061 2518 3390 2587 φωτίζεσθαι
3411 2557 3425 2579 ,
3475 2516 3584 2571 ἀπὸ

2014 2610 2202 2663 τούτου
2248 2608 2602 2672 σκοτίζονται,
2664 2608 2723 2660 06
2751 2610 2903 2676 παρα
2950 2609 3047 2676 τὴν
3090 2607 3197 2658 τῶν
3233 2603 3584 2673 ’πραγμάτων

2018 2698 2177 2767 φύσιν
2204 2696 2409 2750 τούτων
2457 2694 2881 2764 συμϐαινόντων,
2930 2692 3062 2746 ἀλλά
3105 2692 3255 2760 παρά
3297 2693 3393 2759 τὴν
3421 2688 3583 2742 000$-

2016 2802 2163 2839 νειαν
2190 2784 2297 2837 τῶν
2328 2785 2405 2845 είς
2434 2783 2551 2836 δέον
2574 2783 2755 2843 αὐτοῖς
2797 2781 3091 2849 κεχρῆσθαι
3144 2779 3219 2846 μὴ
3252 2777 3582 2844 δυναμένων.

2019 2873 2135 2946 [58]
2160 2873 2224 2925 Τί
2240 2869 2331 2925 οὖν
2344 2871 2527 2939 ελεγον
2545 2886 2559 2935 ;
2579 2870 2706 2922 Δέον
2726 2868 3017 2939 θαυμάσαι,
3042 2868 3122 2918 ὅτι
3141 2867 3219 2928 είς
3245 2864 3478 2932 ἐσχάτην
3495 2879 3587 2913 κεῖ-

2017 2961 2143 3014 κίαν
2172 2959 2496 3029 ἐμπεσόντα,
2528 2954 2715 3009 τοῦτον
2747 2949 2880 3020 εἷλε,
2928 2955 3023 3005 καὶ
3058 2953 3248 3022 βελτίω
3273 2950 3584 3020 εἰργάσατο,

2018 3048 2235 3115 λέγουσι
2260 3063 2273 3075 ·
2311 3044 2436 3104 Πῶς
2461 3043 2570 3114 γάρ
2601 3045 2699 3095 οὐκ
2730 3043 2946 3111 ἐνόμισε
2975 3040 3036 3093 :6
3063 3041 3301 3109 ,πρᾶγμα
3335 3036 3586 3105 γοητείας

2021 3129 2161 3186 εῖναι
2200 3134 2294 3185 καὶ
2332 3130 2687 3200 μαγγανείας,
2729 3130 2822 3181 καὶ
2857 3127 3052 3197 μᾶλλον
3096 3125 3293 3187 αὐτοὺς
3331 3121 3584 3187 κατέσχε,

2023 3222 2115 3275 καὶ
2135 3218 2463 3281 άνωλόλυξε;
2494 3217 2669 3269 Πολλά
2695 3216 2831 3286 πρὸς
2852 3214 3006 3266 τοῦτο
3028 3210 3377 3273 συνεϐάλλετο
3401 3225 3414 3238 ο
3440 3206 3588 3276 1:917)-

2022 3323 2111 3357 τον
2145 3305 2261 3376 μὲν,
2289 3303 2369 3355 ὅτι
2395 3305 2625 3373 ῆκουσεν
2668 3302 2713 3367 6'
2745 3300 2975 3352 νούντων
3002 3300 3091 3351 :60
3116 3297 3246 3349 Θεόν
3270 3310 3282 3323 ·
3311 3296 3411 3347 ούκ
3439 3293 3500 3346 διν
3532 3292 3588 3344 δέ

2023 3392 2217 3461 γόητες
2231 3389 2499 3451 τοιούτους
2511 3382 2841 3458 ῦμνουςῇδον
2861 3403 2873 3416 ·
2900 3386 3135 3436 ’Ἤκουσε
3150 3382 3257 3452 γὰρ
3273 3381 3467 3442 αὐτῶν,
3489 3397 3588 3448 φη-

2028 3480 2130 3539 010,
2159 3477 2467 3547 ὑμνούντων
2481 3475 2568 3526 :60
2589 3473 2740 3527 Θεόν.
2764 3472 3043 3541 Δεύτερον,
3068 3471 3149 3523 δτι
3174 3469 3326 3523 06:01
3342 3468 3437 3520 ούκ
3459 3465 3590 3518 ἀπέ-

2028 3582 2215 3633 φυγον,
2252 3562 2386 3615 ἀλλά
2408 3562 2499 3614 καλ.
2522 3561 2679 3613 06:60
2707 3558 2983 3613 ἐκώλυσαν
3018 3557 3216 3625 σφάξαι
3256 3554 3441 3607 ἑαυτόν
3460 3569 3471 3580 ·
3493 3552 3591 3603 οῦκ

2027 3652 2092 3704 ἂν
2116 3651 2195 3713 δὲ,
2230 3651 2277 3702 εί
2310 3647 2515 3702 ἑαυτῶν
2549 3648 2732 3700 ἕνεκεν
2760 3645 2995 3707 ἐποίουν,
3045 3643 3190 3696 ἔνδον
3222 3641 3430 3710 ἔμενον,
3458 3635 3591 3689 ἀλλά

2030 3739 2326 3810 προτέρους
2350 3738 2416 3792 ἂν
2448 3737 2671 3798 ἑαυτοὺς
2698 3735 2915 3799 ἐξεῖλον.
2950 3732 3123 3800 Πολλὴ
3155 3728 3210 3785 δὲ
3238 3728 3415 3785 αὐτῶν
3430 3727 3527 3780 7.01
3560 3727 3592 3793 ἡ

2030 3826 2437 3896 φιλανθρωπία·
2481 3822 2758 3877 ἐκώλυσαν
2791 3822 2951 3875 06:60
3005 3818 3202 3888 σφάξαι
3257 3815 3466 3873 ἑαυτὸν,
3505 3814 3595 3864 τὸν

2029 3914 2264 3984 δήσαντα
2282 3912 2497 3975 αὐτοὺς,
2526 3909 2805 3981 μονονουχὶ
2835 3908 2968 3977 πρὸς
2991 3906 3152 3958 06:60
3176 3904 3422 3969 λέγοντες
3445 3918 3457 3930 ·
3482 3900 3594 3954 Με-

2030 4001 2099 4054 τά
2130 4000 2328 4069 πολλῆς
2361 3999 2459 4066 τῆς
2482 3996 2776 4065 ἀσφαλείας
2794 3993 3077 4064 ἡσφαλίσω
3105 3994 3181 4051 είς
3201 3992 3295 4061 τὴν
3325 3988 3595 4059 ἐσωτέραν

2035 4086 2212 4155 βαλὼν
2241 4085 2504 4155 φυλακὴν,
2530 4084 2623 4136 καὶ
2651 4080 2861 4154 πικρῶς
2894 4080 3038 4150 ἡμᾶς
3061 4078 3277 4149 έδησας,
3313 4076 3400 4128 ἴνα
3434 4074 3597 4143 λυθῇς

2032 4174 2193 4235 06:6;
2219 4171 2328 4224 τῶν
2351 4170 2690 4240 πικροτάτων
2715 4166 2949 4237 δεσμῶν.
2978 4165 3191 4232 Σειραίς
3209 4164 3316 4231 γάρ
3339 4160 3447 4214 τῶν
3475 4162 3597 4211 ἐαυ-

2034 4259 2128 4312 τοῦ
2160 4256 2442 4327 ἁμαρτιῶν
2483 4255 2710 4316 ἕκαστος
2759 4252 3062 4320 σφίγγεται.
3111 4250 3323 4302 Ἐκεῖνα
3356 4248 3453 4316 μὲν
3491 4245 3599 4313 γὰρ

2035 4345 2285 4414 ἐπάρατα
2326 4342 2394 4395 τά
2429 4340 2627 4409 δεσμὰ,
2661 4338 2833 4391 ταῦτα
2864 4336 2919 4389 δέ
2963 4334 3228 4405 μακάρια,
3262 4334 3357 4386 καὶ
3401 4332 3599 4398 πολλῆς

2035 4431 2201 4500 εὐχῆς
2224 4428 2366 4492 ἀξια.
2406 4428 2529 4480 Ὅτι
2578 4425 2686 4496 γὰρ
2717 4424 2831 4478 λύει
2869 4414 3144 4490 τάιδεσμά
3175 4420 3354 4473 ἐκεῖνα
3404 4417 3596 4479 ταῦτα,

2037 4516 2235 4583 ἔδειξεν
2254 4515 2362 4570 ἀπὸ
2393 4515 2500 4568 τῶν
2524 4512 2814 4583 αἰσθητῶν.
2848 4506 2998 4573 Εἶδες
3035 4509 3161 4571 τοὺς
3179 4507 3257 4577 τῷ
3283 4506 3486 4576 σιδήρῳ
3515 4506 3599 4557 δε-

2037 4605 2292 4675 δεμένους
2332 4602 2618 4668 λυθέντας;
2657 4600 2816 4670 Ὄψει
2846 4599 2937 4652 καὶ
2964 4596 3167 4663 σαυτὸν
3204 4595 3262 4661 ἐξ
3290 4595 3490 4665 ἑτέρων
3519 4594 3601 4644 δε·

2042 4691 2193 4761 σμῶν
2220 4690 2476 4742 ἀνεθέντα
2504 4686 2774 4758 χαλεπῶν.
2812 4684 2994 4738 Ταῦτα
3043 4682 3111 4735 τά
3154 4680 3350 4752 δεσμά,
3397 4680 3465 4733 τά
3496 4679 3604 4731 τῶν

2040 4778 2330 4849 δεσμωτῶν
2374 4778 2536 4845 λέγω,
2592 4776 2653 4827 ού
2712 4774 2775 4827 τά
2811 4772 3046 4834 Παύλου,
3094 4771 3278 4823 ἐκεῖνα
3332 4768 3399 4820 τὰ
3431 4766 3604 4834 δεσμά

2044 4875 2184 4926 ποιεῖ
2210 4871 2275 4924 τά
2300 4869 2405 4923 τῶν
2430 4867 2732 4938 ἁμαρτιῶν.
2769 4864 2941 4934 Διπλῇ
2970 4859 3107 4933 ἦσαν
3132 4860 3404 4929 δεσμῶται
3429 4858 3482 4908 οἱ
3520 4855 3602 4907 ἕνα

2042 4966 2151 5029 δον,
2174 4961 2270 5016 καὶ
2300 4962 2462 5024 06:6;
2497 4957 2783 5029 δεσμώτης
2804 4952 2873 5026 ἦν
2904 4955 2933 5007 6
2969 4950 3334 5023 δεσμοφύλαξ.
3381 4948 3608 5001 Ἐκεῖνοι

2049 5055 2147 5123 μὲν
2195 5054 2304 5123 γὰρ
2351 5051 2555 5120 σιδήρῳ
2583 5049 2841 5111 ἐδέδεντο,
2894 5045 2987 5099 καὶ
3018 5042 3334 5114 ἁμαρτίαις,
3374 5032 3525 5100 οὗτος
3549 5036 3606 5089 δὲ

1980 5168 1981 5171 η
2044 5142 2337 5213 ἁμαρτίαις
2359 5141 2567 5211 μόναις.
2592 5138 2820 5191 Ἔλυσεν
2841 5136 3083 5196 ἐκείνους
3103 5135 3132 5185 6
3147 5130 3357 5191 Παῦλος
3382 5130 3461 5191 είς
3478 5126 3606 5194 πλη-

2050 5234 2306 5305 ροφορίαν
2335 5232 2525 5286 τούτου
2544 5248 2558 5263 ο
2592 5231 2686 5284 καὶ
2710 5232 2819 5299 γάρ
2843 5224 2910 5298 ἦν
2949 5226 3119 5296 ὁρατά
3144 5223 3213 5275 τὰ
3237 5221 3432 5291 δεσμάι
3452 5218 3607 5273 Οῦτω

2048 5324 2186 5377 καὶὸ
2217 5322 2446 5392 Χριστὸς
2471 5320 2714 5389 ἐποίησε,
2739 5317 2936 5388 μᾶλλον
2962 5314 3018 5366 δέ
3038 5310 3427 5380 ἀντιστρόφως.
3464 5309 3610 5361 Ἑκεί

2046 5413 2206 5483 διπλῆ
2253 5411 2553 5481 παράλυσις
2575 5406 2664 5481 ἦν.
2701 5406 2831 5461 Ποία
2866 5404 2923 5457 δέ
2958 5402 3127 5473 αῦτης
3179 5402 3243 5455 ’ίί
3282 5400 3389 5453 τῶν
3428 5402 3605 5468 09.09-

2048 5505 2194 5566 τιῶν,
2225 5502 2474 5572 καὶὴτοῦ
2504 5499 2771 5569 σώματος.
2796 5496 2861 5549 Τί
2879 5491 2972 5550 οῦν
2990 5496 3160 5559 ποιεῖς
3189 5492 3421 5562 Θάρσει,
3450 5491 3605 5559 φησὶ,

2049 5596 2281 5659 τέκνον,
2317 5593 2608 5661 ἀφέωνταί
2639 5608 2753 5644 σου
2784 5592 2842 5643 αἱ
2877 5588 3173 5659 ἁμαρτίαι.
3206 5586 3479 5655 Προτέραν
3507 5581 3603 5653 τὴν

2055 5691 2219 5750 ὄντως
2262 5686 2557 5756 παράλυσιν
2599 5682 2802 5748 ἔλυσεν,
2838 5678 2953 5735 εἶτα
3004 5680 3093 5733 ἐπί
3135 5679 3336 5747 ταύτην
3366 5675 3603 5743 ἔρχεται.
