4080 6218
387 265 448 323 61
1211 260 1273 316 LV
1316 255 1526 316 lil‘lST.
1574 260 1661 314 AD
1703 259 1940 314 EI'III'IS.
1983 259 2132 314 CAP.
2179 261 2262 314 IV.
2306 262 2530 319 llOillL.
2579 264 2709 321 \‘lll.
3597 265 3667 322 ΘΞ

389 396 575 436 eorum
591 377 682 449 qui
703 371 856 432 erant
874 375 1015 430 intus
1034 375 1214 428 vincti:
1235 374 1348 441 ipse
1367 379 1578 442 quoque
1599 378 1780 426 custos
1801 385 1974 426 carce-

393 471 466 523 ris
484 478 602 524 erat
620 470 852 520 vinctus.
867 465 996 519 Nam
1018 464 1092 518 illi
1115 464 1330 533 quidem
1351 463 1494 518 ferro
1511 464 1673 516 vihcti
1704 462 1913 516 fuerant
1927 473 1982 516 et

394 579 472 630 pet
492 561 652 621 catis,
687 558 775 613 hic
801 567 979 611 autem
1003 556 1136 609 solis
1158 553 1412 624 peccatis.
1444 553 1566 607 lllos
1590 555 1745 607 solt'it
1763 553 1977 617 Paulus,

392 658 450 701 ut
478 647 548 701 de
574 647 678 701 hoc
710 644 962 699 redderet
985 642 1247 697 certiores
1273 659 1287 704 ;
1322 648 1475 695 erant
1504 641 1647 695 enim
1679 639 1980 709 aspectabi-

393 743 462 795 lia
493 739 729 793 vincula.
760 737 836 792 ita
863 738 1024 791 etiam
1048 735 1175 790 fecit
1199 732 1463 796 Christus,
1485 733 1590 785 imo
1619 745 1746 786 vero
1772 740 1978 786 contra.

393 837 504 889 Illic
535 834 723 903 duplex
755 830 1166 900 eratparalysis.
1187 829 1440 896 Qumnam
1461 835 1636 879 autem
1655 825 1753 879 ea?
1788 819 1984 879 Pecca-

391 939 565 981 lorum
591 935 646 980 et
676 924 941 991 corporis.
974 922 1112 990 Quid
1141 937 1270 990 ergo
1312 920 1482 975 facit?
1524 919 1756 987 Con/ide,
1791 917 1981 986 inquit,

389 1021 487 1085 ﬁli,
508 1018 833 1071 remittuntur
858 1016 946 1067 tibi
972 1023 1178 1082 peccata
1207 1011 1422 1082 (Matth.
1455 1011 1508 1066 9.
1533 1010 1615 1081 2).
1648 1010 1799 1064 Prius
1827 1009 1986 1064 solvit

389 1127 507 1165 eam
538 1125 658 1180 qua
684 1123 812 1162 vere
833 1115 949 1161 erat
975 1105 1254 1175 paralysis,
1280 1101 1474 1157 deinde
1495 1102 1559 1156 ad
1593 1102 1730 1156 hanc
1756 1099 1980 1156 accedit.

385 1203 615 1271 Quando
635 1201 778 1256 enim
813 1199 1034 1266 Quidam
1063 1213 1126 1251 ea:
1149 1197 1326 1249 scrilis
1358 1195 1592 1248 dicebant
1613 1193 1752 1259 apud
1776 1209 1848 1255 se,
1881 1189 1984 1244 Iste

385 1295 730 1362 blasphemat,
777 1291 941 1344 sciens
995 1288 1146 1342 Jesus
1192 1303 1364 1340 eorum
1418 1283 1764 1354 cogitationes,
1812 1283 1940 1336 dixit
1965 1297 1983 1334 .'

390 1385 530 1451 Quid
559 1383 791 1454 cogitatis
815 1380 957 1434 mala
1001 1381 1054 1434 in
1087 1379 1321 1433 cordibus
1350 1379 1568 1431 vestris?
1591 1377 1727 1440 Quid
1747 1386 1818 1428 est
1850 1375 1980 1447 faci-

386 1477 487 1527 lius
527 1475 714 1537 dicere,
760 1470 1105 1524 Remittunlur
1128 1480 1214 1522 tua
1244 1475 1468 1535 peccata,
1495 1473 1559 1519 an
1601 1467 1787 1531 dicere,
1817 1465 1983 1533 Surge

385 1573 435 1618 et
463 1563 671 1616 auibula
689 1564 714 1616 ?
745 1561 812 1616 Ut
839 1562 1008 1612 autent
1036 1560 1207 1612 sciatis
1232 1557 1368 1628 quod
1399 1560 1692 1626 potestatem
1711 1555 1856 1607 habet
1884 1543 1979 1606 Fi-

385 1656 490 1708 lius
511 1654 729 1707 hominis
750 1649 1035 1704 remittendi
1054 1654 1260 1718 peccata
1284 1649 1334 1699 in
1359 1658 1511 1709 terra,
1537 1646 1658 1698 dicit
1674 1643 1979 1714 paralytico,

389 1748 583 1815 Surge,
630 1756 675 1798 et
711 1745 830 1796 tolle
867 1745 1048 1796 lectum
1079 1752 1242 1803 tuum,
1286 1750 1332 1793 et
1362 1739 1488 1791 uade
1521 1739 1572 1790 iu
1601 1738 1806 1790 domum
1843 1745 1982 1788 tuam

361 1824 523 1908 '(tu.
548 1853 598 1890 υ.
624 1837 727 1890 3-6
756 1837 796 1904 ).
825 1835 897 1888 Ex
926 1834 1024 1887 hec
1052 1832 1192 1901 quod
1224 1841 1306 1885 est
1333 1830 1549 1890 sensile,
1578 1827 1911 1881 conﬁrmavit
1930 1825 1981 1880 id

389 1930 547 1999 quod
595 1929 736 1982 cadit
775 1928 872 1980 sub
909 1925 1332 1992 intelligentiam,
1376 1930 1429 1975 ut
1475 1921 1564 1991 qui
1609 1935 1673 1974 ex
1716 1918 1980 1988 corporali

392 2020 596 2074 fecerit
637 2019 686 2071 id
714 2018 849 2086 quod
895 2027 976 2070 est
1027 2015 1078 2068 in
1105 2016 1302 2068 anima.
1345 2014 1450 2068 Cur
1478 2021 1656 2066 autem
1689 2011 1790 2064 hoc
1819 2010 1983 2065 fecit?

391 2110 464 2165 Ut
497 2110 808 2178 impleretur
829 2107 970 2176 quod
993 2106 1194 2160 dictum
1223 2113 1330 2169 est,
1363 2103 1517 2158 Serve
1545 2119 1777 2171 nequam,
1806 2108 1869 2154 ex
1898 2113 1983 2153 ore

390 2215 481 2256 tuo
508 2213 556 2256 te
577 2202 760 2271 judico
791 2199 941 2268 (Luc.
977 2192 1062 2252 11).
1091 2197 1206 2264 22).
1231 2190 1365 2262 Quid
1397 2195 1468 2248 illi
1503 2195 1748 2248 dixerunt
1772 2193 1795 2245 ?
1819 2193 1983 2246 Nemo

390 2302 575 2362 potest
619 2291 896 2344 remittere
940 2297 1154 2356 peccata
1189 2287 1285 2340 nisi
1315 2285 1465 2339 solus
1494 2286 1652 2347 Deus,
1685 2298 1856 2352 neque
1883 2297 1981 2335 an-

393 2384 570 2450 gelus.
601 2395 775 2450 neque
797 2378 1169 2447 arehaugelns.
1202 2384 1375 2445 neque
1399 2375 1501 2428 alla
1528 2384 1762 2443 potestas
1783 2382 1979 2433 ereata.

395 2474 505 2524 γης
550 2473 649 2526 hoc
676 2469 912 2526 confessi
957 2470 1113 2522 estis.
1143 2466 1278 2534 Quid
1310 2478 1438 2536 ergo
1465 2473 1735 2532 oporteret
1759 2463 1984 2518 dicere?

391 2563 448 2617 Sl
471 2571 747 2617 ostensum
777 2560 938 2614 fuerit
965 2559 1107 2629 quod
1133 2558 1284 2613 solvo
1314 2566 1551 2626 peccata,
1582 2556 1756 2625 palam
1788 2564 1870 2608 est
1897 2569 1985 2608 me

391 2669 518 2710 esse
563 2656 751 2709 Deum.
795 2654 866 2706 At
907 2667 1014 2706 non
1063 2651 1140 2706 sic
1179 2649 1335 2715 dixit,
1377 2648 1472 2703 sed
1519 2647 1682 2718 quid?
1716 2647 1782 2702 Ut
1813 2649 1986 2702 sciatis

390 2747 532 2815 quod
561 2744 729 2798 Filius
755 2743 976 2796 hominis
1004 2742 1149 2796 habet
1178 2751 1470 2811 potestatem
1513 2755 1663 2808 super
1690 2749 1874 2792 terram
1900 2755 1984 2792 re-

391 2837 630 2890 uiittendi
674 2844 900 2906 peccata,
953 2845 1071 2887 tunc
1099 2833 1219 2886 dicit
1249 2832 1550 2902 paralytico,
1583 2831 1766 2899 Surge,
1794 2841 1840 2883 et
1865 2830 1982 2883 tolle

393 2932 584 2984 lectum
633 2941 792 2991 tuum,
835 2937 880 2981 et
910 2927 1036 2980 vade
1070 2926 1121 2978 in
1153 2926 1357 2978 domum
1395 2933 1552 2975 tuaut.
1584 2921 1807 2988 Quando
1835 2937 1980 2991 ergo,

397 3022 600 3090 inquit,
623 3019 760 3089 quod
780 3017 1142 3072 estdifficihus
1160 3017 1355 3076 fecero,
1383 3014 1554 3082 palam
1573 3022 1653 3066 est
1674 3013 1741 3066 de
1765 3027 1830 3065 eo
1847 3012 1986 3080 quod

395 3121 487 3165 est
507 3110 664 3163 facile
688 3109 887 3162 nullam
912 3107 1142 3176 relinqui
1172 3105 1671 3159 contradictionem.
1698 3103 1985 3171 Propterea

399 3207 494 3260 ille
528 3205 676 3273 prius
705 3202 831 3257 fecit
856 3201 905 3256 id
930 3201 1070 3271 quod
1100 3201 1241 3255 cadit
1270 3201 1370 3254 sub
1398 3201 1822 3270 intelligentiam,
1850 3214 1986 3269 quo-

400 3298 547 3350 niam
579 3295 731 3349 multi
761 3304 914 3348 erant
948 3293 1036 3363 qui
1067 3292 1544 3347 contratlicebaot:
1589 3292 1674 3345 hie
1707 3301 1886 3344 autem
1919 3287 1988 3342 ab

397 3405 469 3441 eo
517 3388 662 3456 quod
704 3385 846 3440 Cadit
890 3385 989 3439 sub
1031 3382 1460 3453 intelligentiam,
1489 3380 1691 3450 redegit
1722 3382 1892 3450 ipstun
1921 3379 1985 3434 ad

398 3481 625 3536 sensile.
658 3477 916 3533 Levitatis
946 3491 1073 3546 ergo
1121 3491 1228 3528 non
1258 3484 1372 3529 erat
1398 3474 1551 3529 fides.
1583 3472 1725 3527 Vidit
1757 3472 1984 3538 vinctos,

399 3583 458 3625 et
500 3570 632 3624 nihil
679 3570 805 3623 mali
849 3569 982 3622 vidit
1023 3583 1122 3620 nec
1163 3565 1332 3620 audiit
1378 3582 1392 3615 :
1444 3565 1576 3619 vidit
1608 3565 1658 3618 id
1691 3581 1794 3618 non
1825 3563 1989 3618 fuisse

402 3663 603 3717 factum
649 3660 934 3732 prmstigiis
973 3667 1028 3713 et
1077 3658 1478 3722 ineantatione;
1511 3658 1674 3712 Deum
1703 3659 1845 3711 enim
1877 3656 1990 3709 lau-

401 3755 605 3807 dabant
635 3770 649 3806 :
693 3751 824 3804 vidit
847 3750 1024 3803 omnia
1069 3749 1203 3803 facta
1221 3764 1340 3803 esse
1361 3758 1424 3804 'eX
1450 3749 1620 3817 multa
1637 3747 1997 3814 humanitate;

403 3854 514 3897 non
537 3843 678 3896 enim
708 3842 804 3895 ulti
832 3849 977 3900 sunt,
1010 3841 1109 3894 etsi
1135 3849 1400 3908 poterant.
1428 3838 1681 3892 Poterant
1704 3838 1847 3892 enim
1879 3841 1993 3892 vin-

402 3937 509 3991 etis
535 3935 725 3988 solutis
753 3933 900 3986 abire
925 3950 938 3997 ;
968 3933 1010 3985 si
1041 3949 1143 3984 non
1177 3933 1390 3997 vinetis,
1417 3931 1607 3985 saltem
1635 3931 1865 4001 seipsis;
1897 3933 1989 3987 sed

403 4035 514 4081 lion
549 4026 810 4078 fecerunt.
840 4021 1199 4090 Quamobrem
1229 4039 1349 4076 eum
1378 4031 1500 4075 sunt
1523 4021 1756 4085 reveriti,
1779 4037 1883 4075 non
1907 4036 1994 4077 so-

404 4119 517 4171 lum
543 4116 612 4167 ob
639 4113 1080 4174 miractdum,sed
1104 4112 1262 4166 etiam
1286 4112 1354 4166 ob
1377 4128 1572 4167 mores.
1595 4113 1872 4179 Quomodo
1896 4129 1992 4168 ex-

400 4205 692 4262 clamavit?
724 4204 864 4258 Voce
893 4218 1080 4272 magna
1109 4203 1315 4269 dicens,
1346 4201 1494 4256 Nihil
1523 4203 1612 4256 tibi
1642 4205 1766 4258 mali
1792 4206 1991 4275 feceris;

400 4312 583 4353 ouum
610 4298 744 4350 enim
772 4297 852 4348 hic
880 4309 1071 4348 sumas.
1111 4294 1270 4350 Vides
1302 4295 1440 4348 inani
1466 4296 1633 4365 gloria
1661 4306 1716 4350 et
1737 4296 1872 4352 fasm
1903 4313 1992 4351 va-

401 4407 592 4449 cuum.
619 4401 802 4442 amore
823 4387 1140 4440 ferventem.
1173 4386 1288 4439 Non
1317 4386 1468 4450 dixit,
1503 4387 1727 4453 Pr0pter
1753 4403 1851 4442 nos
1882 4388 1995 4444 harc

402 4485 545 4537 facta
572 4491 711 4542 sunt,
737 4481 831 4535 sed
865 4489 1110 4548 Lauquam
1141 4493 1278 4532 unus
1305 4494 1374 4532 ex
1404 4479 1593 4532 vinctis
1613 4479 1742 4534 dicit
1765 4498 1776 4532 :
1811 4482 1995 4536 Omnes

403 4577 542 4629 enim
590 4575 671 4626 hic
697 4589 890 4627 sumus.
933 4571 1092 4638 Atqui
1128 4571 1336 4625 etiamsi
1367 4585 1470 4623 non
1499 4572 1668 4641 prius,
1699 4588 1870 4642 neque
1902 4581 1995 4642 per

403 4667 728 4722 miraculum
776 4678 834 4718 se
876 4664 1178 4724 solvissent,
1219 4673 1273 4716 at
1312 4664 1390 4716 eis
1435 4664 1673 4717 licuisset
1715 4665 1909 4730 facere,
1941 4675 1997 4720 et

401 4773 600 4813 omnes
645 4757 805 4810 etiam
847 4755 1054 4808 vinctos
1086 4754 1313 4808 solvere.
1352 4754 1406 4808 Si
1434 4756 1577 4808 enim
1610 4756 1906 4820 siluisseut,
1940 4768 1994 4811 et

400 4868 514 4906 non
563 4864 660 4919 per
703 4868 948 4922 magnam
1003 4868 1189 4907 vocem
1230 4853 1346 4920 ejus
1391 4868 1577 4906 manus
1605 4853 1990 4920 cohibuissem,

403 4952 502 5012 per
523 4953 910 5013 gultureusem
936 4943 1369 5014 transadegisset.
1398 4943 1683 5013 Propterea
1707 4945 1865 4998 etiam
1890 4947 1996 4999 cla-

403 5036 593 5097 mavit,
625 5036 878 5104 quoniam
907 5035 960 5088 in
1003 5035 1311 5088 interiorem
1364 5046 1634 5088 carcerem
1665 5044 1780 5086 erat
1809 5035 1992 5101 eonje-

403 5131 525 5176 et‘ns
549 5141 564 5174 :
585 5123 786 5177 Contra
817 5135 890 5188 te,
919 5125 1108 5192 inquit,
1136 5125 1237 5178 hoc
1269 5122 1466 5188 fecisti,
1497 5122 1716 5176 interius
1741 5123 1995 5191 conjectis

407 5214 475 5265 iis
512 5215 600 5278 qui
646 5225 699 5268 te
727 5223 882 5268 erant
929 5213 1200 5268 liberaturi
1242 5230 1272 5267 a
1305 5215 1563 5282 periculo.
1597 5214 1701 5268 Sed
1735 5230 1839 5268 non
1871 5225 1994 5268 sunt

403 5306 597 5358 imitati
626 5322 750 5375 qua:
778 5307 846 5360 ab
886 5305 977 5359 illo
1005 5305 1144 5360 facta
1176 5305 1408 5360 fuerant.
1445 5305 1540 5360 lllo
1568 5316 1745 5360 autem
1783 5318 1993 5362 mortuo

399 5413 597 5449 omnes
625 5397 962 5466 elfugissent.

470 5488 525 5540 ὅ.
563 5486 754 5540 Vidisti
774 5487 914 5557 quod
945 5488 1235 5542 maluerint
1265 5502 1385 5542 esse
1415 5488 1576 5542 vincti
1600 5531 1613 5553 ,
1659 5504 1815 5559 quam
1845 5491 1991 5546 illum

396 5593 723 5649 pereuntem
751 5582 1049 5652 despicere.
1095 5583 1246 5652 Apud
1272 5599 1332 5638 se
1365 5583 1482 5638 ideo
1509 5585 1754 5654 cogitavit
1783 5607 1794 5637 ;
1824 5586 1876 5639 Si
1909 5603 1989 5641 es-

395 5685 520 5727 sent
571 5674 984 5745 przcstigiatores
1007 5716 1021 5744 ,
1048 5684 1194 5731 certe
1229 5687 1281 5731 et
1311 5676 1430 5731 illos
1475 5677 1780 5743 solvissent,
1814 5689 1866 5733 et
1898 5696 1985 5733 se-

2089 372 2232 439 ipsos
2257 373 2574 430 liberassent
2599 394 2627 431 a
2650 379 2902 447 vinculis;
2942 394 3024 438 est
3045 389 3186 443 enitn
3221 394 3508 457 verisimile
3532 408 3675 462 mul-

2090 475 2169 518 ιοε
2197 481 2408 535 quoque
2432 467 2565 523 tales
2588 470 2751 527 fuisse
2771 473 3014 542 injectos.
3043 480 3286 552 Alioquin
3319 500 3494 545 autem
3515 536 3529 558 ,
3548 511 3670 554 cum

2087 568 2231 623 saepe
2259 558 2554 626 accepisset
2588 564 3037 634 prmstigiatores.
3086 583 3138 626 et
3171 576 3299 630 nihil
3341 581 3446 636 tale
3475 583 3677 643 factum

2088 660 2207 700 esse
2237 647 2477 712 videret,
2511 652 2729 707 miratus
2761 665 2861 710 est.
2899 659 3259 734 Praestigiator
3299 684 3405 725 non
3445 688 3673 734 concus-

2088 738 2249 793 sisset
2279 740 2622 798 fundamenta
2660 750 2928 815 carceris,
2970 763 3026 806 ut
3061 755 3178 823 ejus
3206 763 3482 818 custodem
3527 771 3672 824 exci-

2090 836 2246 895 taret,
2287 842 2340 887 et
2369 835 2606 891 efliceret
2651 849 2707 892 ut
2753 841 2853 895 sibi
2900 843 3018 914 fuga
3063 860 3206 902 esset
3247 851 3534 913 difficilior.
3567 861 3674 916 Sed

2084 920 2193 1019 jam
2227 923 2497 977 Videamus
2524 927 2680 982 ﬁdem
2710 932 2950 988 custodis
2978 939 3234 993 carceris.
3268 942 3455 1011 Petito,
3484 949 3673 1019 inquit.

2088 1012 2279 1067 lumine
2307 1016 2641 1086 introgressus
2672 1031 2744 1074 est
2768 1065 2781 1086 ,
2813 1035 2858 1076 et
2884 1032 3207 1098 tremefactus
3245 1037 3459 1102 procidit
3507 1012 3676 1098 Paulo

2088 1115 2133 1158 et
2167 1107 2294 1160 Sila:
2314 1109 2382 1160 ad
2403 1111 2583 1177 pedes;
2610 1123 2655 1164 et
2686 1115 2966 1180 producens
2993 1134 3076 1176 eos
3105 1121 3242 1189 [oras
3267 1127 3415 1193 dixit,
3449 1129 3672 1195 Domini,

2087 1196 2210 1292 quid
2226 1213 2303 1250 me
2331 1210 2525 1268 oportet
2547 1206 2732 1270 facere,
2761 1215 2813 1257 ut
2839 1208 3008 1261 saluus
3023 1210 3300 1282 ﬁam(Act.
3327 1219 3411 1272 16.
3436 1215 3523 1275 9.9.
3553 1223 3675 1292 50)?

2091 1286 2266 1356 Ignem
2302 1292 2518 1344 tenebat
2547 1303 2597 1346 et
2627 1295 2894 1363 gladium,
2929 1308 2981 1351 et
3009 1300 3155 1366 dicit,
3190 1302 3412 1368 Domini,
3447 1313 3569 1376 quid
3597 1286 3676 1368 uie

2088 1381 2281 1444 aportrl
2310 1383 2510 1449 facere,
2551 1393 2601 1434 at
2627 1385 2798 1439 salvas
2826 1386 2945 1453 ﬁam
2965 1390 2990 1442 .9
3020 1391 3084 1443 At
3105 1392 3182 1445 illi
3205 1395 3440 1451 dixerunt
3472 1416 3491 1454 :
3514 1401 3674 1458 Crede

2087 1468 2140 1520 in
2191 1466 2462 1524 Dominum
2491 1472 2664 1526 Jesum
2690 1514 2706 1538 ,
2747 1487 2794 1529 et
2837 1479 3011 1533 salitus
3057 1484 3154 1537 eris
3185 1495 3257 1550 tu,
3291 1498 3337 1540 et
3363 1489 3544 1548 domus
3587 1501 3676 1548 tud

2090 1557 2196 1631 (Ib.
2231 1575 2278 1612 ιν.
2310 1563 2421 1631 51).
2460 1563 2567 1616 lloc
2599 1581 2702 1618 non
2730 1578 2831 1632 est,
2866 1570 3052 1640 inquit,
3081 1577 3674 1647 przcstigiatorum,tale

2089 1651 2362 1705 decretum
2398 1656 2607 1710 tradere
2639 1675 2651 1709 :
2699 1675 2956 1728 nusquam
2989 1663 3076 1719 llic
3105 1670 3360 1724 memovia
3390 1672 3668 1731 dzemouis.

2091 1741 2248 1796 Vides
2276 1761 2438 1822 quam
2481 1749 2549 1801 sit
2577 1749 2664 1803 ille
2691 1749 2882 1820 dignus
2909 1751 2999 1822 qui
3029 1754 3119 1809 flat
3147 1759 3363 1815 salvus?
3391 1763 3523 1819 Nam
3550 1783 3670 1822 cum

2089 1821 2308 1890 vidisseh
2334 1839 2674 1907 miraculum,
2704 1851 2757 1896 et
2789 1854 2930 1898 metu
2959 1858 3102 1901 esset
3133 1849 3388 1906 liberatus
3408 1896 3423 1920 ,
3457 1874 3561 1913 non
3592 1868 3677 1915 est

2087 1925 2286 1979 oblitus
2313 1943 2500 1983 eormn
2535 1947 2654 2000 qua:
2686 1942 2840 1987 erant
2878 1937 3252 2006 conducibilia,
3281 1945 3376 1999 sed
3414 1946 3464 1999 iu
3492 1963 3558 2002 eo
3580 1966 3672 2020 pe—

2088 2017 2258 2070 riculo
2301 2034 2484 2073 coram
2530 2025 2789 2090 gerebant
2824 2029 3011 2082 salutis
3048 2031 3262 2097 animm.
3287 2045 3341 2090 et
3362 2017 3593 2104 accessit
3605 2042 3672 2097 ad

2088 2107 2338 2163 doctores
2368 2111 2433 2162 ita
2461 2121 2516 2165 ut
2541 2117 2783 2182 oportuit
2807 2119 3100 2185 acCcdere;
3138 2132 3192 2176 et
3221 2127 3450 2194 procidit
3481 2131 3545 2184 ad
3575 2149 3640 2186 eo
3659 2168 3672 2176 υ

2090 2213 2204 2250 rum
2237 2201 2418 2266 j‘ietles.
2454 2202 2520 2254 Et
2547 2205 2740 2274 loquuti
2762 2219 2900 2274 sunt,
2926 2211 3118 2280 inquit,
3143 2215 3188 2267 ei
3215 2217 3416 2271 verbum
3445 2220 3667 2288 Domini,

2087 2300 2136 2341 et
2160 2291 2391 2346 omnibus
2417 2293 2505 2362 qui
2523 2305 2669 2348 erant
2693 2297 2745 2349 iu
2774 2299 2924 2352 domo
2951 2302 3085 2370 ejus.
3116 2302 3182 2356 Et
3201 2307 3380 2362 tollens
3399 2328 3481 2364 eos
3501 2312 3552 2364 iu
3583 2314 3674 2367 illa

2091 2392 2252 2444 nocte,
2283 2384 2403 2436 lavit
2429 2385 2608 2456 plagas
2632 2397 2825 2454 eorum,
2857 2402 2901 2444 et
2927 2393 3214 2462 baptizatus
3227 2411 3294 2452 est
3313 2401 3420 2467 ipse
3445 2414 3490 2456 et
3511 2408 3674 2461 omnis

2089 2476 2200 2542 ejus
2228 2475 2408 2530 domus
2436 2481 2672 2533 continuo
2700 2481 2858 2550 (Ibid.
2911 2501 2956 2538 v.-
2986 2487 3072 2541 52.
3103 2488 3212 2561 3.3).
3251 2491 3410 2547 Vides
3438 2497 3532 2549 viri
3565 2498 3674 2552 [eg-.-

2091 2569 2312 2621 vorem?
2339 2569 2450 2621 Nan
2481 2571 2704 2634 distulit,
2741 2591 2844 2627 nou
2875 2577 3028 2642 dixit,
3059 2579 3173 2635 Fiat
3203 2584 3341 2650 dies,
3375 2587 3671 2655 videamus,

2091 2659 2524 2726 consideremus;
2557 2662 2653 2717 sed
2701 2680 2894 2735 magno
2945 2670 3152 2726 fervore
3201 2685 3252 2726 et
3303 2677 3415 2744 ipse
3464 2689 3517 2733 et
3566 2691 3673 2740 tota

2093 2749 2205 2817 ejus
2235 2750 2425 2806 douuts
2464 2751 2562 2807 fuit
2597 2755 2860 2824 baptizata
2893 2775 2906 2810 :
2939 2775 3041 2812 non
3088 2772 3266 2816 autem
3302 2775 3358 2817 ut
3387 2784 3526 2824 llllllC
3557 2771 3676 2839 pln-

2093 2840 2210 2894 rimi
2240 2841 2540 2911 despiciunt
2560 2854 2609 2899 et
2638 2860 2825 2901 servos
2850 2860 2898 2902 et
2926 2865 3120 2904 uvorcs
3148 2866 3210 2906 ac
3244 2854 3440 2910 liberos
3477 2869 3675 2930 myste-

2089 2931 2183 2984 riis
2219 2948 2322 2984 non
2372 2933 2627 2989 initiatos.
2664 2936 2791 2992 Sitis
2815 2979 2828 3000 ,
2863 2955 2994 3010 rogo
3017 2981 3033 3005 ,
3081 2952 3140 2996 ut
3167 2955 3348 2998 custm
3395 2953 3667 3007 σπι-συνίει

2093 3038 2196 3075 non
2219 3025 2533 3080 auctoritate
2557 3026 2700 3094 dico,
2719 3029 2814 3084 sed
2835 3031 3097 3088 instituto.
3126 3034 3262 3102 Quid
3290 3039 3429 3093 enim
3459 3043 3676 3109 prodest

2091 3118 2401 3182 auctoritas,
2434 3119 2477 3172 si
2507 3121 2752 3174 voluntas
2795 3134 2850 3176 et
2880 3124 3175 3180 institutum
3210 3128 3279 3181 sit
3311 3131 3676 3189 imlucillum?

2091 3206 2279 3277 Papae!
2333 3210 2421 3278 qui
2452 3221 2569 3264 erat
2605 3213 2840 3266 Crudelis
2866 3255 2881 3278 ,
2909 3216 2997 3283 qtli
3044 3215 3261 3270 inunitis
3283 3261 3297 3284 ,
3328 3222 3416 3289 qui
3464 3224 3676 3281 vivebat

2091 3313 2211 3352 cum
2237 3300 2390 3353 malis
2415 3301 2720 3356 hominibus
2750 3304 3249 3375 inattnierahililms,
3275 3312 3365 3381 qui
3398 3313 3499 3369 hoc
3528 3331 3674 3372 sem-

2094 3405 2188 3458 per
2219 3391 2594 3458 meditabatur,
2628 3394 2762 3448 adeo
2805 3395 3090 3464 lmmanus,
3131 3400 3268 3456 adeo
3299 3404 3555 3460 sollicitus
3584 3417 3673 3464 re-

2095 3491 2253 3547 pente
2280 3483 2478 3535 evasit!
2513 3482 2680 3546 Lavit,
2714 3485 2914 3560 inquit,
2955 3489 3132 3560 plagas
3160 3507 3352 3546 eorum.
3382 3496 3675 3554 Considera

2095 3588 2278 3626 rursus
2306 3575 2464 3628 ctiam
2501 3576 2643 3629 Pauli
2688 3579 2950 3634 fervorem
2983 3598 2997 3632 :
3026 3583 3250 3644 vinetus.
3282 3586 3578 3656 flagellatns
3604 3592 3675 3646 ita

2094 3666 2508 3735 evangeliiabat.
2557 3667 2602 3722 Ο
2649 3669 2856 3724 beatam
2901 3674 3180 3727 catenam!
3223 3677 3395 3744 qualis
3445 3678 3542 3732 fuit
3589 3681 3678 3737 illa

2096 3765 2253 3810 nocte
2285 3756 2399 3826 ejus
2441 3761 2757 3827 parturitio?
2801 3762 2986 3829 quales
3027 3765 3233 3833 peperit
3283 3766 3454 3820 filios?
3496 3771 3568 3826 De
3614 3774 3678 3829 iis

2095 3848 2198 3903 diei
2232 3859 2407 3920 potest
2438 3869 2451 3906 :
2480 3853 2624 3918 Quos
2652 3855 2808 3924 genui
2841 3855 2891 3908 in
2923 3857 3056 3910 meis
3082 3858 3325 3914 vinculis.
3357 3861 3516 3917 Vides
3542 3880 3674 3934 quo-

2099 3942 2257 3995 modo
2283 3945 2534 4010 exsultet,
2564 3955 2615 3998 et
2647 3945 2758 3998 vult
2803 3945 2939 4000 filios
2964 3989 2979 4012 ,
3011 3947 3098 4017 qui
3129 3950 3238 4002 nati
3279 3961 3404 4005 sunt
3441 3969 3504 4007 ex
3552 3955 3674 4020 hoc,

2095 4045 2216 4089 csse
2241 4034 2671 4102 splendidiores?
2703 4036 2850 4090 vides
2879 4037 3208 4092 vinculorum
3235 4050 3429 4109 quanta
3469 4043 3537 4098 sit
3580 4059 3680 4115 po-

2099 4125 2284 4189 tentia,
2308 4139 2429 4179 cum
2460 4140 2562 4178 non
2596 4126 2768 4180 solum
2798 4143 2919 4182 eum
2943 4129 3029 4196 qui
3056 4137 3138 4183 est
3164 4130 3269 4184 illis
3299 4133 3677 4201 circumdatus,

2099 4216 2193 4270 sed
2215 4217 2376 4270 etiam
2403 4231 2498 4271 eos
2541 4233 2675 4287 quos
2717 4219 2808 4272 ille
2848 4234 2914 4273 eo
2942 4227 3182 4288 tempore
3223 4224 3462 4290 peperit,
3496 4226 3684 4281 reddat

2101 4305 2529 4375 splendidiores?
2556 4305 2761 4360 Habent
2789 4307 2989 4376 aliquid
3019 4309 3244 4376 amplius
3267 4349 3281 4373 ,
3309 4312 3396 4380 qui
3427 4314 3533 4366 uati
3556 4327 3684 4370 sunt

2101 4396 2153 4450 in
2176 4396 2402 4450 vinculis
2420 4396 2566 4449 Pauli
2602 4412 2618 4450 :
2646 4410 2748 4449 non
2773 4395 2893 4451 dico
2919 4396 2970 4450 in
2991 4399 3194 4467 gtalia;
3220 4408 3303 4452 est
3328 4402 3470 4455 enim
3493 4405 3682 4460 eadem

2099 4488 2296 4557 gratia;
2332 4501 2428 4540 nec
2457 4485 2508 4540 in
2539 4485 2888 4550 remissione;
2931 4497 3014 4542 est
3042 4489 3184 4542 enim
3213 4489 3399 4545 eadem
3441 4494 3680 4551 tntinium

2101 4577 2346 4631 remissio
2375 4593 2389 4629 :
2417 4576 2511 4632 sed
2533 4577 2675 4646 quod
2691 4593 2718 4630 a
2739 4579 3014 4647 prooemiis
3037 4578 3298 4634 docentur
3324 4581 3392 4636 de
3418 4583 3682 4653 ejusmodi

2103 4667 2264 4722 rebus
2293 4667 2459 4721 [artari
2490 4677 2544 4722 e‘t
2570 4667 2860 4724 exsultare.
2895 4667 2963 4721 Et
3008 4668 3222 4738 tollens,
3266 4673 3431 4738 lnquit
3463 4717 3478 4740 ,
3510 4694 3593 4731 eos
3632 4679 3684 4731 iu

2101 4762 2192 4813 illa
2219 4762 2344 4813 hora
2367 4761 2564 4825 noctis,
2615 4760 2732 4812 lavit
2763 4761 2940 4832 plagas
2969 4777 3164 4827 eorum,
3197 4773 3242 4818 et
3273 4765 3558 4836 baptizatus
3589 4781 3680 4826 est.

2106 4855 2180 4909 De
2206 4865 2402 4908 caetero
2431 4863 2608 4908 autem
2655 4853 2775 4908 vide
2819 4853 3047 4909 fructum
3083 4875 3097 4910 :
3129 4871 3224 4925 pro
3255 4857 3320 4912 iis
3349 4861 3527 4914 statim
3558 4862 3682 4915 red-

2102 4945 2237 5000 didit.
2264 4946 2517 5000 earnalia.
2543 4947 2766 5016 Cumque
2791 4948 3105 5017 perduxisset
3129 4989 3145 5014 ,
3181 4949 3371 5020 inqttil,
3401 4967 3485 5006 eos
3510 4954 3560 5004 iu
3590 4955 3682 5006 do-

2102 5053 2241 5089 mum
2269 5053 2434 5100 suam,
2465 5037 2638 5090 statim
2653 5040 2892 5108 apposuit
2921 5041 2992 5093 eis
3020 5056 3241 5093 mensam
3267 5083 3281 5104 ,
3312 5053 3359 5095 et
3386 5043 3585 5098 [artatus
3611 5057 3681 5101 est

2101 5145 2216 5182 cum
2251 5138 2355 5180 tota
2395 5129 2543 5182 domo
2571 5130 2707 5200 quod
2735 5131 3027 5184 credidisset
3063 5129 3184 5183 Deo.
3224 5133 3358 5196 Quid
3387 5131 3530 5188 enim
3575 5151 3686 5192 non

2101 5229 2214 5274 erat
2243 5220 2478 5273 facturus
2497 5259 2512 5283 ,
2540 5220 2674 5274 cado
2714 5222 2762 5274 ei
2795 5231 2982 5288 aperto
3012 5236 3105 5288 pt-r
3134 5221 3466 5287 apertionern
3489 5224 3687 5292 jauua-

2102 5326 2220 5364 rum
2251 5310 2522 5364 carceris?
2554 5310 2705 5364 Lavit
2731 5310 3028 5372 doctorem,
3060 5325 3298 5363 incusant
3327 5317 3596 5382 apposuit,
3627 5328 3683 5374 et

2102 5404 2405 5458 exsultavit.
2440 5403 2680 5472 Ingresso
2707 5413 2790 5456 est
2818 5405 2867 5454 in
2893 5416 3163 5455 carcerem
3195 5411 3384 5456 catena
3415 5406 3561 5461 Pauli
3586 5450 3601 5471 ,
3630 5422 3685 5467 et

2101 5509 2449 5563 qua-cumque
2477 5495 2586 5547 illic
2606 5504 2754 5548 erant
2780 5493 2902 5545 fecit
2929 5493 3230 5559 ecelcsiatu,
3263 5507 3317 5549 et
3342 5497 3539 5553 Christi
3561 5514 3682 5554 ct-r-

2105 5602 2198 5655 pus
2227 5600 2415 5639 omnes
2446 5584 2588 5650 fecit,
2616 5594 2671 5638 ct
2698 5599 2936 5637 lllt_‘llS:llll
2962 5586 3208 5654 apposuit
3237 5590 3566 5656 spiritualem
3584 5633 3599 5656 ,
3631 5605 3682 5648 et

2105 5696 2198 5735 eos
2225 5681 2377 5734 foetus
2406 5690 2486 5732 est
2513 5679 2695 5733 enixus
2725 5679 2916 5748 quibus
2947 5681 3174 5750 gaudent
3204 5685 3397 5754 augt-Ii.
3435 5683 3571 5741 Num
3601 5695 3678 5743 lt:-
