4080 6218
422 251 492 307 83
1167 242 1225 296 S.
1255 231 1532 296 JOANNIS
1569 224 2039 289 CIIRYSOSTUMI
2066 222 2380 278 AllClllEl‘.
2423 218 2952 283 CONSTANTINOP.
3630 239 3694 295 Μ

429 377 576 421 mere
614 358 859 420 dicebam
897 371 1167 412 carcerem
1209 369 1330 410 esse
1368 351 1500 408 carie
1545 340 2002 420 splendidiorem?

428 453 557 523 Ejus
601 451 742 506 enim
784 465 903 520 qua:
948 447 1057 504 illic
1101 455 1187 515 est
1224 445 1421 503 laetitia:
1471 441 1559 495 hic
1595 437 1696 493 fuit
1742 450 1920 491 causa.
1948 433 2004 488 Si

423 544 566 599 enim
601 551 816 611 propter
853 555 1014 595 unum
1064 548 1398 608 pcccatorem
1440 529 1804 601 paenitentiam
1840 542 2005 596 agen-

425 646 529 689 tem
573 633 824 703 gaudium
856 639 938 687 est
978 630 1027 682 in
1062 628 1208 683 caelis
1240 624 1392 696 (Luc.
1424 622 1509 677 15.
1542 621 1597 690 7)
1630 640 1643 674 :
1671 619 1716 677 si
1762 617 1850 672 ubi
1898 617 2006 675 duo

423 734 548 778 sunt
573 726 877 793 congregati
908 721 958 774 iu
991 717 1206 773 nomine
1233 715 1382 782 ejus,
1414 713 1519 767 illic
1556 723 1634 765 est
1664 710 1909 765 Christus
1952 707 2003 761 itt

424 815 603 871 medio
630 830 814 869 eorum
842 811 1054 882 (Matth.
1080 807 1167 861 18.
1196 804 1291 876 20)
1322 820 1337 859 :
1364 803 1453 857 ubi
1475 810 1559 858 est
1577 800 1716 857 Silas
1736 808 1790 855 et
1808 798 2006 854 Paulus

422 918 475 960 et
504 917 684 959 custos
710 901 942 958 carceris
964 910 1018 957 et
1046 905 1156 954 tota
1184 897 1301 967 ejus
1328 895 1521 950 domus
1562 903 1616 947 et
1657 900 1803 946 tanta
1851 890 2002 953 ﬁdes,

421 998 588 1049 multo
618 994 805 1063 magis.
839 990 971 1046 Vide
1000 988 1390 1045 vehementiam
1412 986 1557 1041 ﬁdei.
1583 984 1688 1041 Sed
1712 984 1798 1038 hic
1821 998 2007 1039 carcer

424 1090 545 1143 mihi
580 1085 851 1140 revocavit
880 1084 934 1139 in
961 1083 1274 1139 memoriam
1304 1080 1467 1135 alium
1487 1090 1780 1133 carcerem.
1808 1076 2007 1145 Quem-

428 1195 539 1233 sam
570 1178 787 1231 autem?
817 1175 919 1232 Ubi
950 1183 1068 1233 erat
1093 1175 1303 1231 Petrus.
1337 1174 1407 1227 At
1434 1171 1542 1226 illic
1569 1169 1698 1225 nihil
1729 1169 1828 1224 fuit
1855 1170 2002 1239 ejus-

431 1267 563 1322 atodi
588 1284 601 1333 ;
632 1266 727 1322 sed
756 1265 983 1321 traditus
1010 1262 1185 1320 fuerat
1212 1261 1596 1317 custodiendus
1616 1269 1844 1330 quatuor
1871 1274 2005 1329 qua-

423 1357 753 1413 .crnionibus
805 1346 1036 1412 militum
1082 1354 1216 1426 (Act.
1249 1354 1333 1409 l2.
1385 1355 1478 1423 4);
1520 1362 1575 1407 et
1621 1353 1852 1423 hymnos
1896 1366 2002 1405 non

414 1451 664 1516 canebat,
687 1467 785 1507 nec
814 1449 1084 1525 vigilabat,
1114 1447 1207 1504 sed
1229 1445 1561 1510 dormiebat;
1607 1453 1661 1498 ct
1687 1458 1858 1512 neque
1885 1442 2002 1496 fue-

419 1552 501 1598 rat
529 1543 708 1614 ﬂagris
735 1557 928 1607 caesus,
952 1540 1048 1596 sed
1076 1537 1249 1608 majus
1277 1545 1395 1592 erat
1424 1535 1738 1607 periculum.
1761 1534 1892 1589 Nam
1918 1533 2006 1587 hic

419 1638 634 1707 quidem
662 1647 825 1693 totum
853 1634 964 1707 jam
992 1645 1110 1690 erat
1137 1632 1471 1701 conlectum,
1511 1637 1568 1685 et
1613 1643 1799 1699 pmnas
1840 1626 2005 1682 dede-

419 1741 544 1788 rant
573 1749 587 1785 :
617 1731 725 1787 illic
747 1739 929 1785 autem
958 1726 1217 1781 nondum.
1251 1724 1429 1793 Quare
1458 1722 1558 1778 etsi
1584 1720 1821 1776 nondum
1849 1728 2004 1781 erant

421 1824 591 1893 plagae
621 1822 856 1887 inﬂictae,
880 1827 935 1872 at
964 1817 1126 1872 futuri
1155 1815 1484 1885 exspectatio
1512 1828 1608 1868 eos
1627 1810 2005 1867 contui-habet.

421 1910 554 1971 Vide
575 1896 737 1970 etiam
772 1912 877 1968 illic
909 1909 1246 1970 miraculum.
1278 1906 1410 1961 Ecce
1434 1904 1643 1977 angelus
1674 1898 1879 1961 Domini
1905 1903 2005 1957 ad-

418 2006 564 2069 stitit,
601 2013 645 2059 et
684 2003 852 2063 lumen
882 2001 1085 2072 refulsit
1112 2002 1166 2053 in
1191 1997 1476 2053 habitacula
1507 2012 1526 2051 :
1561 2011 1893 2067 percussaque
1922 1993 2004 2046 la-

418 2102 523 2153 tere
556 2094 734 2160 Petri,
775 2095 1011 2151 excitavit
1048 2108 1163 2147 eunt
1188 2090 1359 2151 dicens
1390 2105 1409 2143 :
1436 2089 1604 2159 Surge
1646 2087 1900 2142 velociter.
1935 2085 2005 2139 Et

416 2188 587 2242 statim
615 2186 899 2241 ceciderunt
941 2194 1135 2239 calente
1157 2184 1222 2237 de
1265 2180 1496 2236 manibus
1534 2181 1645 2251 ejus
1688 2177 1796 2248 (Ib.
1831 2193 1879 2231 υ.
1921 2179 2001 2248 7).

426 2279 506 2336 Ne
527 2279 860 2335 existimaret
886 2291 998 2332 rem
1029 2290 1152 2332 esse
1179 2274 1353 2330 solum
1387 2273 1543 2341 lucis,
1567 2282 1621 2327 et
1649 2271 1867 2328 Petrum
1903 2286 2003 2340 pu-

419 2369 586 2443 pugit.
615 2367 783 2423 Nemo
811 2376 990 2423 autem
1027 2365 1241 2421 ridebat
1268 2365 1441 2421 lucem
1472 2364 1572 2419 nisi
1603 2364 1716 2434 ipse
1741 2365 1889 2419 solus
1907 2404 1922 2425 ,
1951 2371 2005 2419 et

420 2459 761 2516 existimabat
785 2472 907 2514 esse
934 2458 1105 2512 visum
1137 2477 1152 2513 :
1179 2458 1257 2511 sic
1295 2459 1386 2527 qui
1423 2455 1697 2512 dormiunt
1739 2469 1844 2510 non
1883 2469 2001 2510 sem

420 2552 561 2606 tittttt
588 2550 681 2606 Dei
724 2549 1004 2605 beneficia.
1035 2546 1180 2602 Dixit
1200 2557 1368 2602 autent
1388 2587 1405 2613 ,
1437 2546 1641 2617 inquit,
1678 2546 1726 2601 ei
1758 2547 2005 2616 angelus:

421 2640 745 2713 I’rwcingere
764 2681 779 2708 ,
810 2650 859 2696 et
882 2641 1051 2697 calceo
1090 2649 1136 2694 te
1160 2639 1397 2694 sandalia
1425 2648 1534 2693 tua.
1575 2638 1642 2692 Et
1678 2638 1796 2709 fecit
1821 2639 1914 2694 sic.
1941 2637 2005 2693 Et

419 2736 544 2790 dicit
583 2737 674 2790 ei:
707 2733 980 2789 Circumda
1019 2733 1106 2786 tibi
1150 2733 1497 2788 vestimentum
1540 2740 1713 2797 tuum,
1732 2741 1782 2786 et
1805 2749 2009 2801 sequere

424 2838 524 2882 tne.
554 2823 624 2880 Et
670 2840 902 2898 egressus
927 2835 1166 2893 sequutus
1198 2832 1271 2877 est
1300 2839 1413 2879 eum
1440 2837 1460 2879 :
1496 2831 1543 2883 et
1583 2822 1830 2876 nesciebat
1873 2822 2009 2891 quod

423 2927 594 2975 verum
618 2926 744 2972 esset
772 2916 907 2987 quod
929 2915 1079 2984 ﬁebat
1124 2932 1214 2985 per
1258 2916 1494 2986 angelum
1522 2932 1542 2971 ς
1570 2916 1886 2970 existimabat
1916 2928 2008 2970 au-

428 3018 527 3067 tem
551 3027 608 3071 se
633 3011 795 3066 visum
821 3009 1011 3064 videre.
1044 3007 1383 3064 Transeuntes
1409 3017 1573 3063 autem
1596 3024 1685 3079 per
1714 3008 1934 3078 primam
1962 3018 2009 3063 et

424 3102 701 3157 secundam
725 3101 1030 3166 custodiam,
1060 3109 1300 3155 venerunt
1325 3099 1394 3152 ad
1418 3107 1615 3169 portant
1637 3103 1875 3171 ferream,
1897 3114 2012 3169 quae

420 3195 562 3250 ducit
584 3194 652 3248 ad
676 3194 948 3258 ciuitatem,
978 3208 1091 3263 qua:
1114 3193 1248 3246 ultro
1271 3204 1448 3261 aperta
1472 3199 1545 3247 est
1570 3191 1659 3247 eis.
1688 3190 1757 3246 Et
1777 3202 2012 3251 exeuntes

424 3294 774 3355 processerunt
797 3284 960 3338 nicum
981 3297 1138 3337 uuunt
1167 3296 1185 3335 :
1212 3291 1257 3336 et
1278 3282 1515 3335 continuo
1536 3281 1764 3336 discessit
1799 3282 2012 3353 angelus

420 3378 490 3433 τὼ
518 3395 576 3432 eo
602 3376 707 3448 (Ib.
733 3392 782 3431 tt.
810 3373 1000 3446 8-10).
1236 3436 1252 3444 ο

499 3469 555 3524 6.
583 3468 686 3524 Cur
709 3467 846 3523 Deus
871 3466 1150 3537 permiserit
1173 3474 1229 3535 ut
1254 3506 1270 3531 ,
1296 3465 1382 3534 qui
1431 3462 1638 3519 Petrum
1666 3463 2013 3519 custodit-bant

425 3559 483 3613 in
503 3574 725 3624 carcere,
749 3557 901 3612 occisi
920 3557 1129 3627 fuerint.
1155 3586 1226 3596 --
1255 3555 1362 3611 Cur
1387 3554 1473 3610 hic
1501 3571 1605 3609 non
1638 3554 1834 3613 factum
1856 3564 1941 3610 est
1963 3553 2014 3608 id

429 3649 571 3718 quod
598 3650 649 3704 in
681 3649 846 3703 Paulo
891 3657 945 3703 et
984 3647 1131 3703 Sila?
1161 3646 1311 3713 Quod
1342 3646 1449 3700 illic
1474 3645 1690 3715 quidem
1728 3661 1822 3701 eos
1861 3656 2015 3700 erant

426 3739 758 3805 ahSoluturi;
788 3747 1071 3810 propterea
1111 3737 1286 3792 noluit
1320 3751 1415 3792 eos
1444 3736 1524 3791 sic
1565 3737 1701 3791 solvi
1730 3753 1744 3799 ;
1779 3737 1831 3791 in
1860 3736 2016 3792 beato

423 3839 607 3886 autem
639 3829 814 3893 Petro,
846 3828 912 3882 ad
951 3836 1179 3882 mortem
1224 3842 1349 3882 eum
1388 3834 1544 3882 erant
1586 3826 1850 3883 educturi.
1879 3828 2014 3897 Quid

430 3936 561 3980 vero
585 3965 600 3988 ,
637 3922 828 3992 inquit,
857 3936 1034 3977 annon
1060 3920 1248 3976 fuisset
1287 3920 1604 3985 mirabilius,
1635 3919 1683 3977 si
1709 3920 1934 3977 eductus
1963 3930 2017 3975 et

406 4018 659 4075 .tratlitus
687 4016 741 4071 in
778 4030 966 4070 inanus
992 4014 1137 4085 regis
1156 4054 1172 4078 ,
1204 4025 1331 4070 tunc
1358 4023 1577 4085 ereptus
1622 4024 1766 4069 esset
1794 4031 1857 4069 ex
1886 4014 2018 4084 ipsis

426 4108 624 4164 mediis
654 4106 903 4177 periculis
926 4146 943 4172 ,
967 4116 1025 4162 et
1056 4104 1186 4160 nihil
1206 4115 1351 4160 esset
1380 4104 1705 4175 perpessus?
1752 4104 1831 4173 sic
1870 4105 2016 4159 enim

424 4212 606 4273 neque
653 4200 938 4271 periissem
971 4198 1190 4259 milites.
1231 4197 1416 4267 Magna
1447 4196 1533 4252 hic
1561 4204 1705 4253 mota
1758 4203 1841 4250 est
1874 4208 2014 4265 quat-

428 4295 558 4349 stio.
590 4293 730 4348 Deus
755 4306 911 4347 suum
930 4329 946 4355 ,
975 4290 1187 4360 inquit,
1214 4303 1427 4347 servum
1465 4287 1700 4345 servavit
1728 4301 1852 4342 cmn
1880 4286 2019 4341 alio-

427 4394 551 4442 ‘rum
576 4383 819 4442 cruciatu
842 4423 859 4450 ,
885 4397 1006 4439 eum
1032 4380 1257 4443 aliorum
1283 4380 1519 4437 interitu.
1549 4377 1687 4447 Quid
1714 4392 1844 4448 ergo
1865 4377 2019 4433 dice-

428 4475 588 4532 mus?
618 4474 799 4532 Primo
837 4472 1050 4545 quidem
1092 4484 1203 4531 non
1233 4486 1356 4531 eum
1382 4470 1616 4527 servavit
1641 4484 1762 4527 cum
1791 4469 2018 4523 aliorum

437 4570 684 4633 interitu;
719 4567 977 4632 secundo,
1002 4582 1107 4621 non
1136 4566 1235 4622 fuit
1260 4565 1364 4621 hoc
1397 4581 1462 4622 ex
1493 4564 1572 4620 rei
1597 4564 2016 4634 dispensatione,

435 4661 527 4715 sed
554 4676 622 4733 ex
652 4659 981 4716 immanitate
1001 4658 1218 4729 judicis.
1260 4656 1585 4726 Quomodo?
1614 4657 1753 4712 Deus
1776 4657 1920 4714 enim
1944 4657 2021 4712 sic

430 4766 550 4806 rem
572 4749 969 4807 administravit
1005 4763 1071 4808 ac
1095 4748 1460 4819 dispensavit,
1492 4756 1553 4803 ut
1593 4764 1703 4804 non
1742 4747 1916 4806 solum
1963 4746 2018 4802 bi

428 4856 542 4897 non
572 4842 828 4913 perirent,
859 4840 955 4896 sed
987 4841 1074 4896 ille
1099 4840 1260 4898 etiam
1287 4843 1465 4896 salvus
1491 4849 1674 4906 esset;
1701 4842 1839 4897 sicut
1858 4842 2019 4898 etiam

431 4937 523 4992 hic
551 4953 764 5008 quoque
793 4936 845 4993 in
876 4936 1098 4995 cuStode
1125 4936 1399 5002 carceris;
1434 4936 1524 4991 ille
1566 4945 1746 4992 autem
1790 4950 1894 4990 non
1938 4946 2021 4992 est

432 5036 565 5085 'nsus
585 5029 728 5085 dono
756 5036 814 5085 ut
841 5028 1094 5098 oportuit.
1142 5027 1311 5082 Facta
1335 5037 1503 5083 autem
1534 5027 1619 5081 die
1640 5069 1656 5092 ,
1693 5027 1883 5098 inquit,
1910 5036 2021 5084 erat

434 5138 539 5175 non
561 5138 717 5188 parva
741 5121 959 5175 turbatio
980 5120 1109 5174 inter
1131 5119 1315 5174 milites
1333 5119 1579 5190 quidnam
1600 5122 1791 5189 factum
1807 5131 1932 5174 esset
1958 5119 2023 5174 de

441 5212 598 5268 Petro
624 5213 804 5282 (lb.s.
847 5214 959 5283 18).
1002 5210 1148 5280 Quid
1191 5211 1419 5281 postea?
1448 5211 1688 5266 Herodes
1736 5225 1848 5266 rem
1897 5211 2023 5266 facit

436 5306 756 5369 examinari,
787 5314 843 5361 et
869 5305 937 5361 de
965 5305 1029 5360 iis
1057 5303 1192 5360 facta
1218 5302 1590 5373 inquisitione,
1613 5302 1775 5373 jussit
1803 5301 2017 5357 abduci.

438 5395 573 5452 Nam
592 5397 638 5451 si
666 5411 774 5449 non
796 5397 1126 5466 inquisisset,
1154 5396 1331 5466 aliqua
1360 5402 1505 5451 esset
1531 5394 1803 5449 excusatio
1834 5411 1847 5448 :
1876 5409 2021 5449 nunc

439 5497 618 5544 autem
644 5486 931 5557 produxit,
959 5489 1304 5551 examinavit,
1331 5486 1521 5542 didicit
1543 5501 1664 5541 enm
1693 5487 1859 5541 fuisse
1903 5486 2019 5540 vin-

432 5592 606 5647 ’ctnm,
628 5592 899 5636 carcerem
927 5594 1047 5634 esse
1074 5582 1313 5636 clausum
1331 5590 1387 5635 et
1411 5588 1602 5645 tutum,
1621 5578 1870 5633 custodes
1895 5588 2020 5632 ante

436 5684 620 5741 put-tas
649 5671 832 5735 fuisse,
866 5684 965 5725 nec
1011 5669 1172 5726 fuisse
1199 5671 1423 5727 otios-stis
1444 5671 1709 5741 parietes,
1742 5684 1837 5728 nec
1870 5671 2009 5726 feres

2111 350 2322 409 apertas
2346 384 2361 409 ,
2408 357 2505 399 nec
2537 344 2704 401 ullum
2730 346 2871 402 aliud
2914 362 3033 404 esse
3078 349 3287 421 signum
3320 351 3563 412 sceleris.
3611 357 3689 415 Ex

2114 431 2215 487 hoc
2242 443 2420 489 autem
2447 437 2729 505 oportebat
2754 438 2842 492 Dei
2873 440 3125 496 admirari
3152 446 3467 512 potentiam,
3490 463 3609 518 qum
3631 469 3691 505 ex

2112 523 2301 579 mediis
2330 525 2501 594 ipsum
2524 528 2792 597 eripuerat
2821 531 3089 599 periculis,
3119 542 3174 589 et
3199 528 3427 592 adorare
3452 552 3573 593 eum
3607 559 3694 609 qui

2113 614 2229 673 haec
2257 618 2487 686 potuerit
2518 637 2533 674 :
2561 620 2650 675 ille
2683 636 2814 676 vero
2847 623 3011 691 jussit
3048 639 3143 680 eos
3181 627 3394 685 abduci.
3438 628 3694 697 Quantam

2109 716 2194 762 est
2221 723 2349 778 ergo
2374 710 2527 783 culpa
2560 711 2644 765 hic
2671 712 2782 769 Deo
2812 713 3159 785 imputanda?
3186 718 3316 773 Nam
3356 721 3400 774 si
3428 721 3695 779 effecisset

2113 809 2169 851 ut
2191 813 2374 852 murus
2401 799 2841 870 perfringeretnr,
2871 813 2925 860 et
2945 805 3023 859 sic
3042 806 3311 876 ejecisset,
3341 809 3477 867 forte
3504 813 3687 868 existi-

2112 896 2312 943 masset
2342 888 2393 944 id
2419 904 2540 945 esse
2568 892 2979 951 adscribendum
3021 911 3204 952 eorum
3233 901 3567 974 negligentia:
3604 924 3615 959 :
3649 907 3694 959 si

2111 986 2290 1039 autem
2317 995 2430 1034 rem
2458 980 2535 1034 sic
2562 982 2955 1039 administravit
2975 996 3029 1042 et
3057 987 3406 1059 dispensavit,
3431 1002 3488 1049 ut
3513 1006 3697 1051 osten-

2113 1069 2333 1126 deretur
2360 1088 2477 1127 eam
2511 1089 2615 1130 non
2652 1090 2771 1131 esse
2808 1076 3023 1133 huntani
3065 1082 3283 1137 sceleris
3316 1100 3378 1140 ac
3421 1087 3693 1153 maleﬁcii,

2111 1160 2205 1215 sed
2234 1160 2394 1215 divini
2427 1163 2693 1231 miraculi,
2715 1180 2811 1221 cur
2840 1166 2941 1222 hoc
2973 1169 3132 1243 fecit?
3162 1170 3218 1227 Si
3248 1177 3390 1229 enint
3417 1191 3532 1232 erat
3560 1177 3697 1249 fugi.

2112 1260 2281 1317 turus,
2312 1253 2382 1307 ita
2408 1252 2628 1325 fugisset
2649 1265 2705 1310 ut
2732 1256 2916 1319 habuit
2936 1269 3154 1316 catenas
3185 1280 3199 1317 :
3226 1264 3269 1318 si
3293 1278 3407 1322 erat
3433 1268 3696 1339 fugiturus

2109 1343 2490 1409 conturbatus,
2523 1362 2628 1400 non
2663 1355 2823 1407 tanta:
2868 1353 2915 1404 ei
2947 1351 3135 1408 fuisset
3160 1368 3304 1412 cura:
3330 1366 3388 1412 ut
3425 1362 3696 1430 acciperet

2110 1436 2347 1493 sandalia
2374 1477 2390 1502 ,
2433 1435 2526 1491 sed
2559 1452 2622 1492 ea
2652 1439 2963 1496 dimisisset.
3007 1442 3159 1500 Nunc
3201 1456 3376 1503 autem
3410 1460 3691 1520 propterea

2109 1525 2239 1580 dicit
2263 1527 2582 1615 ciangelus,
2612 1528 2839 1585 Induere
2863 1533 3099 1589 sandalio
3123 1576 3138 1600 ,
3172 1547 3227 1591 ut
3254 1538 3525 1597 discerent
3549 1546 3693 1613 quod

2109 1630 2229 1672 eam
2271 1634 2381 1673 rem
2413 1635 2521 1674 non
2551 1618 2769 1677 fecisset
2797 1623 3040 1694 fugiens;
3072 1628 3167 1683 sed
3201 1630 3252 1682 in
3282 1646 3476 1702 magno
3503 1636 3613 1690 otio
3638 1650 3694 1692 ct

2108 1709 2306 1779 quiete.
2331 1708 2461 1763 Nam
2484 1725 2606 1764 cum
2636 1722 2780 1767 esset
2809 1715 3039 1782 vinctus,
3073 1726 3127 1772 et
3149 1719 3288 1775 inter
3308 1721 3443 1777 duos
3471 1726 3688 1792 milites,

2109 1814 2214 1852 non
2239 1808 2442 1854 tantum
2468 1801 2518 1855 ei
2548 1800 2739 1858 fuisset
2765 1804 2858 1859 otii
2884 1845 2899 1871 ,
2926 1815 2983 1861 ut
3005 1808 3239 1864 solveret
3270 1824 3506 1877 catenas,
3532 1817 3691 1887 idque

2108 1904 2230 1945 cum
2254 1902 2397 1946 esset
2423 1892 2473 1947 in
2497 1892 2736 1950 interiori
2761 1897 3021 1952 custodia.
3045 1899 3247 1956 Judieis
3265 1918 3393 1973 ergo
3419 1905 3691 1975 injustitia:

2111 1992 2196 2037 est
2237 1981 2651 2040 adscribendum
2700 1991 2984 2070 custodum
3030 1993 3369 2062 supplicium.
3416 1996 3546 2053 Nam
3593 2014 3692 2056 cur

2109 2070 2213 2127 hoc
2242 2088 2347 2127 non
2377 2074 2620 2133 fecerunt
2657 2076 2872 2134 Judaei?
2915 2080 3127 2137 Memini
3157 2085 3299 2143 enim
3326 2086 3546 2143 alterius
3574 2106 3692 2147 car-

2109 2165 2269 2231 ceris,
2301 2165 2443 2221 illius
2472 2168 2688 2238 quidem
2720 2170 2911 2239 prioris
2937 2173 3026 2242 qui
3073 2173 3280 2241 Romze,
3327 2178 3485 2247 hujus
3531 2184 3690 2237 etiam

2107 2256 2200 2326 qui
2226 2254 2509 2325 Caesarem,
2541 2275 2683 2314 nunc
2722 2272 2899 2318 autem
2927 2264 3044 2334 ejus
3071 2267 3160 2334 qui
3193 2266 3291 2322 fuit
3318 2269 3688 2343 Jcrosolymis.

2108 2346 2241 2405 Nam
2285 2364 2406 2405 eum
2440 2351 2718 2421 pontiﬁces
2757 2363 2809 2410 et
2857 2354 3112 2412 Pharisaei
3149 2359 3477 2418 audivissent
3519 2365 3586 2425 ab
3627 2368 3693 2422 iis

2107 2455 2244 2511 quos
2272 2442 2369 2513 ipsi
2395 2444 2653 2500 miserant
2676 2445 2744 2501 ad
2772 2446 3105 2505 educendum
3136 2450 3374 2518 Petrum,
3402 2470 3461 2510 se
3488 2460 3690 2514 nullmn

2110 2531 2255 2591 intus
2298 2535 2569 2591 invenisse
2593 2577 2611 2602 ,
2640 2536 2737 2592 sed
2766 2538 2927 2593 etiam
2977 2552 3159 2608 portas
3192 2543 3401 2601 clausas
3431 2562 3553 2602 esse
3576 2590 3589 2611 ,
3636 2561 3694 2605 et

2110 2627 2360 2680 custodes
2389 2634 2593 2682 stantes
2633 2642 2729 2697 pro
2758 2627 2992 2697 foribus;
3021 2646 3118 2688 cur
3140 2635 3393 2690 custodes
3424 2652 3526 2691 neu
3557 2638 3693 2692 into-

2114 2727 2425 2781 renu‘ruut,
2472 2717 2569 2773 sed
2619 2719 2934 2775 dubitabant
2989 2723 3242 2793 quidnam
3294 2727 3361 2780 de
3432 2728 3494 2781 iis
3542 2730 3695 2785 ﬁeret

2113 2809 2250 2877 (Art.
2274 2809 2373 2879 5)?
2402 2807 2459 2865 Si
2490 2820 2669 2865 autem
2714 2811 2973 2868 adversus
3000 2829 3094 2870 eos
3138 2816 3263 2881 licet
3295 2819 3496 2875 caulem
3542 2823 3695 2877 valde

2112 2902 2378 2970 spirantes
2402 2944 2415 2966 ,
2449 2902 2578 2958 nihil
2610 2903 2715 2959 tale
2741 2906 3083 2975 cogitarunt,
3117 2909 3282 2964 multo
3314 2912 3481 2981 magis
3509 2923 3562 2967 tu
3603 2917 3692 2981 qui

2113 2995 2291 3051 omnia
2316 2996 2443 3049 facis
2467 2995 2531 3050 ad
2561 2997 2774 3053 illorum
2795 2998 3041 3069 gratiam.
3061 3000 3346 3070 Propterea
3369 3018 3491 3058 eum
3515 3008 3692 3060 statim

2115 3083 2394 3155 insequttta
2442 3096 2527 3140 est
2577 3102 2755 3156 paena.
2800 3088 2857 3143 Si
2900 3099 3077 3144 autem
3127 3092 3244 3161 ejus
3274 3094 3351 3149 rei
3382 3095 3591 3165 culpam
3641 3100 3693 3153 in

2121 3174 2285 3229 Deum
2313 3176 2525 3230 confers
2549 3218 2564 3241 ,
2598 3178 2785 3233 confer
2824 3180 2983 3234 etiam
3015 3180 3067 3235 in
3117 3197 3240 3237 eum
3286 3184 3498 3255 culpam
3536 3186 3604 3241 de
3632 3188 3697 3243 iis

2116 3268 2203 3339 qni
2250 3266 2301 3322 in
2333 3268 2430 3322 viis
2469 3270 2783 3341 jugulantur
2808 3312 2823 3341 ,
2849 3281 2905 3327 et
2945 3273 3013 3329 de
3058 3274 3533 3332 innumerabilibus
3573 3282 3697 3335 aliis

2116 3358 2206 3428 qui
2238 3359 2431 3428 injuste
2457 3361 2795 3431 perimuntur
2819 3403 2835 3427 ,
2875 3371 2930 3418 et
2957 3363 3025 3418 de
3060 3366 3239 3434 pueris
3266 3367 3426 3423 etiam
3456 3370 3543 3436 qui
3569 3386 3696 3437 pro-

2118 3461 2237 3522 pter
2262 3451 2538 3509 Christum
2564 3463 2690 3508 sunt
2716 3455 2974 3527 perempti
3000 3473 3014 3507 :
3043 3472 3163 3510 nam
3198 3466 3253 3512 ut
3273 3457 3353 3512 illi
3380 3475 3606 3530 quoque.
3642 3471 3699 3515 nt

2096 3550 2175 3615 tu
2216 3542 2352 3598 dicis
2376 3585 2391 3609 ,
2422 3544 2817 3613 perimerentur
2841 3587 2856 3610 ,
2881 3544 3127 3601 Christus
3159 3548 3208 3600 in
3233 3563 3395 3603 causa
3423 3549 3537 3607 fuit.
3589 3549 3699 3605 lmo

2120 3648 2248 3688 vero
2271 3650 2377 3688 non
2408 3635 2654 3693 Christus
2679 3676 2694 3700 ,
2739 3635 2834 3690 sed
2880 3635 3027 3692 furor
3050 3647 3101 3691 et
3129 3640 3370 3709 tyrannis
3401 3641 3564 3709 patris
3598 3643 3701 3696 lle.

2120 3725 2286 3779 rudis.
2316 3726 2374 3781 Si
2398 3736 2575 3781 autem
2604 3726 2738 3782 dicis
2761 3744 2774 3781 :
2799 3724 2908 3782 Cur
2927 3743 3046 3783 cum
3070 3744 3177 3783 non
3201 3730 3373 3798 rapuit
3403 3745 3432 3785 c
3457 3732 3701 3784 manibus

2122 3815 2392 3871 Herodis?
2418 3815 2522 3870 hoc
2550 3832 2761 3887 quoque
2789 3826 2998 3888 poterat
3025 3818 3223 3882 facere,
3256 3821 3347 3875 scd
3380 3836 3443 3875 ex
3471 3837 3536 3876 eu
3567 3823 3698 3875 nihil

2120 3918 2266 3963 esset
2293 3908 2550 3962 lucratus.
2579 3908 2711 3963 Nam
2736 3911 2949 3980 quoties
2975 3913 3145 3966 evasit
3171 3910 3415 3967 Christus
3437 3928 3500 3967 ex
3528 3916 3702 3966 mani-

2125 4001 2223 4056 hns
2251 4016 2438 4056 eorum
2463 4000 2487 4053 ?
2512 4000 2641 4071 quid
2668 4002 2767 4056 hoc
2793 4017 2921 4073 ergo
2967 4002 3164 4071 profuit
3209 4004 3467 4074 ingratis?
3504 4007 3573 4059 At
3616 4005 3703 4059 hic

2070 4105 2077 4111 '
2122 4109 2186 4149 ex
2217 4095 2278 4149 iis
2300 4109 2420 4163 qua:
2447 4093 2581 4148 laeta
2612 4102 2737 4149 sunt
2761 4093 2862 4160 ,ad
2879 4094 3064 4150 ﬁdeles
3096 4096 3258 4151 multa
3290 4098 3429 4151 redit
3457 4098 3656 4151 utilitas
3685 4115 3698 4150 :

2125 4202 2246 4241 nam
2273 4186 2398 4243 dum
2430 4186 2624 4242 ﬁerent
2662 4188 2989 4242 monimenta
3014 4227 3029 4251 ,
3062 4196 3117 4243 et
3145 4189 3242 4258 ipsi
3272 4190 3468 4245 inimici
3498 4191 3561 4244 iis
3584 4206 3703 4259 qua:

2123 4278 2447 4348 gerebantur
2491 4278 2695 4333 ferrent
2722 4278 3084 4333 testimonium
3110 4318 3126 4343 ,
3156 4279 3376 4335 minime
3401 4290 3705 4349 suspectum

2124 4381 2241 4426 erat
2272 4372 2653 4431 testimonium.
2685 4370 2834 4427 Sicut
2856 4387 2986 4442 ergo
3019 4373 3129 4428 illic
3158 4389 3371 4443 quoque
3404 4388 3506 4427 non
3533 4374 3708 4427 aliun-

2125 4465 2192 4520 de
2234 4464 2314 4520 eis
2337 4465 2433 4520 fuit
2470 4481 2530 4520 os
2553 4464 2880 4520 obstructum
2908 4506 2925 4530 ,
2968 4482 3125 4535 quant
3153 4483 3218 4521 es
3244 4483 3309 4521 eo
3332 4468 3470 4536 quod
3501 4468 3588 4536 qui
3619 4484 3707 4521 vc-

2127 4563 2317 4611 nerant
2344 4555 2728 4610 conﬁterentur
2753 4572 2814 4611 ea
2843 4573 2960 4626 qua:
2990 4556 3125 4611 facta
3160 4558 3369 4612 fuerant
3402 4575 3413 4610 :
3446 4559 3515 4611 ita
3542 4558 3704 4612 etiam

2126 4647 2232 4702 hic.
2261 4645 2367 4703 Cur
2392 4647 2534 4703 enim
2565 4647 2694 4702 nihil
2737 4647 3000 4718 ejusmodi
3045 4648 3170 4705 fecit
3211 4662 3394 4705 custos
3430 4650 3709 4704 carceris?

2127 4742 2284 4808 Atqui
2308 4755 2427 4810 qua:
2453 4750 2814 4797 nsuvenerant
2836 4741 3054 4808 Herodi,
3087 4757 3192 4797 non
3223 4751 3380 4797 erant
3406 4743 3611 4797 minora
3645 4742 3709 4795 iis

2127 4848 2245 4902 qua:
2276 4833 2398 4887 huic
2428 4840 2812 4889 usuvenerunt.
2842 4831 2973 4886 Nam
3003 4834 3282 4888 rescivisse
3325 4833 3465 4900 quod
3513 4834 3708 4887 clausis

2122 4924 2303 4996 januis
2328 4924 2536 4979 vinctus
2563 4923 2781 4979 exiisset
2805 4923 2872 4978 ad
2901 4934 3175 4994 stuporem
3205 4925 3567 4980 incutiendum
3600 4941 3705 4977 non

2129 5020 2306 5073 minus
2348 5028 2487 5085 erat,
2537 5034 2693 5089 quam
2732 5018 2931 5073 vidisse
2952 5020 3377 5088 apertasjannas
3404 5039 3418 5073 :
3448 5021 3552 5075 imo
3580 5019 3707 5074 illud

2128 5111 2288 5165 etiam
2320 5110 2454 5166 visio
2474 5124 2595 5165 esse
2625 5109 2793 5163 videri
2826 5119 3072 5176 poterat;
3139 5110 3238 5164 hoc
3265 5120 3441 5165 autem
3469 5126 3573 5164 non
3615 5111 3707 5174 ita,

2127 5202 2257 5258 dum
2304 5212 2554 5258 accurate
2611 5211 2667 5257 et
2709 5210 2899 5257 exacte
2951 5202 3304 5256 renuntiatur.
3348 5201 3709 5269 Quamobrem

2131 5295 2218 5350 hic
2244 5311 2460 5365 quoque
2487 5295 2532 5351 si
2560 5294 2750 5351 fuisset
2794 5293 2966 5349 malus
2991 5334 3007 5358 ,
3041 5294 3398 5348 interfecisset
3448 5294 3665 5348 Paulum
3694 5333 3709 5353 ,

2129 5391 2268 5444 sicut
2296 5391 2382 5443 ille
2412 5389 2609 5444 milites
2641 5406 2654 5443 :
2682 5388 2773 5442 sed
2805 5402 2911 5442 non
2937 5397 3073 5442 erat.
3136 5387 3188 5442 Si
3228 5395 3407 5442 autem
3434 5385 3713 5441 confutare

2130 5484 2389 5538 vellemus
2416 5497 2508 5536 eos
2534 5480 2622 5551 qui
2644 5479 2831 5535 dicunt
2853 5520 2870 5545 ,
2899 5495 2998 5534 cur
3024 5479 3166 5535 [lens
3193 5481 3494 5550 permiserit
3519 5491 3712 5547 pueros

2132 5574 2357 5629 interﬁci
2387 5616 2399 5637 ,
2429 5575 2634 5643 longior
2666 5570 2802 5627 foret
2829 5572 3001 5626 oratio
3029 5616 3039 5635 ,
3073 5589 3231 5641 quam
3279 5573 3428 5627 initio
3470 5573 3711 5625 insnum:-

2134 5683 2329 5723 ιιιιιιιιδ.
