4052 6214
465 256 539 313 οε
838 312 843 319 ,
1151 250 1212 308 s.
1246 248 1536 307 JOANNIS
1567 245 2060 305 cumsosmm
2104 206 2425 305 malum
2467 248 3024 307 CONSTANTINOI’.
3665 258 3742 311 θη

537 371 689 435 Τέως
726 370 784 423 δὲ
826 368 997 424 πολλὰ
1025 370 1092 439 τῇ
1133 367 1348 421 Παύλου
1399 365 1899 436 εὐχαριστήσαντες
1920 364 2050 418 ἀλύ-

467 471 575 518 σει,
624 453 1071 522 καταπαύσωμεν
1119 451 1211 503 τὸν
1255 449 1434 518 λόγον,
1472 449 1556 501 ὅτι
1608 447 1884 501 τοσούτων
1912 450 2044 520 ἡμῖν

464 535 689 605 ἀγαθῶν
721 536 873 591 αἰτία
905 535 1120 605 γέγονε,
1158 532 1647 604 παρακαλέσαντες
1672 532 1818 602 ὑμᾶς
1841 531 1917 603 μὴ
1944 530 2036 602 μό.

466 639 561 676 νον
590 621 666 694 μὴ
685 622 1083 693 δυσχεραίνειν,
1121 621 1238 673 εἴτι
1259 620 1348 672 διὰ
1382 616 1617 688 Χριστὸν
1638 617 1889 681 πάθοιτε,
1913 616 2051 671 ἀλλὰ

469 705 566 760 καὶ
598 704 814 776 χαίρειν
839 704 916 767 ὡς
939 705 990 757 οί
1009 702 1322 765 ἀπόστολοι,
1347 701 1444 755 καὶ
1466 700 1775 774 καυχᾶσθαι
1800 700 1876 763 ῶς
1899 700 2050 754 Παῦ-

467 789 561 853 λος
587 775 778 857 ἔλεγεν
813 803 828 818 ⁸
873 786 1124 840 Ἥδιστα
1173 785 1562 854 καυχήσομαι
1603 784 1675 838 ἐν
1720 782 1850 850 ταῖς
1878 775 2055 839 ἀσθε-

466 872 660 938 νείαις
681 888 827 941 μου.
862 868 964 922 Διά
992 869 1101 941 γὰρ
1126 866 1286 921 τοῦτο
1320 867 1416 922 καὶ
1439 868 1694 938 ῆκουσεν,
1734 866 1932 935 Ἀρκεῖ
1951 885 2053 922 σοι

468 956 508 1023 ἠ
538 954 710 1025 χάρις
732 970 875 1023 μου.
917 950 1132 1016 Παῦλος
1152 952 1248 1004 ἐπὶ
1283 950 1505 1021 δεσμοῖς
1530 952 1829 1020 καυχᾶται,
1864 952 1959 1004 καὶ
1985 952 2051 1006 σὺ

468 1039 565 1094 ἐπὶ
589 1036 808 1108 πλούτῳ
836 1035 982 1107 μέγα
1012 1037 1264 1107 φρονεῖς;
1297 1036 1347 1089 οἱ
1375 1034 1667 1089 ἀπόστολοι
1687 1034 1908 1105 ἔχαιρον
1930 1073 1945 1097 ,
1969 1035 2053 1089 δτι

467 1118 892 1192 κατηξιώθησαν
949 1117 1386 1190 μαστιγωθῆναι,
1423 1117 1516 1171 καὶ⁵
1550 1118 1616 1171 σὺ
1666 1118 1851 1172 ἄνεσιν
1871 1117 2054 1189 ζητεῖς

466 1208 565 1260 καὶ
590 1205 805 1276 τρυφήν
832 1220 848 1269 ;
879 1199 1006 1265 Πῶς
1031 1197 1126 1255 οὖν
1148 1200 1324 1264 θέλεις
1348 1200 1455 1254 τῶν
1486 1199 1667 1254 αὐτῶν
1688 1200 1922 1265 ἐκείνοις
1958 1217 2056 1254 τυ-

466 1279 605 1359 χεῖν,
637 1276 972 1359 ἀπεναντίας
1017 1285 1200 1348 αὐτοῖς
1229 1283 1433 1338 ὁδεύων
1456 1283 1693 1339 ἐνταῦθα
1720 1301 1736 1351 ;
1769 1284 1882 1339 Καί
1912 1284 2053 1351 νῦν,

467 1357 604 1441 φησὶ
628 1411 642 1435 ,
669 1357 993 1437 πορεύομαι
1018 1362 1107 1435 είς
1148 1367 1543 1437 Ἱεροσόλυμα
1595 1367 1918 1437 δεδεμένος
1973 1366 2055 1433 τῷ

466 1452 782 1522 πνεύματι,
818 1449 889 1504 τὰ
928 1450 999 1504 ἐν
1046 1449 1252 1518 αὐτοῖς
1301 1447 1774 1517 συναντήσοντα
1813 1466 1917 1520 μοι
1964 1447 2053 1519 μὴ

465 1529 662 1603 είδὼς,
707 1533 878 1604 πλὴν
924 1533 1015 1588 ὅτι
1042 1534 1107 1588 τὸ
1135 1531 1381 1603 Πνεῦμιί
1399 1547 1504 1603 μοι
1541 1532 1693 1587 κατὰ
1709 1533 1894 1587 πόλιν
1925 1532 2053 1586 δια-

461 1620 821 1691 μαρτύρεται
849 1618 1054 1687 λέγηοη
1106 1619 1199 1672 ὅτι
1245 1616 1441 1687 δεσμά
1459 1632 1538 1686 με
1568 1617 1664 1670 καί
1689 1617 1927 1685 θλίψεις
1953 1615 2042 1685 μέ-

467 1710 670 1757 νουσι.
707 1702 778 1754 Tt
800 1696 893 1755 οὖν
927 1700 1166 1771 ἀπέρχῃ,
1198 1701 1248 1753 εί
1272 1699 1448 1769 δεσμά
1493 1714 1553 1751 σε
1586 1700 1680 1752 καὶ
1709 1698 1919 1769 θλίψεις
1952 1699 2052 1770 μέ-

468 1784 785 1850 νουσι;Διά
833 1782 992 1836 τοῦτο
1056 1782 1212 1848 αύτδ,
1268 1782 1458 1853 φησὶν,
1500 1781 1588 1835 ἵνα
1635 1781 1921 1854 δεσμευθῶ
1965 1782 2054 1837 διὰ

470 1867 728 1941 Χριστὸν,
765 1867 855 1921 ἴνα
892 1865 1152 1921 ἀποθάνω
1189 1865 1258 1920 δι’
1279 1865 1466 1920 αὐτόν.
1516 1866 1592 1920 Ού
1624 1866 1732 1937 γὰρ
1771 1868 1937 1938 μόνον
1964 1868 2054 1921 δε-

472 1950 661 2021 θῆναι,
705 1950 845 2005 ἀλλά
910 1951 1007 2004 καὶ
1061 1948 1358 2004 ἀποθανεῖν
1386 1948 1623 2019 ετοίμως
1651 1949 1761 2021 ἔχω
1789 1950 1931 2022 ὑπὲρ
1958 1949 2054 2005 τοῦ

469 2035 738 2105 ὀνόματος
761 2033 858 2088 τοῦ
882 2032 1090 2105 Κυρίου
1119 2031 1281 2104 ἡμῶν
1309 2027 1488 2103 Ἰησοῦ
1522 2033 1788 2104 Χριστοῦ.

542 2219 710 2274 Οὐδὲν
738 2212 838 2289 τῆς
868 2215 1050 2289 ψυχῆς
1089 2215 1312 2286 ἐκείνης
1347 2213 1786 2287 μακαριώτερονι
1830 2216 1923 2268 Ἐν
1944 2214 2055 2270 τίει

472 2304 745 2373 καυχᾶται
763 2319 779 2367 ς
797 2301 886 2354 Ἑν
902 2300 1146 2372 δεσμοῖς,
1165 2300 1225 2352 ἐν
1246 2298 1515 2368 θλίψεσιν,
1525 2299 1583 2353 ἐν
1602 2298 1808 2365 ἀλύσει,
1828 2300 1885 2351 ἐν
1901 2299 2054 2367 στίγ-

478 2402 665 2458 μασιν.
731 2381 882 2454 Ἐγὼ
938 2382 1015 2436 τὰ
1068 2382 1368 2451 στίγματα
1415 2381 1524 2436 τοῦ
1563 2382 1785 2450 Κυρίου
1860 2381 2056 2450 Ἰησοῦ

471 2466 953 2539 Χριστοῦ,φησὶν,
974 2467 1045 2521 ἐν
1067 2464 1146 2532 τῷ
1161 2465 1393 2534 σώματί
1416 2482 1538 2535 μου
1556 2463 1858 2531 βαστάζω,
1885 2466 2051 2520 καθά-

473 2569 578 2625 περ
592 2552 849 2625 τρόπαιόν
864 2568 917 2605 τι
935 2549 1096 2621 μέγαο
1110 2549 1205 2603 καὶ
1220 2550 1661 2616 πάλιν,”ενεκεν
1672 2548 1780 2604 τοῦ
1796 2550 2053 2619 Ἰσραὴλ,

472 2637 630 2706 φησι,
670 2637 786 2702 τὴν
805 2633 1036 2688 ἅλυσιν
1057 2632 1289 2700 ταύτην
1319 2632 1657 2701 περίκειμαι
1691 2649 1706 2664 ·
1735 2632 1830 2687 καὶ
1870 2632 2053 2697 πάλιν,

486 2720 591 2773 ἐν
619 2712 660 2790 ᾖ
712 2715 1026 2785 πρεσϐεύω
1088 2714 1158 2768 ἐν
1207 2714 1445 2769 ἁλύσει.
1487 2715 1553 2767 Τί
1579 2715 1697 2768 ἐστι
1723 2715 1882 2768 τοῦτο
1914 2716 2057 2779 ςούκ

468 2800 741 2873 αισχύνῃς
772 2799 834 2853 οὐ
862 2798 1112 2861 δέδοικας
1155 2802 1258 2868 τὴν
1301 2797 1631 2868 οἰκουμένην
1646 2798 1935 2870 δεσμώτης
1958 2817 2057 2853 πε-

466 2885 633 2957 ιριιῶν
661 2901 679 2952 ;
708 2884 770 2938 ού
801 2882 942 2953 φοϐῇ
974 2883 1049 2953 μή
1103 2897 1188 2944 τις
1221 2881 1513 2936 ἀσθένειαν
1540 2880 1636 2936 τοῦ
1663 2882 1801 2936 Θεοῦ
1839 2900 1932 2938 σου
1959 2902 2057 2938 κα-

471 2967 691 3040 ταγνῷς
716 2967 792 3039 μῆ
811 2982 896 3029 τις
921 2965 1014 3019 διὰ
1033 2963 1193 3018 τοῦτο
1216 2964 1277 3017 ού
1307 2964 1384 3036 μὴ
1419 2964 1700 3036 προσέλθῃ
1728 2983 1744 3031 ;
1780 2967 1854 3019 Οὐ
1873 2966 2058 3020 τοιαῦ-

470 3053 542 3108 τά
573 3070 697 3123 μου,
725 3048 969 3121 φησὶ,τά
994 3047 1175 3119 δεσμά
1200 3063 1215 3078 ·
1247 3042 1356 3101 οἶδε
1390 3048 1486 3103 καὶ
1512 3049 1571 3101 ἐν
1593 3048 1887 3119 βασιλείοις
1917 3049 2052 3122 λάμ-

474 3153 618 3189 πειν.
640 3135 826 3188 Ὠστε
881 3130 1026 3198 τοὺς
1077 3130 1343 3198 δεσμούς
1375 3148 1520 3200 μου,
1565 3134 1723 3201 φησι,
1757 3132 2058 3202 φανεροὺς

472 3216 756 3287 γενέσθαι
789 3216 861 3270 ἐν
903 3214 1027 3282 ὅλῳ
1064 3212 1142 3280 τῷ
1166 3214 1521 3282 πραιτωρίῳ,
1557 3214 1817 3281 καὶτοὺς
1846 3216 2055 3270 πλείο-

472 3318 587 3365 νας
607 3300 724 3354 τῶν
753 3295 1038 3367 ἀδελφῶν·
1080 3297 1152 3351 ἐν
1194 3297 1390 3367 Κυρίῳ
1430 3299 1795 3364 πεποιθότας
1819 3302 1944 3365 τοῖς
1969 3295 2061 3353 δε-

473 3381 652 3452 σμοῖς
674 3399 794 3452 μου
831 3376 1280 3449 περισσοτέρως
1322 3378 1556 3450 τολμᾷν
1579 3376 1819 3449 ἀφόϐως
1841 3383 2060 3438 λαλεῖν

474 3465 583 3521 τὸν
630 3456 823 3535 λόγον
876 3458 1045 3534 Ὅρᾷς
1090 3455 1307 3534 δεσμῶν
1340 3463 1492 3535 ίσχὺν
1522 3462 1748 3536 μᾶλλον,
1776 3464 1810 3535 ἢ
1845 3465 2058 3535 νεκρῶν

472 3549 862 3615 ἀναστάσεωςς
896 3540 1195 3617 Δεδεμένον
1226 3554 1295 3617 με
1330 3542 1473 3601 εἶδον
1496 3588 1513 3609 ,
1544 3547 1641 3602 καὶ
1684 3539 1886 3620 μᾶλλον
1926 3548 2058 3622 θαρ-

474 3622 684 3704 ροῦσιν.
719 3630 894 3687 Ὅπού
933 3629 1043 3701 7&9
1082 3629 1296 3700 δεσμά,
1328 3629 1542 3700 ἀνάγκη
1574 3631 1671 3685 καὶ
1702 3632 1847 3704 μέγα
1878 3651 1930 3687 τι
1960 3650 2056 3702 γε-

473 3712 661 3768 νέσθσι
684 3715 804 3768 ἐκεῖ
832 3729 849 3745 ο
879 3713 1014 3766 ὅπου
1045 3711 1247 3780 θλῖψις,
1282 3711 1503 3774 πάντως
1521 3713 1643 3765 ἐκεῖ
1664 3714 1756 3766 καὶ
1787 3715 2053 3784 σωτηρία,

475 3797 696 3859 πάντως
725 3797 843 3848 ἐκεῖ
869 3794 1056 3857 ἄνεσις
1076 3833 1091 3856 ,
1124 3795 1345 3857 πάντως
1374 3796 1492 3847 ἐκεῖ
1527 3795 1742 3863 μεγάλα
1772 3797 2055 3869 κατορθῶ-

476 3890 648 3951 ματα.
686 3878 746 3930 ὐ
774 3876 886 3946 γὰρ
915 3875 1162 3938 διάϐολος
1219 3875 1350 3929 ὅταν
1379 3874 1631 3948 λακτίσῃ,
1666 3878 1790 3931 τότε
1820 3879 2057 3952 πλήττε-

468 3971 566 4016 νιαι
589 3977 602 3990 ·
627 3961 759 4015 ὅταν
775 3959 914 4031 δήσῃ
944 3958 1072 4022 τοὺς
1097 3956 1192 4012 τοῦ
1223 3957 1362 4011 Θεοῦ
1393 3957 1633 4024 δούλους,
1664 3961 1786 4015 τότε
1819 3962 2058 4032 μάλιστα

467 4047 502 4098 ὀ
538 4042 697 4113 λόγος
748 4042 1049 4096 ἐπιδίδωσι.
1088 4041 1199 4095 Καὶ
1232 4041 1332 4096 θέα
1376 4043 1655 4112 πανταχοῦ
1716 4042 1877 4098 τοῦτο
1910 4046 2057 4114 γινό-

477 4143 661 4198 μενον.
703 4123 1061 4196 Ἐδεσμεύθη,
1093 4124 1186 4179 καὶ
1235 4126 1294 4178 ἐν
1339 4124 1418 4197 τῷ
1468 4124 1832 4199 δεσμωτηρίῳ
1881 4128 2057 4183 ταῦτα

474 4209 791 4279 εἰργάσατο.
823 4208 929 4263 Ἔν
944 4207 1128 4273 αὐτοῖς
1156 4208 1288 4281 γὰρ,
1312 4209 1467 4281 φησὶ,
1495 4210 1622 4277 τοῖς
1641 4209 1895 4281 δεσμοῖς
1911 4230 2054 4281 μου.

486 4294 822 4367 Ἐδεσμεύθη
853 4294 912 4347 ἐν
953 4291 1164 4366 Ῥώμῃ,
1198 4294 1293 4349 καὶ
1338 4294 1587 4360 πλείονας
1610 4295 1922 4367 ἐπηγάγετο
1947 4311 1961 4324 ·
1990 4298 2055 4351 ού

472 4378 584 4450 γὰρ
601 4377 768 4441 αὐτὸς
793 4376 954 4448 μόνος
970 4376 1215 4449 ἐθάρρει,
1232 4374 1368 4430 ἀλλὰ
1392 4377 1485 4432 καὶ
1505 4378 1654 4433 ἄλλοι
1674 4379 1858 4432 πολλοὶ
1871 4377 1943 4432 δι’
1959 4379 2058 4433 αύ-

472 4462 592 4518 τοῦ.
623 4458 955 4532 Ἐδεσμεύθη
986 4461 1045 4513 ἐν
1079 4459 1508 4532 Ἰεροσολύμοις,
1542 4462 1633 4516 καὶ
1658 4462 1943 4533 δεδεμένος
1962 4464 2059 4535 δη-

478 4546 738 4617 μηγορῶν
786 4545 881 4598 τὸν
933 4542 1160 4615 βασιλέα
1198 4543 1529 4615 κατέπληξε,
1561 4545 1656 4600 καὶ
1695 4546 1785 4602 τὸν
1817 4546 2057 4619 ἄρχοντα

476 4628 595 4700 [6η
626 4628 708 4690 εἰς
760 4625 927 4696 φόϐον
985 4626 1195 4696 ῆγαγεν
1229 4642 1244 4655 ⁸
1275 4626 1519 4697 ἔμφοϐος
1571 4630 1680 4699 γὰρ
1723 4630 2052 4701 γενόμενος,

474 4712 673 4780 φησὶν,
710 4709 981 4764 ἀπέλυσεν
1030 4710 1216 4775 αὐτὸν,
1248 4711 1343 4765 καὶ
1365 4712 1466 4765 οὐκ
1495 4711 1761 4781 ᾐσχύνετο
1785 4713 1938 4784 παρὰ
1960 4713 2055 4766 τοῦ

472 4790 760 4862 δεδεμένου
802 4788 1090 4861 μανθάνων
1144 4793 1271 4861 περὶ
1312 4793 1420 4846 τῶν
1470 4793 1773 4862 μελλόντων
1810 4795 1839 4847 ὁ
1883 4795 2055 4866 δήσας

473 4877 659 4932 αὐτόν.
700 4872 995 4945 Δεδεμένος
1011 4872 1188 4939 ἔπλει,
1224 4876 1318 4928 καὶ
1341 4877 1597 4943 ναυάγιον
1624 4876 1807 4940 ἔλυσε,
1839 4878 1933 4933 καὶ
1960 4878 2052 4932 τὸν

473 4960 723 5032 χειμῶνα
776 4957 1061 5026 ἐπέδησεν.
1100 4958 1190 5011 Ἐν
1236 4958 1457 5028 δεσμοῖς
1485 4958 1637 5023 ὄντος
1668 4961 1835 5015 αὑτοῦ
1865 4959 1926 5015 τὸ
1956 4962 2053 5032 θη-

477 5048 595 5117 ρίον
617 5045 792 5099 ἐκεῖνο
819 5040 1124 5112 καθήψατο,
1154 5041 1249 5095 καὶ
1272 5041 1439 5113 μηδὲν
1464 5042 1848 5115 λυμηνάμενον
1869 5046 2053 5112 ἐξέπε-

477 5147 569 5184 σεν
599 5140 649 5183 ι,
698 5125 887 5197 Ἐδέθη
924 5126 983 5178 ἐν
1019 5123 1231 5196 Ῥώμῃ,
1262 5128 1356 5179 καὶ
1394 5125 1676 5198 δεδεμένος
1721 5128 2052 5200 δημηγορῶν

477 5214 706 5284 μυρίους
749 5207 1120 5271 ἐπεσπάσατο,
1149 5208 1270 5262 ἀντὶ
1326 5209 1547 5264 πάντων
1570 5210 1732 5264 τοῦτο
1760 5210 1892 5266 αὐτὸ
1921 5230 2054 5283 προ-

476 5297 826 5365 ϐαλλόμενος,
850 5294 951 5364 τὴν
986 5292 1178 5348 ἀλυσιν
1209 5291 1369 5362 λέγω.

561 5490 703 5544 Ἀλλ’
740 5491 840 5543 οὐκ
867 5492 1014 5545 ἔστιν
1069 5491 1256 5547 ἁλύσει
1294 5491 1515 5564 δεθῆναι
1564 5492 1677 5548 νῦν.
1714 5494 1853 5547 “ANV
1905 5494 2051 5548 ἔστιν

479 5576 643 5647 ἑτέρα
678 5573 887 5638 ἅλυσις,
926 5575 990 5629 ἂν
1033 5576 1327 5647 ἐθέλωμεν.
1375 5579 1509 5633 Ποία
1540 5580 1602 5649 δὴ
1638 5578 1816 5648 αὖτης
1852 5580 1923 5631 Τί,
1955 5580 2051 5646 τῆς

538 5814 569 5847 ⁸⁸
590 5792 667 5866 λιι
690 5812 1031 5877 λυμαινομένου
1054 5809 1300 5865 ἐξέπεοινῖ

2157 366 2339 439 χειρὸς
2365 370 2607 439 κρατεῖν,
2634 367 2695 421 τὸ
2719 367 2795 437 μὴ
2819 368 2955 437 πρὸς
2983 367 3299 436 πλεονεξίαν
3324 369 3540 440 Ξωιμον
3576 367 3740 425 εἶναι.

2154 452 2342 524 Ταύτῃ
2387 454 2454 523 τῇ
2503 449 2694 504 ἁλύσει
2744 450 2997 520 δήσωμεν
3023 451 3292 515 ἑαυτούς’
3339 454 3462 507 ἀντὶ
3494 453 3741 523 σιδηρίου

2159 534 2402 604 γενέσθω
2424 536 2558 606 ἡμῖν
2588 537 2618 589 ό
2641 534 2739 588 τοῦ
2768 533 2904 588 Θεοῦ
2930 534 3117 603 φόϐος.
3149 536 3420 606 Λύσωμεν
3447 539 3570 601 τοὺς
3596 538 3743 591 δεδε-

2157 619 2354 688 μένους
2401 619 2506 673 ύπδ
2552 620 2767 683 πενίας,
2805 619 2910 672 ὑπὸ
2966 618 3221 689 θλίψεως.
3276 621 3395 673 υύκ
3448 618 3595 674 ἔστιν
3626 623 3743 674 ίσον

2153 701 2531 773 δεσμωτηρίου
2572 701 2742 775 θύρας
2778 700 3013 765 ἀνοῖξαι,
3073 702 3169 756 καὶ
3196 701 3376 772 ψυχὴν
3419 703 3741 771 συγκεκλει-

2156 786 2367 857 σμένην
2388 787 2609 854 ἀφεῖναι
2630 802 2645 818 ⁶
2674 786 2775 839 οὐκ
2799 786 2947 839 ἐστιν
2984 786 3099 839 ἴσον
3131 785 3293 840 λῦσαι
3322 785 3497 856 δεσμά
3521 786 3738 856 δεσμω-

2153 868 2266 923 τῶν
2288 869 2611 940 δεδεμένων,
2639 870 2737 924 καὶ
2764 871 3206 941 τεθραυσμένους
3223 870 3491 924 ἀπολῦσαι
3518 872 3576 923 ἐν
3604 872 3743 938 ἀφέ-

2158 967 2261 1008 σει.
2291 951 2462 1007 Τοῦτο
2483 953 2692 1007 ἐκείνου
2716 946 2903 1024 μεῖζόν
2925 955 3074 1007 ἐστιν
3099 958 3112 981 ³
3145 946 3355 1006 ἐκείνου
3387 947 3484 1022 μὲν
3515 952 3623 1024 γὰρ
3651 952 3747 1007 ού-

2155 1038 2266 1100 δεὶς
2301 1041 2476 1091 κεῖται
2513 1037 2726 1108 μισθὸς,
2758 1037 2948 1091 τούτου
2986 1032 3044 1091 δὲ
3095 1028 3300 1108 μυρίοι.
3346 1035 3551 1108 Μακρά
3583 1038 3617 1107 ἡ
3645 1035 3746 1090 τοῦ

2159 1119 2374 1174 Παύλου
2395 1121 2621 1189 γέγονεν
2648 1119 2860 1185 ἅλυσις,
2882 1119 2976 1174 καὶ
2996 1114 3093 1173 ἐπὶ
3110 1119 3245 1174 «om
3271 1120 3539 1189 κατέσχεν
3567 1121 3744 1191 ἡμᾶς*

2158 1205 2255 1257 καὶ
2284 1204 2393 1274 γάρ
2418 1204 2568 1257 ἐστιν
2596 1194 2767 1269 δντως
2799 1206 3029 1275 μακρὰς
3041 1205 3134 1258 καὶ
3165 1205 3350 1275 πάσης
3378 1205 3567 1275 σειρᾶς
3604 1221 3745 1275 χρυ-

2160 1289 2260 1359 σῆς
2291 1279 2660 1360 κοσμιωτέρα.
2691 1285 2841 1359 Δῦτη
2870 1290 2997 1353 τοὺς
3017 1288 3338 1359 δεδεμένους
3370 1289 3624 1360 καθάπερ
3654 1290 3749 1345 διά

2158 1388 2302 1436 τινος
2338 1370 2589 1443 μηχανῆς
2615 1364 2765 1426 ἕλκει
2820 1373 2957 1443 πρὸς
3002 1372 3095 1426 τὸν
3129 1372 3381 1444 ούρανὺν,
3424 1374 3519 1427 καὶ
3548 1372 3747 1444 ῶσπερ

2158 1454 2337 1526 χρυσῆ
2388 1455 2547 1526 σειρά
2590 1454 2974 1528 ἐξαρτηθεῖσα,
3031 1454 3250 1509 ἀνέλκει
3283 1455 3422 1525 πρὸς
3451 1454 3614 1509 αύτδν
3648 1456 3748 1508 τὸν

2157 1537 2406 1608 ούρανόν·
2439 1539 2532 1592 καὶ
2563 1536 2625 1591 τὸ
2651 1527 2715 1610 δὴ
2763 1537 3100 1609 θαυμαστὸν,
3136 1537 3286 1592 κάτω
3325 1537 3564 1603 δεθεῖσα,
3608 1527 3749 1601 τοῦς

2157 1619 2474 1692 δεδεμένους
2504 1622 2618 1677 ἀνω
2650 1623 2820 1676 ἕλκει.
2862 1622 3056 1676 Καίτοι
3087 1623 3186 1693 οὐχ
3214 1622 3357 1694 αὕτη
3409 1622 3520 1675 τῶν
3548 1632 3746 1692 πραγ-

2161 1707 2349 1777 μάτων
2377 1708 2410 1777 ἡ
2447 1706 2607 1777 φύσις
2629 1723 2642 1738 ·
2673 1706 2790 1761 ἀλλ’
2852 1707 2980 1760 ’ὅταν
3007 1706 3141 1769 Θεὸς
3170 1708 3451 1776 οίκονομῇ,
3479 1707 3554 1777 μὴ
3585 1708 3749 1777 ζήτει

2159 1789 2504 1861 πραγμάτων
2533 1790 2697 1859 φύσιν
2747 1790 2883 1861 μηδέ
2938 1789 3284 1851 ἀκολουθίαν,
3317 1790 3454 1843 άλλά
3492 1790 3562 1843 τὰ
3596 1790 3749 1860 ὑπὲρ

2159 1874 2323 1942 φύσιν
2349 1874 2444 1927 καὶ
2473 1873 2818 1928 ἀκολουθίαν.
2870 1872 3152 1944 Μάθωμεν
3185 1872 3323 1943 μηδὲ
3378 1873 3437 1925 ἐν
3473 1877 3595 1938 ταῖς
3625 1873 3751 1927 θλί-

2156 1956 2284 2025 ψεσι
2311 1957 2697 2019 καταπίπτειν,
2734 1956 2871 2028 μηδὲ
2897 1956 3298 2027 δυσχεραίνειν.
3332 1957 3475 2027 Ὅρα
3509 1955 3619 2025 γάρ
3646 1956 3749 2008 τὸν

2162 2040 2434 2112 μακάριον
2478 2041 2670 2094 τοῦτον
2692 2057 2707 2071 ο
2762 2039 3172 2111 μεμαστίγωτο,
3221 2041 3317 2094 καὶ
3348 2041 3751 2110 μεμαστίγωτο

2163 2124 2399 2196 ίσχυρῶς
2422 2138 2437 2154 °
2491 2124 2736 2190 Πολλὰς
2787 2124 2896 2194 γὰρ
2941 2123 3170 2191 αὐτοῖς,
3205 2125 3396 2195 φησὶν,
3430 2123 3750 2191 ἐπιθέντες

2159 2208 2397 2279 πληγάς
2418 2223 2432 2238 ·
2469 2209 2567 2262 καὶ
2588 2208 2819 2273 ἐδέδετο,
2847 2207 3123 2262 καὶτοῦτο
3152 2208 3319 2262 πάλιν
3347 2206 3586 2278 ἰσχυρῶς
3604 2225 3619 2239 ·
3662 2210 3751 2273 είς

2160 2293 2269 2364 γὰρ
2286 2293 2391 2364 τὴν
2415 2292 2693 2365 ἐσωτέραν
2721 2291 2973 2362 φυλακὴν
2997 2290 3253 2347 ἐνέϐαλεν
3273 2292 3460 2355 αὐτὸν,
3482 2291 3577 2344 καὶ
3602 2292 3751 2361 μετὰ

2161 2376 2407 2440 πλείονος
2460 2375 2784 2445 ἀσφαλείας.
2838 2375 2948 2428 Καὶ
2982 2375 3040 2427 ὲν
3075 2372 3356 2437 τοσούτοις
3383 2373 3460 2426 ὣν
3509 2373 3653 2427 κατὰ
3679 2374 3753 2427 τὸ

2162 2459 2536 2530 μεσονύκτιον,
2565 2459 2656 2513 ὅτε
2690 2458 2784 2512 καὶ
2809 2458 2861 2510 οί
2893 2457 3102 2528 σφόδρα
3147 2457 3511 2529 ἐγηγερμένοι
3535 2456 3747 2509 καθεύ-

2159 2544 2362 2605 δουσιν,
2415 2542 2609 2614 ἐτέρου
2669 2540 2872 2612 δεσμοῦ
2947 2541 3355 2612 χαλεπωτέρου,
3411 2541 3506 2595 τοῦ
3569 2540 3744 2593 ὕπνου

2160 2626 2532 2698 ἐπικειμένου,
2558 2623 2685 2700 ᾖδον
2706 2627 2801 2681 καὶ
2830 2625 3036 2697 ὕμνουν
3063 2626 3153 2679 τὸν
3182 2625 3408 2697 Κύριον.
3441 2625 3507 2679 Τί
3532 2623 3745 2678 τούτων

2159 2712 2359 2783 γένοιτ’
2394 2713 2461 2767 ἂν
2507 2712 2616 2766 τῶν
2648 2711 2841 2782 ψυχῶν
2872 2708 3419 2782 ἀδαμαντινώτερον;
3462 2709 3746 2763 Ἐνενόουν

2158 2797 2242 2850 ὅτι
2272 2796 2368 2850 καὶ
2393 2796 2446 2848 οί
2476 2794 2667 2859 παῖδες
2693 2796 2753 2849 ἐν
2785 2795 2923 2866 πυρὶ
2947 2789 3073 2869 ⁴ᾖδον
3106 2794 3202 2848 καὶ
3227 2796 3286 2847 ἐν
3308 2793 3524 2863 καμίνῳ
3544 2806 3558 2820 '
3609 2791 3744 2854 ἴσως

2159 2875 2485 2949 ἐλογίζοντο,
2517 2877 2601 2932 ὅτι
2620 2877 2815 2949 Ἡμεῖς
2842 2877 2998 2932 οὐδὲν
3025 2876 3268 2930 τοιοῦτον
3299 2875 3513 2929 οὐδέπω
3536 2874 3745 2928 πεπόν-

2160 2962 2356 3033 θαμεν.
2414 2961 2577 3015 Ἀλλᾶ
2629 2961 2814 3025 καλῶς
2868 2960 3040 3014 ποιῶν
3082 2961 3114 3013 ό
3169 2958 3328 3027 λόγος
3381 2958 3464 3022 είς
3517 2957 3741 3026 ἐτέρους

2159 3048 2309 3118 ἡμᾶς
2360 3046 2526 3100 πάλιν
2584 3045 2845 3117 ἐξήνεγκε
2909 3043 3143 3117 δεσμοὺς
3212 3043 3309 3097 καὶ
3361 3041 3741 3113 δεσμωτήριον

2159 3131 2364 3203 ἕτερον.

2230 3297 2298 3350 Τί
2331 3296 2522 3362 πάθω;
2584 3293 2848 3366 βούλομαι
2908 3288 3160 3366 σιγῆσαι,
3210 3288 3327 3348 ἀλλ’
3368 3292 3433 3346 ού
3477 3288 3737 3364 δύναμαι.

2160 3376 2393 3453 ’Ἕτερον
2443 3379 2823 3451 δεσμωτήριον
2855 3374 3015 3452 εὗρον
3045 3380 3257 3434 ἐκείνου
3308 3376 3491 3449 πολλῷ
3522 3378 3737 3449 θαυμαο

2161 3464 2421 3537 σιῶτερον
2469 3464 2566 3519 καὶ
2611 3464 3148 3536 ἐκπληκτικῶτερον.
3186 3462 3350 3520 Ἀλλά
3417 3481 3507 3533 μοι
3554 3463 3740 3517 διανά-

2162 3566 2347 3621 στητε,
2376 3550 2450 3614 ὡς
2479 3547 2576 3601 νῦν
2624 3548 2933 3620 ἀρχομένου
2970 3549 3067 3602 τοῦ
3115 3547 3297 3616 λόγου,
3338 3546 3433 3600 καὶ
3459 3546 3741 3617 ἀκμαζού-

2162 3648 2283 3697 σαις
2322 3631 2651 3703 προσέλθετε
2696 3634 2814 3695 ταῖς
2858 3630 3147 3694 διανοίαις.
3179 3629 3451 3700 Βούλομαι
3481 3629 3739 3699 διακόψαι

2158 3718 2252 3772 τὸν
2274 3717 2451 3787 λόγον,
2481 3717 2578 3770 καὶ
2593 3716 2694 3770 ούκ
2720 3716 2993 3786 ἀνέχεται.
3017 3714 3288 3789 Καθάπερ
3303 3719 3412 3789 γάρ
3427 3735 3510 3780 τις
3532 3717 3739 3787 μεταξὺ

2162 3805 2332 3858 πίνων
2366 3803 2466 3856 οὐκ
2518 3802 2585 3856 ἂν
2642 3801 2932 3871 ἀνάσχοιτο
2985 3802 3263 3872 διακόψαι.
3318 3803 3420 3858 κᾶν
3448 3802 3630 3858 ὁτιοῦν
3655 3818 3741 3865 τις

2160 3886 2566 3957 ἐπαγγέλληται
2588 3894 2603 3913 ⁵
2639 3884 2781 3937 οὕτω
2798 3884 2955 3955 κάγὼ
2972 3886 3073 3957 τῆς
3099 3886 3319 3951 κύλικος
3342 3885 3740 3954 ἐπιλαϐόμενος

2159 3969 2260 4039 τῆς
2298 3967 2621 4040 θαυμαστῆς
2649 3966 2744 4021 τοῦ
2783 3967 3162 4040 δεσμωτηρίου
3189 3969 3299 4023 τῶν
3327 3967 3562 4042 διά,[65]
3598 3969 3738 4039 Χρι-

2163 4054 2285 4108 στὸν
2321 4051 2644 4121 δεδεμένων,
2677 4051 2739 4104 ού
2786 4050 3020 4120 δύναμαι
3052 4050 3383 4119 παύσασθαι,
3410 4054 3472 4106 οὐ
3500 4051 3740 4122 δύναμαι

2162 4138 2403 4207 σιγῆσαι.
2452 4136 2513 4189 Εἰ
2540 4136 2650 4207 7&9
2685 4135 2846 4199 αὐτὸς
2876 4137 2933 4189 ἐν
2956 4134 3315 4207 δεσμωτηρίῳ
3357 4136 3452 4189 καὶ
3498 4136 3557 4188 ἐν
3584 4133 3742 4187 νυκτὶ

2158 4220 2259 4273 οὐκ
2293 4218 2568 4287 ἐσίγησεν,
2598 4219 2720 4272 ούδέ
2749 4221 2806 4272 ἐν
2831 4219 3106 4288 μάστιξιν,
3139 4218 3251 4287 ἐγὼ
3281 4222 3576 4292 σιγήσομαι
3604 4221 3743 4275 καθ-

2160 4303 2362 4375 ήμενος
2402 4300 2617 4373 ἡμέρας
2662 4300 2852 4371 οὔσης,
2903 4302 3043 4371 μετά
3091 4301 3293 4374 πολλῆς
3348 4306 3447 4376 τῆς
3501 4304 3743 4365 ἀνέσεως

2160 4386 2551 4456 φθεγγόμενος,
2578 4385 2685 4437 τῶν
2714 4383 3038 4456 δεδεμένων,
3066 4385 3177 4439 τῶν
3204 4386 3740 4459 μεμαστιγωμένων,

2158 4470 2268 4524 τῶν
2302 4473 2360 4523 ἐν
2390 4468 2531 4540 μέσῃ
2564 4469 2720 4522 νυκτὶ
2748 4467 2906 4522 τοῦτο
2939 4468 3016 4541 μὴ
3044 4469 3357 4538 παθόντων;

2230 4635 2294 4688 Οί
2327 4633 2516 4696 παῖδες
2541 4631 2643 4685 οὐκ
2676 4630 2877 4700 ἐσίγων
2910 4633 2968 4685 ἐν
2988 4635 3205 4706 καμίνῳ
3226 4635 3319 4688 καὶ
3352 4636 3411 4690 ἐν
3440 4636 3601 4708 πυρί·
3645 4640 3742 4692 καὶ

2159 4716 2319 4786 ἡμεῖς
2354 4717 2455 4770 οὐκ
2480 4714 2850 4790 αἰσχυνόμεθα
2880 4717 3182 4785 σιγῶντεςς
3225 4719 3455 4789 Ἰδωμεν
3503 4715 3598 4773 οὖν
3646 4724 3740 4773 καὶ

2157 4802 2316 4856 τοῦτο
2341 4801 2403 4854 τὸ
2442 4800 2839 4873 δεσμωτήριον,
2869 4801 3161 4871 Ἑδέθησαν
3194 4805 3291 4856 καὶ
3335 4803 3593 4865 ἐνταῦθα,
3622 4804 3737 4857 ἀλλ’

2159 4885 2360 4947 εὐθέως
2390 4884 2483 4937 καὶ
2521 4884 2585 4936 ἐκ
2616 4885 2922 4955 προοιμίων
2947 4884 3242 4950 ἐδείκνυτο,
3276 4887 3360 4939 ὅτι
3383 4887 3485 4939 οὐκ
3514 4887 3741 4957 ἔμελλον

2159 4969 2431 5031 καίεσθαι,
2473 4967 2586 5020 ἀλλ’
2617 4968 2692 5033 ὡς
2729 4971 2809 5032 είς
2841 4968 3213 5040 δεσμωτήριον
3247 4960 3598 5025 είσιέναιθΐί
3633 4973 3743 5043 γὰρ

2156 5052 2376 5122 δεσμεῖς
2422 5051 2552 5115 τοὺς
2609 5051 2910 5121 μέλλοντας
2965 5051 3353 5121 φλογίζεσθαι;
3421 5054 3741 5122 Ἑδέθησαν,

2159 5134 2341 5199 καθὼς
2394 5134 2630 5199 Παῦλος,
2687 5135 2782 5190 καὶ
2839 5134 3007 5200 πόδας
3054 5137 3150 5190 καὶ
3197 5138 3386 5208 χεῖρας
3412 5154 3426 5167 ο
3475 5138 3744 5207 ἐδέθησαν

2161 5219 2299 5290 μετά
2327 5218 2584 5272 τοσούτου
2619 5217 2817 5289 θυμοῦ.
2845 5220 2956 5273 Καί
2981 5220 3090 5291 7&9
3123 5221 3334 5285 ἐκεῖνος
3367 5222 3447 5284 εἰς
3480 5222 3581 5290 τὴν
3605 5222 3745 5275 ἐσω-

2157 5304 2321 5375 τέραν
2374 5301 2534 5357 ἔϐαλε
2592 5300 2865 5374 φυλακὴν,
2914 5303 3009 5358 καὶ
3061 5295 3219 5367 οὗτος
3252 5304 3347 5357 ἐπὶ
3376 5303 3510 5359 πολὺ
3540 5305 3745 5375 καῆναι

2156 5387 2256 5454 τὴν
2291 5388 2522 5457 κάμινον
2545 5385 2850 5441 ἐκέλευσεν.
2884 5385 3026 5439 Ἀλλ’
3058 5385 3257 5457 ίδωμεν
3271 5388 3343 5444 τὰ
3367 5388 3507 5459 μετά
3536 5388 3735 5443 ταῦτα.

2169 5467 2513 5535 Ὑμνούντων
2571 5468 2797 5523 ἐκείνων
2845 5469 3055 5522 ἐσείετο
3106 5469 3168 5522 τὸ
3214 5469 3613 5542 δεσμωτήριον,
3645 5473 3744 5523 καὶ

2158 5550 2510 5620 ἀνεῴχθησαν
2538 5551 2597 5604 αἱ
2631 5550 2829 5621 θύραι·
2865 5552 2960 5604 καὶ⁸
2987 5551 3194 5606 τούτων
3229 5553 3545 5624 ὑμνούντων
3568 5554 3739 5624 ἐλύθη

2161 5636 2225 5687 τά
2260 5634 2436 5702 δεσμά
2467 5635 2561 5686 καὶ
2583 5634 2691 5688 τῶν
2728 5635 2906 5688 ποδῶν
2945 5637 3038 5689 καὶ
3066 5637 3175 5689 τῶν
3202 5636 3403 5709 χειρῶν
3434 5650 3446 5663 ⁸
3483 5637 3740 5709 ἀνεῴχθη

2159 5719 2219 5771 τὸ
2250 5718 2649 5790 δεσμωτήριον,
2697 5720 2791 5773 καὶ
2824 5718 3180 5799 ἀνεῴχθησαν
3208 5723 3265 5773 αί
3300 5720 3462 5791 θύραι
3498 5721 3598 5790 τῆς
3636 5740 3740 5773 κα-

2163 5802 2318 5872 μίνου
2340 5818 2351 5830 ’
2394 5802 2584 5872 δρόσος
2611 5802 2719 5874 γὰρ
2747 5803 3051 5874 πνεύματος
3076 5804 3399 5876 διεσύριςεν.
3423 5805 3559 5859 Ἀλλ’
3588 5808 3741 5873 ομινις
