4080 6218
340 396 410 451 ἐς
1235 390 1297 443 IN
1338 389 1553 444 EPIST.
1596 390 1689 443 Al)
1732 387 1919 441 lil’llli!

2025 385 2160 441 CAP.
2199 388 2283 440 IV.
2332 388 2555 444 IIUMIL.
2603 392 2731 446 VIII.

414 512 469 563 7.
496 508 651 563 Nunc.
678 516 857 559 autem
888 504 1033 559 Pauli
1063 516 1267 559 catenae
1312 505 1490 559 multis
1533 507 1666 556 actis
1710 503 1924 571 gratiis,

341 602 499 657 linem
530 600 870 667 imponamus
894 596 1299 665 orationi,quod
1319 606 1425 649 tam
1457 596 1745 649 multorum
1778 595 1930 647 nobis

340 694 602 744 bonorum
632 688 791 742 fuerit
816 703 977 742 causa
1002 728 1017 752 ,
1046 703 1167 740 cum
1200 702 1296 740 vos
1323 687 1690 756 rogaverimus
1733 694 1787 738 ut
1823 700 1929 738 non

338 784 511 837 solum
540 797 648 836 non
681 796 823 850 aigre
850 780 1054 846 feratis,
1087 780 1132 833 si
1163 779 1289 848 quid
1320 778 1459 846 passi
1484 777 1692 833 fueritis
1714 787 1931 846 propter

338 875 650 938 Christum,
687 870 783 926 sed
834 872 997 926 etiam
1048 868 1327 938 gaudeatis
1374 869 1511 923 sicut
1562 868 1828 937 apostoli,
1878 876 1931 920 et

337 964 636 1035 gloriemini
666 1004 681 1027 ,
715 972 771 1015 ut
796 962 1011 1016 dicebat
1034 961 1260 1025 Paulus,
1288 959 1653 1013 Lubentissime
1677 957 1931 1029 gloriabor

338 1060 389 1111 iu
426 1055 808 1124 inﬁrmitatibus
844 1055 987 1107 meis.
1019 1053 1307 1121 Propterea
1333 1052 1570 1119 audivit,
1603 1050 1801 1120 Sufﬁcit
1843 1052 1930 1104 tibi

333 1149 499 1218 gratia
538 1163 650 1199 mea
682 1144 773 1217 (‘2.
804 1144 930 1199 Cor.
962 1144 1049 1199 η.
1084 1144 1171 1212 9).
1204 1143 1399 1197 Paulus
1428 1143 1688 1212 gloriatur
1714 1153 1930 1212 preptcr

335 1240 540 1293 vincula
570 1280 587 1304 ,
632 1248 685 1291 et
711 1248 763 1289 tu
794 1247 1019 1306 propter
1058 1235 1273 1289 divitias
1298 1235 1462 1289 altum
1494 1234 1674 1307 sapis?
1702 1233 1927 1302 apostoli

329 1328 637 1400 gaudebant
664 1328 807 1396 quod
839 1327 984 1396 digni
1015 1334 1194 1380 essent
1224 1325 1388 1379 habiti
1430 1325 1519 1394 qui
1548 1324 1726 1393 flagris
1749 1324 1928 1378 emdc-

333 1436 552 1487 rentur,
600 1432 655 1477 et
698 1432 751 1476 tu
801 1422 971 1476 otium
1017 1421 1214 1491 quieris
1253 1429 1307 1474 et
1353 1418 1610 1475 delicias?
1648 1417 1926 1487 Quomodo

328 1531 462 1586 ergo
484 1516 562 1568 vis
588 1514 777 1569 eadem
810 1531 929 1583 quzu
957 1513 1031 1567 illi
1063 1512 1319 1581 consequi
1344 1554 1358 1577 ,
1404 1527 1524 1567 cum
1557 1511 1642 1566 hic
1667 1510 1926 1581 gradiaris

330 1609 413 1660 \ia
442 1610 522 1661 eis
558 1604 865 1660 contraria?
895 1602 964 1656 Et
1009 1620 1172 1667 nunc,
1213 1602 1420 1672 inquit,
1468 1602 1597 1656 vado
1634 1604 1685 1655 in
1713 1600 1927 1656 Jerusa-

326 1699 433 1751 lem
458 1698 696 1765 alligatus
748 1696 960 1764 spiritu,
1020 1709 1131 1764 quin
1182 1694 1235 1746 in
1285 1709 1345 1747 ea
1388 1703 1599 1746 ventura
1640 1693 1763 1745 mihi
1812 1700 1925 1746 sunt

324 1791 574 1858 ignorans
600 1805 617 1841 :
641 1788 737 1840 nisi
763 1786 897 1855 quod
929 1785 1159 1856 Spiritus
1187 1794 1391 1838 sanctus
1415 1800 1503 1854 per
1524 1801 1720 1837 onmem
1745 1783 1922 1836 civita-

329 1888 432 1930 tem
458 1878 583 1929 mihi
612 1885 911 1945 protestetur
945 1874 1118 1927 dicens
1138 1913 1152 1937 ,
1182 1873 1320 1942 quod
1345 1873 1548 1926 vincula
1572 1884 1618 1927 et
1643 1873 1924 1926 tribulatio-

328 1986 429 2023 ues
477 1986 555 2020 me
607 1976 805 2020 manent
856 1964 1115 2035 (Act.20.
1141 1963 1233 2017 22.
1447 1963 1556 2018 Cur
1582 1978 1711 2034 ergo
1741 1962 1918 2024 vadis,

328 2064 382 2113 si
434 2060 637 2113 vincula
693 2070 746 2114 et
783 2057 1100 2115 afﬂictioues
1150 2067 1201 2110 te
1255 2056 1509 2110 manent?
1552 2055 1777 2130 Propter
1821 2054 1922 2108 hoc

327 2151 506 2223 ipsum
574 2158 628 2202 ut
690 2150 894 2203 vinciar
956 2155 1173 2221 propter
1224 2146 1531 2211 Christum,
1605 2156 1657 2199 ut
1726 2146 1923 2199 moriar

326 2252 553 2314 propter
583 2241 777 2309 ipsum.
808 2239 922 2293 Non
972 2240 1145 2293 solum
1189 2238 1331 2292 enim
1384 2247 1597 2307 paratus
1640 2253 1756 2291 sum
1802 2238 1913 2290 vir.-

326 2333 428 2386 ciri
455 2374 471 2397 ,
504 2332 597 2386 sed
629 2332 792 2385 etiam
823 2331 958 2384 mori
985 2345 1083 2403 pro
1114 2329 1329 2384 nomine
1360 2328 1568 2386 Domini
1596 2326 1766 2384 nostri
1795 2326 1919 2381 .lcsu

323 2422 551 2477 Christi.

406 2512 598 2566 Paulus
623 2512 675 2565 in
699 2510 917 2565 vinculis
946 2519 993 2564 et
1029 2509 1177 2565 malis
1214 2508 1548 2580 gloriabatur.
1575 2537 1648 2547 —
1671 2507 1812 2562 Nihil
1839 2518 1921 2561 est

324 2605 419 2657 illa
440 2606 610 2657 anima
641 2603 873 2661 beatius.
908 2602 964 2657 ln
990 2600 1307 2670 quibusnam
1333 2598 1626 2669 gloriatur?
1649 2599 1703 2652 ln
1737 2599 1921 2653 vincu-

321 2697 428 2761 lis,
456 2698 508 2751 in
552 2695 938 2753 afﬂictionibus
961 2736 975 2759 ,
1010 2695 1060 2748 in
1091 2703 1277 2749 catena
1298 2734 1315 2759 ,
1344 2694 1397 2747 in
1419 2690 1776 2762 stigmatibus.
1809 2692 1918 2763 Ego

322 2789 564 2863 stigmata
618 2786 824 2840 Domini
866 2784 993 2839 Jesu
1037 2784 1226 2840 Christi
1266 2784 1319 2836 in
1359 2799 1570 2856 corpore
1612 2798 1722 2836 meo
1775 2792 1918 2852 porto

325 2879 491 2946 (Gal.
523 2879 574 2932 6.
608 2878 741 2948 17),
775 2886 1044 2946 tamquam
1087 2890 1338 2945 magnum
1381 2874 1593 2945 aliquod
1626 2883 1916 2944 tropa-mn;

318 2985 382 3024 et
409 2984 619 3035 rursus,
650 2969 867 3043 Propter
888 2967 1082 3032 Israel,
1111 2967 1300 3038 inquit,
1326 2975 1503 3020 catena
1518 2969 1613 3019 Itac
1628 2966 1915 3019 circumda-

319 3074 412 3115 tus
454 3078 569 3114 sum
616 3061 766 3132 (Art.
807 3060 901 3119 28.
930 3059 999 3114 ΞΟ
1021 3061 1073 3128 );
1102 3069 1156 3114 et
1186 3073 1373 3114 rursus
1404 3076 1417 3112 :
1452 3056 1516 3111 In
1545 3075 1644 3127 quo
1673 3059 1919 3133 legatione

318 3155 594 3227 [irrigariu
643 3164 820 3206 catena
867 3151 1036 3223 (Eph.
1086 3151 1139 3206 6.
1192 3150 1321 3221 20).
1354 3150 1493 3218 Quid
1516 3150 1617 3205 hoc
1642 3165 1772 3221 ergo
1798 3153 1917 3207 est?

322 3264 432 3299 non
464 3256 516 3301 te
555 3246 752 3319 pudet?
781 3260 886 3299 non
926 3244 1267 3313 extimescis,
1315 3252 1480 3297 totum
1527 3242 1712 3298 orbem
1762 3253 1917 3299 terra:

325 3338 545 3392 vinctus
586 3336 944 3391 circumiens?
971 3350 1075 3390 non
1107 3336 1299 3390 metuis
1327 3350 1394 3389 ne
1419 3335 1538 3409 quis
1572 3335 1736 3389 Deum
1770 3346 1914 3389 tuum

319 3429 966 3487 accusetimbcclllltatis?
992 3429 1198 3498 nequis
1220 3436 1503 3498 prapterea
1529 3444 1632 3481 non
1660 3428 1917 3483 accedat?

317 3523 446 3578 Non
473 3533 633 3587 sunt,
688 3522 891 3592 inquit,
940 3520 1059 3574 talia
1089 3535 1208 3574 mea
1247 3519 1454 3573 vincula
1491 3536 1504 3571 :
1535 3520 1709 3573 sciunt
1756 3521 1914 3573 etiam

318 3616 610 3684 sjalcndere
638 3617 688 3667 in
711 3615 845 3667 aulis
872 3628 1079 3683 regum.
1105 3611 1189 3666 Ita
1220 3623 1272 3665 ut
1300 3613 1500 3665 vincula
1529 3628 1639 3665 mea
1665 3654 1677 3677 ,
1710 3613 1911 3683 inquit,

318 3707 596 3773 manifesta
623 3707 799 3772 ﬁerent
829 3706 879 3757 in
905 3704 1043 3756 onmi
1070 3704 1329 3773 prwtorio,
1353 3714 1399 3755 et
1429 3703 1599 3771 plures
1626 3719 1653 3756 ε
1675 3704 1916 3773 fratribus

315 3801 377 3852 in
416 3798 634 3856 Domino
676 3798 986 3865 conﬁdentes
1029 3797 1082 3850 in
1135 3796 1347 3851 vinculis
1391 3798 1535 3860 meis,
1579 3796 1917 3851 abundantius

316 3894 573 3949 auderent
611 3892 720 3949 sine
750 3892 925 3945 timore
952 3888 1151 3943 verbum
1197 3888 1294 3941 Dei
1346 3888 1484 3958 loqui
1537 3885 1807 3963 (Philipp.
1861 3889 1912 3942 l.

318 3986 419 4044 I5.
454 3986 574 4053 ιι).
606 3983 788 4037 Viden‘
809 3982 1142 4039 vinculorum
1181 3980 1288 4033 vim
1320 3981 1517 4050 magis,
1559 3996 1716 4056 quam
1748 3982 1801 4035 in
1835 3998 1918 4037 re-

316 4077 664 4131 surrectione
694 4073 1069 4133 mortuorum?
1096 4074 1339 4127 Vinctum
1368 4073 1635 4137 viderunt,
1670 4082 1723 4128 et
1749 4073 1916 4144 magis

316 4170 625 4224 confidunt.
662 4167 759 4222 Ubi
807 4169 949 4225 enim
988 4172 1113 4219 sunt
1157 4164 1401 4227 vincula,
1451 4164 1557 4218 illic
1603 4180 1815 4241 quoque
1861 4175 1917 4220 ut

316 4244 511 4329 iiiagui
538 4258 733 4329 aliquid
763 4258 957 4313 factum
999 4257 1068 4311 sit
1110 4271 1331 4310 necesse
1370 4266 1450 4309 est
1481 4272 1494 4308 :
1530 4256 1616 4308 ubi
1659 4256 1912 4323 afﬂictio,

318 4353 436 4411 illic
466 4365 679 4420 quoque
705 4350 925 4403 omnino
955 4357 1036 4405 est
1074 4349 1218 4403 salus
1240 4390 1253 4412 ,
1312 4348 1530 4402 omnino
1567 4348 1674 4403 illic
1722 4359 1801 4402 cst
1832 4365 1917 4403 re-

318 4444 565 4507 laxatio,
621 4442 733 4496 illic
776 4442 996 4495 omnino
1047 4451 1171 4498 sunt
1223 4441 1475 4509 praeclara
1517 4451 1568 4494 ct
1612 4455 1675 4495 ex
1721 4442 1916 4496 virtute

318 4543 478 4603 gesta
514 4530 928 4586 facinora.Nam
972 4529 1216 4584 diabolus
1269 4530 1480 4597 quando
1528 4529 1913 4596 calcitraverit,

320 4637 456 4677 tunc
513 4621 706 4682 feritur
752 4639 767 4676 :
819 4620 1032 4695 quando
1080 4618 1310 4677 vinxerit
1367 4620 1457 4672 Dei
1522 4632 1736 4684 servos,
1792 4629 1917 4675 tunc

320 4715 564 4773 maxime
592 4712 785 4766 crescit
807 4710 1048 4765 verbum.
1083 4710 1212 4764 Vide
1232 4719 1409 4764 autem
1434 4712 1537 4763 hoc
1562 4709 1756 4778 ubique
1778 4710 1912 4763 ﬁeri.

319 4805 553 4858 Vinctus
580 4803 709 4865 fuit,
739 4810 792 4855 ct
824 4801 937 4855 hate
960 4801 1084 4854 fecit
1120 4800 1171 4853 in
1211 4815 1428 4854 carcere
1452 4817 1465 4851 :
1491 4798 1558 4852 In
1585 4802 1712 4869 ipsis
1732 4802 1872 4855 enim
1897 4843 1913 4869 ,

322 4900 519 4965 inquit,
545 4894 760 4946 vinculis
782 4890 1095 4961 nieis(lbid.
1125 4891 1176 4944 l.
1206 4891 1296 4960 7).
1332 4890 1551 4944 Vinctus
1577 4889 1673 4945 fuit
1704 4890 1913 4957 Retine,

322 4997 380 5041 et
404 4986 587 5056 plures
618 4984 828 5037 induxit
858 4999 873 5036 :
902 4998 1008 5036 non
1039 4981 1181 5035 enim
1229 4983 1342 5050 ipse
1383 4981 1529 5035 solus
1577 4981 1876 5036 confidebat
1899 5023 1913 5047 ,

324 5076 424 5131 sed
450 5078 610 5131 etiam
633 5076 724 5129 alii
754 5072 908 5128 multi
940 5087 1034 5145 per
1073 5074 1265 5141 ipsum.
1321 5070 1542 5126 Vinctus
1570 5072 1664 5126 fuit
1703 5072 1918 5128 Jeroso-

328 5168 513 5236 lymis,
543 5177 593 5221 et
619 5167 835 5220 vinetus
860 5166 1185 5219 concionans
1233 5178 1410 5233 regem
1454 5164 1836 5232 obstupefecit,
1865 5175 1919 5218 et

330 5262 527 5315 timore
566 5260 745 5313 affecit
799 5256 1110 5328 przefectum
1142 5273 1155 5307 :
1188 5271 1309 5308 nam
1365 5256 1556 5309 timore
1608 5257 1913 5325 perculsus,

323 5366 459 5407 cum
486 5351 747 5414 ειιιδυιγίις
784 5363 884 5403 nec
906 5363 1028 5402 eum
1055 5346 1144 5416 qui
1180 5348 1421 5399 vinxerat
1450 5346 1639 5424 puduit
1682 5360 1711 5399 a
1742 5347 1919 5400 vincto

324 5443 540 5497 discere
558 5442 626 5496 de
650 5439 865 5494 futuris.
903 5437 1124 5491 Vinctus
1168 5436 1484 5505 navigabat,
1519 5444 1573 5488 ct
1600 5435 1759 5489 solvit
1784 5452 1917 5489 nau-

326 5531 554 5599 fragium
572 5573 587 5599 ,
618 5542 675 5585 et
694 5531 866 5584 vinxit
892 5537 1287 5598 tempestatem.
1311 5527 1445 5581 Cum
1486 5536 1629 5580 esset
1660 5527 1712 5581 in
1739 5530 1920 5581 vincu-

327 5622 400 5674 lis
428 5663 441 5682 .
466 5623 617 5676 illum
647 5620 823 5690 tetigit
852 5620 1019 5674 bestia
1046 5660 1061 5685 ,
1093 5628 1143 5672 et
1171 5632 1238 5671 eo
1282 5619 1500 5671 minime
1543 5618 1670 5670 laeso
1706 5619 1915 5672 cecidit.

328 5713 552 5767 Vinctus
601 5723 687 5767 est
732 5712 919 5767 Roma:
946 5750 960 5780 ,
988 5720 1041 5765 et
1074 5710 1281 5765 vinctus
1319 5710 1667 5763 concinnatus
1704 5710 1920 5761 attraxit

3556 406 3625 460 fis

2046 504 2458 558 imnnucrabilcs
2478 548 2491 566 ,
2524 522 2632 576 prie
2658 511 2906 566 omnibus
2934 512 3033 568 hoc
3078 516 3251 586 ipsum
3281 534 3583 591 proponens
3602 568 3617 593 ,

2037 608 2229 660 nempe
2258 605 2521 651 catenam.

2106 684 2294 740 Contra
2316 705 2493 743 avaros
2523 702 2569 743 et
2590 694 2740 762 plura
2778 695 2995 750 habendi
3020 701 3254 768 cupidos.
3278 732 3347 743 --
3375 704 3481 760 Sed
3513 723 3618 763 non

2036 777 2159 830 licet
2186 793 2347 843 nunc,
2380 781 2570 851 inquit,
2606 784 2791 839 vinciri
2819 790 3042 843 catenis.
3065 790 3169 846 Sed
3195 793 3299 848 alia
3322 806 3403 851 est
3430 810 3618 856 catena

2034 868 2079 921 si
2129 869 2371 925 velimus.
2400 871 2655 938 Qua-nam
2700 886 2878 932 autem
2930 881 3043 935 ha'c
3069 885 3194 937 est?
3235 885 3420 941 Manus
3448 893 3620 942 conti-
3672 902 3675 905 '

2034 975 2164 1015 nere
2182 1001 2197 1027 ,
2228 962 2293 1016 ad
2324 965 2599 1020 avaritiam
2622 979 2675 1022 et
2702 971 2850 1039 plura
2875 971 3105 1029 habendi
3141 978 3487 1048 cupiditatem
3510 998 3616 1036 non

2034 1066 2154 1106 esse
2184 1065 2418 1120 paratos.
2461 1056 2585 1112 llaec
2615 1069 2801 1114 catena
2836 1078 2933 1117 nos
2980 1065 3123 1133 ipsos
3151 1068 3445 1126 vinciamus
3478 1090 3491 1126 :
3521 1090 3618 1143 pro

2033 1142 2177 1196 fcrro
2206 1144 2276 1197 sit
2323 1146 2477 1201 nobis
2509 1149 2668 1204 timor
2697 1150 2812 1206 Dei.
2844 1153 3126 1209 Solvamus
3154 1174 3284 1224 eos,
3316 1162 3406 1230 qui
3455 1142 3613 1217 vincti

2031 1243 2188 1301 sunt,
2221 1250 2250 1291 a
2297 1249 2610 1309 paupertate
2636 1282 2650 1306 ,
2691 1245 2759 1296 ab
2800 1245 3111 1305 afﬂictione.
3156 1250 3269 1305 Non
3319 1265 3443 1308 sunt
3469 1257 3615 1325 paria

2031 1330 2240 1396 aperire
2265 1342 2442 1400 portas
2462 1336 2715 1403 carceris,
2739 1346 2794 1392 et
2810 1339 3066 1395 inclusam
3084 1342 3326 1400 relaxare
3345 1348 3575 1401 animam
3598 1368 3612 1403 :

2031 1436 2135 1475 non
2169 1433 2296 1476 sunt
2322 1424 2490 1493 paria,
2524 1427 2835 1483 vinctorum
2859 1432 3073 1488 solvere
3103 1435 3312 1490 vincula
3336 1479 3351 1503 ,
3381 1447 3436 1492 et
3481 1454 3611 1493 eou-

2030 1514 2183 1566 tritos
2212 1514 2491 1571 absolvere
2518 1517 2570 1570 in
2599 1520 2937 1577 remissione.
2986 1524 3098 1580 Hoc
3128 1526 3218 1582 illo
3265 1539 3349 1584 est
3395 1532 3567 1601 majus
3596 1551 3609 1587 :

2028 1618 2149 1655 ιιίιιιι
2183 1604 2323 1657 illius
2349 1605 2564 1674 quidem
2594 1610 2739 1663 nulla
2768 1623 2851 1666 est
2876 1630 3083 1671 merces
3113 1622 3382 1687 proposita
3404 1664 3419 1688 ,
3453 1623 3613 1693 hujus

2027 1707 2204 1749 autem
2236 1697 2674 1756 innumerabiles.
2697 1703 2876 1774 Longa
2907 1706 3007 1761 fuit
3028 1709 3175 1764 Pauli
3197 1724 3382 1769 catena
3405 1758 3419 1779 ,
3448 1727 3501 1772 et
3521 1719 3609 1773 ditt

2027 1787 2358 1859 multumque
2403 1807 2500 1845 nos
2532 1796 2698 1848 tenuit
2734 1817 2746 1850 :
2793 1808 2874 1851 est
2920 1800 3063 1854 enim
3106 1818 3289 1860 revera
3336 1808 3525 1881 longa,
3559 1798 3613 1869 et

2025 1880 2212 1947 quavis
2241 1890 2427 1936 catena
2461 1899 2619 1938 aurea
2669 1885 2966 1943 honestior.
3018 1891 3137 1962 Ipsa
3186 1896 3393 1954 vinctos
3440 1880 3609 1959 veluti

2023 1968 2250 2037 quadam
2274 1971 2519 2027 machina
2547 1975 2704 2029 trahit
2727 1977 2794 2031 ad
2824 1981 3035 2048 ewlum,
3061 1993 3115 2039 et
3135 1994 3401 2059 tamquam
3422 2005 3608 2050 catena

2023 2074 2184 2152 aurea
2216 2075 2469 2131 suspensa
2497 2064 2563 2119 ad
2590 2067 2777 2122 cazlum
2803 2086 3014 2128 sursum
3045 2076 3207 2132 trahit
3231 2097 3245 2133 :
3276 2090 3330 2136 et
3357 2085 3499 2152 quod
3525 2098 3608 2142 est

2025 2150 2361 2220 mirandum,
2395 2155 2605 2212 inferne
2634 2160 2807 2216 vincta
2836 2163 3045 2221 vinctos
3065 2184 3279 2226 sursum
3309 2150 3488 2230 trahit.
3514 2180 3609 2234 At-

2023 2242 2111 2312 qui
2161 2259 2265 2298 non
2296 2255 2379 2300 est
2405 2246 2520 2302 hate
2567 2265 2743 2304 rerum
2787 2262 3012 2323 natura;
3062 2259 3156 2315 sed
3202 2265 3417 2333 quando
3469 2269 3608 2326 Deus

2022 2333 2358 2390 administrat
2386 2353 2448 2391 ac
2475 2339 2765 2408 dispensat,
2799 2360 2865 2397 ne
2896 2363 3106 2415 qum-ras
3132 2365 3311 2408 rerum
3339 2366 3603 2427 naturam,

2023 2438 2197 2494 neque
2223 2432 2695 2498 consequentiam,
2729 2434 2824 2488 sed
2855 2451 2976 2506 qua:
3006 2450 3133 2495 sunt
3157 2457 3318 2514 supra
3362 2457 3605 2506 naturam

2023 2525 2077 2570 ct
2094 2522 2555 2588 consequentiam.
2579 2523 2854 2579 Discamus
2881 2528 2933 2581 in
2954 2528 3333 2592 afﬂictionibus
3359 2554 3463 2595 non
3509 2543 3605 2597 de-

2016 2604 2108 2676 jiei
2127 2647 2141 2671 ,
2175 2624 2271 2705 nec
2299 2625 2439 2678 argve
2467 2613 2629 2705 ferre.
2660 2614 2787 2669 Vide
2808 2621 2951 2673 enim
2993 2620 3133 2677 hunc
3154 2624 3365 2684 beatum
3389 2648 3402 2684 :
3430 2632 3606 2705 ﬂagris

2021 2713 2192 2793 camus
2215 2699 2389 2793 fuerat
2414 2712 2464 2754 et
2512 2703 2667 2758 valde
2693 2720 2900 2772 casus;
2934 2708 3129 2768 Multas
3176 2718 3318 2771 enim
3343 2760 3359 2786 ,
3406 2699 3601 2793 inquit,

2022 2788 2203 2859 plagas
2229 2792 2275 2843 ei
2298 2794 2613 2862 impatientes
2634 2794 2654 2867 (
2672 2795 2785 2849 Act.
2811 2799 2898 2853 16.
2925 2799 3064 2872 25):
3093 2812 3148 2859 et
3172 2807 3381 2865 vinctus
3408 2788 3602 2882 fuerat,

2022 2882 2181 2952 idque
2224 2900 2410 2939 rursus
2435 2887 2618 2953 valde;
2674 2891 2724 2943 in
2782 2891 3088 2951 interiorem
3128 2900 3272 2955 enim
3306 2908 3603 2963 custodiam

2019 2987 2142 3027 eum
2172 2974 2385 3045 injecit,
2408 2977 2569 3049 idque
2596 2980 2817 3036 firmiter
2841 2993 2895 3038 et
2917 2996 2973 3041 ut
2991 2998 3133 3043 esset
3153 2990 3206 3044 in
3232 3002 3362 3049 tuto.
3390 2995 3457 3049 Et
3480 3013 3603 3054 cum

2020 3067 2072 3121 in
2121 3078 2226 3122 tam
2284 3070 2466 3125 multis
2515 3084 2660 3128 esset
2715 3075 3148 3147 difficultatibus,
3203 3086 3377 3140 media
3409 3101 3599 3157 nocte,

2019 3158 2232 3227 quando
2259 3161 2419 3214 etiam
2448 3162 2723 3219 dormiunt
2766 3168 2856 3236 qui
2902 3170 3057 3226 valde
3099 3184 3227 3229 sunt
3271 3185 3599 3247 experrecti,

2021 3250 2272 3318 imposito
2300 3253 2459 3307 etiam
2483 3255 2672 3323 majori
2703 3259 2914 3313 vinculo
2933 3303 2948 3327 ,
2980 3278 3174 3335 nempe
3198 3283 3388 3325 somno
3406 3314 3421 3339 ,
3444 3290 3603 3329 cane-

2020 3340 2151 3395 bant
2178 3352 2233 3396 et
2263 3342 2548 3399 laudabant
2584 3347 2883 3404 Dominum.
2927 3352 3064 3419 Quid
3113 3355 3195 3411 his
3224 3360 3414 3415 animis
3442 3362 3603 3419 fuerit

2021 3433 2189 3528 magis
2216 3433 2661 3528 adamantinum?
2705 3439 3019 3510 Cogitabam
3040 3449 3180 3517 quod
3213 3454 3365 3520 pueri
3394 3472 3603 3528 quoque

2018 3524 2283 3578 canebant
2306 3526 2360 3580 in
2388 3527 2506 3597 igne
2546 3540 2597 3583 et
2629 3531 2680 3583 in
2711 3532 2923 3589 fornace
2964 3553 2977 3588 :
3008 3537 3232 3596 fortasse
3286 3524 3603 3615 reputabant

2019 3615 2279 3681 dicentes,
2308 3618 2418 3674 Nos
2448 3620 2576 3675 nihil
2600 3622 2772 3678 adhuc
2803 3626 2905 3682 tale
2929 3631 3067 3697 passi
3095 3645 3300 3691 sumus.
3325 3636 3429 3692 Sed
3458 3652 3603 3696 recte

2019 3720 2079 3760 se
2099 3722 2291 3777 gerens
2315 3713 2504 3777 oratio,
2559 3728 2657 3768 nos
2686 3714 2751 3768 ad
2780 3716 2882 3771 alia
2912 3735 3099 3776 rursus
3132 3724 3352 3785 abduxit
3393 3730 3601 3795 vincula

2021 3807 2077 3851 et
2103 3799 2268 3853 alium
2290 3816 2585 3858 carcerem.

2090 3892 2144 3947 8.
2174 3892 2308 3967 Quid
2337 3909 2485 3971 agam
2503 3901 2527 3950 ξ’
2552 3898 2670 3953 volo
2695 3910 2889 3969 tacere,
2913 3904 3008 3960 sed
3029 3923 3133 3963 non
3169 3925 3404 3980 possum.
3427 3916 3601 3971 Alium

2020 3986 2197 4077 iuveni
2229 4002 2495 4044 carcerem
2528 3990 2618 4044 illo
2638 3994 3109 4070 admirabiliorem,
3144 4012 3198 4056 et
3226 4006 3314 4074 qui
3346 4009 3603 4077 majorem

2020 4074 2173 4131 affert
2195 4086 2486 4153 stuporem.
2532 4080 2635 4135 Sed
2671 4098 2813 4137 nunc
2842 4085 2971 4140 mihi
3000 4094 3303 4162 exsurgite,
3338 4074 3602 4168 tamquam

2021 4183 2162 4223 nunc
2205 4170 2418 4239 incipiat
2448 4174 2641 4235 oratio,
2691 4178 3003 4247 vegetisque
3030 4197 3172 4236 nunc
3216 4187 3455 4242 accedite
3484 4196 3599 4253 ani-

2022 4261 2143 4315 mis.
2180 4261 2313 4315 Volo
2342 4273 2569 4334 emptam
2600 4266 2989 4337 interrumpere
3015 4273 3338 4340 orationem;
3371 4292 3431 4331 ea
3476 4296 3604 4335 vero

2022 4367 2126 4405 non
2158 4353 2305 4406 sinit.
2339 4352 2468 4406 Nam
2494 4364 2550 4408 ut
2578 4359 2726 4425 quis,
2753 4358 2877 4411 dmn
2908 4360 3060 4427 bibit,
3093 4378 3197 4417 non
3228 4382 3414 4435 passus
3442 4370 3603 4427 fuerit

2024 4442 2375 4537 interrumpi,
2400 4444 2654 4537 quidquid
2684 4448 2731 4500 ei
2762 4451 3133 4506 renuntietur:
3166 4454 3237 4508 ita
3268 4472 3368 4527 ego
3392 4474 3602 4537 quoque

2021 4534 2358 4603 apprehenso
2409 4536 2703 4591 admirabili
2758 4542 2990 4595 carceris
3039 4544 3232 4610 poculo
3280 4534 3465 4607 eorum
3512 4556 3600 4622 qui

2021 4626 2183 4680 vincti
2211 4636 2335 4681 sunt
2365 4639 2581 4697 propter
2627 4630 2895 4687 Christum
2918 4673 2933 4699 ,
2966 4650 3071 4689 non
3109 4652 3325 4708 possunt
3354 4659 3601 4715 cessare,

2023 4734 2128 4772 non
2154 4733 2370 4788 possunt
2400 4719 2579 4774 silere.
2625 4720 2755 4775 Nam
2784 4724 2827 4776 si
2877 4724 2992 4793 ipse
3019 4729 3070 4780 in
3122 4744 3341 4788 carcere
3370 4744 3421 4788 et
3451 4749 3604 4793 INK‘IC

2023 4825 2128 4864 non
2152 4808 2316 4877 siluit,
2341 4825 2440 4864 nec
2468 4810 2519 4864 in
2552 4812 2776 4881 flagellis
2810 4830 2946 4885 :ego
2971 4817 3140 4873 silebo
3166 4821 3361 4877 sedens
3388 4841 3507 4880 cum
3536 4830 3606 4883 sit

2022 4899 2137 4953 dies
2156 4940 2171 4965 ,
2201 4910 2254 4952 et
2283 4900 2334 4953 in
2366 4901 2533 4955 multo
2553 4902 2665 4955 otio
2694 4902 2914 4972 loquens
2933 4915 2986 4960 et
3005 4909 3202 4976 quiete,
3230 4925 3351 4965 cum
3378 4912 3477 4967 hoc
3499 4933 3603 4970 non

2023 4993 2329 5047 usuvenerit
2354 4993 2416 5047 iis
2446 4995 2536 5065 qui
2563 4996 2721 5049 vincti
2743 5036 2757 5063 ,
2790 4998 2879 5068 qui
2911 4997 3087 5069 ﬂagris
3125 5003 3249 5056 caesi
3275 5003 3519 5072 fuerant,
3549 5020 3604 5064 et

2025 5083 2198 5138 media
2225 5083 2415 5137 nocte?

2098 5175 2175 5231 De
2197 5176 2353 5229 tribus
2377 5178 2565 5245 pueris.
2589 5207 2660 5218 —-
2680 5178 2834 5234 Pueri
2863 5197 2970 5236 non
2998 5183 3224 5237 silebant
3246 5185 3297 5238 in
3321 5184 3535 5245 fornace
3554 5202 3607 5245 et

2026 5269 2146 5337 igne
2172 5265 2347 5343 (Dan.
2377 5268 2446 5334 ὅ)
2468 5310 2482 5334 ,
2514 5272 2567 5323 et
2594 5285 2691 5324 nos
2718 5287 2820 5324 non
2852 5273 3070 5342 pudebit
3097 5274 3293 5329 silere?
3318 5276 3608 5335 Videamus

2026 5374 2154 5428 ergo
2176 5359 2316 5413 hunc
2334 5374 2625 5415 carcerein.
2653 5362 2748 5415 llic
2773 5377 2985 5431 quoque
3013 5364 3173 5417 vincti
3196 5378 3352 5433 sunt;
3384 5372 3479 5426 sed
3501 5385 3607 5426 sta-

2028 5450 2121 5503 tim
2144 5450 2211 5503 ab
2239 5449 2459 5504 exordio
2487 5453 2874 5506 ostendebatur
2901 5452 3040 5519 quod
3063 5469 3169 5508 non
3193 5470 3373 5513 essent
3395 5463 3603 5528 urendi,

2028 5540 2122 5593 sed
2144 5540 2294 5608 quasi
2322 5541 2566 5595 intraturi
2596 5542 2647 5594 in
2670 5557 2961 5596 earccrcm.
2992 5544 3104 5599 Cur
3125 5558 3301 5603 autem
3333 5566 3427 5605 eos
3456 5553 3605 5621 ligas,

2028 5633 2115 5703 qui
2146 5641 2271 5684 sunt
2310 5633 2701 5686 comburendi?
2759 5634 2929 5689 Vincti
2974 5648 3160 5704 erant,
3205 5642 3341 5695 sicut
3373 5643 3605 5710 Paulus,

2029 5722 2250 5791 pedibus
2280 5732 2333 5776 et
2359 5724 2599 5777 tuanibus
2633 5742 2645 5777 :
2680 5725 2843 5780 vincti
2871 5739 3023 5783 erant
3069 5746 3172 5785 non
3214 5734 3402 5788 ntinori
3449 5736 3525 5789 ira
3556 5750 3609 5790 et

2034 5815 2231 5869 furere.
2262 5814 2393 5869 Nam
2419 5825 2475 5871 et
2504 5817 2590 5872 ille
2618 5818 2798 5887 injecit
2839 5821 2890 5873 in
2932 5821 3238 5877 interiorem
3279 5826 3606 5893 custodiam,
