4080 6218
508 362 577 417 67
1207 359 1263 413 S.
1303 357 1580 412 JUANNIS
1617 358 2086 415 cnntsosrottt
2127 363 2437 417 ARCHIEP.
2479 365 3007 423 LUNSTAN'I‘l‘NOl’.
3702 373 3768 420 illi

505 487 561 533 et
586 477 712 532 hinc
736 475 894 546 jussit
926 474 1074 528 valde
1103 473 1316 527 accendi
1341 473 1632 526 fornacem.
1668 471 1770 526 Sed
1812 471 2083 526 videamus

506 585 625 640 qum
643 578 767 624 sunt
785 577 1131 635 consequuta.
1155 564 1260 618 Illis
1279 564 1503 633 hymnos
1527 562 1841 616 canentibus
1861 577 2082 618 concias

505 677 595 716 sus
621 669 706 715 est
731 674 939 723 carcer,
967 665 1022 710 et
1047 665 1244 724 apertae
1265 664 1390 707 sunt
1421 664 1587 722 portae
1615 671 1628 706 :
1659 663 1716 708 et
1745 653 1826 708 his
1857 652 2082 723 hymnos

505 750 818 807 canentibus
870 749 1043 802 soluta
1078 754 1206 799 sunt
1251 745 1460 800 vincula
1493 743 1684 814 pedum
1711 753 1764 798 et
1803 760 2078 811 tnanuum,

503 852 728 908 apertus.
748 849 830 894 est
859 853 1062 902 carcer,
1103 845 1158 890 et
1183 846 1382 905 apertae
1409 846 1533 890 sunt
1579 847 1746 905 porta:
1801 838 2032 891 l'omacis
2065 853 2079 888 :

501 931 752 986 sibilabat
777 928 924 983 enim
967 942 1054 981 ros
1081 926 1336 996 Spiritus.
1385 926 1757 980 Verumtamen
1790 941 1872 982 me
1914 926 2081 980 multa

502 1019 878 1076 circumﬂuunt
908 1035 921 1072 :
953 1019 1135 1073 nescio
1159 1017 1416 1086 quidnam
1447 1017 1674 1086 primum
1704 1016 1899 1082 dicam,
1929 1015 2083 1086 quid-

501 1127 624 1168 nam
660 1111 952 1167 secundum
981 1128 994 1163 :
1029 1110 1148 1166 ideo
1175 1124 1304 1179 rogo
1322 1124 1389 1164 ne
1418 1109 1538 1178 quis
1564 1124 1592 1162 a
1619 1125 1706 1164 me
1733 1109 1910 1178 exigat
1933 1109 2080 1162 ordi-

501 1219 656 1268 nem;
684 1211 767 1258 est
796 1203 938 1257 enim
965 1217 1146 1256 rerum
1174 1200 1339 1256 multa
1369 1200 1634 1270 cognatio.
1655 1198 1826 1254 Soluti
1839 1209 1966 1254 sunt
1991 1199 2079 1268 qui

497 1311 620 1352 cum
635 1296 717 1351 eis
737 1295 898 1350 vincti
920 1293 1150 1358 fuerant,
1171 1292 1266 1348 sed
1291 1301 1464 1353 tamen
1485 1291 1824 1346 dormiebant
1846 1306 1860 1345 :
1885 1290 1971 1344 hic
1986 1306 2082 1346 au-

499 1396 606 1442 tem
627 1402 721 1456 pro
748 1387 811 1440 iis
830 1385 1028 1455 aliquid
1051 1383 1192 1440 aliud
1213 1384 1410 1439 factum
1427 1392 1510 1437 est
1527 1401 1540 1435 :
1561 1383 1825 1438 combusti
1843 1392 1966 1437 sunt
1989 1383 2078 1451 qui

498 1495 593 1536 eos
625 1477 950 1548 injiciebant.
975 1477 1082 1532 Sed
1110 1477 1250 1546 quod
1275 1476 1522 1531 volebam
1551 1474 1753 1542 dicere,
1776 1473 1910 1529 vidit
1929 1475 2077 1534 solu-

501 1585 582 1626 los
615 1586 728 1634 rex,
759 1581 814 1625 et
841 1578 964 1624 ante
993 1584 1088 1624 eos
1112 1567 1374 1638 procidit:
1399 1566 1530 1621 vidit
1555 1568 1782 1637 hymnos
1800 1575 2074 1632 canentes,

497 1673 552 1716 et
597 1672 823 1730 quatuor
867 1659 998 1714 vidit
1025 1659 1360 1716 ambulantes
1385 1699 1399 1723 ,
1431 1666 1486 1715 et
1527 1658 1740 1712 vocavit
1775 1671 1889 1711 eos.
1930 1655 2080 1711 Sicut

496 1769 626 1822 ergo
655 1751 849 1806 Paulus
871 1765 976 1804 non
1005 1750 1298 1814 exivisset,
1331 1749 1429 1803 etsi
1462 1757 1675 1818 posset,
1701 1748 1800 1802 nisi
1829 1749 1916 1818 qui
1944 1749 2078 1816 inje-

497 1850 645 1895 cerat
672 1857 794 1896 eum
841 1849 1117 1904 vocasset,
1149 1850 1204 1895 et
1231 1840 1506 1895 eduxisset
1533 1857 1546 1892 :
1576 1841 1649 1894 ita
1696 1854 1794 1894 nec
1841 1839 1917 1894 illi
1967 1849 2074 1894 tres

495 1931 645 2001 pueri
676 1931 953 1997 exierunt,
987 1930 1158 1985 donec
1187 1930 1233 1984 is
1254 1931 1343 2000 qui
1370 1929 1551 1999 injecit
1563 1929 1723 1998 jussit
1749 1929 1914 1984 exire.
1937 1928 2073 1996 Quid

493 2039 557 2079 ex
586 2022 690 2078 hoc
714 2021 1009 2079 discimus?
1037 2021 1155 2078 Non
1206 2021 1459 2076 festinare
1505 2020 1575 2078 ad
1621 2035 1920 2086 aerumnas,
1975 2034 2075 2074 nec

493 2129 783 2185 properare
810 2112 878 2168 ad
907 2111 1262 2178 afﬂictiones;
1292 2126 1391 2168 nec
1419 2125 1606 2168 rursus
1631 2111 1682 2165 in
1705 2112 1785 2165 eis
1814 2126 2030 2166 manere
2052 2151 2066 2175 ,

491 2211 539 2266 si
560 2209 667 2266 sint
686 2209 775 2280 qui
797 2209 1028 2262 solvant.
1057 2206 1162 2262 Sed
1191 2206 1280 2261 ille
1305 2205 1520 2275 quidem
1544 2204 1768 2274 procidit
1787 2203 1854 2258 ad
1877 2204 2066 2273 pedes;

490 2309 702 2371 poterat
722 2301 870 2356 enim
896 2298 1103 2371 ingredi
1125 2299 1212 2354 ubi
1233 2308 1386 2354 erant
1405 2297 1573 2354 sancti
1605 2315 1617 2350 :
1643 2296 1730 2354 hic
1750 2307 1925 2351 autem
1948 2312 2068 2351 cum

494 2391 731 2448 venisset
753 2391 820 2450 ad
847 2391 1042 2446 ostium
1065 2431 1080 2457 ,
1109 2391 1256 2445 stetit
1292 2407 1304 2443 :
1333 2404 1440 2444 non
1471 2389 1702 2446 audebat
1741 2389 1884 2442 enim
1913 2401 2068 2441 acce-

489 2485 618 2540 dere
645 2483 712 2541 ad
736 2497 856 2540 eum
885 2483 976 2552 qui
991 2483 1139 2537 intus
1155 2491 1269 2534 erat
1290 2495 1580 2546 carcerem,
1605 2495 1764 2549 quem
1791 2478 1918 2547 ipsis
1942 2491 2069 2531 con-

491 2583 781 2641 struxerat
791 2587 886 2642 per
913 2573 1111 2643 ignem.
1139 2570 1517 2640 Contemplare
1545 2579 1722 2624 autem
1749 2567 1930 2622 verba.
1975 2568 2068 2620 llle

486 2667 616 2724 dicit
643 2685 656 2721 :
693 2665 925 2732 Domini,
958 2664 1080 2734 quid
1106 2680 1186 2718 me
1209 2671 1402 2733 Oportet
1429 2666 1594 2733 facere
1613 2702 1626 2726 ,
1655 2671 1708 2714 ut
1736 2661 1832 2714 sim
1856 2659 2023 2720 salvus
2043 2660 2068 2711 ?

485 2760 584 2816 llic
606 2760 694 2814 ille
715 2775 819 2814 non
843 2773 965 2814 (mm
1004 2766 1146 2812 tanta
1172 2757 1386 2825 quidem
1414 2754 1708 2808 humilitate
1726 2795 1742 2822 ,
1764 2768 1948 2808 vocem
1970 2768 2062 2806 au-

485 2861 592 2906 tem
623 2851 800 2906 emisit
827 2864 932 2905 non
965 2849 1140 2902 minus
1159 2845 1455 2916 jucundam
1487 2862 1500 2896 :
1535 2845 1753 2908 .Sidrac,
1799 2843 1990 2909 Misac,
2019 2853 2065 2895 et

483 2942 756 3012 Abdewago
777 2938 804 3007 ,’
838 2939 968 2994 serui
1024 2938 1120 2992 Dei
1179 2936 1398 3000 excelsi,
1458 2936 1774 3006 egredimini,
1817 2946 1864 2989 et
1910 2937 2066 2990 venite

483 3038 500 3102 (
523 3033 723 3088 Daniel.
751 3033 806 3087 ὅ.
837 3047 886 3085 υ.
909 3029 1034 3099 95).
1057 3029 1277 3100 Magnus
1307 3031 1478 3084 honor
1502 3046 1516 3082 :
1545 3027 1694 3083 Servi
1720 3027 1818 3082 Dei
1838 3029 2020 3084 excelsi
2043 3070 2059 3095 ,

481 3124 798 3194 egredimini,
817 3132 860 3176 et
878 3121 1052 3176 venite.
1073 3120 1351 3187 Quomodo
1382 3118 1742 3190 egredientur,
1765 3133 1798 3174 ο
1814 3120 1934 3174 rex?
1951 3120 2064 3176 vin-

479 3223 598 3274 ctos
618 3213 844 3283 iniecisti
870 3213 924 3269 in
943 3213 1119 3283 ignem
1155 3231 1169 3266 :
1195 3220 1302 3270 tam
1326 3212 1484 3281 longe
1513 3219 1753 3282 tempore
1777 3208 1988 3264 fuerunt
2009 3211 2061 3265 in

482 3307 642 3376 igne?
671 3305 802 3360 Nam
823 3306 874 3359 si
904 3305 1126 3361 fuissent
1158 3303 1505 3369 adamantini,
1532 3302 1578 3356 si
1605 3302 1844 3357 materiai
1870 3303 2061 3356 metal-

482 3398 599 3458 licae
621 3437 638 3462 ,
668 3397 757 3466 qui
790 3404 957 3450 totum
984 3395 1132 3456 illum
1160 3394 1424 3450 canebant
1448 3393 1704 3465 hymnum
1725 3434 1740 3459 ,
1769 3408 1944 3448 annon
1971 3410 2064 3463 pe-

480 3489 732 3548 riissem?
757 3489 983 3559 Propter
1005 3486 1108 3542 hoc
1134 3488 1306 3556 ipsum
1333 3486 1468 3541 salvi
1513 3486 1759 3552 fuerunt,
1791 3486 1932 3556 quod
1961 3487 2061 3558 hy-

482 3594 637 3638 nmos
661 3563 938 3639 canerent,
975 3577 1152 3633 Animi
1201 3591 1388 3631 eorum
1429 3575 1755 3632 alacritatem
1801 3578 2061 3632 reveritus

479 3679 563 3726 est
588 3670 722 3740 ignis
754 3688 766 3723 :
794 3667 1053 3722 reveritus
1083 3674 1166 3720 est
1189 3666 1349 3723 etiam
1376 3666 1640 3718 canticum
1671 3666 1798 3720 illud
1827 3666 2060 3725 admira-

482 3761 587 3817 bile
615 3769 668 3812 et
698 3759 945 3828 hymnos.
987 3756 1267 3821 Quomodo
1296 3771 1389 3810 eos
1419 3757 1619 3810 vocas?
1649 3757 1879 3810 Primum
1902 3759 2010 3812 dixi
2043 3775 2056 3812 :

481 3846 626 3911 Serui
653 3845 748 3898 Dei
764 3846 943 3899 excelsi
967 3860 984 3898 :
1009 3845 1188 3898 omnia
1217 3844 1358 3898 enim
1386 3854 1609 3912 possunt
1629 3844 1722 3900 Dei
1745 3847 1904 3914 servi.
1927 3846 2058 3904 Nam

480 3940 525 3993 si
553 3946 677 3992 sunt
705 3936 867 4005 aliqui
891 3937 1027 3990 servi
1052 3935 1348 4001 hominum,
1372 3945 1425 3989 et
1455 3935 1508 3988 in
1537 3935 1694 3990 rebus
1722 3935 1929 3993 illorum
1954 3953 2059 3991 nun

481 4028 740 4088 minorem
769 4026 964 4081 habent
990 4035 1329 4095 potestatem,
1349 4025 1628 4094 Imperium
1649 4035 1702 4080 et
1717 4025 2058 4081 administra-

481 4121 680 4180 tionem
701 4161 716 4182 ,
743 4119 1097 4188 multomagis
1121 4119 1262 4172 servi
1281 4119 1395 4177 Dei.
1433 4117 1626 4172 Vocem
1661 4120 1838 4177 emisit
1862 4120 2058 4189 jucun-

477 4212 755 4274 dissimam
789 4227 801 4264 :
827 4211 1030 4266 sciebat
1054 4225 1113 4266 se
1134 4225 1195 4265 ea
1213 4211 1442 4266 maxime
1470 4211 1597 4281 ipsis
1622 4215 1902 4274 assentari.
1925 4214 2056 4270 Nam

479 4307 564 4373 si,
597 4315 654 4359 ut
681 4304 821 4362 servi
872 4305 967 4360 Dei
1000 4312 1315 4367 manerent,
1349 4303 1400 4362 in
1448 4305 1620 4373 ignem
1649 4315 1774 4360 sunt
1800 4306 2053 4376 ingressi,

480 4417 587 4458 non
613 4409 728 4454 erat
755 4399 860 4452 alia
880 4414 983 4454 vox
1015 4397 1113 4456 hac
1133 4397 1417 4466 jucundior
1449 4415 1463 4452 :
1490 4413 1596 4453 non
1621 4399 1663 4452 si
1701 4414 1794 4453 eos
1819 4410 2060 4454 vocasset

480 4507 631 4562 reges
650 4531 665 4557 ,
699 4507 802 4546 non
826 4489 870 4543 si
900 4487 1143 4544 dominos
1173 4488 1316 4547 orbis
1343 4497 1496 4542 terra:
1517 4529 1530 4553 ,
1563 4497 1704 4543 tanta
1737 4505 1830 4543 eos
1855 4491 2061 4544 all’eeis-

479 4594 561 4637 set
583 4583 848 4653 voluptate
867 4623 883 4648 ,
913 4590 1111 4652 quanta
1133 4597 1252 4637 cmn
1275 4582 1354 4638 eis
1373 4582 1538 4647 dixit,
1567 4582 1712 4637 Servi
1736 4583 1834 4636 Dei
1854 4585 2055 4639 excelsi.

479 4674 550 4731 Et
578 4675 703 4744 quid
742 4675 992 4728 miraris?
1019 4674 1098 4728 Ad
1127 4690 1371 4744 magnam
1401 4676 1544 4729 enim
1569 4675 1786 4738 urbem,
1817 4693 1936 4744 qua:
1965 4691 2056 4730 or-

479 4767 561 4824 bis
607 4775 764 4820 terra:
812 4763 1087 4819 obtinebat
1130 4764 1494 4831 dominatum,
1551 4774 1605 4819 ct
1645 4765 1732 4819 cui
1771 4766 2058 4820 auctoritas

477 4871 700 4928 magnos
743 4855 970 4911 faciebat
1009 4855 1265 4924 spiritus,
1311 4857 1506 4912 Paulus
1549 4857 1789 4913 scribens
1836 4856 1938 4910 hoc
1963 4872 2058 4926 po-

475 4954 614 5016 suit,
661 4949 884 5020 utquod
934 4947 1174 5017 dignitati
1212 4962 1275 5002 ex
1326 4947 1622 5016 aequilibrio
1668 4949 2056 5017 responderet,

479 5046 586 5098 imo
609 5056 739 5098 vero
768 5051 818 5096 et
845 5039 1122 5095 consulatu
1143 5047 1196 5092 et
1223 5054 1386 5108 regno
1413 5049 1467 5092 ct
1485 5040 1629 5093 orbis
1657 5051 1810 5096 terra:
1835 5041 2056 5113 imperio

475 5136 632 5204 longe
649 5131 826 5202 majus
839 5142 999 5200 atque
1021 5129 1155 5186 adeo
1178 5130 1662 5198 incomparabiliter
1681 5135 1850 5202 majus
1876 5147 2013 5190 esset
2038 5153 2052 5201 ;

477 5225 676 5282 Paulus
724 5241 895 5285 servus
946 5221 1073 5277 leni
1109 5221 1296 5276 Christi
1348 5220 1532 5294 (Rom.
1561 5226 1611 5277 i.
1639 5226 1662 5278 l
1691 5226 1728 5292 ).
1787 5227 1932 5279 Serui
1960 5225 2056 5279 Dei

477 5317 676 5369 excelsi.
705 5315 760 5370 Si
788 5317 955 5379 enim,
1005 5313 1208 5386 inquit,
1242 5319 1444 5367 tantum
1490 5325 1689 5382 ponunt
1719 5316 1952 5370 studium
1998 5327 2057 5371 ut

475 5405 586 5460 sint
611 5405 788 5470 servi,
811 5405 1030 5460 omnino
1049 5405 1127 5461 eis
1157 5405 1256 5458 hoc
1286 5404 1738 5474 persuadebimus.
1773 5407 1902 5462 Vide
1927 5424 2054 5478 ergo

475 5494 634 5548 etiam
661 5508 944 5561 puerorum
970 5495 1216 5562 pietatem
1253 5511 1265 5548 :
1305 5508 1409 5548 non
1434 5507 1853 5550 succensuerunt
1879 5513 2052 5567 neque

473 5584 594 5648 irati
623 5591 747 5638 sunt
791 5597 962 5652 neque
1001 5585 1463 5649 contradixerunt,
1512 5585 1605 5639 sed
1654 5589 1853 5655 egressi
1904 5597 2045 5642 sunt.

473 5675 602 5731 Nam
632 5675 678 5729 si
703 5673 1018 5744 supplicium
1047 5676 1436 5733 existimassem
1459 5719 1473 5744 ,
1495 5677 1634 5746 quod
1659 5678 1837 5746 injecti
1865 5691 2044 5734 essent

473 5770 527 5832 in
556 5770 824 5830 tornacem
852 5801 862 5816 -.
909 5771 1337 5836 succensuisscnt
1368 5773 1414 5826 ei
1457 5773 1542 5839 qui
1586 5770 1836 5840 iujecerat
1868 5788 2044 5827 :nunc

2189 485 2365 530 autem
2393 476 2520 529 nihil
2553 478 2775 545 horum;
2825 483 2916 535 sed
2964 484 3032 536 ita
3077 484 3321 538 exierunt
3376 495 3640 556 tamquam
3681 494 3768 557 qui

2191 565 2462 632 prodirent
2503 585 2533 621 e
2561 569 2692 622 cado
2721 587 2733 622 :
2763 580 2819 622 et
2859 571 2994 636 quod
3023 571 3092 625 de
3137 573 3250 628 sole
3295 575 3425 628 dicit
3477 579 3730 646 prophta
3752 624 3764 645 ,

2192 653 2468 722 Tamquam
2492 672 2710 724 sponsus
2737 660 3008 726 procedens
3031 677 3057 712 e
3083 662 3304 715 thalamo
3347 682 3438 717 suo
3465 668 3481 736 (
3507 666 3648 720 Psal.
3681 672 3762 725 18.

2190 743 2289 811 6),
2325 743 2426 798 hoc
2452 745 2608 802 etiam
2636 748 2811 817 quide
2832 748 2910 802 eis
2931 750 3158 818 dixerit,
3189 767 3292 806 non
3317 756 3596 810 aberrarit.
3625 757 3740 824 Quo

2189 836 2385 889 modo?
2443 838 2534 892 Illo
2581 840 2656 892 sic
2686 841 3010 911 procedente
3063 843 3162 913 ipsi
3215 854 3339 900 tunc
3395 863 3766 915 processerunt

2187 925 2534 994 splendidius.
2585 927 2716 983 Nam
2772 929 2885 997 ipse
2931 931 3146 1001 quidem
3179 935 3533 1003 procedebat,
3579 939 3762 995 orbem

2190 1025 2347 1071 terra:
2377 1018 2648 1073 illustrans
2671 1021 2854 1075 sensili
2888 1023 3117 1087 lumine,
3151 1025 3225 1079 illi
3257 1041 3381 1080 vero
3401 1027 3554 1083 aliter
3578 1031 3763 1086 orbem

2190 1114 2343 1160 terrae
2403 1105 2796 1174 illuminantes,
2853 1127 3046 1181 nempe
3094 1115 3354 1182 spirituali
3401 1117 3580 1174 modo.
3629 1120 3759 1182 Nam

2187 1207 2405 1266 propter
2434 1198 2576 1267 ipsos
2604 1215 2698 1256 rex
2729 1201 2908 1256 statim
2940 1204 3081 1257 misit
3125 1206 3434 1274 decretum,
3481 1211 3618 1279 quod
3649 1211 3762 1269 ha:c

2188 1288 2351 1343 verba
2378 1289 2716 1344 continebat:
2738 1292 3256 1351 Placuerunteoram
3285 1315 3369 1354 me
3396 1301 3543 1370 signa
3567 1313 3619 1357 et
3635 1320 3758 1372 pro-

2185 1377 2346 1446 digia,
2378 1395 2496 1448 quae
2526 1378 2650 1435 fecit
2679 1381 2817 1436 Dens
2847 1384 3000 1437 nobis
3027 1387 3232 1438 ostendi
3261 1399 3525 1457 tamquam
3572 1409 3758 1463 magna

2185 1476 2239 1519 et
2263 1466 2416 1520 fortia
2441 1466 2615 1538 (Dan.
2650 1470 2701 1524 5.
2730 1470 2816 1526 99.
2847 1472 3002 1542 100).
3034 1472 3290 1530 Exierunt
3318 1479 3494 1546 itaque
3527 1483 3760 1550 splendi-

2183 1559 2309 1612 dum
2335 1562 2640 1617 emittentes
2666 1564 2871 1618 radiutn
2893 1605 2907 1629 ,
2930 1567 3017 1634 qui
3047 1567 3196 1621 laetus
3223 1569 3436 1638 quidem
3457 1583 3572 1626 erat
3598 1577 3754 1628 etiam

2185 1649 2235 1703 in
2265 1650 2393 1718 ipsis
2419 1651 2766 1722 regionibus:
2806 1656 3034 1710 maxime
3084 1666 3258 1712 autem
3302 1670 3511 1728 poterat
3566 1664 3757 1735 ubique

2181 1741 2403 1797 extendi
2445 1757 2540 1812 per
2591 1743 2775 1798 literas
2813 1745 3015 1813 regias,
3043 1757 3094 1800 et
3133 1748 3342 1804 solvere
3371 1752 3612 1808 tenebras
3639 1773 3755 1824 qua:

2181 1841 2336 1894 erant
2370 1833 2563 1902 ubique
2610 1844 2868 1889 extensae.
2922 1835 3273 1906 Egrednnini,
3323 1850 3370 1894 et
3416 1844 3591 1898 venite.
3639 1844 3753 1900 Non

2175 1922 2334 1991 juSsit
2387 1923 2659 1982 fornacem
2719 1925 3091 1996 exstinguere,
3145 1929 3239 1982 sed
3290 1929 3392 1986 hoc
3456 1935 3616 1988 etiam
3659 1952 3752 1992 eos

2179 2015 2410 2069 maxime
2441 2015 2754 2082 honoravit,
2800 2015 2938 2085 quod
2976 2018 3260 2074 crediderit
3293 2036 3386 2074 eos
3425 2037 3530 2076 non
3579 2024 3750 2080 solum

2179 2119 2336 2174 posse
2365 2106 2506 2158 intus
2531 2105 2833 2172 ambulare,
2862 2106 2956 2161 sed
2988 2107 3146 2168 etiam
3189 2124 3254 2163 eo
3292 2110 3512 2168 ardente
3551 2116 3749 2184 egredi.

2247 2196 2298 2253 .9.
2333 2195 2618 2251 Videamus
2641 2208 2818 2254 autem
2849 2239 2864 2264 ,
2897 2198 2938 2250 si
2972 2197 3144 2267 placet
3177 2240 3192 2266 ,
3224 2202 3382 2255 verba
3410 2218 3622 2274 quoque
3649 2221 3746 2260 cu-

2175 2288 2344 2342 stodis
2384 2289 2618 2344 carceris
2651 2304 2664 2340 :
2697 2287 2906 2343 Domini
2938 2329 2952 2352 ,
2984 2290 3104 2359 quid
3143 2307 3221 2344 me
3249 2303 3444 2362 oportet
3487 2299 3654 2364 facere
3694 2309 3750 2351 ut

2173 2380 2342 2434 salvus
2371 2378 2489 2445 ﬁam
2520 2377 2653 2449 (Act.
2689 2378 2774 2433 16.
2804 2378 2932 2449 '50)?
2986 2380 3119 2447 Quid
3146 2383 3243 2436 hac
3274 2398 3399 2438 \oce
3424 2384 3748 2453 jucundius!

2175 2469 2323 2525 Facit
2351 2472 2494 2539 ipsos
2520 2471 2738 2540 angelos
2766 2472 2982 2526 exsilire
3011 2492 3024 2526 :
3055 2484 3111 2526 ut
3140 2474 3274 2529 hanc
3300 2475 3509 2530 audiret
3539 2494 3743 2546 vocem,

2171 2577 2358 2616 servus
2383 2578 2594 2632 quoque
2623 2563 2793 2618 factus
2821 2572 2904 2618 est
2932 2565 3020 2618 Dei
3052 2565 3361 2634 Unigenitus
3383 2586 3396 2621 :
3419 2570 3556 2622 hanc
3589 2571 3746 2625 l'etro

2171 2657 2420 2710 dicebant.
2445 2671 2632 2711 vocem
2658 2657 2748 2726 qui
2775 2657 3123 2716 crediderunt
3151 2659 3218 2712 ab
3247 2659 3399 2713 initio
3433 2677 3444 2714 :
3495 2662 3629 2728 Quid
3659 2667 3741 2732 {a-

2169 2749 2354 2803 ciemns
2383 2758 2438 2802 ut
2471 2748 2600 2802 salvi
2632 2749 2832 2804 simus?
2863 2749 2929 2802 Et
2953 2749 3078 2817 quid
3107 2749 3275 2804 dicit?
3303 2750 3536 2818 Credite,
3570 2763 3623 2806 et
3649 2753 3743 2807 ba-

2171 2840 2442 2910 ptizemini
2486 2840 2505 2910 (
2532 2839 2671 2893 Ibid.
2701 2839 2756 2894 2.
2784 2840 2872 2894 57.
2907 2840 2975 2895 58
3005 2839 3045 2910 ).
3089 2840 3356 2896 Lubentcr
3385 2843 3545 2898 etiam
3578 2844 3628 2897 in
3653 2859 3746 2914 ge-

2173 2931 2400 2985 bennam
2431 2932 2714 2988 cecidisset
2743 2931 2940 2986 Paulus
2964 2973 2978 3000 ,
3011 2943 3067 2986 ut
3095 2932 3233 2995 hanc
3264 2950 3447 2989 vocem
3481 2935 3688 2990 audiret
3711 2953 3743 2995 ι

2167 3022 2386 3088 Jndieis,
2413 3032 2630 3094 propter
2655 3021 2978 3078 desiderium
3001 3039 3186 3078 eorum
3205 3024 3389 3079 salutis
3410 3033 3466 3079 et
3489 3011 3742 3080 obedien-

2170 3113 2276 3167 tiat.
2312 3111 2446 3168 Vide
2473 3121 2653 3168 autem
2677 3154 2693 3180 ,
2722 3113 2802 3168 eis
2832 3113 3093 3182 permittit
3125 3121 3293 3168 totum
3325 3153 3340 3180 ,
3371 3114 3504 3169 nihil
3534 3115 3745 3176 curiose

2169 3206 2409 3277 inquirit.
2444 3203 2735 3260 Videamus
2775 3214 2951 3259 autem
2983 3220 3102 3274 qua:
3140 3213 3458 3275 sequuntur.
3498 3205 3594 3259 llic
3636 3222 3744 3268 non

2167 3297 2294 3352 dicit
2329 3317 2343 3351 :
2388 3295 2461 3354 Ut
2502 3298 2681 3352 salvus
2716 3299 2836 3351 liam
2861 3338 2876 3362 ,
2922 3295 3015 3353 sed
3057 3298 3246 3366 quavis
3288 3312 3421 3353 voce
3454 3297 3648 3353 clarior
3688 3309 3746 3353 et

2166 3390 2466 3446 evidentior
2492 3391 2699 3445 exstitit
2725 3390 2990 3454 doctrina,
3024 3400 3079 3444 et
3107 3390 3286 3445 statim
3316 3389 3377 3445 lit
3406 3391 3741 3461 praedicator.

2166 3481 2282 3535 Non
2308 3494 2444 3551 opus
2473 3480 2632 3535 habet
2657 3490 2716 3535 ut
2740 3480 3006 3535 catechesi
3037 3481 3342 3539 instituatur
3361 3522 3375 3546 ,
3405 3483 3540 3538 sicut
3560 3493 3744 3538 custos

2165 3574 2434 3638 carceris;
2465 3571 2561 3628 sed
2584 3572 2758 3642 quid?
2791 3573 2954 3626 Deum
2991 3574 3260 3642 prmdicat,
3292 3584 3346 3627 et
3373 3573 3568 3628 fatetur
3591 3586 3743 3644 pote-

2166 3674 2362 3718 statem
2392 3680 2408 3718 :
2442 3663 2499 3718 In
2529 3663 2758 3722 veritate
2791 3663 2913 3716 novi
2939 3704 2952 3727 ,
2983 3663 3121 3731 quod
3157 3664 3295 3718 Deus
3320 3675 3499 3719 vester
3525 3665 3636 3734 ipse
3660 3677 3745 3727 est

2167 3757 2308 3812 Deus
2331 3757 2576 3823 deorum,
2598 3767 2652 3812 et
2681 3756 2933 3810 Dominus
2954 3755 3313 3823 dominorum,
3329 3759 3577 3825 quoniam
3598 3757 3744 3822 misit

2165 3849 2411 3918 angelum
2431 3864 2608 3914 suum,
2628 3859 2681 3902 et
2705 3849 2951 3903 liberavit
2969 3864 3062 3902 vos
3078 3863 3106 3900 a
3128 3848 3338 3902 fornace
3357 3847 3516 3920 (Dan.
3545 3851 3598 3904 5.
3623 3851 3739 3919 95).

2165 3937 2232 3992 Ει
2261 3937 2389 4008 quid
2418 3947 2598 4007 postea
2617 3939 2640 3990 Ἰ
2662 3938 2775 3995 Non
2804 3953 2940 3991 unus
2965 3940 3396 3996 custoscarceris
3415 3981 3432 4006 ,
3459 3941 3556 3994 sed
3585 3941 3743 3998 multi

2164 4029 2432 4084 catechesi
2452 4029 2805 4085 instituuntur
2827 4045 2920 4100 per
2943 4030 3124 4085 literas
3137 4031 3334 4100 regias,
3353 4046 3446 4100 per
3462 4044 3740 4102 aSpectum

2165 4136 2364 4175 rerum.
2399 4121 2530 4176 Nam
2559 4123 2698 4192 quod
2731 4137 2822 4177 rex
2852 4138 2956 4180 non
2987 4133 3127 4176 esset
3168 4123 3422 4178 mentitus
3446 4164 3460 4188 ,
3493 4127 3746 4184 omnibus

2165 4212 2504 4281 perspicuum
2549 4221 2666 4267 erat
2696 4232 2708 4267 :
2738 4229 2842 4267 non
2883 4214 3025 4268 enim
3076 4213 3333 4276 voluisset
3365 4215 3586 4283 captivis
3627 4216 3747 4271 hasc

2164 4305 2306 4360 ferre
2333 4305 2636 4360 testimonia
2661 4347 2675 4369 ,
2709 4321 2882 4374 neque
2921 4321 3015 4360 sua
3046 4304 3279 4376 dejicere
3308 4321 3370 4359 ac
3396 4305 3696 4375 deprimere
3726 4327 3740 4359 :

2167 4399 2425 4454 noluisset
2447 4408 2605 4454 tanta:
2633 4400 2880 4453 amentia:
2909 4397 3150 4468 przebere
3179 4399 3510 4467 opinionem.
3540 4398 3744 4464 Quam-

2164 4489 2350 4544 obrem
2372 4531 2386 4554 ,
2417 4489 2514 4544 nisi
2543 4489 2783 4544 veritatis
2813 4490 2974 4543 inulta
3017 4489 3202 4543 luisset
3231 4489 3601 4557 perspicuitas,
3632 4506 3742 4546 non

2166 4580 2280 4640 haec
2308 4581 2628 4650 scripsisset,
2655 4580 2811 4649 idque
2827 4595 2947 4633 cum
2976 4588 3080 4634 tam
3113 4579 3263 4632 multi
3288 4578 3558 4634 adessent.
3583 4579 3747 4634 Vide-

2165 4675 2232 4726 tis
2260 4683 2457 4742 quanta
2485 4672 2555 4730 sit
2597 4673 2671 4726 vis
2702 4672 3060 4736 vinculorum,
3095 4680 3292 4740 quanta
3322 4670 3490 4724 virtus
3519 4669 3744 4741 byrrum-

2165 4779 2280 4818 rmn
2312 4765 2404 4834 qui
2449 4772 2732 4821 cantantur
2761 4763 2813 4815 in
2850 4762 3188 4816 afﬂictione?
3225 4761 3477 4814 Animum
3513 4777 3614 4813 non
3647 4763 3743 4816 de-

2162 4859 2497 4926 sponderunt
2549 4874 2721 4928 neque
2777 4857 2972 4926 dejecti
3031 4868 3200 4920 sunt,
3259 4857 3351 4910 sed
3411 4867 3535 4910 tunc
3588 4868 3744 4910 erant

2163 4950 2610 5016 vehementiores,
2635 4961 2759 5004 tunc
2779 4965 2964 5004 eorum
2987 4949 3083 5002 fuit
3107 4948 3275 5017 major
3292 4949 3450 5002 animi
3471 4949 3741 5002 alacritas.

2162 5043 2352 5099 Merito
2391 5045 2504 5099 haec
2545 5045 2866 5112 cogitarunt.
2902 5043 3086 5105 Restat
3125 5042 3298 5097 adhuc
3325 5058 3510 5096 unum.
3551 5041 3655 5094 Cur
3685 5041 3741 5094 in

2161 5150 2378 5188 caret-re
2419 5135 2451 5187 ii
2492 5135 2578 5202 qui
2621 5133 2782 5186 vincti
2815 5143 2969 5186 erant
3000 5175 3015 5201 ,
3044 5142 3168 5192 sunt
3194 5133 3352 5189 soluti
3381 5150 3394 5195 ;
3429 5133 3482 5186 in
3527 5131 3746 5185 fornace

2161 5235 2337 5280 autem
2368 5225 2543 5278 exusti
2586 5224 2826 5290 suntqui
2861 5222 3211 5291 injiciebant?
3256 5223 3414 5291 Atqui
3460 5221 3747 5290 oportebat

2163 5319 2264 5378 hoc
2288 5320 2392 5388 pati
2423 5333 2602 5388 regem
2634 5335 2646 5370 :
2676 5333 2850 5388 neque
2888 5319 3029 5372 enim
3065 5328 3267 5375 tantum
3301 5329 3607 5388 peccarunt,
3642 5333 3744 5371 nec

2159 5411 2248 5478 qui
2277 5397 2583 5464 vinciebani
2605 5423 2781 5478 neque
2805 5413 2892 5478 qui
2923 5409 3254 5478 injiciebant,
3288 5419 3546 5480 quantum
3580 5409 3622 5461 is
3647 5409 3742 5477 qui

2154 5501 2317 5570 jussit
2355 5500 2457 5556 hoc
2499 5501 2634 5555 ﬁeri.
2681 5500 2791 5556 Cur
2836 5515 2964 5569 ergo
3010 5501 3084 5554 illi
3127 5500 3445 5571 perierunt?
3485 5501 3578 5553 llic
3632 5515 3743 5551 non

2162 5593 2314 5648 valde
2356 5606 2489 5662 opus
2531 5601 2614 5647 est
2663 5601 2718 5645 ut
2761 5607 2848 5647 res
2886 5603 3135 5648 accurate
3178 5595 3524 5663 disceptetur.
3571 5591 3746 5644 Erant

2157 5683 2298 5737 enim
2331 5684 2476 5751 impii
2512 5700 2526 5737 :
2557 5692 2841 5754 propterea
2872 5683 2974 5736 hoc
3011 5683 3236 5738 consilio
3267 5684 3316 5736 id
3347 5683 3600 5752 agebatur
3629 5723 3647 5746 ,
3686 5693 3748 5733 ut

2164 5774 2533 5830 ostenderetur
2556 5781 2632 5829 vis
2656 5777 2816 5841 ignis,
2848 5787 2898 5828 et
2932 5775 3100 5845 majus
3134 5776 3284 5829 fieret
3316 5773 3654 5828 miraculum.
3684 5772 3741 5825 Si
