4052 6214
349 361 416 413 67
1191 355 1255 408 IN
1296 353 1512 409 LPIST.

350 469 528 526 πολλά
579 484 644 537 με
699 466 982 537 περιρρεῖ·
1045 464 1144 516 ούκ
1185 458 1303 516 οἴδα
1342 465 1492 516 ποῖον
1529 463 1667 516 εἴπω
1700 464 1936 534 πρῶτον,

351 565 505 616 ποῖον
535 559 592 612 δέ
617 557 892 628 δεύτερον.
942 555 1034 608 Διὸ
1086 554 1410 623 παρακαλῶ,
1451 555 1524 624 μή
1571 572 1634 624 με
1668 554 1820 618 τάξιν
1850 569 1935 616 τις

349 643 660 702 άπαιτείτω
683 658 696 670 ·
731 640 903 710 πολλὴ
931 641 1039 709 γὰρ
1063 641 1094 709 ή
1125 638 1416 706 συγγένεια
1444 638 1553 689 τῶν
1574 644 1944 708 πραγμάτων.

361 727 672 795 Ἐλύθησαν
725 725 776 776 οί
824 722 1198 792 συνδεδεμένοι
1251 722 1454 784 αὐτοῖς,
1488 722 1581 775 καὶ
1625 722 1773 792 ὅμως
1825 719 1948 774 ἐκά-

351 802 543 863 θευδον
569 825 584 840 ·
621 806 867 859 ἐνταῦθα
893 806 951 858 δέ
995 806 1115 857 ἀντὶ
1156 803 1350 857 τούτου
1379 805 1604 874 γέγονεν
1635 803 1825 874 ἕτερόν
1853 821 1905 855 τι
1927 819 1941 834 ο

351 893 711 959 κατεκάησαν
739 892 790 943 οἰ
816 889 1150 960 ἐμϐαλόντες
1177 888 1396 950 αὐτούς.
1433 888 1592 952 Ἀλλ’,
1619 889 1757 959 ὅπερ
1798 886 1946 940 ἐϐου·

349 977 530 1047 λόμην
556 977 754 1037 εἰπεῖν,
804 970 910 1029 εἶδε
942 971 1293 1041 λελυμένους,
1347 972 1442 1024 καὶ
1479 971 1820 1042 προσέπεσεν
1845 969 1944 1022 αὑ-

349 1068 464 1124 τοῖς
489 1062 518 1112 6
550 1057 806 1128 βασιλεύς
829 1070 878 1098 δ’
898 1058 1134 1128 ἧκουσεν
1179 1054 1521 1124 ὑμνούντων,
1559 1056 1652 1111 καὶ
1675 1057 1944 1123 τέσσαρας

351 1143 461 1200 εἶδε
491 1142 962 1214 περιπατοῦντας,
999 1141 1093 1194 καὶ
1139 1139 1400 1194 ἐκάλεσεν
1431 1140 1648 1203 αὐτούς.
1678 1139 1945 1207 Καθάπερ

348 1226 445 1282 οὖν
479 1230 507 1280 6
549 1226 764 1288 Παῦλος
811 1227 910 1277 ούκ
951 1223 1162 1292 ἐξῆλθε,
1197 1224 1376 1276 καίτοι
1419 1223 1736 1293 δυνάμενος,
1780 1223 1886 1284 ἕως
1917 1222 1946 1273 6

347 1312 610 1382 ἐμϐαλὼν
657 1309 916 1364 ἐκάλεσεν
947 1309 1110 1361 αὑτὸν
1161 1309 1256 1361 καὶ
1299 1306 1590 1378 ἐξήγαγεν,
1619 1306 1793 1369 οὕτως
1821 1305 1944 1358 ούδέ

345 1399 396 1450 οἱ
432 1398 584 1466 τρεῖς
621 1394 813 1456 παῖδες
843 1390 1089 1462 ἐξῆλθον,
1120 1391 1226 1454 ἕως
1263 1383 1326 1444 οῦ
1351 1393 1380 1444 6
1425 1388 1678 1461 ἐμϐαλὼν
1708 1388 1944 1456 ἐξελθεῖν

347 1479 632 1532 ἐκέλευσε.
663 1476 728 1528 Τί
766 1475 872 1529 ἀπὸ
904 1475 1091 1528 τούτου
1123 1473 1532 1544 παιδευόμεθα;
1569 1475 1660 1540 Μὴ
1695 1473 1944 1526 σπεύδειν

348 1564 408 1614 ἐν
438 1563 560 1621 ταῖς
586 1559 930 1626 ἐπαγωγαῖς,
963 1557 1096 1626 μηδέ
1125 1557 1443 1623 ἐπείγεσθαι
1472 1559 1530 1609 ἐν
1557 1559 1676 1618 ταῖς
1707 1555 1941 1624 θλίψεσι,

352 1645 498 1716 μήτε
526 1642 692 1694 πάλιν
714 1640 951 1695 λυόντων
976 1639 1258 1708 ἐμμένειν.
1293 1639 1433 1692 Ἀλλ’
1466 1635 1620 1702 οὗτος
1655 1638 1754 1708 μὲν
1784 1653 1947 1708 προσ-

351 1729 558 1780 έπεσε*
597 1724 696 1778 καὶ
755 1723 866 1794 γάρ
904 1721 1168 1776 εἰσελθεῖν
1215 1721 1469 1792 ἠδύνατο,
1514 1721 1645 1775 ἔνθα
1695 1717 1837 1792 ἦσαν
1896 1723 1942 1774 οἰ

352 1811 534 1876 ἆγιοι·
575 1809 786 1868 ἐκεῖνος
835 1805 894 1859 δὲ
941 1805 1076 1875 πρὸς
1105 1804 1200 1874 τὴν
1231 1803 1402 1876 θύραν
1444 1804 1636 1868 ἐλθὼν,
1671 1804 1800 1874 ἐστη
1825 1820 1837 1834 ·
1881 1803 1942 1855 ού

352 1895 464 1961 γάρ
491 1891 698 1960 ἐτόλμα
729 1888 1052 1959 προσελθεῖν
1084 1889 1166 1950 εἰς
1198 1889 1258 1941 τὸ
1283 1889 1659 1958 δεσμωτήριον
1688 1886 1750 1939 τὸ
1774 1886 1942 1949 ένδον,

352 1975 494 2045 ὅπερ
543 1975 727 2034 αὐτοῖς
775 1971 863 2024 διὰ
913 1970 1007 2024 τοῦ
1043 1970 1214 2042 πυρὸς
1265 1971 1663 2028 κατεσκεύασε.
1701 1971 1810 2024 Καὶ
1844 1970 1944 2023 θέα

358 2059 538 2127 μοιτά
561 2059 805 2128 ῥήματα.
835 2049 1004 2117 Οὗτός
1034 2072 1184 2125 φησι,
1215 2055 1514 2123 Κύριοι,τί
1539 2071 1614 2124 με
1640 2054 1733 2107 δεῖ
1751 2053 1946 2114 ποιεῖν

354 2144 458 2200 ἵνα
490 2139 665 2193 σωθῶ
691 2156 707 2202 ;
745 2141 956 2199 ἐκεῖνος
997 2138 1061 2189 ού
1094 2136 1232 2201 μετὰ
1253 2137 1524 2207 τοσαύτης
1567 2137 1664 2208 μὲν
1692 2153 1944 2190 ταπεινο-

353 2220 655 2290 φροσύνης,
709 2217 810 2274 οὐκ
854 2215 1075 2271 ἔλαττον
1109 2215 1166 2268 δὲ
1220 2217 1405 2284 φωνὴν
1431 2215 1563 2286 ήδίω
1611 2216 1812 2286 ἀφῆκε,
1842 2217 1944 2269 Σε-

350 2305 528 2372 δρὰχ,
562 2300 786 2364 Μισὰκ,
825 2299 1176 2369 Ἀϐδεναγὼ,
1207 2303 1259 2353 ol
1283 2299 1491 2354 δοῦλοι
1521 2300 1628 2354 τοῦ
1655 2301 1806 2354 Θεοῦ
1843 2300 1944 2355 τοῦ

353 2389 649 2456 ὑψίστου,
690 2384 992 2448 ἐξέλθετε,
1035 2383 1134 2437 καὶ
1163 2382 1358 2440 δεῦτε.
1405 2383 1635 2456 Μεγάλη
1667 2385 1839 2455 τιμήο
1877 2386 1943 2436 Οί

351 2470 565 2524 δοῦλοι
617 2466 726 2521 τοῦ
778 2467 928 2520 Θεοῦ
981 2466 1088 2519 τοῦ
1143 2467 1434 2534 ὑψίστου,
1487 2465 1785 2533 ἐξέλθετε,
1843 2468 1942 2520 καί

351 2553 546 2607 δεῦτε.
596 2552 719 2614 Πῶς
761 2549 1072 2614 ἐξέλθωσιν,
1101 2542 1146 2601 ὦ
1185 2549 1446 2618 βασιλεῦ;
1507 2543 1822 2621 δεδεμένους
1855 2551 1943 2604 ἐν-

352 2635 551 2698 έϐαλες
574 2634 654 2704 τῷ
685 2634 844 2704 πυρὶ,
877 2632 1130 2686 τοσοῦτον
1155 2632 1504 2701 ἐνεχρόνισαν
1545 2632 1625 2703 τῷ
1655 2634 1787 2704 πυρὶ
1819 2634 1944 2704 χρόα

351 2737 484 2784 νον;
519 2719 582 2770 Εἰ
612 2717 724 2787 γάρ
754 2715 1108 2785 ἀδαμάντινοι
1161 2711 1324 2786 ἦσαν,
1354 2717 1403 2768 εί
1437 2715 1546 2786 γὰρ
1585 2715 1710 2768 ῦλαι
1743 2716 1943 2786 μεταλρ

353 2803 528 2866 λικαὶ,
565 2801 663 2854 καὶ
711 2799 892 2870 ῦμνον
929 2799 1179 2866 λέγοντες
1212 2800 1419 2853 ἐκεῖνον
1456 2798 1693 2862 ἅπαντα,
1742 2800 1842 2851 οὐκ
1877 2799 1945 2850 ἂν

351 2885 641 2940 ἀπώλοντο
666 2901 680 2949 ;
715 2883 816 2935 Διά
843 2881 1000 2936 τοῦτο
1029 2882 1130 2951 μὲν
1153 2878 1248 2935 οὖν
1276 2881 1580 2950 ἐσώθησαν,
1610 2882 1691 2934 ὅτι
1719 2880 1939 2950 ὕμνουν.

365 2968 608 3045 ’ῌδέσθη
658 2967 757 3037 τὴν
798 2966 1108 3038 προθυμίαν
1136 2965 1319 3017 αύτῶν
1348 2962 1408 3015 τό
1441 2965 1574 3035 πῦρ,
1617 2965 1817 3040 ᾐδέσθη
1849 2964 1944 3017 καὶ

351 3054 463 3121 τὴν
492 3051 640 3121 ᾠδήν
671 3051 766 3121 τὴν
816 3049 1140 3118 θαυμαστὴν
1171 3047 1388 3117 ἐκείνην
1416 3047 1511 3100 καὶ
1542 3049 1669 3110 τοὺς
1714 3047 1937 3116 ὕμνους.

353 3137 488 3198 Πῶς
509 3135 708 3197 αὐτοὺς
735 3134 949 3199 καλεῖς;
984 3129 1276 3202 Προλαϐὼν
1301 3124 1476 3195 εἶπον,
1503 3135 1569 3184 Ol
1601 3131 1809 3185 δοῦλοι
1838 3131 1945 3185 τοῦ

354 3219 510 3275 Θεοῦ
549 3218 660 3272 τοῦ
710 3220 1013 3286 ὑψίστου·
1073 3218 1186 3278 τοῖς
1239 3213 1349 3286 γὰρ
1400 3213 1494 3266 τοῦ
1555 3214 1692 3274 Θεοῦ
1737 3214 1946 3278 δούλοις

355 3307 539 3359 πάντα
567 3301 796 3360 δυνατά.
824 3301 888 3353 ΕΞ
912 3300 1021 3372 γὰρ
1053 3298 1356 3370 ἀνθρώπων
1381 3299 1487 3351 εἰσί
1523 3297 1638 3370 [66]
1668 3298 1842 3351 δοῦλοί
1864 3316 1946 3351 τι-

356 3407 464 3453 νες,
502 3389 600 3441 καὶ
651 3389 710 3442 ἐν
762 3388 873 3448 τοῖς
923 3385 1150 3439 ἐκείνων
1199 3384 1298 3453 οὐχ
1333 3376 1497 3456 ἦττον
1551 3381 1794 3453 ἰσχύουσι
1853 3383 1946 3436 καὶ

357 3473 626 3543 κρατοῦσι
668 3470 764 3523 καὶ
806 3468 1204 3528 διατάττονται,
1250 3465 1427 3538 πολλῷ
1484 3465 1685 3535 μᾶλλον
1737 3468 1787 3521 οἰ
1850 3465 1944 3524 τοῦ

356 3553 493 3608 Θεοῦ
520 3553 724 3607 δοῦλοι.
754 3551 866 3623 Τήν
895 3551 1119 3622 ἡδίστην
1146 3553 1332 3620 φωνὴν
1355 3549 1644 3602 ἐκάλεσενο
1679 3549 1792 3620 ᾔδει
1817 3545 1945 3600 τούο

357 3655 434 3707 τῳ
467 3637 712 3706 μάλιστα
763 3632 1080 3686 κολακεύων
1132 3632 1350 3695 αύτούς.
1407 3632 1470 3684 Εἰ
1501 3631 1612 3697 γὰρ
1643 3631 1731 3684 ἵνα
1769 3629 1946 3682 δοῦλοι

357 3720 450 3774 τοῦ
487 3719 625 3772 Θεοῦ
663 3718 923 3788 μένωσιν,
959 3719 1038 3778 εἰς
1080 3715 1192 3789 πῦρ
1221 3715 1508 3786 ἐνέϐησαν,
1539 3714 1638 3767 οὐκ
1671 3710 1738 3784 ἦν
1764 3714 1947 3776 αὐτοῖς

357 3805 522 3876 ἑτέρα
553 3803 710 3872 φωνὴ
741 3800 946 3870 ταύτης
977 3799 1142 3870 ήδίων
1165 3815 1178 3829 ο
1241 3799 1340 3852 οὐκ
1372 3800 1456 3859 ἂν,
1503 3800 1551 3851 εἰ
1581 3796 1816 3866 βασιλεῖς
1848 3796 1947 3852 αύ-

359 3888 491 3948 τοῦς
518 3885 804 3947 ἐκάλεσεν,
841 3884 940 3936 ούκ
974 3883 1061 3947 ἂν,
1089 3883 1136 3934 εἰ
1165 3881 1266 3950 τῆς
1301 3881 1627 3951 οἰκουμένης
1658 3880 1942 3945 δεσπότας,

359 3969 532 4031 οῦτως
559 3969 628 4021 ἂν
664 3968 860 4029 αὐτοὺς
885 3964 1181 4040 ηῦφρανεν,
1213 3963 1288 4026 ὡς
1315 3964 1404 4016 ὅτε
1437 3960 1612 4028 εἶπεν,
1652 3965 1716 4016 Ol
1738 3962 1946 4016 δοῦλοι

363 4051 510 4107 Θεοῦ
567 4050 679 4104 τοῦ
717 4050 1012 4118 ὑψίστου.
1074 4047 1184 4100 Καὶ
1235 4046 1287 4103 τί
1337 4045 1669 4116 θαυμάζειςς
1723 4046 1801 4116 Τῇ
1837 4045 1946 4119 γὰρ

363 4135 576 4206 μεγάλῃ
637 4134 814 4198 πόλει,
868 4135 934 4202 τῇ
992 4130 1273 4204 κρατούσῃ
1308 4129 1407 4198 τῆς
1454 4129 1800 4198 οἰκουμένης,
1852 4129 1947 4181 καὶ

364 4221 504 4290 μέγα
537 4217 820 4290 φρονούσῃ
859 4217 946 4269 ἐπ’
987 4214 1317 4284 ἀξιώμασιν,
1348 4213 1423 4276 ὡς
1457 4213 1782 4284 ἀντίρροπον
1810 4211 1948 4281 πρὸς

361 4303 538 4369 ἀξίαν,
580 4301 789 4372 μᾶλλον
817 4300 872 4352 δὲ
901 4299 1086 4367 πολλῷ
1113 4297 1302 4368 μεῖζον
1328 4296 1420 4349 καὶ
1447 4295 1792 4367 ἀσυγκρίτως
1826 4297 1946 4366 μείς-

360 4387 450 4451 ζον
481 4388 577 4439 καὶ
629 4384 898 4446 ὑπατείας
937 4381 1032 4436 καὶ
1062 4379 1340 4452 βασιλείας
1380 4380 1476 4432 καὶ
1504 4379 1603 4449 τῆς
1637 4379 1810 4451 ἀρχῆς
1845 4377 1948 4446 τῆς

361 4471 714 4541 οἰκουμένης,
750 4470 777 4521 ὁ
810 4467 1022 4528 Παῦλος
1065 4464 1224 4518 τοῦτο
1248 4463 1461 4520 τέθεικε
1491 4463 1750 4533 γράφων·
1785 4461 1948 4514 Παῦ-

364 4559 469 4620 λος
507 4553 738 4618 δοῦλος
773 4551 981 4620 Ἰησοῦ
1019 4548 1300 4618 Χριστοῦ.
1333 4550 1396 4600 Οἱ
1422 4547 1634 4600 δοῦλοι
1663 4543 1770 4599 τοῦ
1798 4544 1948 4598 Θεοῦ

363 4639 466 4691 τοῦ
511 4637 810 4706 ὑψίστου.
869 4635 931 4687 Εἰ
981 4632 1090 4708 γὰρ
1141 4629 1428 4701 τοσαύτην,
1466 4629 1622 4700 φησὶ,
1670 4627 1949 4681 ποιοῦνται

369 4721 628 4791 σπουδὴν,
662 4719 805 4772 ὥστε
839 4715 1018 4770 δοῦλοι
1045 4712 1203 4776 εἶναι,
1237 4715 1456 4775 πάντως
1477 4711 1653 4781 τούτῳ
1687 4711 1950 4780 πείσομεν

372 4805 584 4866 αύτούς,
620 4803 770 4871 Ὅρα
795 4801 978 4853 τοίνυν
1001 4799 1096 4851 καὶ
1128 4797 1230 4867 τὴν
1269 4795 1556 4851 εὐλάϐειαν
1578 4793 1688 4848 τῶν
1719 4793 1948 4846 παίδων.

374 4887 481 4940 Οὐκ
509 4887 935 4957 ἠγανάκτησαν,
960 4882 1082 4941 ούδέ
1115 4878 1488 4952 ὠργίσθησαν,
1521 4877 1643 4930 ούδέ
1677 4877 1948 4938 ἀντεῖπον,

373 4971 481 5025 ἀλλ’
520 4970 767 5038 ἐξῆλθον.
806 4969 868 5020 EI
889 4968 998 5036 γὰρ
1026 4963 1298 5040 τιμωρίαν
1329 4963 1389 5014 τὸ
1417 4963 1649 5032 πρᾶγμα
1681 4958 1950 5029 ἐνόμιζον,

373 5056 428 5108 τί.
452 5054 718 5123 ἐμπεσεῖν
748 5053 826 5114 είς
849 5051 950 5120 τὴν
974 5049 1226 5118 κάμινον,
1272 5045 1375 5100 κᾶν
1408 5045 1653 5115 ήλγησαν
1700 5043 1836 5112 πρὸς
1861 5041 1952 5094 τδν

375 5137 680 5207 ἐμϐαλόντα
701 5152 715 5165 ο
775 5133 872 5186 νῦν
901 5133 958 5186 δέ
989 5132 1140 5186 ούδέν
1185 5131 1413 5189 τούτων,
1439 5127 1553 5180 ἀλλ’
1585 5127 1660 5191 ὼς
1692 5126 1749 5192 ἐξ
1789 5124 1952 5178 αὑτοῦ

377 5221 654 5291 προϊόντες
698 5215 794 5270 τοῦ
840 5217 1096 5285 ούρανοῦ,
1129 5214 1271 5270 οὕτω
1298 5212 1596 5286 προῄεσαν.
1625 5210 1737 5264 Καὶ
1770 5209 1797 5263 6
1829 5211 1956 5281 περὶ

374 5303 464 5356 τοῦ
498 5303 653 5372 ἡλίου
685 5303 854 5374 φησὶν
895 5301 922 5354 6
954 5304 1260 5379 προφήτης,
1290 5300 1373 5351 δτι
1409 5297 1501 5362 Ὦς
1548 5294 1808 5379 νυμφίος
1859 5293 1956 5379 ἐκέ

376 5389 780 5455 πορευόμενος
835 5385 905 5438 ἐκ
963 5375 1200 5438 παστοῦ
1240 5380 1452 5445 αὑτοῦ,
1487 5378 1645 5431 τοῦτο
1687 5379 1776 5432 καὶ
1827 5375 1956 5448 περὶ

332 5524 339 5530 ,
374 5471 572 5523 τούτων
604 5470 776 5527 εἰπών
799 5486 885 5532 τις
914 5470 1014 5521 ούκ
1042 5469 1106 5520 ἂν
1132 5467 1386 5540 ἁμάρτοι.
1419 5463 1583 5526 Πῶς;
1613 5461 1735 5515 Ὀτι
1765 5459 1955 5513 τούτου

373 5551 435 5620 δὴ
464 5553 554 5605 τοῦ
587 5553 764 5615 οὕτως
804 5550 1245 5621 ἐκπορευομένου
1278 5549 1476 5602 ἐκεῖνοι
1498 5546 1617 5598 τότε
1645 5543 1958 5614 λαμπρότε-

378 5652 467 5703 ρον
487 5636 900 5708 ἐξεπορεύοντο.
935 5628 1103 5697 Οὗτος
1129 5633 1228 5704 μὲν
1255 5632 1362 5702 γὰρ
1389 5629 1746 5699 ἐξεπορεύετο
1761 5628 1858 5697 τὴν
1885 5628 1960 5680 οἰ-

375 5721 645 5790 κνυμένην
681 5719 934 5788 φωτίζων
965 5717 1044 5786 τῷ
1074 5715 1318 5785 αἰσθητῷ
1363 5713 1522 5782 φωτὶ,
1559 5714 1756 5765 ἐκεῖνοι
1783 5711 1840 5764 δὲ
1863 5710 1960 5778 τὴν

443 5871 466 5896 ⁸
488 5869 539 5918 In
560 5868 819 5930 Scriptura
846 5881 976 5917 sacra
1000 5882 1096 5930 non
1121 5865 1332 5930 legitur,
1357 5864 1488 5926 quod
1509 5869 1622 5912 anlc
1647 5868 1751 5910 tres
1773 5873 1953 5922 [merus

382 5926 823 5982 Nabuchodoiwsor
845 5929 1127 5993 providerit.

1596 351 1686 406 Al)
1723 353 1964 409 EPIIES.
2003 354 2154 412 CAP.
2217 355 2305 412 IV.
2352 358 2587 415 IIOMIL
2636 358 2768 413 VIII.
3559 361 3627 416 68

2047 468 2374 541 οἰκουμένην
2418 471 2741 541 φωτίζοντες
2794 471 3017 541 ἑτέρως,
3055 469 3261 540 νοητῶς
3315 469 3478 538 λέγω.
3531 474 3633 526 Διά

2051 553 2161 624 γὰρ
2201 557 2397 620 αύτοῦς
2442 557 2644 618 εὐθέως
2686 558 2964 627 διάταγμα
3004 555 3253 626 ἔπεμπεν
3292 554 3322 606 6
3368 554 3628 623 βασιλεὺς

2044 637 2215 690 ταῦτα
2249 639 2369 710 έχον
2395 641 2464 693 τά
2519 642 2765 711 ῥήματα·
2798 642 3035 710 ’Πρεσεν
3090 637 3335 692 ἐναντίον
3380 637 3516 704 ἐμοῦ
3562 641 3630 693 τά

2050 725 2254 790 σημεῖα
2283 723 2378 777 καὶ
2409 723 2476 776 τά
2525 724 2750 794 τέρατα,
2781 723 2818 777 ἃ.
2869 723 3126 793 ἐποίησεν
3158 724 3186 774 6
3213 721 3346 785 Θεδς
3389 723 3628 793 δηλῶσαι

2045 805 2198 872 ἡμῖν,
2235 806 2311 869 ὡς
2365 806 2580 876 μεγάλα
2635 807 2729 860 καὶ
2786 804 3187 876 ίσχυρά.⁶Ὠστε
3237 805 3629 876 λαμπροτέραν

2046 885 2276 957 ἐξῄεσαν
2311 889 2568 957 ἀφιέντες
2591 891 2810 952 ἀκτῖνα,
2847 888 3080 958 φαιδρὰν
3113 888 3211 957 μὲν
3244 882 3412 940 οὖσαν
3441 887 3534 939 καὶ
3569 889 3629 940 ἐν

2045 971 2227 1034 αὐτοῖς
2259 976 2366 1037 τοῖς
2394 973 2636 1044 χωρίοις,
2670 973 2906 1043 μάλιστα
2933 973 2989 1025 δὲ
3025 969 3308 1041 πανταχοῦ
3331 970 3628 1040 ἐκταθῆναι

2044 1061 2348 1134 δυναμένην
2392 1064 2476 1118 διὰ
2526 1064 2635 1116 τῶν
2661 1066 3013 1136 γραμμάτων
3040 1063 3152 1116 τῶν
3181 1063 3499 1133 βασιλικῶν,
3535 1063 3630 1116 καὶ

2043 1144 2203 1199 λῦσαι
2236 1146 2297 1199 τὸ
2348 1146 2625 1217 πανταχοῦ
2651 1148 2948 1216 τεταμένον
2983 1147 3013 1188 ιι
3047 1147 3259 1208 σκότος.
3297 1146 3626 1209 Ἐεέλθετε,

2043 1228 2140 1280 καί
2180 1228 2373 1282 δεῦτε.
2427 1231 2540 1282 Ούκ
2569 1231 2821 1284 ἐκέλευσε
2852 1230 3044 1283 σϐέσαι
3078 1231 3178 1301 τὴν
3205 1230 3460 1298 κάμινον,
3492 1229 3630 1283 ἀλλά

2041 1311 2138 1364 καὶ
2165 1313 2340 1384 τούτῳ
2394 1313 2630 1382 μάλιστα
2659 1315 2859 1376 αὐτοὺς
2893 1315 3146 1384 ἐτίμησε,
3190 1311 3270 1381 τῷ
3308 1313 3628 1376 πιστεῦσαι,

2042 1395 2126 1448 δτι
2164 1394 2488 1466 δυνήσονται
2522 1396 2596 1468 μὴ
2627 1397 2787 1468 μόνον
2819 1397 2968 1454 ἔνδον
2994 1397 3344 1468 περιπατεῖν,
3377 1395 3512 1449 ἀλλά
3538 1396 3631 1449 καὶ

2045 1477 2344 1548 καιομένης
2371 1476 2628 1544 ἐξελθεῖν.

2119 1641 2348 1712 Ἰδωμεν
2385 1643 2464 1705 δέ,
2529 1646 2577 1698 εἰ
2636 1645 2803 1708 δοκεῖ,
2857 1645 2952 1698 καὶ
2989 1644 3082 1697 τοῦ
3115 1643 3522 1714 δεσμοφύλακος
3559 1643 3630 1697 τά

2047 1727 2286 1796 ῥήματα.
2321 1729 2548 1795 Κύριοι,
2580 1728 2638 1780 τί
2666 1745 2743 1796 με
2786 1728 2875 1780 δεῖ
2908 1728 3126 1794 ποιεῖν,
3176 1729 3276 1782 ἵνα
3311 1726 3522 1790 σωθῶ;
3563 1727 3630 1780 Τί

2043 1808 2247 1877 ταύτης
2269 1810 2365 1879 τῆς
2387 1811 2570 1880 φωνῆς
2587 1809 2768 1881 ἥδιονς
2809 1809 2957 1880 Αὕτη
2990 1813 3222 1880 σκιρτᾷν
3244 1811 3336 1862 καὶ
3359 1810 3624 1877 ἀγγέλους

2043 1896 2214 1944 ποιεῖ·
2252 1893 2337 1947 ἵνα
2363 1892 2571 1963 ταύτην
2593 1894 2801 1965 ἀκούσῃ
2827 1893 2926 1963 τὴν
2950 1894 3154 1964 φωνήν,
3183 1894 3276 1946 καὶ
3303 1892 3487 1955 δοῦλος
3511 1892 3630 1960 ἐγέ-

2043 1992 2164 2030 νετο
2218 1978 2247 2029 6
2286 1975 2380 2028 τοῦ
2413 1977 2549 2030 Θεοῦ
2601 1978 2912 2046 Μονογενής
2936 1993 2949 2005 ’
3004 1975 3210 2045 ταύτην
3245 1975 3381 2045 πρὸς
3414 1974 3622 2048 Πέτρον

2045 2059 2228 2127 ἔλεγον
2251 2060 2350 2130 τὴν
2382 2059 2564 2133 φωνὴν
2586 2061 2636 2113 οί
2675 2058 2829 2129 παρὰ
2858 2059 2958 2129 τὴν
2985 2059 3161 2129 ἀρχὴν
3191 2057 3581 2120 πιστεύσαντες
3605 2076 3618 2089 ·

2052 2145 2113 2199 Τί
2161 2143 2521 2213 ποιήσομεν,
2556 2145 2642 2197 ἵνα
2677 2144 2975 2215 σωθῶμεν;
3013 2143 3121 2194 Καὶ
3159 2143 3211 2195 τί
3239 2159 3404 2211 φησιν
3430 2141 3625 2208 αὑτός;

2044 2227 2402 2294 Πιστεύσατε,
2426 2228 2522 2283 καὶ
2558 2227 2915 2298 βαπτίσθητε.
2945 2226 3147 2289 Ἡδέως
3174 2227 3240 2279 ἂν
3267 2227 3361 2278 καὶ
3380 2227 3460 2288 είς
3475 2224 3630 2293 γέιν·

2042 2329 2138 2364 ναν
2173 2311 2432 2365 ἐνέπεσεν
2474 2311 2502 2365 6
2557 2309 2790 2374 Παῦλος,
2833 2309 2975 2363 ὥστε
3020 2309 3230 2379 ταύτην
3263 2300 3630 2378 ἀκοῦσαιχτὴν

2044 2392 2227 2464 φωνὴν
2276 2393 2428 2457 παρά
2458 2391 2748 2458 Ἰουδαίων,
2791 2393 2856 2447 δι’
2883 2392 3187 2463 ἐπιθυμίαν
3221 2391 3498 2462 σωτηρίας
3535 2391 3631 2445 καὶ

2045 2478 2293 2548 ὑπακοῆς
2325 2478 2525 2530 αὐτῶν.
2553 2477 2696 2548 Ὅρα
2741 2476 2835 2530 δέ’
2876 2477 2936 2530 τὸ
2963 2477 3070 2530 πᾶν
3101 2477 3285 2540 αὐτοῖς
3319 2475 3628 2546 ἐπιτρέπει,

2044 2561 2196 2615 οὐδὲν
2250 2561 2698 2632 περιεργάζεται.
2737 2560 2878 2614 Ἀλλ’
2929 2560 3129 2629 ἴδωμεν
3163 2560 3230 2614 τά
3261 2561 3402 2630 μετά
3437 2558 3627 2616 ταῦτα.

2047 2643 2164 2715 [67]
2187 2634 2355 2707 Οῦτος
2377 2643 2438 2697 ού
2457 2642 2751 2711 λέγει,”1να
2775 2643 2957 2707 σωθῶ,
2975 2641 3112 2698 ἀλλά
3127 2642 3433 2713 τρανοτέρα
3451 2643 3630 2712 πάσης

2046 2726 2229 2796 φωνῆς
2262 2726 2412 2796 αὐτῷ
2443 2727 2476 2796 ή
2505 2725 2826 2781 διδασκαλία
2869 2726 3063 2794 γέγονε
3087 2740 3101 2754 ο
3157 2726 3254 2776 καὶ
3289 2725 3399 2794 γάρ
3426 2723 3628 2788 εὐθέως

2044 2810 2256 2876 γίνεται
2314 2807 2514 2880 κήρυξ.
2568 2811 2643 2864 Οὐ
2674 2809 2846 2863 δεῖται
2881 2806 3288 2878 κατηχηθῆναι,
3325 2806 3573 2878 καθάπερ
3603 2809 3632 2860 6

2041 2890 2410 2962 δεσμοφύλαξ,
2468 2893 2606 2946 ἀλλά
2658 2893 2748 2959 τίς
2805 2891 3204 2960 ’Λνακηρύττει
3231 2889 3323 2943 τὸν
3349 2889 3505 2954 Θεὸν,
3538 2891 3632 2948 και

2043 2976 2297 3046 ὁμολογεῖ
2319 2976 2417 3045 τὴν
2446 2976 2679 3047 δύναμιν
2705 2992 2718 3006 ·
2758 2975 2874 3028 Ἐπ’
2899 2974 3158 3046 ἀληθείας
3185 2970 3324 3040 οῖδα,
3347 2973 3431 3025 ὅτι
3457 2972 3632 3035 όΘεδς

2047 3059 2198 3130 ὑμῶν
2230 3061 2393 3124 αύτός
2415 3062 2531 3116 ἐστι
2552 3059 2661 3112 τῶν
2691 3058 2828 3112 θεῶν
2848 3057 3001 3122 Θεὸς,
3037 3059 3132 3111 καὶ
3166 3057 3370 3128 Κύριος
3397 3055 3510 3109 τῶν
3535 3071 3634 3109 κυ-

2048 3143 2178 3212 ρίων
2197 3161 2210 3174 ·
2247 3145 2330 3197 ὅτι
2369 3142 2721 3207 ἐξαπέστειλε
2754 3141 2847 3194 τὸν
2866 3140 3103 3210 ἄγγελον
3126 3141 3312 3205 αὐτοῦ,
3345 3139 3442 3193 καὶ
3472 3141 3635 3210 ἐρῤύ-

2045 3243 2178 3280 σατο
2199 3227 2344 3296 ὑμᾶς
2373 3226 2483 3280 ἀπὸ
2496 3226 2595 3296 τῆς
2620 3224 2876 3294 καμίνου.
2905 3224 3016 3276 Καὶ
3035 3222 3089 3276 τί
3127 3223 3266 3294 μετά
3299 3223 3493 3289 ταῦτα;
3520 3222 3632 3294 οὐχ

2044 3304 2125 3372 εἷς
2153 3309 2519 3378 δεσμοφύλαξ,
2571 3308 2710 3363 ἀλλά
2747 3306 2938 3361 πολλοὶ¹
2973 3308 3342 3378 κατηχοῦνται
3387 3307 3476 3361 διὰ
3521 3306 3634 3359 τῶν

2045 3392 2393 3461 γραμμάτων
2409 3392 2518 3444 τῶν
2542 3389 2859 3461 βασιλικῶν,
2883 3389 2973 3444 διὰ
2993 3390 3092 3460 τῆς
3105 3389 3234 3454 θέας
3255 3389 3364 3444 τῶν
3379 3389 3636 3465 πραγμάο

2044 3491 2170 3527 των.
2196 3473 2320 3526 Ὀτι
2355 3473 2465 3544 γάρ
2508 3476 2610 3528 οὐκ
2645 3475 2712 3527 ἂν
2758 3472 3028 3544 ἐψεύσατο
3055 3475 3084 3526 6
3140 3473 3414 3548 βασιλεὺς,
3467 3474 3632 3527 παντί

2045 3572 2149 3612 που
2179 3555 2365 3624 δῆλον·
2395 3557 2457 3609 ού
2490 3559 2599 3628 γὰρ
2619 3555 2685 3609 ἂν
2703 3554 2938 3625 ἠθέλησε
2963 3555 3324 3615 τοιαῦταλτοῖς
3351 3555 3635 3625 αίχμαλωο

2044 3637 2276 3693 τισθεῖσι
2301 3641 2672 3711 μαρτυρῆσαι,
2709 3639 2830 3692 ούδέ
2861 3639 2931 3692 τὰ
2957 3638 3124 3693 αὑτοῦ
3144 3638 3504 3692 καταϐαλεῖν·
3533 3640 3634 3692 οὐκ

2047 3723 2114 3776 ἂν
2135 3719 2369 3792 ἠθέλησε
2422 3722 2696 3794 τοσαύτης
2750 3721 2938 3785 ἀνοίας
2967 3721 3128 3786 δόξαν
3159 3721 3366 3778 λαϐεῖν.
3387 3722 3552 3773 Ὥστε
3583 3722 3633 3782 εἰ

2049 3805 2124 3878 μὴ
2153 3805 2320 3876 πολλὴ
2350 3805 2448 3876 τῆς
2470 3805 2725 3877 ἀληθείας
2747 3806 2781 3875 ή
2805 3805 3154 3877 περιφάνεια,
3189 3804 3289 3857 οὐκ
3311 3803 3378 3863 ἀν
3408 3803 3636 3866 τοιαῦτα

2046 3888 2272 3961 ἔγραψε,
2307 3888 2404 3942 καὶ
2439 3888 2711 3944 τοσούτων
2756 3888 3060 3959 παρόντων.
3111 3889 3302 3961 Ὁρᾶτε
3345 3887 3488 3956 πόση
3526 3887 3635 3941 τῶν

2045 3973 2262 4044 δεσμῶν
2291 3973 2325 4043 ἡ
2353 3971 2615 4043 δύναμις;
2652 3972 2795 4041 πόση
2827 3970 2927 4042 τῆς
2954 3971 3229 4041 ὑμνῳδίας
3258 3970 3358 4040 τῆς
3380 3971 3435 4022 ἐν
3458 3969 3634 4038 θλίψει

2047 4059 2082 4130 ή
2119 4057 2305 4126 ἰσχύς;
2340 4056 2455 4110 Οὐκ
2483 4053 2871 4130 ἀπηγόρευσαν
2897 4054 3020 4106 οὐδὲ
3041 4055 3326 4116 ἀνέπεσον,
3357 4053 3491 4108 ἀλλά
3511 4054 3634 4112 τότε

2051 4140 2252 4213 μᾶλλον
2279 4135 2421 4210 ἦσαν
2456 4140 2696 4210 σφοδροὶ,
2726 4139 2847 4191 τότε
2889 4137 3091 4193 πλείων
3123 4140 3155 4207 ή
3199 4138 3498 4208 προθυμία.
3549 4137 3630 4187 Εἱ-

2047 4225 2221 4288 κότως
2243 4221 2417 4276 ταῦτα
2440 4222 2731 4277 ἐννοοῦσιν.
2779 4223 2904 4274 Ἔτι
2931 4221 2990 4277 ἒν
3024 4219 3398 4273 ὑπολείπεται.
3451 4219 3550 4270 Διὰ
3585 4219 3637 4281 τί

2049 4310 2108 4361 ἐν
2150 4306 2250 4378 μὲν
2269 4305 2347 4374 τῷ
2385 4305 2745 4374 δεσμωτηρίῳ
2777 4305 2827 4356 οί
2857 4303 3130 4372 δεδεμένοι
3167 4301 3460 4372 ἐλύθησαν,
3499 4303 3558 4353 ἐν
3579 4301 3636 4364 δέ

2049 4393 2115 4460 τῇ
2156 4389 2372 4458 καμίνῳ
2417 4388 2466 4440 οἱ
2511 4387 2842 4457 ἐμϐαλόντες
2890 4386 3276 4458 κατεκάησαν;
3329 4385 3520 4436 Καίτοι
3573 4399 3635 4451 γε

2050 4472 2215 4542 ἐχρῆν
2253 4471 2343 4522 τὸν
2367 4468 2592 4539 βασιλέα
2616 4467 2777 4521 τοῦτο
2801 4467 2992 4520 παθεῖν
3019 4483 3033 4498 ο
3061 4467 3122 4519 οὐ
3154 4467 3265 4536 γὰρ
3294 4466 3346 4518 οἰ
3376 4463 3638 4535 δεσμοῦνφ

2049 4572 2140 4618 τες
2182 4553 2301 4607 ούδέ
2337 4555 2385 4606 οί
2431 4551 2794 4622 ἐμϐάλλοντες
2829 4549 3085 4606 τοσοῦτον
3135 4550 3404 4624 ἥμαρτον,
3445 4548 3568 4601 ὅσον
3611 4551 3640 4613 ό

2051 4637 2291 4693 κελεύων
2339 4634 2498 4690 τοῦτο
2543 4635 2822 4703 γενέσθαι.
2885 4633 3044 4696 Τίνος
3079 4627 3174 4686 οὖν
3211 4632 3394 4684 ἕνεκεν
3439 4633 3640 4694 ἐκεῖνοι

2051 4721 2366 4786 ἀπώλοντο;
2413 4717 2676 4772 Ἐνταῦθα
2710 4718 2770 4771 οὐ
2819 4716 2990 4789 πολλή
3025 4733 3111 4778 τις
3155 4715 3312 4787 χρεία
3349 4716 3447 4786 τῆς
3481 4716 3643 4786 ἀκριη

2053 4805 2320 4872 ϐολογίας.
2365 4801 2608 4865 ’Λσεϐεῖς
2639 4801 2748 4872 γὰρ
2778 4797 2920 4872 ἦσαν
2940 4815 2954 4831 ⁶
2986 4799 3076 4854 διά
3107 4799 3266 4852 τοῦτο
3303 4799 3640 4869 ᾠκονόμητο,

2054 4891 2140 4943 ἵνα
2171 4887 2354 4958 δειχθῇ
2383 4885 2477 4940 τοῦ
2520 4885 2751 4956 πυρὸςή
2786 4884 2958 4956 ἰσχὺς,
3001 4884 3096 4938 καὶ
3134 4883 3318 4953 μεῖξον
3356 4882 3416 4933 τὸ
3457 4880 3643 4949 θαῦμα

2055 4975 2301 5042 γένηται.
2346 4971 2408 5023 Εἰ
2430 4969 2538 5041 γὰρ
2565 4969 2690 5032 τοὺς
2725 4967 2831 5032 ἔξω
2851 4967 2995 5020 οὕτω
3023 4966 3355 5035 κατέφαγεν,
3382 4962 3478 5024 οὓς
3497 4963 3645 5015 ένδον

2056 5054 2190 5127 εἶχε,
2223 5055 2342 5117 πῶς
2370 5055 2602 5115 ἀπαθεῖς
2631 5053 2874 5116 ἐδείκνυ;
2913 5051 3030 5104 Ἵνα
3065 5050 3198 5120 δήλη
3239 5050 3464 5117 γένηται
3494 5047 3644 5116 ήτο]

2056 5138 2191 5193 Θεοῦ
2224 5136 2473 5207 δύναμις.
2499 5135 2612 5188 Καὶ
2637 5135 2828 5206 μηδεὶς
2852 5132 3201 5204 θαυμαζέτω,
3228 5134 3274 5191 εἰ
3307 5129 3398 5182 τὸν
3421 5127 3646 5197 βασιλέα

2058 5228 2116 5279 ἐν
2134 5221 2286 5288 τάξει
2309 5221 2402 5274 τοῦ
2428 5219 2838 5291 δεσμοφύλακος
2863 5217 3036 5286 ἔθηκα
3061 5232 3074 5246 ο
3099 5216 3160 5268 τὸ
3181 5215 3289 5284 γάρ
3312 5213 3443 5266 αὐτὸ
3463 5213 3648 5291 είρλγάε

2060 5322 2210 5359 σατο.
2279 5301 2448 5356 Ούδέν
2504 5288 2620 5371 γάρ.
2653 5295 2806 5362 οὗτος
2852 5298 3060 5351 ἐκείνου
3108 5294 3492 5364 λαμπρότερος
3535 5288 3604 5362 ἦν
3631 5305 3644 5320 ·

2061 5387 2348 5442 ἀπώναντο
2387 5385 2496 5456 γὰρ
2525 5384 2850 5454 ἀμφότεροι.
2898 5378 3058 5441 Ἀλλ’,
3094 5379 3232 5448 ὅπερ
3274 5377 3432 5448 ἐφην,
3467 5376 3550 5429 ὅτι
3592 5377 3648 5428 ἐν

2060 5473 2179 5534 ταῖς
2208 5469 2450 5537 θλίψεσιν
2475 5467 2628 5530 ὄντες
2661 5466 2710 5517 οἱ
2733 5465 2950 5524 δίκαιοι,
2978 5462 3102 5514 τότε
3131 5461 3368 5531 μάλιστά
3389 5461 3494 5512 εἰσι
3522 5475 3652 5525 σφοφ

2061 5554 2324 5625 δρότεροι,
2352 5552 2483 5604 ὅταν
2528 5552 2587 5601 ἐν
2633 5548 2849 5616 δεσμοῖς
2879 5538 3094 5599 ὧσι.¹1’ὸ
3136 5545 3243 5618 γὰρ
3284 5543 3371 5596 διά
3416 5539 3651 5625 Χριστόν

2063 5624 2113 5690 τι
2147 5635 2359 5696 παθεῖν,
2394 5634 2574 5702 πάσης
2606 5628 2964 5698 παραμυθίας
2991 5628 3160 5698 ἥδιον.
3215 5624 3478 5680 Βούλεσθε
3513 5625 3649 5676 ὑπο-

2146 5859 2170 5894 ιδ
2211 5853 2357 5916 lerg.
2400 5850 2572 5913 Sa\‘il.,
2609 5850 2883 5916 κεχυμένον,
2917 5855 2967 5898 οὶ
2990 5860 3123 5907 mox,
3170 5846 3258 5894 οὐκ
3282 5843 3517 5904 ἐτόλμησε
3540 5837 3650 5886 06i-

2072 5935 2170 5968 σαι.
