4052 6214
265 377 407 428 enim
435 381 529 421 eos
555 364 643 433 qui
676 361 804 416 foris
832 369 982 416 erant
1014 357 1089 411 sic
1108 352 1312 415 exedit,
1334 348 1600 420 quonmdo
1630 362 1725 399 eos
1750 345 1838 412 qui

266 473 415 517 erant
450 459 592 511 intus
621 453 884 507 reddebat
924 450 1120 504 illtBSOS
1145 456 1198 499 et
1230 440 1547 511 impatibiles
1575 438 1597 490 ?
1636 436 1703 490 Ut
1733 452 1844 488 tua-

270 556 460 607 nifesta
496 549 647 603 ﬁeret
676 546 765 599 Dei
794 542 1050 613 potentia.
1075 537 1245 592 Nemo
1265 546 1439 588 autem
1461 534 1682 585 miretur
1702 526 1844 597 quod

269 657 451 711 regem
486 641 537 691 in
568 637 759 691 eodem
782 633 973 686 ordine
998 629 1263 698 posuerim
1294 638 1399 694 quo
1422 621 1698 677 custodem
1726 632 1845 670 car-

268 709 415 788 eeris
447 748 461 783 :
506 729 737 795 idipsum
785 724 928 777 enim
961 719 1104 774 fecit.
1142 717 1239 771 llic
1276 715 1417 770 enim
1455 712 1546 766 illo
1572 709 1702 766 nihil
1730 715 1851 761 erat

271 820 622 892 pra-clarior:
656 814 919 867 ambobus
956 810 1096 864 enim
1129 805 1343 875 profuit.
1388 802 1493 858 Sed
1526 801 1661 855 sicut
1698 798 1847 860 dixi,

265 912 398 982 justi
427 912 553 963 dum
575 908 626 960 in
659 904 912 958 aerumnis
940 911 1238 962 versantur,
1271 907 1395 951 tunc
1419 905 1535 949 sunt
1563 893 1852 947 vehemen-

274 1005 441 1056 tiores
465 1042 481 1065 ,
515 999 727 1068 quando
757 1004 882 1049 sunt
923 995 971 1046 in
1020 992 1264 1045 vinculis.
1298 988 1426 1042 Nam
1457 997 1675 1056 propter
1705 983 1855 1038 Chri—

273 1107 420 1147 stum
447 1092 645 1161 aliquid
677 1103 799 1143 esse
829 1101 1042 1157 passmn
1074 1124 1089 1148 ,
1118 1092 1199 1136 est
1226 1080 1416 1150 quovis
1449 1077 1640 1134 solatio
1666 1077 1857 1144 jucun-

274 1187 419 1238 dius.
462 1182 639 1236 Vultis
668 1181 831 1233 alium
863 1191 1073 1247 quoque
1102 1188 1373 1227 carcerem
1418 1171 1569 1222 vohis
1613 1182 1856 1221 revocem

277 1276 329 1326 iu
378 1269 741 1327 memoriam?
782 1266 865 1321 Ab
915 1265 1013 1319 hac
1056 1274 1242 1318 catena
1291 1262 1341 1314 iu
1384 1260 1546 1312 alium
1588 1272 1859 1311 carcerem

277 1363 607 1420 veniendum
656 1368 757 1413 est.
810 1359 1104 1423 Quemnam
1150 1352 1357 1406 vultis?
1396 1349 1713 1403 Jercmia-ne
1741 1388 1756 1412 ,
1795 1363 1859 1399 ειη

274 1453 500 1522 Iosephi
532 1494 547 1517 ,
578 1467 644 1503 an
693 1449 917 1505 Joannis
945 1447 968 1498 ?
1009 1445 1154 1500 Pauli
1201 1453 1406 1497 catenae
1453 1441 1622 1509 gratia
1656 1456 1669 1491 :
1702 1453 1863 1503 quam

280 1545 486 1598 multos
530 1541 759 1595 orationi
812 1549 1010 1591 nostra:
1052 1535 1261 1605 aperuit
1306 1532 1592 1588 Carccres!
1628 1529 1866 1581 Voltisne

277 1633 553 1691 Joannis?
601 1632 825 1686 Vinctus
859 1630 954 1684 fuit
991 1628 1074 1681 hic
1113 1640 1325 1696 quoque
1353 1630 1569 1693 pmpter
1599 1621 1866 1672 Christum

278 1737 338 1782 et
382 1727 559 1795 legem
598 1723 714 1776 Dei.
757 1720 895 1789 Quid
931 1734 1058 1787 ergo
1081 1758 1097 1782 ,
1132 1717 1296 1770 fuitne
1341 1715 1544 1769 otiosus
1571 1726 1692 1765 cuin
1723 1718 1869 1764 esset

281 1821 339 1873 in
380 1814 649 1871 carcere?
679 1827 858 1865 annon
907 1811 1030 1866 inde
1069 1825 1132 1863 ex
1177 1820 1396 1863 earct-re
1442 1805 1619 1857 missis
1656 1802 1870 1855 dicebat

206 1964 209 1967 η
285 1909 566 1979 discipulis
586 1906 700 1959 suis
723 1946 738 1970 ,
774 1904 973 1957 Euntes
998 1902 1158 1953 dicite
1187 1899 1398 1951 Christo
1421 1916 1431 1948 :
1452 1896 1528 1951 Tu
1557 1914 1607 1948 es
1634 1894 1719 1963 qui
1749 1909 1837 1944 rea

1149 242 1212 297 iN
1242 238 1452 296 EPIST.
1498 237 1584 290 AD
1625 235 1864 290 EPHES.
1906 232 2059 289 CAP.
2101 230 2187 287 ιν.
2232 224 2465 284 1101111..
2510 221 2597 275 IX.

1950 351 2089 391 turus
2118 356 2269 405 es,an
2289 339 2445 389 alium
2466 343 2809 403 exspectamus
2831 327 3047 401 (Matth.
3075 329 3092 381 1
3114 329 3159 381 1.
3187 328 3247 397 3)
3268 328 3373 384 ?F.t.
3396 343 3518 381 eum

1953 432 2058 485 illic
2086 440 2230 483 esset
2261 468 2277 491 ,
2309 427 2534 480 docebat
2567 442 2582 479 :
2614 441 2715 476 non
2757 438 2899 477 Cllllll
2927 432 3043 475 erat
3070 420 3366 488 negligens.
3412 420 3519 471 Sed

1953 521 2207 575 Jeremias
2236 536 2410 573 annon
2442 516 2685 588 pnedixit
2710 516 2776 569 de
2802 514 3120 585 Babylonio,
3153 527 3271 581 quas
3299 511 3378 564 sui
3401 510 3531 564 oili—

1953 617 2020 670 cii
2044 625 2196 670 erant
2213 613 2390 664 oumia
2413 613 2573 665 etiam
2608 600 2713 663 illic
2736 608 2978 662 faciens?
3005 606 3142 671 Quid
3167 620 3291 659 vero
3310 602 3533 672 .Ioscph?

1956 723 2132 763 annon
2163 708 2372 759 vinetus
2400 715 2513 757 erat
2547 718 2641 769 per
2669 701 2921 755 ιτυιιρυὶιιι
2955 698 3165 752 annos?
3194 700 3439 750 Attamen
3469 710 3536 747 ne

1958 798 2065 852 illic
2095 798 2309 864 quidem
2359 796 2562 849 oblitus
2607 802 2689 847 est
2730 792 2962 845 virtutis.
3012 789 3144 845 Cum
3177 789 3351 840 adlmc
3378 786 3536 839 unius

3450 218 3518 273 70

1962 891 2165 944 vincula
2197 888 2492 941 dixerimus
2515 927 2532 950 ,
2563 885 2721 937 linem
2753 885 3089 951 imponemus
3115 879 3367 934 orationi.
3404 878 3534 930 Viu-

1962 994 2079 1036 cuts
2119 996 2330 1049 quoque
2360 979 2455 1032 fuit
2489 978 2743 1031 Dominus
2782 986 2963 1027 uester
2990 1014 3004 1034 ,
3038 973 3129 1040 qui
3161 972 3345 1024 orbem
3384 979 3540 1022 terra:

1962 1073 2119 1127 Solvit
2148 1090 2176 1123 ει
2208 1070 2439 1139 peceatis
2471 1084 2485 1121 ζ
2518 1072 2709 1120 vincta:
2741 1077 2860 1119 sunt
2896 1079 3117 1127 manus,
3151 1080 3269 1131 qua:
3299 1063 3437 1115 bona
3468 1062 3543 1114 fe-

1964 1173 2149 1218 cerunt
2188 1160 2589 1215 innumerabilia
2620 1176 2632 1212 :
2676 1157 2906 1209 l’inctum
2954 1156 3097 1208 enim
3125 1194 3141 1218 ,
3175 1154 3345 1221 inquit
3375 1193 3391 1217 ,
3434 1169 3545 1204 eum

1966 1254 2217 1307 duxerunt
2259 1252 2325 1305 ad
2373 1249 2618 1319 Cuipham
2650 1248 2669 1319 (
2702 1246 2784 1298 ld.
2822 1246 2912 1299 26.
2945 1245 3011 1299 57
3042 1244 3082 1313 ).
3120 1242 3183 1295 Et
3211 1244 3419 1296 vinctus
3450 1242 3547 1293 fuit

1968 1345 2055 1414 qui
2106 1353 2210 1395 lam
2270 1342 2433 1395 multa
2486 1342 2685 1393 fecerat
2737 1335 3015 1390 miracuda.
3077 1334 3201 1386 llaec
3251 1332 3549 1400 cogitatth

1972 1449 2255 1501 numquam
2277 1448 2417 1500 :egre
2449 1430 2700 1491 feramus,
2723 1427 2815 1481 sed
2845 1426 3051 1480 etiamsi
3079 1424 3333 1477 fuerimus
3364 1421 3549 1487 vincti,

1971 1526 2325 1594 gaudeamus:
2350 1521 2451 1575 etsi
2482 1536 2584 1573 non
2614 1533 2800 1573 sumus
2833 1519 2884 1571 in
2916 1517 3162 1577 vinculis,
3191 1516 3361 1569 simus
3407 1523 3546 1567 tam-
3626 1576 3635 1582 .

1975 1631 2131 1683 quam
2177 1611 2432 1682 colligati.
2462 1611 2622 1664 Vides
2650 1620 2907 1677 quantum
2940 1608 3137 1660 bonttm
3169 1607 3239 1660 sit
3264 1604 3552 1659 vinculum.

1978 1705 2099 1759 lla-c
2123 1704 2303 1757 omnia
2340 1718 2459 1755 cum
2490 1700 2757 1761 sciamus,
2789 1699 2899 1752 Deo
2935 1698 3130 1766 gratias
3168 1711 3268 1764 pro
3310 1694 3557 1748 onmibns

1976 1800 2303 1860 emittamus,
2329 1795 2380 1846 iu
2411 1793 2627 1847 Christo
2650 1790 2775 1845 .lesn
2813 1790 3034 1842 Domino
3064 1798 3271 1841 nostro.

293 1969 3556 2018 Μ

1700 2028 2041 2093 HOMlLlA
2088 2021 2203 2081 IX.

288 2157 425 2211 CAP.
466 2152 520 2205 ι.
554 2164 607 2201 v.
645 2149 694 2202 1.
729 2145 948 2200 Obsecro
992 2145 1156 2211 itaque
1201 2158 1283 2194 vos
1322 2157 1411 2210 ego
1458 2140 1650 2192 vinctus
1698 2138 1749 2189 in
1780 2135 1880 2188 Do-

364 2243 528 2305 mino,
560 2247 614 2290 ut
642 2237 793 2306 digne
820 2234 1083 2286 ambuletis
1113 2231 1376 2284 vocatione
1405 2245 1504 2297 qua
1529 2227 1692 2280 vocati
1719 2225 1834 2278 estis
1865 2266 1881 2290 ,

362 2334 420 2386 2.
454 2348 567 2385 cum
587 2329 724 2382 omni
756 2325 1039 2379 humilitate
1060 2334 1103 2376 et
1120 2320 1520 2379 mansuetudine,
1549 2333 1661 2369 cum
1685 2316 1881 2385 patien.

369 2424 464 2481 tia,
493 2426 851 2488 supportantes
880 2415 1092 2467 invicem
1117 2413 1168 2464 in
1195 2412 1403 2464 caritate
1422 2450 1438 2475 ,
1471 2409 1521 2463 5.
1546 2404 1750 2460 solliciti
1775 2420 1884 2456 ser.

368 2530 488 2567 vare
516 2512 764 2563 unitatem
791 2507 1001 2575 spiritus
1028 2506 1079 2557 in
1109 2501 1312 2556 vinculo
1336 2500 1491 2570 pacis.

373 2606 428 2657 1.
464 2604 693 2655 Ostensa
721 2608 804 2652 est
830 2606 1032 2651 catenae
1059 2595 1204 2649 Pauli
1234 2608 1423 2661 magna
1441 2592 1607 2645 virtus
1627 2632 1641 2655 ,
1664 2599 1718 2644 et
1744 2603 1880 2659 prae-

304 2697 499 2750 clarior
525 2693 714 2763 signis.
733 2691 845 2745 Non
864 2699 1067 2744 temere
1086 2702 1214 2758 ergo
1230 2700 1329 2741 uec
1352 2686 1564 2748 frustra,
1585 2682 1883 2743 utvidetur,

302 2802 425 2841 eam
462 2786 671 2855 profert
695 2824 710 2846 ,
742 2781 837 2836 sed
867 2789 1135 2848 tamquam
1164 2793 1259 2847 per
1284 2778 1453 2843 ipsam
1478 2773 1684 2844 pudore
1716 2770 1886 2826 suffu—

302 2896 488 2933 surns.
521 2878 591 2931 Et
616 2874 748 2946 quid
777 2873 894 2928 ait?
924 2872 1142 2925 Obsecro
1181 2871 1349 2934 itaque
1388 2884 1472 2920 vos
1496 2882 1588 2935 ego
1620 2865 1813 2918 vinctus
1836 2864 1890 2914 in

307 2971 538 3024 Domino
559 3009 574 3030 ,
603 2976 656 3020 ut
681 2967 830 3036 digne
858 2962 1123 3016 ambuletis
1143 2959 1400 3013 vocatione
1426 2975 1523 3027 qua
1552 2956 1713 3009 vocati
1750 2955 1888 3008 estis.

306 3058 649 3128 Quomodo?
678 3056 801 3109 Cum
829 3055 964 3108 omni
999 3052 1282 3105 humilitate
1310 3091 1325 3115 ,
1371 3064 1486 3100 cum
1514 3047 1894 3099 mansuetudine

306 3163 358 3205 et
392 3147 646 3220 patientia
666 3186 682 3211 ,
714 3145 841 3197 alter
869 3144 1083 3196 alterum
1112 3140 1411 3194 sustinentes
1439 3138 1491 3190 in
1518 3138 1748 3190 caritate.
1778 3136 1894 3190 Non

310 3240 638 3310 simpliciter
692 3236 926 3289 vinctum
980 3247 1099 3286 esse
1141 3232 1337 3284 bonum
1377 3238 1460 3284 est
1487 3269 1503 3294 ,
1539 3228 1631 3282 sed
1683 3238 1898 3297 propter

311 3332 594 3385 Christum
627 3340 754 3380 esse
787 3327 1047 3377 vinctum.
1074 3321 1367 3389 PrOpterea
1398 3318 1529 3373 dicit
1555 3361 1569 3384 ,
1610 3316 1816 3372 Vinctus
1846 3319 1899 3370 iu

318 3422 566 3480 Denu'no,
598 3418 650 3470 id
676 3426 781 3481 est,
806 3422 1022 3483 propter
1046 3411 1336 3465 Christum.
1356 3408 1496 3463 Nihil
1522 3408 1596 3462 illi
1626 3408 1701 3462 rei
1732 3415 1903 3475 potest

310 3510 665 3580 :eqoiparari.
717 3506 823 3560 Sed
863 3512 1053 3558 catena
1084 3518 1181 3556 nos
1206 3501 1375 3571 magis
1400 3499 1661 3554 abstrahit
1690 3507 1745 3553 et
1768 3498 1905 3551 avel-

316 3607 385 3659 lit
414 3620 443 3657 a
473 3599 793 3671 propositis,
827 3604 882 3651 et
909 3610 1015 3648 non
1037 3594 1362 3647 sustinenms
1384 3592 1636 3644 resistere
1657 3629 1671 3653 ,
1703 3588 1795 3642 sed
1827 3588 1908 3639 in-

312 3695 417 3747 viti
459 3692 770 3749 trahimur;
805 3687 912 3740 imo
936 3684 1177 3737 volentes
1204 3691 1257 3737 et
1281 3689 1550 3750 Optantes.
1596 3679 1665 3732 Et
1702 3679 1904 3731 utinam

310 3799 542 3852 semper
574 3781 702 3834 mibi
726 3780 909 3832 liceret
936 3775 1078 3845 loqui
1101 3774 1167 3827 de
1186 3780 1373 3828 catena
1396 3770 1568 3824 Pauli.
1591 3769 1696 3823 Sed
1727 3784 1793 3823 ne
1822 3769 1912 3821 oh-

314 3875 650 3944 torpescatis
679 3890 694 3923 :
726 3870 846 3922 volo
871 3867 1045 3920 adhuc
1073 3864 1422 3935 quaestionem
1452 3870 1685 3915 tractare
1705 3901 1720 3923 ,
1752 3874 1909 3929 quam

312 3965 488 4019 multi
518 3962 749 4017 efferunt
774 3978 787 4013 :
817 3958 923 4014 Sed
954 3958 999 4012 si
1025 3958 1179 4011 bona:
1205 3963 1331 4008 sunt
1355 3968 1609 4008 aerumnae
1635 3994 1649 4015 ,
1682 3967 1778 4005 cur
1801 3953 1914 4019 ipse

310 4073 381 4110 se
426 4054 730 4108 defendens
767 4050 905 4119 apud
962 4049 1249 4117 Agrippam
1296 4045 1550 4108 dicebat,
1594 4044 1727 4112 Opto
1775 4043 1916 4110 apud

311 4147 499 4199 Deam
526 4157 575 4198 et
606 4145 657 4196 in
693 4144 889 4195 modico
926 4152 974 4193 et
1017 4143 1069 4192 in
1099 4155 1281 4208 magno
1315 4179 1329 4199 ,
1359 4154 1459 4190 non
1495 4147 1691 4189 tantum
1718 4146 1765 4188 te
1784 4178 1798 4199 ,
1830 4135 1917 4187 sed

309 4240 481 4289 etiam
507 4250 709 4297 omnes,
728 4233 813 4301 qui
840 4247 918 4283 me
942 4231 1155 4283 audiunt
1181 4229 1348 4292 hodie,
1374 4228 1481 4295 ﬁeri
1505 4227 1652 4289 tales,
1682 4226 1847 4297 qualis
1872 4235 1919 4278 et

309 4346 416 4399 ego
452 4344 595 4390 sum,
611 4325 833 4392 exceptis
858 4322 1072 4376 vinculis
1098 4322 1175 4373 his
1206 4323 1223 4388 (
1251 4321 1363 4373 Act.
1389 4319 1476 4372 26.
1510 4318 1581 4372 29
1606 4320 1648 4388 )?
1668 4318 1782 4371 Non
1808 4318 1919 4372 lucc

307 4420 553 4473 dicebat
584 4428 854 4484 tamquam
885 4414 1199 4467 existimans
1232 4428 1345 4464 rem
1380 4426 1499 4463 esse
1530 4409 1919 4477 deprecandattt

305 4521 367 4563 et
402 4505 846 4567 esseet-audam;
879 4504 1018 4557 absit
1047 4517 1064 4560 ;
1096 4517 1198 4555 nou
1222 4504 1362 4554 enim
1393 4542 1407 4561 .
1436 4496 1480 4553 si
1511 4517 1596 4554 res
1625 4508 1769 4554 esset
1790 4501 1923 4553 abo-

310 4599 601 4654 minanda
628 4640 643 4662 ,
674 4598 998 4663 gloriaretur
1021 4594 1088 4647 de
1116 4593 1342 4647 vinculis
1361 4633 1377 4657 ,
1405 4592 1472 4647 de
1495 4592 1800 4646 carceribus
1821 4633 1836 4654 ,
1859 4593 1925 4646 de

313 4692 463 4744 aliis
508 4687 903 4741 afﬂictionibus
927 4703 938 4738 :
966 4701 1066 4738 nec
1099 4684 1344 4738 scribens
1387 4685 1610 4737 dixisset
1637 4724 1652 4747 ,
1684 4683 1929 4738 Lubenter

310 4783 609 4853 gloriabor
634 4782 686 4833 in
716 4778 1099 4847 inﬁrmitatibus
1131 4779 1253 4830 meis
1288 4776 1306 4848 (
1332 4777 1386 4830 2.
1424 4776 1543 4831 Cor.
1570 4776 1655 4829 12.
1688 4776 1802 4847 9);
1834 4777 1927 4831 sed

310 4875 461 4943 quid
486 4874 515 4926 ?
544 4873 657 4925 lloc
684 4872 856 4941 ipsum
889 4880 1006 4924 erat
1031 4869 1282 4924 indicium
1312 4911 1325 4933 ,
1355 4872 1494 4937 quod
1528 4872 1699 4940 magni
1734 4871 1933 4923 faceret

310 4965 583 5019 vincula.
607 4962 759 5017 Sient
785 4963 929 5015 enim
956 4961 1170 5015 dicebat
1200 4962 1443 5015 scribens
1482 4962 1547 5014 ad
1580 4961 1887 5015 Corinthios
1914 4981 1928 5017 :

307 5055 433 5110 Lac
459 5056 615 5109 vobis
644 5063 820 5123 potum
848 5053 985 5116 dedi,
1017 5068 1117 5107 non
1146 5068 1312 5106 escam
1334 5067 1352 5116 ,'
1379 5051 1602 5105 nondum
1628 5054 1760 5106 enim
1790 5063 1934 5123 pote-

306 5151 459 5201 ratis
499 5146 586 5215 (1.
609 5145 731 5199 Cor.
764 5146 818 5199 ὅ.
850 5143 909 5214 2)
943 5161 956 5196 :
989 5144 1060 5198 ita
1092 5144 1179 5199 hic
1202 5160 1415 5214 quoque
1441 5160 1544 5198 non
1570 5155 1816 5213 poterant
1836 5163 1931 5199 an-

305 5238 450 5293 dire
491 5234 960 5307 pulchritudinem
990 5250 1088 5289 nec
1113 5234 1364 5289 decorem
1394 5250 1490 5289 nec
1518 5236 1798 5289 utilitatem
1821 5238 1938 5291 vin-

305 5333 626 5386 clorum.
655 5327 945 5396 Propterea
969 5326 1114 5391 dicit,
1149 5320 1385 5395 Exceptis
1414 5326 1491 5380 his
1516 5328 1725 5381 vinculis
1752 5326 1938 5400 (Hebr.

311 5425 413 5479 l3.
447 5422 557 5490 3).
604 5417 759 5488 Apud
792 5417 1051 5472 Hebrmos
1078 5425 1255 5471 autem
1288 5434 1392 5471 non
1426 5419 1497 5471 ita
1519 5459 1532 5481 ,
1563 5419 1657 5472 sed
1684 5419 1945 5474 suadebat

310 5525 377 5569 ut
410 5509 609 5568 simul
650 5508 981 5563 vincirentur
1006 5524 1127 5563 cum
1170 5508 1381 5562 vinctis.
1425 5508 1710 5577 Propterea
1749 5518 1803 5564 et
1832 5513 1945 5581 ipse

310 5604 647 5663 bttalntur
680 5610 900 5669 propter
927 5600 1137 5653 vincula
1170 5638 1185 5661 ,
1234 5608 1288 5652 et
1325 5600 1655 5654 vinciebatur
1682 5641 1698 5665 ,
1740 5612 1794 5657 et
1821 5617 1943 5658 eum

310 5696 557 5754 vinctis
602 5691 962 5747 abducebatur
990 5692 1039 5746 in
1079 5692 1397 5750 custodiam.
1434 5692 1615 5762 Magna
1639 5704 1720 5748 εει
1749 5696 1828 5751 Vis
1849 5712 1940 5752 Ca-

688 5809 955 5871 PATROL.
1002 5781 1118 5871 (in.
1167 5810 1359 5871 ιλιι.

1991 2155 2125 2199 tento
2169 2142 2313 2196 Pauli
2345 2159 2358 2195 :
2389 2140 2590 2195 sufficit
2621 2152 2717 2208 pro
2745 2137 2993 2193 omnibus
3023 2136 3126 2191 hoc
3151 2138 3515 2206 spectaculum
3548 2180 3563 2204 ,

1990 2235 2211 2289 Paulum
2238 2231 2416 2286 videre
2440 2231 2695 2294 vinctum,
2724 2238 2779 2282 et
2800 2229 3046 2283 eductum
3069 2244 3350 2282 ecarcere.
3379 2228 3569 2283 Videre

1990 2327 2218 2380 vinctum
2261 2332 2317 2377 et
2348 2323 2490 2375 intus
2520 2321 2792 2375 sedentem
2825 2360 2840 2383 ,
2870 2337 2970 2388 qua
3014 2319 3288 2389 voluptate
3332 2335 3437 2372 non
3483 2330 3567 2373 est

1992 2418 2104 2470 haec
2130 2413 2342 2481 major?
2370 2428 2474 2482 quo
2502 2412 2672 2481 pretio
2694 2425 2807 2463 rem
2835 2424 2939 2463 non
2970 2410 3342 2463 :cstimaveritn
3373 2411 3396 2463 ?

2059 2506 2432 2574 Imperatorunt
2467 2513 2513 2556 et
2549 2502 2823 2555 Consulatu
2858 2503 3022 2554 cultus
3052 2518 3165 2553 cum
3194 2502 3409 2570 spiritali
3435 2503 3570 2555 cultu

1993 2597 2152 2651 Pauli
2176 2613 2202 2649 e
2224 2610 2422 2648 carcere
2441 2593 2666 2646 exeuntis
2686 2601 3024 2660 comparatus.
3043 2620 3114 2630 —
3128 2591 3242 2644 Non
3266 2592 3453 2646 videtis
3476 2594 3575 2645 Im-

1999 2697 2273 2757 peratores
2301 2694 2355 2738 et
2378 2684 2634 2740 Consules
2660 2698 2818 2736 curru
2844 2690 3167 2751 gestatus,ct
3186 2698 3317 2735 auro
3337 2695 3575 2750 ornatos,

1995 2791 2049 2835 et
2089 2780 2345 2834 satellites
2383 2779 2560 2833 Omnia
2591 2777 2848 2839 habentes
2876 2791 3035 2831 aurea
3057 2816 3071 2840 ,
3104 2791 3294 2830 aureas
3325 2777 3536 2831 lanceas
3562 2822 3576 2845 ,

1997 2887 2187 2928 aureos
2212 2873 2428 2943 clypeos
2450 2912 2464 2934 ,
2495 2884 2684 2923 aureas
2708 2877 2885 2923 vestes
2906 2910 2919 2931 ,
2949 2884 3115 2939 equos
3155 2870 3329 2923 aureis
3363 2879 3579 2925 ornatos

1999 2964 2300 3034 ephippiis?
2329 2964 2495 3030 Quam
2524 2972 2606 3017 est
2633 2961 2734 3015 hoc
2759 2962 3121 3031 spectaculum
3152 2963 3239 3016 illo
3262 2963 3582 3029 jucundius?

2001 3054 2210 3109 Mallem
2237 3055 2401 3110 semel
2426 3055 2605 3109 videre
2638 3055 2854 3108 Paulmn
2878 3071 2908 3109 e
2929 3071 3142 3109 carcere
3165 3066 3443 3110 exeuntem
3463 3071 3581 3109 cum

2002 3148 2196 3202 vinctis
2220 3189 2235 3212 ,
2268 3162 2425 3218 quam
2464 3148 2655 3201 millies
2694 3148 2813 3201 illos
2838 3147 3093 3202 deductos
3118 3164 3237 3202 cum
3267 3150 3354 3203 illa
3381 3150 3582 3204 satelli-

2006 3246 2114 3290 tum
2145 3239 2454 3306 stipantium
2481 3251 2714 3291 caterva.
2741 3238 2909 3305 Quam
2940 3236 3136 3291 multos
3157 3240 3468 3294 existimatis
3489 3256 3587 3293 an-

2005 3330 2154 3401 gelos
2180 3345 2301 3385 eum
2328 3332 2686 3399 prmcessisse,
2709 3330 2922 3399 quando
2947 3330 3024 3383 sic
3049 3331 3410 3385 educebatur?
3434 3332 3585 3400 Quod

2008 3430 2183 3476 autem
2216 3437 2319 3474 non
2352 3423 2612 3484 mentiar,
2644 3437 2712 3476 ex
2740 3422 2903 3475 veteri
2934 3422 3158 3491 quadam
3194 3425 3410 3479 historia
3442 3429 3591 3478 vobis

2011 3512 2199 3565 faciam
2244 3512 2602 3580 perspicuum.
2649 3513 2869 3566 Elisreus
2910 3513 3202 3582 propheta,
3237 3515 3373 3570 forte
3414 3526 3588 3570 autem

2012 3604 2253 3674 quisnam
2302 3603 2369 3657 sit
2414 3603 2593 3669 scitis,
2635 3618 2754 3657 cum
2800 3619 2893 3657 rex
2935 3604 3105 3676 Syrte
3147 3605 3339 3658 bellum
3384 3620 3594 3676 gereret

2015 3695 2268 3749 adversus
2308 3709 2484 3765 regem
2526 3694 2729 3760 Israel,
2770 3694 2963 3749 sedens
3002 3697 3140 3764 apud
3182 3712 3239 3750 se
3276 3697 3328 3750 in
3361 3699 3594 3753 medium

2018 3785 2318 3855 proferebat
2360 3800 2708 3856 quaicumque
2754 3785 2843 3840 ille
2889 3787 2940 3839 in
2988 3785 3187 3840 intimis
3237 3791 3597 3853 penetralibus

2017 3876 2351 3930 consultabat
2381 3891 2501 3930 cum
2542 3876 2605 3929 iis
2632 3890 2768 3946 quos
2796 3875 3081 3931 adhibebat
3109 3878 3174 3931 ad
3205 3880 3485 3933 Consilium
3519 3884 3597 3950 (4.

2023 3965 2148 4036 Reg.
2174 3968 2226 4019 6.
2253 3967 2331 4035 8);
2363 3975 2417 4020 et
2446 3966 2585 4035 regis
2610 3968 2828 4021 consilia
2859 3967 3084 4021 faciebat
3114 3969 3281 4035 irrita,
3304 3971 3601 4041 pra'dicmis

2021 4072 2211 4109 arcana
2239 4097 2253 4119 ,
2287 4067 2341 4110 et
2370 4072 2474 4109 non
2513 4057 2694 4111 sinetis
2736 4057 2972 4111 incidere
3016 4059 3065 4111 in
3111 4058 3327 4128 laqueos
3355 4078 3490 4132 quos
3516 4065 3601 4117 ille

2026 4147 2293 4202 tendebat.
2329 4147 2439 4201 Hoc
2468 4163 2645 4217 regem
2676 4149 2811 4202 male
2841 4149 3098 4213 habebat,
3129 4162 3182 4203 et
3210 4154 3389 4207 animo
3416 4158 3604 4210 anxius

2027 4240 2077 4293 in
2107 4255 2292 4308 magna
2321 4248 2433 4293 erat
2461 4240 2808 4307 perplexitate
2838 4250 2890 4292 et
2922 4239 3274 4308 luesitatione,
3301 4255 3359 4298 ut
3382 4249 3467 4315 qui
3498 4266 3603 4301 non

2032 4338 2209 4398 posset
2234 4328 2545 4392 resciscere,
2566 4328 2808 4395 quisnam
2837 4337 2979 4382 esset
3002 4330 3089 4397 qui
3117 4336 3291 4387 omnia
3320 4337 3602 4405 proferret,

2030 4430 2084 4471 et
2112 4420 2352 4471 tenderet
2380 4417 2597 4470 insidias
2626 4418 2903 4488 irritasque
2931 4421 3176 4475 redderet
3196 4425 3314 4493 ejus
3337 4428 3608 4485 machina-

2034 4511 2223 4564 tiones.
2270 4509 2331 4562 Εἰ
2375 4523 2504 4578 ergo
2543 4509 2801 4564 dubitanti
2845 4520 2899 4564 et
2935 4526 3147 4565 causam
3185 4520 3438 4582 ψιλωθιηὶ
3480 4522 3610 4579 (ἤχει

2035 4602 2247 4671 quidatn
2277 4617 2340 4654 ex
2373 4601 2689 4656 satellitibus
2712 4645 2727 4668 ,
2755 4619 2876 4658 esse
2901 4606 3183 4676 quemdam
3212 4609 3463 4669 Elismum
3489 4632 3611 4686 pro-

2038 4697 2251 4764 phetam
2295 4694 2566 4749 sedentem
2600 4696 2652 4749 iu
2684 4696 2919 4750 Samaria
2946 4741 2960 4765 ,
2990 4700 3076 4769 qui
3110 4718 3213 4756 non
3242 4705 3444 4762 sineret
3476 4716 3615 4782 regis

2037 4787 2353 4841 sententiam
2385 4800 2505 4841 esse
2534 4788 2761 4855 firmam,
2790 4791 2879 4844 sed
2911 4793 3089 4846 otnnia
3121 4800 3399 4865 proferret.
3429 4800 3477 4855 ls-
3506 4809 3617 4860 cxi-

2040 4880 2272 4935 stimavit
2296 4894 2355 4934 se
2386 4887 2550 4933 totum
2581 4882 2867 4938 invenisse.
2900 4884 3033 4951 Sed,
3066 4898 3122 4940 ut
3148 4889 3364 4957 videas,
3392 4911 3457 4947 eo
3488 4899 3615 4952 nihil

2041 4981 2155 5026 erat
2184 4972 2450 5028 miserius.
2478 4971 2610 5027 Cum
2637 4986 2905 5042 Oporteret
2932 4979 3099 5032 virum
3130 4981 3423 5053 honorare,
3451 4990 3620 5044 adma-

2047 5063 2171 5125 rari,
2216 5071 2452 5132 stupere,
2484 5064 2525 5116 si
2558 5073 2754 5117 tantam
2789 5067 3011 5122 haberet
3046 5072 3313 5136 virtutem.
3345 5087 3403 5130 ut
3429 5080 3623 5136 sedens

2048 5164 2151 5204 tam
2180 5153 2360 5205 multis
2388 5162 2625 5208 remotus
2650 5156 2857 5222 stadiis,
2882 5159 3043 5213 sciret
3065 5178 3412 5235 qumcumque
3438 5168 3624 5227 σει-ειη

2049 5244 2099 5295 in
2127 5243 2265 5311 regis
2292 5244 2647 5311 penetralibus
2667 5287 2681 5309 ,
2712 5248 2856 5300 nullo
2882 5254 3251 5319 renuntiante;
3283 5256 3384 5312 ltoc
3411 5262 3623 5330 quidem

2052 5348 2156 5385 non
2186 5332 2330 5396 fecit,
2362 5334 2453 5388 sed
2488 5335 2722 5391 irritatus
2747 5347 2799 5392 et
2831 5339 2906 5393 ira
2938 5342 3189 5411 percitus,
3219 5350 3415 5403 coaetis
3442 5356 3627 5423 equiti.

2055 5425 2152 5478 hus
2178 5436 2232 5479 et
2258 5428 2476 5479 armatis
2502 5427 2778 5495 militibus,
2803 5446 2897 5484 eos
2925 5432 3082 5485 mittit
3109 5437 3423 5507 prophetam
3449 5447 3628 5505 obses.

2055 5531 2229 5571 suros.
2279 5516 2407 5570 Erat
2435 5528 2610 5573 autem
2645 5520 2837 5575 Elisaco
2866 5522 3157 5592 discipulus
3183 5529 3358 5588 adhuc
3388 5536 3439 5590 in
3468 5541 3627 5594 vesti-

2058 5608 2195 5663 bulis
2223 5609 2534 5679 pr0pheti.e,
2564 5613 2654 5681 qui
2681 5613 2915 5670 nondum
2943 5617 3192 5688 dignatus
3216 5637 3360 5683 esset
3384 5636 3635 5699 consequi

2058 5704 2316 5773 ejusmodi
2368 5705 2736 5764 revelationes.
2797 5710 3151 5768 Accesserant
3205 5721 3347 5786 regis
3399 5724 3624 5788 milites,

3212 5827 3250 5887 5
