4080 6218
496 246 554 300 τι
1185 245 1241 301 s.
1281 244 1555 301 iuturus
1593 240 2055 298 ettavsosrout
2098 243 2411 304 AltClllEP.
2445 226 2969 315 coxsrisrtuar.
3693 270 3758 322 τε

498 362 764 430 tamquam
807 360 1030 415 vinctttri
1075 360 1339 413 hominem
1364 399 1380 425 ,
1422 359 1528 412 imo
1569 371 1696 410 vero
1736 356 2067 426 prophetam.

497 454 700 506 ltursus
725 452 1008 507 iRtfidianS
1028 453 1079 505 in
1105 451 1332 514 vincula,
1354 458 1425 511 et.
1450 448 1573 519 quid
1598 448 1820 502 faciant?
1841 449 2070 518 undiqttc

496 543 609 598 hinc
638 544 715 598 sic
746 545 1047 598 contexitur
1073 542 1264 595 oratio.
1295 540 1429 594 Cum
1456 548 1631 593 autem
1664 539 1884 593 vidisset
1911 538 2072 591 disci-

495 636 649 705 pulus
678 635 905 690 militum
935 633 1352 697 multitudinem,
1381 631 1670 701 obstupuit,
1695 634 1990 700 timensque
2016 641 2070 685 ct

496 737 728 779 tremens
754 738 1037 777 occurrens
1057 722 1121 774 ad
1148 722 1478 790 magistrum,
1502 722 1822 775 renuntiavit
1847 720 2064 775 calami—

493 827 652 870 tatem
676 825 729 869 ut
755 815 987 883 putabat,
1009 822 1064 866 et
1087 812 1391 867 inevitabile
1412 813 1730 883 significavit
1750 812 2063 881 periculum.

492 906 626 959 Risit
651 903 903 973 propheta
926 902 1063 971 quod
1089 902 1351 955 timuisset
1370 916 1488 970 quae
1510 917 1614 955 non
1636 913 1785 955 erant
1809 901 2062 964 timenda,

487 1005 540 1048 et
568 995 814 1047 hortatus
848 1002 930 1046 est
960 1003 1014 1045 ut
1042 993 1355 1046 conﬁderet.
1398 993 1492 1047 llle
1517 1002 1695 1047 autem
1722 1004 1779 1046 ut
1810 994 1896 1060 qui
1924 1000 2066 1046 esset

487 1085 843 1154 imperfectus,
877 1100 979 1137 non
1006 1084 1275 1148 credebat,
1307 1083 1399 1137 sed
1430 1099 1494 1137 ex
1522 1099 1579 1137 re
1607 1084 1716 1136 visa
1746 1083 1918 1135 adhuc
1944 1098 2068 1151 pcr-

483 1178 683 1237 eulsus,
719 1177 998 1230 tenebatur
1026 1185 1187 1229 metu.
1221 1174 1355 1240 Quid
1389 1190 1517 1228 vero
1547 1174 1840 1242 propheta?
1869 1174 2020 1242 Aperi
2046 1214 2059 1233 ,

484 1268 685 1337 inquit,
722 1266 951 1325 Domine.
977 1267 1148 1318 oculos
1177 1266 1324 1334 huius
1350 1265 1528 1333 pueri,
1561 1274 1605 1316 et
1633 1264 1794 1316 videat
1825 1265 1896 1331 (4.
1931 1262 2057 1332 Reg.

483 1360 536 1414 ϐ.
561 1361 650 1430 17)
671 1372 791 1413 esse
813 1358 991 1426 plures
1013 1357 1312 1419 nobiSt-um,
1336 1370 1491 1424 quam
1515 1370 1635 1407 cum
1660 1356 1807 1423 ipsis.
1835 1356 1897 1406 Et
1920 1355 2062 1407 videt

482 1461 701 1521 repente
718 1460 881 1503 totum
906 1458 1160 1513 montem,
1181 1463 1336 1516 quem
1357 1447 1626 1499 habitabat
1642 1445 1919 1514 propheta,
1939 1458 2060 1498 esse

482 1546 695 1615 plenum
723 1545 874 1614 equis
904 1542 1071 1612 igneis
1093 1548 1147 1593 et
1170 1539 1432 1609 ejusmodi
1454 1538 1698 1592 curribus
1724 1556 1737 1590 :
1762 1537 1862 1591 hoc
1881 1544 2058 1590 autem

481 1640 608 1693 nihil
637 1647 753 1691 erat
776 1636 918 1689 aliud
947 1650 1104 1703 quam
1133 1642 1332 1686 structa
1361 1632 1503 1686 acies
1532 1630 1863 1698 angelorum.

546 1729 600 1783 2.
642 1728 697 1783 Si
723 1737 897 1780 autem
929 1724 1175 1778 lallismtun
1200 1723 1267 1776 ad
1293 1721 1343 1777 id
1369 1722 1540 1776 Suitlm
1572 1730 1713 1774 tanta
1735 1718 2059 1788 sequebatur

476 1823 618 1873 acies
638 1858 652 1881 ,
694 1816 821 1886 quid
862 1815 1121 1869 Paulum?
1168 1814 1278 1867 Iloc
1308 1813 1467 1867 etiam
1497 1811 1707 1866 dicebat
1738 1809 1898 1863 David
1933 1824 2054 1876 pro-

478 1912 678 1981 pheta:
721 1908 900 1964 Castra
943 1907 1208 1961 metabitur
1250 1906 1460 1976 angelus
1502 1903 1711 1957 Domini
1750 1902 1804 1955 in
1847 1900 2057 1954 circuitu

476 2006 755 2059 timentium
790 2017 942 2065 eum;
984 2010 1037 2055 et
1076 2014 1260 2053 rursus
1283 2039 1299 2064 ,
1330 1997 1395 2051 In
1422 1998 1652 2050 manibus
1680 1995 1854 2047 tollent
1881 2003 1927 2048 te
1946 2033 1965 2058 ,
1994 2008 2056 2045 ne

475 2097 678 2167 quando
720 2094 949 2161 offendas
991 2092 1059 2144 ad
1104 2091 1323 2160 lapidem
1377 2088 1549 2156 pedem
1578 2097 1715 2140 tuum
1742 2084 1934 2155 (pPsal.
1963 2083 2050 2137 '55.

474 2196 526 2247 8.
558 2202 601 2245 et
631 2189 719 2246 90.
754 2189 819 2242 1‘2.
843 2189 879 2258 ).
928 2186 993 2239 Et
1031 2184 1155 2254 quid
1196 2184 1316 2237 dico
1353 2180 1608 2252 angelos?
1651 2180 1763 2248 ipse
1799 2178 2052 2230 Dominus

473 2289 589 2335 erat
630 2295 750 2334 cum
799 2278 916 2346 ipso
955 2274 1280 2346 egrediente.
1325 2272 1441 2325 Non
1481 2271 1621 2325 enim
1652 2269 1720 2323 ab
1751 2268 2052 2322 A‘brahamo

474 2374 685 2444 quidem
710 2371 1011 2433 videbatur,
1044 2384 1146 2421 non
1169 2374 1283 2421 erat
1303 2375 1478 2421 autem
1502 2380 1620 2419 cum
1647 2379 1712 2417 eo
1736 2381 1750 2418 :
1775 2364 1887 2432 ipse
1911 2363 2050 2415 enim

475 2466 717 2537 promisit
765 2464 949 2517 dicens
976 2504 990 2527 ,
1023 2459 1131 2530 Ego
1176 2459 1426 2513 vobiscum
1456 2474 1567 2511 sum
1610 2455 1840 2510 omnibus
1878 2454 2052 2506 diebus

473 2575 628 2627 usque
650 2557 717 2609 ad
744 2556 1220 2608 consummationem
1247 2549 1419 2603 seaculi
1445 2551 1460 2614 (
1491 2547 1673 2600 Matth.
1703 2548 1792 2600 9.8.
1824 2544 1893 2598 20
1986 2545 2051 2597 Et

474 2665 657 2706 rursus
683 2650 749 2704 ab
776 2663 841 2701 eo
868 2649 1010 2699 visus
1038 2644 1245 2699 dicebat
1266 2678 1285 2709 ,
1316 2641 1439 2697 Noti
1471 2642 1669 2702 timere,
1701 2639 1789 2692 sed
1812 2637 2047 2705 loquere,

471 2745 588 2814 quia
630 2759 719 2813 ego
746 2758 855 2796 sum
893 2749 1052 2793 tecum
1077 2780 1091 2796 .
1125 2747 1171 2790 et
1202 2753 1345 2790 nemo
1373 2744 1419 2789 te
1446 2733 1645 2787 invadet
1684 2741 1737 2785 ut
1766 2733 1853 2784 tibi
1879 2739 2050 2784 noceat

478 2837 614 2903 (Act.
650 2832 735 2888 18.
769 2831 844 2899 9).
876 2830 1041 2885 Porro
1074 2829 1123 2881 in
1151 2827 1352 2882 somnis
1380 2840 1589 2895 quoque
1620 2823 1667 2877 ei
1697 2822 1898 2877 adstitit
1924 2863 1937 2882 ,
1967 2822 2048 2872 di-

470 2943 631 2982 cens:
662 2924 909 2979 Constans
937 2932 1041 2976 esto
1064 2936 1083 2973 :
1105 2921 1230 2973 sicut
1258 2919 1387 2971 enim
1416 2917 1706 2985 testiﬁcatus
1734 2932 1784 2967 es
1809 2913 1871 2966 de
1894 2929 1972 2967 me
1997 2914 2050 2966 in

469 3018 777 3080 Jerusalem,
806 3015 876 3067 sic
904 3023 949 3067 te
978 3021 1171 3081 oportet
1201 3020 1247 3062 et
1278 3009 1455 3063 Roma:
1481 3007 1765 3077 testi/icari(
1795 3004 1816 3057 1
1825 3006 1909 3058 bid
1937 3004 2044 3058 .23.

475 3115 587 3183 Η).
612 3114 836 3179 Semper
857 3108 1070 3177 quidem
1094 3104 1260 3158 sancti
1287 3112 1409 3156 sunt
1429 3099 1790 3161 admirabiles,
1814 3107 1867 3152 et
1887 3098 2048 3152 multa

474 3205 615 3273 pleni
646 3202 812 3273 gratia
838 3216 851 3264 ;
887 3199 1116 3253 maxime
1143 3205 1322 3249 autem
1348 3192 1558 3263 quando
1588 3192 1639 3245 in
1670 3189 1907 3260 periculo
1934 3204 2050 3242 ver-

474 3306 659 3351 santur
696 3302 911 3362 propter
937 3290 1207 3347 Christum
1234 3331 1249 3354 ,
1290 3284 1500 3357 quando
1529 3297 1652 3339 sunt
1680 3284 1861 3338 vincti.
1903 3281 2048 3335 Sicut

472 3391 613 3444 enim
662 3387 812 3441 miles
858 3384 1008 3438 fortis
1045 3393 1102 3439 et
1138 3393 1384 3436 strenuus
1410 3390 1490 3434 est
1521 3393 1732 3447 semper
1754 3373 2046 3446 jucundum

476 3482 816 3538 cernentibus
835 3478 1215 3549 spectaculum,
1233 3474 1461 3529 maxime
1478 3482 1652 3526 autem
1671 3469 1882 3540 quando
1898 3467 2047 3538 juxta

474 3579 645 3644 ipsum
690 3587 866 3641 regem
897 3569 1103 3623 steterit
1130 3578 1183 3622 et
1216 3567 1266 3619 in
1297 3566 1410 3619 acie
1441 3564 1598 3617 fuerit
1624 3583 1636 3614 :
1670 3563 1737 3614 ita
1770 3560 1927 3615 etiam
1958 3573 2050 3613 co-

471 3669 576 3736 gita
607 3665 856 3726 Paulum,
888 3671 1142 3731 quantum
1176 3658 1365 3712 licebat
1389 3656 1588 3719 videre,
1620 3654 1896 3707 docentem
1926 3666 2046 3706 cum

472 3756 601 3824 ipsis
633 3753 876 3806 vinculis.
912 3749 1090 3803 Dicam
1119 3756 1173 3802 et
1198 3748 1483 3817 cogitatum
1508 3744 1649 3814 quod
1681 3743 1888 3835 interim
1919 3741 2046 3795 mihi

472 3846 611 3901 venit
639 3845 690 3897 itt
717 3842 986 3897 utentem?
1014 3841 1205 3895 Beatus
1228 3847 1427 3907 martyr
1447 3836 1672 3905 Bahylas
1692 3832 1764 3903 (a)
1787 3832 1897 3901 ipse
1916 3849 2048 3895 quo-

471 3954 576 4010 que
608 3936 813 3992 vinctus
844 3933 942 3987 fuit
968 3933 1036 3987 ob
1066 3931 1305 3987 eamdem
1332 3942 1568 3990 causam,
1601 3926 1670 3979 ob
1699 3940 1855 3994 quam
1887 3923 2046 3976 Joan-

475 4046 567 4085 nes
586 4070 603 4096 ,
632 4037 691 4081 ut
720 4025 808 4097 qui
841 4040 1017 4093 regem
1051 4022 1226 4090 inique
1252 4035 1310 4075 se
1339 4027 1612 4087 gerentem
1642 4015 1896 4083 arguerit.
1934 4013 2048 4081 ipse

477 4121 743 4178 decedens
784 4116 1054 4171 mandavit
1094 4122 1151 4166 ut
1189 4111 1396 4167 vincula
1441 4116 1767 4178 ponerentur
1799 4121 1918 4159 cum
1949 4120 2048 4158 suo

475 4227 700 4284 corpore
721 4252 739 4277 ,
769 4219 821 4263 et
848 4222 1042 4276 corpus
1080 4193 1396 4272 sepeliretur
1423 4200 1652 4254 vinctum
1681 4207 1769 4255 :et
1796 4211 1934 4250 nunc
1962 4197 2045 4249 siti

474 4317 595 4361 sunt
612 4301 900 4372 compedes
915 4316 1034 4354 eum
1052 4300 1251 4352 cinere.
1270 4295 1498 4350 Tantum
1522 4305 1637 4348 erat
1653 4292 1701 4347 ei
1723 4290 2045 4346 desiderium

475 4397 801 4452 vinculorum
833 4401 1047 4462 propter
1070 4388 1357 4443 Christum.
1385 4384 1603 4441 Ferrum
1630 4383 1915 4456 pertransiit
1935 4382 2048 4434 ani-

474 4508 553 4542 nm
581 4490 690 4556 eius
718 4489 734 4555 (
766 4484 907 4538 f’sal.
945 4483 1063 4538 104.
1096 4480 1163 4536 18
1186 4477 1227 4553 ),
1258 4479 1386 4534 dicit
1412 4478 1667 4547 prapheta
1696 4475 1763 4530 de
1790 4464 2044 4542 Josepho.

473 4581 588 4633 .latn
622 4596 746 4630 vero
779 4577 1026 4631 mulieres
1052 4588 1261 4644 qquue
1291 4580 1605 4638 acceperant
1645 4569 1830 4634 horum
1860 4568 2044 4621 vincu-

476 4674 647 4724 lorum
672 4669 1074 4737 experientiam.
1104 4669 1172 4720 At
1200 4680 1296 4719 nos
1322 4678 1427 4718 non
1456 4663 1682 4731 ligamur
1708 4680 1720 4715 :
1747 4677 1917 4731 neque
1947 4659 2046 4715 hoc

472 4760 671 4814 suadeo
691 4799 705 4822 ,
733 4773 851 4810 (uni
894 4771 999 4808 non
1035 4755 1104 4808 sit
1132 4769 1272 4808 nunc
1299 4764 1521 4821 tempus.
1555 4751 1633 4805 Ne
1659 4750 1791 4820 liges
1817 4766 2003 4805 manus
2028 4792 2043 4815 ,

470 4852 561 4907 sed
594 4857 845 4905 mentem.
894 4847 1028 4901 Sunt
1066 4848 1224 4900 etiam
1273 4846 1372 4897 alia
1406 4844 1610 4896 vincula
1642 4859 1656 4898 :
1683 4843 1769 4910 qui
1805 4841 1917 4896 haec
1945 4859 2048 4896 non

473 4944 651 4999 ferunt
674 4983 689 5007 ,
724 4938 896 4995 ferent
924 4938 1032 4992 illa.
1065 4935 1199 4989 Audi
1230 4935 1499 4989 Christum
1530 4933 1792 4987 dicentem
1828 4950 1840 4986 :
1873 4931 2048 5003 Ligaft

479 5039 591 5107 ejus
617 5047 794 5087 manus
822 5042 866 5085 et
893 5029 1042 5101 pedes
1060 5027 1269 5100 (Matth.
1292 5027 1381 5082 29..
1414 5026 1525 5095 l3).
1553 5026 1657 5082 Sed
1686 5025 1826 5081 absit
1850 5038 1908 5082 ut
1939 5029 2052 5081 illo-
2084 5028 2094 5034 ’

406 5138 409 5141 ’
479 5143 596 5181 rum
627 5123 955 5180 vinculorum
981 5119 1301 5189 accipiamus
1331 5119 1714 5188 experientiam
1732 5160 1745 5179 ,
1771 5118 1926 5172 detur
1954 5135 2049 5173 att-

481 5227 585 5270 tem
633 5227 689 5271 tit
726 5215 808 5270 his
850 5213 1179 5282 impleamur.
1214 5208 1336 5264 Ideo
1360 5208 1566 5262 dicebat
1600 5228 1613 5263 :
1644 5208 1751 5279 Ego
1781 5209 1971 5263 vinctus
2001 5211 2049 5263 in

479 5305 695 5359 Domino
719 5347 734 5371 ,
761 5309 883 5377 'rogo
911 5319 996 5358 eos
1019 5311 1070 5356 ut
1097 5301 1247 5371 digne
1269 5299 1533 5353 ambuletis
1558 5302 1812 5354 vocatione
1834 5318 1933 5371 qua
1959 5318 2047 5354 ro-

475 5397 573 5447 cati
602 5398 718 5448 estis
749 5396 963 5464 (liphes.
992 5396 1045 5450 4.
1080 5393 1189 5463 l5).
1221 5390 1421 5461 Caput,
1455 5391 1623 5462 inquit
1652 5408 1856 5459 rursus,
1888 5393 2051 5447 habe-

481 5500 599 5540 mus
620 5484 910 5540 Christum.
938 5487 1046 5540 Nos
1072 5486 1225 5540 simul
1254 5486 1527 5539 suscitavit
1547 5495 1599 5540 ct
1619 5486 1908 5541 consedere
1930 5487 2049 5542 fecit

534 5668 607 5723 (a)
637 5664 710 5716 Dc
731 5665 876 5714 beato
896 5665 1070 5726 Babyla
1088 5667 1370 5729 videsupra,
1393 5667 1587 5727 Tomi,
1604 5667 1806 5720 col.
1824 5679 1874 5722 ct
1897 5686 2035 5734 seqq.

2191 357 2241 412 in
2273 363 2591 431 catlestihus,
2621 385 2738 424 cum
2771 388 3012 429 essemus
3043 377 3259 442 inimici,
3289 390 3341 434 et
3372 382 3506 435 mala
3542 383 3761 438 fet-isse-

2178 467 2295 505 mus
2340 453 2762 516 innumerabilia.
2811 465 2997 535 Magna
3037 478 3123 523 est
3166 472 3414 539 vacatio,
3460 484 3513 528 et
3556 475 3622 529 ad
3668 493 3753 530 res

2176 557 2396 636 magnas
2422 566 2437 602 τ
2462 566 2567 604 ηοη
2594 554 2766 608 solum
2792 559 2932 616 (ιιιοά
2958 560 3027 614 ab
3050 560 3178 630 illis,
3206 564 3304 619 sed
3330 567 3471 636 quod
3501 568 3657 622 etiam
3687 570 3750 622 ad

2176 634 2295 687 talia
2318 677 2333 699 ,
2358 646 2413 690 et
2438 640 2530 694 tali
2562 643 2745 700 modo.

2246 724 2411 822 Digne
2436 732 2697 788 ambulare
2727 736 2850 801 quid
2876 739 2958 791 sit.
2993 770 3065 780 —
3088 741 3369 807 Quomodo
3391 759 3567 803 autem
3595 752 3749 822 digne

2174 814 2516 873 ambulatur?
2544 821 2667 877 Cum
2698 828 2836 879 omni
2860 828 3162 884 humilitate.
3193 834 3290 902 Qui
3318 848 3399 891 est
3429 840 3568 906 talis,
3595 814 3750 912 digne

2170 905 2404 962 amlmlat
2427 927 2442 961 :
2468 910 2567 966 hoc
2594 924 2676 968 est
2700 918 3096 976 fundamentum
3125 928 3303 981 omnis
3329 905 3560 986 virtutis.
3589 905 3748 990 Si's‘s

2173 994 2407 1065 humilis,
2438 1010 2490 1055 et
2518 1005 2719 1074 cogites
2748 1010 2988 1077 quisnam
3019 1029 3139 1067 cum
3171 1033 3341 1083 esses,
3375 1023 3551 1075 salvus
3580 1024 3747 1081 factus

2168 1094 2245 1141 es,
2276 1086 2583 1139 memoriam
2610 1090 2807 1160 accipis
2826 1097 3159 1151 occasionem
3181 1100 3246 1154 ad
3271 1104 3540 1158 virtutem.
3567 1106 3748 1177 Neque

2169 1172 2393 1228 vinculis
2416 1179 2711 1248 extollcris,
2737 1198 2909 1254 neque
2939 1187 3019 1242 his
3048 1189 3175 1259 ipsis
3202 1208 3322 1262 quae
3347 1195 3474 1260 dixi,
3504 1198 3597 1252 sed
3624 1172 3745 1254 cum

2166 1264 2303 1317 scias
2330 1275 2497 1322 totum
2523 1285 2644 1325 esse
2668 1276 2872 1343 gratiae,
2901 1279 3124 1347 teipsmn
3152 1286 3424 1339 contrahis
3448 1298 3501 1341 et
3524 1290 3747 1345 submit-

2173 1354 2259 1407 tis.
2288 1355 2386 1422 Qui
2415 1371 2495 1413 est
2527 1362 2760 1428 lmmilis,
2791 1377 2964 1434 potest
2988 1386 3108 1427 esse
3134 1388 3319 1428 servus
3344 1387 3526 1447 gratus
3551 1391 3603 1436 et
3631 1399 3746 1438 me-

2164 1459 2282 1500 mor
2307 1448 2571 1505 heneficii.
2604 1453 2741 1520 Quid
2766 1459 2897 1509 enim
2925 1460 3105 1524 habes,
3137 1464 3336 1534 inquit,
3363 1470 3498 1538 quod
3525 1488 3625 1525 non
3652 1490 3742 1526 ac-

2161 1538 2335 1606 cepisti
2361 1540 2454 1605 (1.
2493 1540 2610 1597 Cor.
2643 1549 2696 1600 4.
2739 1546 2771 1599 7
2795 1547 2855 1617 )?
2879 1551 3014 1604 Audi
3057 1568 3242 1609 rursus
3273 1572 3393 1610 eum
3427 1560 3694 1618 dicentem
3721 1582 3735 1618 :

2164 1626 2397 1697 Amplius
2440 1632 2543 1685 illis
2585 1636 2810 1691 omnibus
2852 1638 3111 1707 laboravi;
3142 1661 3242 1697 non
3279 1663 3370 1718 ego
3408 1662 3608 1717 autem,
3650 1654 3743 1708 scd

2162 1724 2335 1814 gratia
2356 1720 2450 1776 Dei
2475 1741 2668 1780 mecum
2690 1728 2709 1796 (
2732 1728 2866 1785 Ibid.
2896 1734 2983 1788 15.
3014 1735 3079 1789 10
3098 1737 3140 1804 ).
3171 1737 3296 1791 Cum
3323 1742 3460 1793 omni
3486 1783 3499 1805 ,
3530 1745 3700 1814 inquit
3719 1787 3737 1808 ,

2160 1810 2476 1879 humilitate;
2519 1831 2623 1871 non
2663 1834 2724 1873 ea
2763 1837 2882 1891 qua:
2921 1836 2999 1878 est
3040 1826 3091 1879 iit
3134 1829 3344 1895 verbis,
3374 1847 3471 1887 nec
3502 1810 3741 1890 hircinis

2156 1903 2285 1956 solis
2309 1944 2324 1969 ,
2355 1906 2447 1959 sed
2488 1916 2542 1962 et
2579 1925 2698 1978 qua:
2735 1923 2817 1967 est
2855 1915 2906 1968 in
2950 1914 3130 1972 habitu
3172 1935 3235 1974 ac
3271 1933 3424 1992 gestu
3452 1934 3505 1979 et
3532 1943 3738 1979 sermo.

2158 2009 2227 2048 ne
2269 2014 2282 2049 :
2325 2012 2427 2052 non
2467 2000 2520 2054 in
2564 2000 2703 2058 hunc
2746 2005 2959 2074 quidem
3014 2009 3265 2078 humilis,
3314 2012 3367 2068 in
3416 2016 3557 2070 illum
3605 2035 3738 2074 vero

2154 2086 2325 2143 audax
2358 2108 2373 2143 :
2404 2091 2455 2145 in
2498 2097 2689 2150 omnes
2727 2096 2802 2153 sis
2846 2100 3061 2156 humilis
3086 2143 3102 2167 ,
3132 2105 3244 2160 sive
3279 2107 3347 2161 sit
3382 2109 3584 2164 amicus
3621 2114 3738 2169 sive

2155 2180 2422 2248 inimicus,
2447 2186 2557 2241 sive
2580 2203 2802 2259 magnus
2824 2192 2936 2246 sive
2957 2209 3150 2263 parvus
3174 2213 3188 2250 :
3214 2196 3316 2253 hoc
3334 2209 3416 2254 est
3437 2200 3732 2261 humilitas.

2157 2273 2327 2328 Etiam
2360 2277 2410 2330 in
2436 2287 2577 2334 recte
2612 2279 2765 2336 factis
2784 2283 2856 2337 sis
2882 2284 3115 2340 humilis.
3139 2287 3276 2342 Audi
3299 2291 3439 2344 enim
3462 2292 3735 2349 Christum

2154 2365 2420 2422 dicentem
2446 2410 2461 2432 ,
2491 2367 2635 2424 Beati
2665 2389 2911 2443 pauperes
2938 2376 3120 2445 spiritu
3144 2376 3356 2448 (Matth.
3378 2381 3430 2436 5.
3453 2382 3529 2452 ὅ),
3553 2394 3604 2436 et
3632 2387 3738 2439 hoc

2154 2458 2379 2525 primum
2425 2469 2768 2518 statuentem.
2819 2465 3103 2536 Propterea
3152 2472 3264 2539 ipse
3304 2489 3512 2542 quoque
3554 2475 3681 2531 dicit
3718 2497 3731 2531 :

2152 2547 2277 2601 Cum
2304 2551 2437 2602 omni
2461 2551 2744 2607 humilitate
2768 2565 2812 2609 et
2833 2561 3214 2613 mansuetudine
3239 2574 3284 2614 et
3311 2564 3566 2631 patientia.
3596 2565 3735 2622 Nam

2155 2639 2267 2693 fieri
2303 2652 2475 2710 potest
2508 2653 2562 2696 ut
2591 2645 2662 2698 sit
2689 2647 2879 2716 aliquis
2908 2649 3142 2716 humilis.
3171 2653 3267 2707 sed
3291 2670 3415 2710 acer
3439 2667 3492 2711 et
3520 2658 3739 2714 iracun-

2151 2729 2285 2794 dus;
2330 2731 2422 2786 sed
2468 2733 2516 2787 id
2560 2735 2690 2789 nihil
2735 2738 2954 2806 prodest
2982 2757 2995 2793 :
3023 2757 3165 2812 saepe
3203 2744 3345 2799 enim
3383 2747 3508 2801 dum
3546 2749 3615 2804 ab
3651 2752 3732 2805 ira

2154 2822 2469 2890 possidetur,
2503 2827 2677 2893 perdit
2705 2830 2901 2884 omnia.
2936 2831 3271 2901 Sustineutes,
3303 2836 3489 2907 inquit,
3517 2842 3734 2896 invicem

2150 2915 2203 2967 in
2229 2917 2454 2969 caritate.
2485 2918 2762 2984 Quomodo
2796 2930 2969 2990 potest
2995 2927 3246 2981 sustineri
3276 2970 3291 2995 ,
3323 2931 3366 2983 si
3397 2941 3479 2986 est
3508 2933 3729 2987 iracun-

2149 3004 2247 3059 dus
2266 3046 2282 3072 ,
2312 3007 2357 3060 si
2382 3020 2659 3063 accusator
2683 3021 2735 3065 et
2762 3014 3088 3068 maledicus?
3116 3017 3255 3073 Dixit
3281 3020 3439 3073 etiam
3469 3023 3685 3078 modum
3714 3043 3726 3078 :

2150 3096 2217 3150 In
2250 3100 2458 3153 caritate
2480 3142 2495 3166 ,
2527 3101 2714 3171 inquit.
2740 3100 2801 3156 .Si
2834 3105 3129 3171 proximum
3158 3123 3266 3161 non
3295 3112 3561 3176 sustines,
3587 3131 3729 3183 quo-

2150 3187 2309 3243 modo
2331 3198 2381 3243 te
2401 3192 2681 3247 sustinebit
2709 3193 2885 3247 Deus?
2910 3195 2953 3247 si
2984 3196 3097 3264 ipse
3123 3213 3226 3251 non
3252 3200 3359 3255 fers
3379 3217 3729 3272 conservum,

2149 3279 2414 3346 quomodo
2444 3289 2495 3334 te
2538 3279 2676 3336 feret
2722 3283 3012 3339 Dominus?
3062 3286 3159 3342 Ubi
3206 3299 3289 3343 est
3329 3293 3522 3346 caritas
3546 3337 3560 3359 ,
3593 3294 3728 3350 ferri

2152 3379 2373 3439 possunt
2412 3373 2608 3427 omnia.
2658 3374 2876 3429 Solliciti
2922 3392 3118 3432 servare
3159 3381 3401 3436 unitatem
3436 3386 3644 3453 spiritus
3670 3390 3732 3442 in

2151 3465 2346 3519 vinculo
2389 3468 2543 3534 pacis.
2584 3468 2711 3540 Liga
2742 3487 2930 3526 manus
2969 3473 3186 3529 lenitate
3214 3486 3265 3529 et
3297 3482 3729 3540 mansuetudine.

2150 3559 2354 3614 Rursus
2402 3561 2674 3629 pulchrum
2720 3563 2871 3617 adest
2917 3580 3110 3619 nomen
3137 3608 3153 3633 ,
3199 3567 3467 3623 vinculum
3499 3589 3512 3625 :
3545 3572 3730 3640 ipsum

2148 3650 2465 3715 dimisimus,
2485 3663 2541 3708 et
2561 3653 2732 3724 ipsum
2755 3671 2939 3709 rursus
2955 3657 3019 3710 ad
3045 3674 3141 3713 nos
3162 3663 3409 3715 accurrit.
3438 3664 3731 3720 Pulchrum

2148 3753 2228 3797 est
2255 3743 2381 3796 illud
2409 3743 2673 3799 vinculum
2696 3785 2711 3810 ,
2743 3746 3017 3814 pulchrum
3045 3758 3098 3803 et
3130 3749 3231 3805 hoc
3255 3768 3267 3802 :
3291 3761 3344 3805 et
3373 3752 3499 3807 illud
3527 3770 3591 3808 ex
3624 3758 3734 3811 hoc

2151 3834 2405 3887 nascitur.
2437 3834 2686 3903 Teipsum
2715 3837 2904 3907 colliga
2930 3854 3051 3893 cum
3083 3840 3243 3894 fratre
3266 3858 3280 3896 :
3304 3842 3338 3895 ii
3360 3844 3537 3899 onmia
3564 3845 3736 3903 facile

2155 3922 2347 3985 ferunt,
2366 3925 2452 3992 qui
2472 3936 2596 3979 suttt
2611 3927 2834 3995 colligati
2858 3930 2905 3981 in
2925 3932 3164 3985 caritate.
3181 3932 3424 4001 Teipsum
3445 3936 3517 3988 illi
3539 3936 3735 4008 alliga,

2155 4028 2206 4072 et
2231 4019 2375 4071 illum
2401 4018 2491 4072 tibi
2515 4035 2527 4070 :
2547 4019 2818 4073 amborum
2841 4033 2893 4075 tu
2914 4037 2971 4076 es
2987 4023 3265 4079 dominus:
3287 4042 3406 4080 nam
3425 4043 3579 4096 quem
3600 4032 3741 4084 Volo

2164 4111 2391 4165 amicum
2418 4110 2611 4174 facere,
2633 4122 2816 4180 potero
2835 4128 2953 4168 cum
2978 4117 3244 4172 facilitate.
3270 4118 3501 4173 Sollicita
3517 4120 3744 4175 studen-

2163 4208 2254 4265 tes,
2281 4200 2464 4268 inquit.
2497 4201 2739 4255 Ostendit
2769 4218 2878 4258 rem
2907 4221 3010 4260 non
3035 4206 3186 4262 facile
3207 4210 3339 4276 fieri,
3365 4225 3462 4265 nec
3481 4224 3601 4264 esse
3625 4227 3743 4265 eu-

2148 4289 2388 4359 juslibct.
2425 4290 2696 4346 Studentes
2722 4334 2735 4355 ,
2765 4294 2967 4363 inquit,
2998 4313 3194 4352 servare
3221 4301 3462 4355 unitatem
3490 4303 3739 4371 spiritus.

2221 4381 2272 4434 5.
2315 4380 2448 4447 Quid
2491 4392 2574 4436 est
2619 4384 2794 4438 unitas
2843 4387 3095 4455 Spiritus?
3124 4388 3269 4443 Sicut
3301 4391 3351 4443 in
3378 4406 3600 4460 corpore
3645 4405 3749 4450 est

2153 4485 2289 4524 unus
2322 4471 2539 4539 spiritus
2566 4473 2654 4541 qui
2681 4475 2857 4528 omnia
2885 4476 3117 4531 continet
3140 4520 3156 4541 ,
3184 4481 3391 4534 etiamsi
3418 4482 3471 4535 in
3499 4484 3746 4542 diversis

2153 4561 2406 4615 lllClllbl‘lS
2432 4602 2444 4624 ,
2478 4562 2548 4616 ita
2589 4563 2673 4617 hic
2700 4580 2932 4635 quoque.
2976 4568 3256 4636 Propterea
3287 4573 3428 4625 enim
3458 4572 3612 4629 datus
3649 4598 3703 4631 «ες
3727 4589 3751 4632 ι

2151 4654 2471 4723 spiritus..ut
2490 4671 2584 4710 eos
2611 4658 2757 4710 tmiat
2781 4661 2867 4726 qui
2898 4669 3018 4713 sunt
3044 4661 3289 4729 disjuncti
3314 4678 3511 4733 genere
3532 4677 3585 4721 et
3610 4684 3753 4722 Illu-

2150 4746 2317 4802 ribus.
2347 4747 2476 4802 Nam
2503 4764 2663 4804 senex
2690 4760 2744 4803 et
2763 4751 2993 4821 juvenis,
3100 4769 3297 4823 pauper
3321 4766 3376 4810 et
3398 4757 3568 4823 dives,
3594 4775 3755 4827 puer

2151 4848 2205 4894 et
2233 4841 2470 4909 ephebus
2491 4883 2507 4907 ,
2538 4842 2733 4897 mulier
2761 4854 2816 4898 et
2843 4845 2955 4910 vir,
2987 4853 3042 4899 et
3069 4848 3243 4900 omnis
3267 4849 3441 4902 anima
3476 4851 3532 4903 fit
3560 4866 3753 4908 unum

2151 4932 2455 5000 quidpiam;
2487 4941 2542 4988 et
2569 4936 2738 5005 magis
2761 4951 2917 5004 quam
2945 4937 2988 4989 si
3017 4947 3160 4993 esset
3189 4954 3349 4993 unum
3372 4955 3584 5009 corpus.
3618 4942 3757 4999 llac

2154 5024 2294 5076 enim
2335 5025 2649 5093 cognatione
2691 5025 2773 5079 illa
2806 5038 2887 5080 est
2921 5027 3088 5083 mttlto
3122 5030 3291 5097 major
3313 5072 3328 5094 ,
3361 5040 3414 5084 et
3443 5042 3520 5084 est
3552 5037 3747 5100 potim

2157 5113 2267 5169 hate
2298 5116 2509 5169 unitatis
2534 5117 2810 5185 perfectio.
2840 5120 3041 5173 Animae
3064 5121 3204 5174 enim
3226 5122 3530 5189 conjunctio
3555 5140 3624 5177 eo
3656 5140 3767 5182 est

2155 5208 2449 5262 accuratior
2486 5216 2541 5262 et
2572 5210 2807 5263 exactior
2832 5251 2847 5275 ,
2876 5226 2981 5279 quo
3016 5220 3098 5266 est
3139 5213 3430 5282 simplicior
3457 5222 3511 5269 et
3538 5213 3767 5272 forum:

2156 5300 2328 5354 unius.
2379 5301 2656 5366 Quomodo
2693 5310 2868 5356 autem
2911 5317 2972 5357 ea
3013 5305 3396 5358 conservatur?
3424 5305 3492 5358 In
3530 5305 3768 5361 vincde

2153 5394 2311 5461 pacis.
2342 5392 2481 5447 Fieri
2514 5410 2617 5446 non
2648 5402 2822 5463 potest
2851 5405 2901 5448 ul
2931 5410 2993 5450 ea
3027 5396 3096 5450 sit
3132 5397 3184 5451 in
3216 5396 3507 5451 inimicitiis
3534 5407 3587 5451 et
3623 5399 3770 5455 dis-

2152 5484 2418 5536 sensione.
2456 5481 2553 5536 Ubi
2579 5487 2711 5537 enim
2734 5495 2879 5548 sunt,
2910 5486 3098 5556 inquit,
3125 5488 3177 5541 in
3203 5487 3338 5543 vobis
3362 5489 3473 5541 lites
3496 5497 3545 5540 et
3566 5504 3771 5543 trum-

2153 5574 2359 5627 Iationes
2379 5584 2423 5627 et
2440 5574 2787 5637 dissensiones,
2808 5592 2977 5630 annon
2997 5580 3224 5633 carnales
3239 5581 3377 5647 estis,
3393 5590 3440 5633 et
3455 5583 3775 5639 secundum

2152 5670 2399 5721 horninem
2435 5667 2699 5723 ambulatis
2733 5668 2807 5739 (1.
2840 5669 2959 5725 Cor.
2989 5672 3040 5726 5.
3071 5672 3165 5739 5)?
3193 5672 3335 5727 Sicut
3373 5673 3514 5727 enim
3546 5674 3716 5740 ignis
3750 5717 3771 5741 ,
