4052 6214
381 291 450 348 75
1052 287 1110 342 S.
1146 284 1434 343 JOANNIS
1470 282 1955 341 CHRYSOSTOMI
2005 284 2322 341 AllCHIEP.
2357 284 2911 344 CONSTANTINOP.
3547 296 3617 350 Π

381 396 735 470 προσδεθῆναι
758 414 773 429 ·
816 395 962 451 οὕτω
997 398 1093 450 καὶ
1133 396 1367 452 ἐνταῦθα
1414 397 1667 469 ἀλλήλοις
1718 395 1943 468 προσδε-

375 482 561 538 δέσθαι
589 480 861 551 βούλεται,
894 481 994 550 οὐχ
1025 480 1212 544 ἀπλῶς
1240 479 1562 550 εἰρηνεύειν,
1596 480 1718 532 οὐδὲ
1759 478 1946 542 ἁπλῶς

375 566 572 637 φιλεῖν,
604 564 720 618 ἀλλ’
755 566 813 618 ὲν
839 566 1007 619 πᾶσιν
1035 560 1174 616 εἶναι
1203 563 1333 633 μίαν
1361 563 1564 635 ψυχήν.
1590 562 1769 625 Καλὸς
1794 555 1947 624 οὗτος

373 660 402 711 ὀ
426 654 653 725 δεσμός·
682 651 954 722 τούτῳπῷ
981 650 1166 722 δεσμῷ
1183 651 1280 705 καὶ
1297 649 1550 721 ἀλλήλοις
1571 650 1666 704 καὶ
1690 650 1824 721 πρὸς
1855 649 1947 701 τὸν

374 740 506 792 Θεὸν
544 737 898 808 συνδήσωμεν
927 733 1175 795 ἑαυτούς.
1207 735 1283 788 06
1314 733 1510 799 θλίϐει,
1537 735 1598 787 06
1629 733 1810 796 πιέζει
1841 733 1944 795 τάς

372 822 660 892 δεδεμένας
688 822 876 890 χεῖρας
906 812 1060 880 οὗτος
1091 819 1119 871 ό
1146 816 1365 888 δεσμὸς,
1399 817 1515 870 ἀλλ’
1544 817 1732 887 ἀνίησι
1764 815 1861 869 καὶ
1887 815 1946 868 ιν

372 903 683 979 εὐρυχωρίᾳ
706 901 996 971 καθίστησι
1024 900 1191 971 πολλῇ
1228 899 1454 954 καὶτῶν
1483 899 1793 968 λελυμένων
1816 896 1947 968 μάλ’

372 990 463 1043 λον
518 984 873 1056 εὐθυμεῖσθαι
914 987 1080 1038 ποιεῖ.
1139 985 1198 1037 ’0
1246 983 1464 1055 ἰσχυρὸς
1517 982 1615 1036 καὶ
1665 980 1946 1050 δεδεμένος

374 1071 511 1141 μετά
535 1068 629 1123 τοῦ
668 1067 929 1131 ἀσθενοῦς
962 1066 1316 1132 διαϐαστάζει
1353 1083 1415 1118 τε
1441 1068 1667 1129 ἐκεῖνον,
1709 1064 1804 1118 καὶ
1843 1063 1945 1117 οὐκ

370 1156 592 1226 ἀφίησιν
624 1151 958 1208 ἀπολέσθαι·
1008 1151 1112 1204 κᾶν
1160 1150 1299 1220 μετά
1331 1149 1426 1203 τοῦ
1480 1148 1727 1221 ῥᾳθύμου
1773 1163 1945 1217 προσ-

369 1239 519 1309 δεθῇ,
553 1236 813 1306 διεγείρει
866 1235 1067 1305 μᾶλλον
1099 1234 1284 1288 αὐτόν.
1351 1232 1632 1301 Ἆδελφὸς
1676 1231 1786 1301 τὰρ
1822 1230 1942 1285 ὑπὸ

369 1320 637 1390 ἀδελφοῦ
685 1319 1119 1386 ,βοηθούμενος,
1162 1315 1351 1385 φησὶν,
1397 1316 1478 1382 ὼς
1522 1315 1701 1379 πόλις
1728 1310 1938 1383 ὀχυρά.

369 1403 585 1474 Ταύτην
615 1401 713 1471 τὴν
752 1397 944 1453 ἅλυσιν
976 1401 1075 1469 οὐχ
1103 1399 1239 1452 ὁδῶν
1267 1399 1544 1469 διάστημα
1578 1396 1822 1451 κωλῦσαι
1846 1394 1940 1447 δύ-

367 1504 548 1550 ναται,
593 1484 695 1538 ούκ
739 1482 988 1554 οὐρανὸς,
1017 1483 1078 1534 06
1118 1481 1213 1551 γῆ,
1248 1481 1310 1534 06
1362 1479 1626 1544 θάνατος,
1658 1479 1758 1533 οὐκ
1811 1476 1942 1531 ἀλλο

366 1568 520 1623 οὐδὲν
540 1606 555 1632 ,
592 1565 729 1620 ἀλλά
752 1567 969 1619 πάντων
1004 1565 1123 1617 ἐστὶ
1155 1563 1422 1634 κρείττων
1449 1563 1546 1616 καῖ⁸
1580 1560 1938 1632 ἰσχυροτέρα·

366 1651 507 1723 αῦτη
551 1651 647 1704 καὶ
672 1647 780 1701 ἀπὸ
812 1648 941 1717 μιᾶς
987 1645 1244 1716 τεχθεῖσα
1277 1645 1475 1714 ψυχῆς,
1525 1644 1749 1699 δύναται
1802 1641 1938 1714 ὁμοῦ

368 1733 595 1795 πολλοὺς
640 1728 975 1801 περιλαϐεῖν.
1013 1730 1211 1781 Ἀκουε
1251 1727 1362 1800 γάρ
1398 1725 1613 1780 Παύλου
1652 1726 1933 1794 λέγοντος·

360 1819 442 1871 Οὐ
464 1812 933 1884 στενοχωρεῖσθε
971 1810 1040 1864 δὲ
1067 1811 1138 1863 ἐν
1170 1808 1296 1877 τοῖς
1325 1808 1710 1878 σπλάγχνοις
1745 1807 1936 1877 ὑμῶν.

366 1894 710 1966 Πλατύνθητε
741 1894 836 1948 καὶ
872 1894 1052 1963 ὑμεῖς.
1086 1890 1152 1944 Τί
1179 1892 1244 1963 δὴ
1271 1887 1365 1945 οὖν
1395 1890 1586 1944 τοῦτον
1614 1890 1938 1960 λυμαίνεται

361 1980 454 2035 τὸν
481 1978 713 2049 δεσμόν;
748 1976 1065 2048 Χρημάτων
1103 1973 1265 2044 ἔρως,
1295 1971 1607 2044 φιλαρχίας,
1650 1971 1811 2042 δόξης
1843 1972 1938 2025 καὶ⁵

361 2064 471 2116 τῶν
509 2061 686 2116 ἀλλων
729 2058 1020 2113 τοιούτων·
1072 2056 1303 2127 χαύνους
1360 2055 1561 2118 αὐτοὺς
1587 2066 1617 2096 ι
1660 2056 1805 2107 ποιεῖ
1842 2055 1937 2108 καὶ

361 2146 661 2200 διακόπτει.
688 2142 811 2206 Πῶς
842 2137 955 2205 οὖν,
984 2140 1071 2192 ’ίνα
1104 2139 1178 2209 μὴ
1204 2137 1573 2203 διακοπῶσιν;
1618 2136 1746 2193 Ἐἀν
1760 2137 1935 2195 ταῦτα

363 2226 605 2282 ἐκποδὼν
632 2224 881 2294 γένηται,
905 2224 1001 2275 καί⁸
1033 2220 1197 2292 μηδὲν
1229 2218 1533 2292 παρενοχλῇ
1567 2218 1676 2272 τῶν
1700 2219 1945 2293 διαφθειρ¹

365 2313 564 2384 ρόντων
581 2309 681 2379 τὴν
709 2307 953 2376 ἀγάπην.
986 2306 1185 2357 Ἀκουε
1220 2303 1329 2372 γὰρ
1360 2303 1455 2355 τοῦ
1486 2302 1725 2375 Χριστοῦ
1753 2303 1936 2371 λέγον-

359 2407 482 2456 τος·
538 2392 725 2444 Ὅταν
762 2384 1083 2455 πληθυνθῇ
1133 2386 1170 2454 ή
1204 2385 1455 2454 ἀνομία,
1502 2385 1846 2455 ψυγήσεται
1890 2386 1931 2456 ἡ

358 2473 559 2545 ἀγάπη
594 2472 713 2527 τῶν
736 2469 1002 2524 πολλῶν.
1041 2468 1204 2521 Οὐδὲν
1233 2465 1408 2530 οὕτως
1443 2468 1685 2521 ἐναντίον
1717 2467 1929 2540 ἀγάπῃ,

359 2560 434 2622 ὼς
465 2556 732 2630 ἁμαρτία,
765 2555 861 2609 καὶ
898 2554 959 2606 06
1007 2551 1153 2619 λέγω
1194 2553 1261 2622 τῇ
1298 2550 1434 2619 πρὸς
1471 2549 1565 2604 τὸν
1604 2549 1761 2616 Θεὸν,
1795 2550 1932 2603 ἀλλά

358 2644 456 2697 καὶ
481 2645 548 2712 τῇ
589 2640 725 2711 πρὸς
755 2638 846 2692 τὸν
877 2636 1124 2707 πλησίον.
1156 2635 1279 2698 Πῶς
1313 2630 1406 2687 οὖν
1432 2636 1529 2696 καί
1559 2633 1758 2705 λῃσταὶ
1780 2636 1933 2706 είρη-

357 2725 593 2786 νεύουσι,
620 2721 788 2792 φησίς
843 2720 1001 2784 Πότε,
1043 2718 1162 2771 εἰπέ
1201 2734 1325 2787 μοις
1380 2718 1642 2780 Πάντως,
1684 2717 1815 2770 δταν
1865 2719 1928 2771 οὐ

356 2797 635 2880 λῃστρικῷ
672 2803 860 2874 τρόπῳ
885 2803 1218 2871 χρήσωνται.
1253 2801 1350 2852 “Av
1378 2799 1486 2869 γὰρ
1513 2801 1573 2851 ὲν
1601 2798 1807 2866 αὐτοῖς,
1845 2795 1928 2865 οἷς

357 2891 425 2944 ἂν
447 2887 833 2956 διανέμωνται,
865 2884 940 2952 μὴ
973 2882 1097 2945 τοὺς
1121 2880 1320 2951 νόμους
1350 2881 1629 2949 φυλάξωσι
1671 2882 1799 2946 τοὺς
1832 2880 1927 2935 τοῦ

355 2973 588 3035 δικαίου,
629 2969 725 3022 καὶ
760 2968 975 3036 ἑκάστῳ
1007 2967 1351 3034 άπονείμωσι
1391 2964 1453 3017 τὸ
1498 2964 1726 3030 δίκαιον,
1759 2965 1929 3038 εὑρή-

358 3074 471 3119 σεις
506 3056 573 3109 ἂν
616 3049 905 3112 κάκείνους
961 3050 1020 3101 ὲν
1067 3046 1325 3117 πολέμοις
1354 3048 1473 3105 καὶ,
1503 3047 1727 3117 μάχαις.
1760 3048 1928 3102 Ὥστε

354 3138 474 3193 οὐδὲ
500 3139 559 3190 ὲν
587 3137 701 3197 τοῖς
733 3135 925 3196 κακοῖς
953 3131 1053 3202 τὴν
1092 3132 1316 3200 εἰρήνην
1350 3128 1497 3183 εστιν
1530 3129 1712 3200 εὑρεῖν
1732 3146 1747 3163 ·
1787 3147 1928 3186 παν-

352 3221 520 3292 ταχοῦ
552 3219 610 3272 δὲ
639 3220 846 3287 ταύτην
880 3215 1026 3267 ἔστιν
1053 3213 1257 3284 εὑρεῖν,
1282 3212 1415 3266 ὅπου
1446 3211 1513 3265 ἂν
1546 3213 1688 3282 μετά
1718 3212 1924 3268 δικαιο-

356 3304 520 3374 σύνης
553 3300 650 3355 καὶ
700 3298 904 3370 ἀρετῆς
969 3295 1176 3368 βιῶσιν.
1236 3295 1399 3349 Ἀλλά
1456 3295 1547 3362 τί;
1596 3297 1926 3367 ἀντερασταὶ

353 3381 768 3456 είρηνεύουσιν;
813 3379 1100 3450 Οὐδαμῶς.
1164 3375 1327 3433 Ἀλλά
1372 3377 1494 3431 τίνα
1531 3377 1708 3448 βούλει
1753 3378 1922 3443 εῖπω;

351 3466 690 3536 Πλεονέκτης
748 3464 885 3535 μετὰ
934 3460 1258 3515 πλεονέκτου
1308 3460 1409 3514 οὐκ
1467 3460 1534 3519 ἂν
1584 3457 1924 3532 εἰρηνεύσειέ

352 3565 517 3604 ποτε·
556 3550 633 3612 ὡς
671 3548 725 3601 εί
747 3564 812 3617 γε
852 3547 926 3617 μὴ
962 3541 1102 3617 ἦσαν
1134 3542 1332 3596 δίκαιοι
1377 3542 1472 3595 καὶ
1506 3545 1789 3608 ἐπιεικεῖς,
1829 3542 1923 3595 καὶ

349 3631 699 3701 ἀδικούμενοι
750 3629 954 3701 μεταξὺ
1008 3626 1219 3691 αὐτῶν,
1271 3627 1368 3678 καὶ
1414 3625 1715 3695 διεσπάσθη
1750 3623 1836 3680 ’ἀν
1861 3626 1921 3679 τὸ
1956 3696 1967 3705 ν

348 3717 524 3785 γένος.
559 3713 824 3783 Καθάπερ
853 3712 960 3782 γὰρ
988 3709 1083 3764 δύο
1115 3708 1321 3778 θηρίων
1352 3706 1558 3777 σφόδρα
1587 3707 1918 3775 πεινώντων,

351 3796 468 3869 [75]
485 3797 550 3850 ἀν
576 3796 650 3866 μή
680 3811 735 3846 τι
764 3794 989 3862 γένοιτο,
1006 3791 1167 3862 μέσον
1193 3789 1254 3842 τὸ
1285 3790 1585 3859 δυνάμενον
1615 3791 1707 3843 ὑπ’
1738 3790 1920 3845 αὐτῶν

349 3879 714 3949 ἀναλωθῆναι,
751 3877 919 3930 ἑαυτά
948 3874 1324 3928 κατεσθίουσιν
1344 3888 1358 3901 ·
1399 3871 1543 3942 οὕτω
1566 3873 1661 3926 καὶ
1688 3873 1782 3926 ἐπὶ
1812 3874 1920 3928 τῶν

349 3961 686 4018 πλεονεκτῶν
739 3962 832 4013 καὶ
862 3959 973 4012 τῶν
1001 3956 1190 4011 κακῶν
1223 3957 1441 4026 ἐγένετο
1492 3956 1578 4010 ἄν.
1616 3956 1782 4009 Ὥστε
1816 3959 1920 4011 οὐκ

347 4048 428 4102 ένι
462 4047 685 4116 εἰρήνην
723 4039 885 4107 εἶναι,
948 4041 1024 4111 μὴ
1073 4040 1340 4113 πρότερον
1372 4039 1574 4110 ἀρετῆς
1636 4039 1918 4111 κατορθω-

348 4130 555 4198 θείσης.
599 4123 1120 4194 Κατασκευάσωμεν
1167 4122 1223 4175 δὲ
1273 4122 1367 4175 καὶ
1401 4120 1578 4186 πόλιν,
1629 4124 1677 4175 εί
1714 4123 1915 4194 βούλει,

346 4215 563 4267 πάντων
591 4206 928 4266 πλεονεκτῶν
949 4212 1043 4260 καὶ
1062 4205 1341 4275 ἰσοτίμων,
1373 4207 1469 4258 καὶ
1485 4205 1673 4276 μηδεὶς
1705 4206 1918 4277 φερέτω

344 4299 524 4371 ψῆφον
549 4295 644 4349 τοῦ
675 4292 1000 4356 ἀδικεῖσθαι,
1032 4290 1168 4343 ἀλλά
1185 4291 1387 4354 πάντες
1412 4290 1766 4344 ἁδικείτωσαν
1790 4307 1806 4322 ·
1838 4292 1915 4362 μὴ

341 4384 566 4438 δύναται
604 4377 868 4448 συστῆναι
903 4378 937 4447 ή
974 4374 1127 4437 πόλις
1165 4373 1386 4444 ἐκείνης
1419 4373 1702 4445 Οὐδαμῶς.
1754 4375 1916 4429 Ἀλλά

346 4466 550 4539 μοιχῶν
578 4463 723 4518 ἔστιν
755 4461 982 4532 είρήνη;
1036 4456 1177 4511 Ἀλλ’
1225 4457 1346 4526 οὐχὶ
1383 4458 1638 4528 εὑρήσεις
1669 4457 1788 4511 οὐδὲ
1821 4457 1917 4512 δύο

340 4548 719 4619 ὁμονοοῦντας.
760 4544 926 4597 ’Ὥστε
949 4540 1100 4593 οὐδὲν
1132 4539 1324 4594 τούτου
1360 4541 1534 4593 αἴτιον
1570 4541 1755 4606 πάλιν,
1784 4540 1818 4611 ἢ
1853 4540 1915 4594 τὸ

342 4633 444 4702 τὴν
474 4629 695 4697 ἀγάπην
723 4625 999 4696 ψυγῆναι·
1044 4621 1139 4677 τοῦ
1183 4622 1241 4676 δὲ
1266 4622 1367 4694 τὴν
1411 4623 1633 4691 ἀγάπην
1672 4623 1914 4694 ψυγῇναι

343 4714 514 4767 αἴτιον
540 4709 602 4763 τὸ
631 4707 1002 4778 πληθυνθῆναι
1033 4706 1132 4775 τὴν
1166 4705 1418 4775 ἀνομίαν.
1462 4704 1555 4768 Et;
1583 4704 1692 4776 γάρ
1717 4705 1911 4773 φιλαυ-

342 4796 464 4849 τίαν
485 4792 606 4862 ἀγει
633 4789 812 4851 τοῦτο,
844 4790 940 4841 καὶ
968 4788 1170 4855 διαιρεῖ
1198 4788 1294 4840 καὶ⁵
1323 4787 1495 4858 σχίζει
1518 4788 1581 4841 τὸ
1612 4788 1792 4859 σῶμα,
1817 4791 1911 4846 καὶ

342 4880 532 4950 χαυνοῖ
575 4875 669 4929 καὶ
714 4873 938 4942 διασπᾷ.
981 4870 1151 4923 Ἔνθα
1199 4871 1259 4924 δὲ
1308 4872 1514 4943 ἀρετὴ,
1559 4872 1622 4925 τὸ
1667 4874 1910 4929 ἐναντίον

344 4963 526 5017 ποιεῖ·
564 4961 593 5013 ό
620 4957 721 5030 μὲν
754 4955 862 5026 γὰρ
885 4953 1139 5026 ἐνάρετος
1159 4955 1254 5007 καὶ
1290 4955 1590 5026 χρημάτων
1623 4956 1906 5027 κρείττων.

344 5046 506 5098 Ὥστε
534 5041 640 5097 κάν
686 5040 870 5113 μυρίοι
909 5031 1044 5090 ὦσιν
1083 5039 1141 5090 ἐν
1172 5037 1356 5108 πενία,
1387 5037 1622 5091 δύναιντ’
1665 5037 1731 5092 ἀν
1770 5035 1909 5093 εἶναι

341 5127 604 5200 είρηνικοί
623 5141 638 5156 ·
669 5127 717 5179 οἱ
753 5123 812 5178 δὲ
838 5120 1182 5188 πλεονέκται,
1208 5121 1313 5174 κᾶν
1346 5119 1441 5173 δύο
1466 5113 1619 5188 ὦσιν,
1651 5122 1909 5178 οὐδέποτε

341 5210 594 5266 δύνανται
628 5211 686 5263 ὲν
714 5207 907 5280 εἰρήνῃ
938 5200 1100 5259 εἶναι.

411 5356 640 5411 δ’.”Ωστε
656 5354 751 5409 ὲάν
769 5354 929 5425 ἡμεῖς
943 5343 1094 5422 ὦμεν
1115 5347 1380 5420 ὶνάρετοι,
1403 5349 1437 5420 ή
1458 5348 1645 5421 ἀγάπη
1664 5349 1763 5404 οὐκ
1777 5349 1908 5404 ἀπο-

342 5439 515 5493 λεῖται
535 5452 550 5465 ·
578 5436 687 5489 ἀπὸ
705 5436 815 5507 γὰρ
841 5434 1062 5505 ἀγάπης
1089 5434 1123 5502 ἡ
1153 5431 1349 5505 ἀρετὴν
1378 5435 1476 5499 καὶ
1505 5434 1613 5486 ἀπὸ
1646 5434 1851 5506 ἀρετῆς
1871 5436 1906 5506 ἢ

340 5522 552 5592 ἀγάπη.
575 5519 684 5573 Καὶ
708 5517 845 5582 πῶς,
877 5516 989 5586 ἐγὼ
1012 5517 1174 5586 λέγω·
1223 5515 1282 5569 '0
1309 5515 1563 5588 ἐνάρετος
1583 5518 1644 5572 06
1668 5521 1907 5591 προτιμᾷ

401 5715 432 5748 ⁸
450 5714 598 5767 Savil.
621 5710 803 5762 mavult
828 5707 998 5772 χαῦνον
1021 5708 1177 5757 αὐτόν.

2050 399 2306 469 χρήματα
2338 399 2540 469 φιλίας,
2573 399 2697 453 οὐδὲ
2729 398 3068 472 μνησίκακός
3093 402 3263 471 ἑστιν,
3293 404 3413 460 οὐδὲ
3439 406 3620 464 ἀδικεῖ

2045 478 2136 534 τὸν
2162 481 2407 550 πλησίον·
2428 482 2527 552 οὑχ
2549 482 2782 553 ύΰρίζει,
2814 483 2969 554 φέρει
2988 485 3165 540 πάντα
3185 488 3468 556 γενναίως.
3484 492 3619 547 Ἀπὸ

2045 560 2249 616 τούτων
2276 564 2310 634 ἡ
2332 564 2523 636 ἀγάπη
2549 566 2882 619 συνίσταται.
2909 566 3133 621 Πάλινθό
3156 570 3405 637 ἀγαπῶν,
3438 574 3620 629 πάντα

2045 642 2219 699 ταῦτα
2242 645 2553 713 ὑφίσταται.
2594 647 2782 711 Οῦτως
2838 648 3083 719 ἀλλήλων
3120 652 3238 705 ἐστὶ
3274 670 3616 709 κατασκευα-

2048 726 2236 780 στικά.
2281 728 2388 780 Καὶ
2432 728 2591 782 τοῦτο
2636 730 2738 800 μὲν
2784 730 3035 785 ἐντεῦθεν
3061 733 3353 801 δείκνυται,
3387 737 3470 790 ὅτι
3507 738 3618 791 ἀπὸ

2045 808 2245 903 ἀρετῆς
2270 811 2303 880 ή
2333 811 2521 903 ἀγάπη
2540 829 2555 843 ·
2576 811 2653 882 τῷ
2671 811 2790 903 γάρ.
2800 816 3001 903 εἰπεῖν,
3028 816 3217 903 "(Erat
3235 820 3559 903 πληθυνθιῖ
3577 823 3671 903 1L

2044 891 2282 960 ἀνομία,
2322 892 2665 962 ψυγήσεται
2690 896 2728 963 ἡ
2757 894 2979 965 ἀγάπη,
3007 896 3166 950 τοῦτο
3203 900 3472 970 ἐδήλωσεν
3490 918 3504 931 ·
3533 891 3619 956 ὅτε

2044 972 2102 1027 δὲ
2119 974 2226 1027 ἀπὸ
2240 975 2458 1045 ἀγάπης
2474 979 2507 1047 ή
2530 978 2724 1048 ἀρετὴ,
2748 978 2812 1030 '0
2827 978 3077 1049 ἀγαπῶν
3096 981 3204 1035 τὸν
3212 985 3499 1050 πλησίον,
3516 988 3621 1043 νό-

2038 1057 2508 1139 μοιςέπλήρωσε,
2537 1060 2723 1130 φησίν.
2754 1061 2915 1114 Ὥστε
2941 1061 3000 1115 ἓν
3020 1063 3127 1117 τῶν
3145 1064 3240 1118 δύο
3257 1062 3394 1120 εἶναι
3418 1068 3525 1139 χρὴ
3580 1070 3617 1139 ἢ

2045 1138 2249 1207 σφόδρα
2276 1139 2488 1208 φιλικὸν
2513 1143 2609 1194 καὶ
2635 1141 2930 1213 ἐρώμενον,
2954 1145 2987 1214 ἢ
3022 1146 3225 1218 σφόδρα
3246 1138 3519 1218 ἐνάρετον.
3552 1138 3616 1203 Ὁ

2042 1220 2152 1292 γὰρ
2179 1222 2238 1275 τὸ
2260 1221 2317 1275 ἓν
2338 1222 2497 1293 έχων,
2529 1224 2591 1289 ἐξ
2616 1226 2861 1296 ἀνάγκης
2891 1228 2984 1280 καὶ
3004 1228 3064 1281 τὸ
3092 1228 3281 1300 ἕτερον
3302 1232 3565 1302 κέκτηται
3591 1253 3604 1265 ·

2041 1303 2138 1357 καὶ
2154 1305 2482 1370 τούναντίον,
2512 1308 2540 1359 ό
2565 1308 2640 1377 μή
2670 1307 2825 1372 είδὼς
2854 1309 3048 1378 φιλεῖν,
3081 1313 3176 1365 καὶ
3203 1314 3414 1384 πονηρά
3442 1316 3615 1385 ἐργά-

2043 1401 2195 1439 σεται
2215 1402 2230 1416 ·
2251 1387 2281 1440 ό
2301 1388 2513 1459 πονηρά
2528 1387 2916 1463 ἐργαζόμενος,
2941 1392 3062 1445 οὐδὲ
3080 1395 3252 1462 φιλεῖν
3277 1391 3406 1449 οἶδε.
3429 1398 3615 1450 Μετα-

2038 1466 2317 1539 διώξωμεν
2330 1469 2510 1524 τοίνυν
2527 1472 2625 1542 τήν
2641 1473 2863 1549 ἀγάπην
2878 1488 2894 1504 ·
2921 1475 3180 1545 φρούριον
3202 1478 3310 1548 γάρ
3334 1480 3451 1531 ἐστι
3472 1481 3614 1549 πρὸς

2038 1549 2099 1602 τὸ
2130 1550 2297 1622 μηδὲν
2326 1548 2858 1626 συγχωρῆσαιήμάς
2882 1557 3076 1612 παθεῖν
3099 1562 3270 1612 κακόν
3289 1576 3304 1591 ·
3334 1548 3616 1632 συνδήσω-

2043 1649 2141 1715 μεν
2173 1635 2422 1711 ἑαυτούς.
2449 1637 2631 1706 Μηδὲν
2659 1637 2874 1710 δολερὸν
2900 1639 3039 1693 ἔστω
3077 1642 3207 1712 παρ’
3246 1644 3398 1713 ἡμῖν,
3439 1644 3614 1715 μηδὲν

2024 1712 2272 1799 ’ῦπουλον
2292 1733 2306 1747 ·
2329 1719 2483 1772 οὐδὲν
2499 1720 2609 1792 γάρ
2628 1719 2938 1798 εὑρίσκεται
2955 1722 3216 1789 τοιοῦτον,
3241 1712 3368 1778 ἔνθα
3389 1712 3455 1779 ἂν
3473 1712 3616 1799 ᾑ-φι-

2037 1795 2145 1852 λία.
2170 1795 2307 1853 Είπε
2326 1800 2384 1856 δὲ
2402 1800 2560 1856 τοῦτο
2577 1802 2673 1856 καὶ
2692 1795 2850 1866 ἀλλος
2867 1804 3031 1874 σοφός
3045 1821 3128 1869 τις
3152 1805 3295 1877 ἀνήρ
3314 1824 3328 1839 ·
3366 1795 3614 1877 Ἔπῖςσίο

2034 1882 2151 1933 λον
2188 1882 2298 1935 ἐὰν
2332 1882 2431 1936 καί
2472 1883 2723 1953 σπάσας
2738 1887 3068 1956 ῥομφαίαν,
3096 1887 3184 1956 μὴ
3222 1888 3565 1959 ἀπελπίσῃς
3590 1906 3608 1919 ·

2031 1963 2166 2015 ἐστι
2204 1962 2314 2033 γὰρ
2352 1962 2670 2033 ἐπάνοδος.
2700 1969 2831 2022 Ἐπί
2874 1971 3061 2039 φίλον
3100 1970 3209 2024 ἐὰν
3252 1971 3504 2042 ἀνοίξῃς
3539 1974 3610 2029 τὸ

2032 2047 2250 2115 στόμα,
2297 2047 2386 2118 μὴ
2421 2048 2733 2120 ἀπογνῷς·
2770 2052 2904 2106 ἔστι
2949 2053 3060 2123 γὰρ
3099 2052 3422 2124 διαλλαγὴ,
3458 2056 3610 2111 ἄνευ

2034 2130 2402 2200 ὀνειδισμοῦ,
2444 2132 2545 2186 καί
2592 2136 2946 2203 μυστηρίων
2987 2135 3450 2206 ἀποκαλύψεως,
3508 2142 3612 2194 καί

2032 2211 2275 2293 πληγῆς
2309 2213 2539 2283 δολίας.
2590 2210 2680 2272 ‘EG
2720 2218 2937 2282 τούτοις
2981 2220 3287 2291 ἀποφεύγει
3326 2223 3500 2293 φίλος,
3547 2226 3612 2279 ὲν

2033 2287 2393 2373 ἀποκαλύψει,
2434 2300 2591 2370 φησὶ,
2641 2302 2978 2373 μυστηρίων.
3032 2287 3132 2358 ’Ἂν
3179 2287 3383 2372 πάντες
3422 2287 3608 2363 τοίνυν

2033 2371 2182 2449 ὦμεν
2217 2378 2386 2450 φίλοι,
2417 2382 2537 2434 οὐδὲ
2577 2371 2894 2455 μυστηρίων
2919 2385 3037 2438 δεῖ·
3068 2385 3261 2459 ὥσπερ
3300 2387 3410 2458 γὰρ
3441 2391 3610 2455 αὐτός

2030 2476 2113 2524 τις
2146 2462 2284 2532 πρὸς
2323 2463 2520 2521 ἑαυτὸν
2560 2465 2715 2519 οὐδὲν
2755 2466 2871 2537 ἔχει
2906 2469 3226 2541 μυστήριον,
3273 2472 3395 2526 οὐδὲ
3442 2474 3610 2539 αὐτὸς

2030 2545 2223 2599 ἑαυτὸν
2250 2546 2513 2617 κρύπτειν
2539 2543 2828 2619 δυνήσετάι
2850 2564 2864 2579 ·
2896 2549 3069 2615 οὕτως
3092 2552 3215 2606 οὐδὲ
3240 2554 3367 2618 τοὺς
3392 2556 3604 2624 φίλους.

2032 2630 2145 2684 Ούκ
2165 2631 2335 2685 ὄντων
2363 2628 2456 2686 οὖν
2484 2634 2822 2707 μυστηρίων,
2848 2634 3106 2700 ἀδύνατος
3128 2640 3163 2709 ἡ
3187 2639 3255 2692 ἐκ
3277 2640 3466 2694 τούτου
3487 2641 3609 2695 δια-

2031 2715 2197 2787 κοπή.
2226 2716 2305 2772 Δι’
2339 2714 2490 2770 οὐδὲν
2537 2717 2648 2787 γάρ
2687 2717 2884 2787 ἔχομεν
2916 2722 3211 2791 μυστήρια,
3244 2722 3278 2792 ἢ
3317 2723 3407 2777 διά
3432 2724 3495 2777 τὸ
3525 2725 3605 2796 μὴ

2031 2800 2165 2852 πᾶσι
2190 2798 2414 2870 θαρρεῖν
2437 2815 2452 2831 ·
2482 2798 2624 2852 ὥστε
2651 2800 2681 2854 ό
2711 2801 2929 2871 ψυγμὸς
2976 2800 3090 2875 [74]
3120 2804 3219 2874 τῆς
3250 2806 3469 2878 ἀγάπης
3503 2824 3607 2860 πε·-

2030 2880 2224 2950 ποίηκε
2254 2882 2551 2953 μυστήρια.
2582 2881 2648 2934 Τί
2667 2883 2775 2952 γὰρ
2806 2883 2951 2953 ἔχεις
2982 2887 3320 2959 μυστήριονς
3348 2888 3602 2959 ἀδικῆσαι

2028 2963 2120 3016 τὸν
2160 2963 2387 3034 πλησίον
2423 2964 2635 3034 βούλει;
2680 2965 2713 3036 ἢ
2759 2966 2991 3031 κωλύεις
3036 2970 3242 3037 ἀγαθοῦ
3285 2989 3430 3036 τινος
3471 2990 3599 3043 μετ-

2028 3045 2196 3116 έχειν,
2227 3047 2324 3100 καὶ
2344 3046 2434 3101 διά
2469 3046 2630 3100 τοῦτο
2657 3047 2957 3119 κρύπτεις;
3001 3051 3141 3105 Ἀλλ’
3165 3054 3320 3108 οὐδὲν
3350 3048 3556 3110 τούτων
3579 3074 3595 3086 ·

2025 3127 2142 3187 ἀλλ’
2175 3129 2443 3201 αίσχύνῃ;
2472 3128 2683 3212 Ούκοῦν
2709 3130 2772 3184 τὸ
2802 3131 2877 3203 μὴ
2907 3132 3135 3206 θαρρεῖν
3165 3137 3356 3191 τούτου
3387 3142 3599 3212 τεκμήο

2026 3228 2162 3282 ριον.
2204 3214 2303 3266 Ἂν
2345 3214 2443 3283 μὲν
2480 3208 2576 3266 οὖν
2618 3214 2808 3285 ἀγάπη
2858 3213 2915 3287 ᾖ,
2949 3217 3050 3270 οὐκ
3092 3219 3245 3275 ἔσται
3285 3208 3600 3294 μυστηρίων

2025 3294 2387 3364 ἀποκάλυψις,
2419 3294 2535 3349 ἀλλ’
2565 3295 2686 3348 οὐδὲ
2719 3297 3044 3368 ὀνειδισμὸς.
3076 3301 3175 3365 Τίς
3201 3304 3312 3376 γάρ
3348 3305 3436 3370 ἂν,
3475 3308 3598 3359 είπέ

2029 3393 2140 3447 μοι,
2162 3376 2259 3431 καὶ
2284 3377 2414 3429 πότε
2445 3379 2512 3447 τῇ
2543 3377 2739 3431 ἑαυτοῦ
2767 3378 2914 3451 ψυχῇ
2945 3382 3293 3451 όνειδίσειεν;
3328 3387 3390 3440 Εί
3415 3387 3471 3441 δὲ
3500 3390 3596 3442 καὶ

2024 3460 2253 3547 γένοιτο,
2287 3460 2394 3547 *ἐπί
2425 3459 2629 3547 κέρδει.
2680 3463 2832 3516 Ἐπεὶ
2878 3456 2974 3518 καὶ
3007 3468 3198 3520 παισὶν
3241 3469 3594 3547 ὀνειδίζομεν,

2022 3541 2209 3596 δακεῖν
2240 3542 2439 3606 αὐτοὺς
2474 3542 2821 3614 βουλόμενοι·
2851 3549 2942 3600 καὶ
2961 3550 2991 3601 ό
3017 3549 3254 3620 Χριστὸς
3272 3541 3328 3605 δέ
3354 3552 3475 3607 τότε
3495 3556 3597 3625 ἧρ-

2026 3625 2153 3691 ξατο
2166 3625 2447 3687 ὀνειδίζειν
2463 3629 2562 3689 τάς
2585 3627 2791 3695 πόλεις,
2812 3630 3007 3700 λέγων,
3022 3634 3179 3688 θὺαί
3194 3650 3293 3689 σοι
3309 3637 3591 3706 Χωραζίν,

2021 3708 2159 3761 οὐαί
2173 3723 2273 3762 σοι
2296 3708 2623 3776 Βηθσαϊδὰ,
2653 3711 2737 3763 ῖνα
2752 3711 3073 3785 ὀνειδισμῶν
3094 3717 3399 3790 ἀπαλλάξῃ.
3425 3720 3595 3775 Οὐδὲν

2021 3792 2130 3860 γάρ
2162 3790 2306 3845 οὕτω
2343 3791 2564 3847 δύναται
2608 3794 2956 3864 καθάψασθαι
2999 3797 3254 3865 διανοίας,
3287 3803 3379 3854 καὶ
3408 3802 3587 3856 διανα-

2022 3876 2218 3946 στῆσαι
2242 3875 2441 3946 μᾶλλον
2466 3876 2657 3949 αὐτὴν,
2681 3881 2775 3932 καὶ
2791 3882 3128 3954 παρειμένην
3143 3883 3469 3954 ἀνορθῶσαι.
3496 3886 3590 3957 Μὴ

2018 3959 2083 4032 δὴ
2103 3959 2451 4029 όνειδίζωμεν
2475 3960 2661 4025 ἁπλῶς
2681 3961 2964 4032 ἀλλήλους.
2995 3964 3063 4017 Τί
3082 3966 3219 4036 γάρ;
3250 3967 3342 4019 ἐπὶ
3365 3968 3589 4038 χρήμαο

2022 4060 2104 4097 σιν
2134 4042 2294 4096 αὐτὸν
2324 4042 2634 4109 ὀνειδίσεις;
2672 4045 2974 4116 Μηδαμῶς,
3015 4048 3069 4101 εῐ
3094 4066 3158 4116 γε
3183 4050 3338 4103 κοινὰ
3358 4051 3430 4103 τά
3459 4051 3590 4105 δντα

2019 4127 2305 4198 κέκτησαι.
2351 4125 2490 4179 Ἀλλ’
2519 4128 2613 4181 ἐπὶ
2638 4128 3064 4201 ἀμαρτήμασιν;
3100 4131 3240 4185 Ἀλλ’
3258 4133 3379 4187 οὐδὲ
3406 4133 3588 4199 τοῦτο,

2018 4208 2153 4265 ἀλλὰ
2176 4209 2376 4279 μᾶλλον
2397 4208 2730 4281 διορθώσεις.
2753 4211 2864 4265 Καί
2893 4212 3156 4282 πληής,
3176 4215 3331 4285 φησὶ,
3356 4215 3584 4281 δολίας.

2017 4294 2082 4346 Τί
2107 4309 2272 4359 ποτε;
2307 4286 2500 4347 ἑαυτὸν
2528 4294 2849 4365 ἀναιρήσεις
2875 4295 2962 4359 τίς
2987 4296 3045 4350 δὲ
3070 4297 3295 4367 πλήξεις
3323 4298 3458 4352 Οὐδὲ
3482 4294 3584 4362 εἷς.

2016 4374 2313 4445 Διώκωμεν
2329 4377 2506 4429 τοίνυν
2523 4375 2622 4449 τήν
2644 4377 2886 4448 ἀγάπην.
2902 4378 3016 4432 οὐκ
3034 4375 3188 4435 εἶπεν
3209 4381 3414 4445 ἀπλῶς,
3430 4383 3590 4451 ’Δγα-

2016 4460 2227 4531 πῶμεν,
2256 4459 2413 4525 ἀλλὰ,
2460 4458 2780 4532 Διώκωμεν.
2814 4462 3023 4535 Πολλῆς
3060 4463 3144 4517 δεῖ
3175 4465 3279 4535 τῆς
3308 4466 3543 4537 σπουδῆς
3566 4483 3582 4496 ·

2013 4545 2222 4615 ταχέως
2264 4542 2609 4612 ἀφανίζεται,
2658 4544 2809 4611 ὀξεῖα
2854 4545 2992 4616 πρὸς
3030 4546 3377 4618 ἀναχώρησιν
3423 4548 3582 4602 ἐστι·

2012 4628 2250 4681 τοσαῦτα
2283 4628 2342 4679 ὲν
2373 4626 2452 4698 τῷ
2480 4624 2580 4698 βίῳ
2608 4626 2688 4705 τῷ
2722 4628 3007 4698 πράγματι
3035 4630 3209 4701 τούτῳ
3240 4631 3582 4700 λυμαίνεται.

2015 4712 2112 4763 Ἂν
2147 4709 2433 4782 διώκωμεν
2461 4710 2654 4780 αὐτὴν,
2679 4710 2742 4764 ού
2777 4711 2972 4779 φθάσει
3006 4713 3280 4781 ἀπελθεῖν,
3314 4714 3450 4769 ἀλλά
3482 4733 3582 4769 τα-

2012 4794 2151 4864 χέως
2176 4792 2345 4863 αὐτὴν
2370 4792 2734 4865 έξελκύσομεν
2760 4810 2776 4825 ·
2813 4796 2848 4865 ή
2869 4796 3058 4865 ἀγάπη
3088 4797 3182 4851 τοῦ
3213 4797 3349 4853 Θεοῦ
3386 4797 3464 4869 τῷ
3485 4799 3579 4853 06-

2015 4877 2162 4948 ρανῷ
2185 4876 2388 4946 συνῆψε
2413 4876 2514 4946 τὴν
2539 4876 2645 4947 γῆν
2668 4892 2682 4906 ·
2707 4879 2740 4947 ή
2766 4874 2955 4951 ἀγάπη
2976 4879 3072 4933 τοῦ
3102 4880 3238 4934 Θεοῦ
3259 4882 3352 4935 τὸν
3369 4881 3583 4953 ἀνθρώ-υ

2012 4978 2112 5013 πον
2137 4961 2229 5013 ἐπὶ
2256 4959 2346 5013 τὸν
2369 4960 2558 5029 θῴνον
2589 4961 2681 5014 τὸν
2700 4961 2979 5031 βασιλικὸν
3005 4962 3262 5019 ἐκάθισεν
3280 4980 3295 4995 ·
3326 4967 3361 5038 ή
3388 4966 3582 5037 ἀγάπη

2010 5044 2104 5097 τοῦ
2144 5043 2280 5096 Θεοῦ
2318 5044 2411 5096 τὸν
2459 5045 2591 5097 Θεὸν
2624 5043 2826 5109 ἔδειξεν
2864 5047 2959 5100 ἐπὶ
2992 5047 3091 5117 τῆς
3115 5047 3220 5119 γῆς
3244 5064 3261 5078 ·
3310 5049 3345 5119 ἠ
3388 5048 3582 5119 ἀγάπη

2008 5128 2105 5181 τοῦ
2138 5126 2273 5181 Θεοῦ
2312 5128 2403 5180 τὸν
2440 5128 2718 5199 Δεσπότην
2766 5128 2951 5183 δοῦλον
2990 5130 3246 5202 ἐπτοίησεν
3268 5147 3284 5164 ·
3318 5133 3353 5202 ή
3386 5131 3581 5202 ἀγάπη

2008 5211 2102 5266 τοῦ
2134 5210 2271 5265 Θεοῦ
2295 5210 2436 5280 ὑπὲρ
2466 5209 2576 5263 τῶν
2597 5212 2806 5283 ὲχθρῶν
2829 5214 2919 5267 τὸν
2948 5213 3276 5285 ’Δγαπητὸν,
3302 5214 3444 5285 ὐπλρ
3470 5213 3583 5268 τῶν

2014 5294 2315 5366 μισούντων
2345 5292 2436 5346 τὸν
2459 5293 2607 5360 Υἱὸν,
2633 5295 2775 5366 ὑπὲρ
2795 5296 2904 5349 τῶν
2929 5296 3132 5351 δούλων
3159 5298 3251 5351 τὸν
3277 5298 3579 5369 Δεσπότην,

2011 5380 2152 5450 ὑπὲρ
2198 5378 2308 5431 τῶν
2355 5378 2656 5447 ἀνθρώπων
2706 5380 2797 5431 τὸν
2847 5381 3001 5445 Θεὸν,
3048 5382 3191 5454 ὑπὲρ
3227 5372 3456 5436 οἰκετῶν
3488 5384 3583 5437 τὸν

2010 5461 2292 5532 ἐλεύθερον
2336 5460 2620 5530 ἐκδοθῆναι
2657 5460 2900 5530 ἐποίησε.
2953 5465 3062 5519 Καὶ
3094 5464 3411 5537 οὐδὲήμέχρι
3451 5464 3581 5518 τού-

2006 5562 2100 5599 του
2132 5545 2284 5617 ἔστη,
2314 5543 2450 5597 ἀλλά
2498 5543 2592 5595 καὶ
2620 5545 2713 5597 ἐπὶ
2752 5546 2976 5615 μείζονα
3011 5550 3160 5619 ἡμᾶς
3186 5540 3467 5605 ἐκάλεσεν.
3503 5549 3580 5602 O6

2007 5628 2118 5699 γάρ
2158 5628 2319 5699 μόνον
2358 5625 2667 5698 ἀπήλλαξεν
2696 5630 2847 5700 ἡμᾶς
2876 5631 2984 5683 τῶν
3033 5632 3316 5704 προτέρων
3367 5631 3579 5696 κακῶν,

2009 5713 2146 5767 ἀλλά
2185 5714 2279 5766 καὶ
2308 5711 2487 5783 πολλῷ
2523 5714 2745 5783 μείζονα
2772 5715 2963 5770 δώσειν
2992 5717 3154 5784 ἕτερα
3191 5717 3574 5785 ἐπηγγείλατο.
