4080 6218
434 383 504 437 τε
603 364 610 383 ¹
1135 370 1191 428 S.
1235 366 1509 426 JOANNIS
1546 357 2018 417 CllllYSOS'l'OMI
2060 354 2370 410 AliClllEP.
2411 351 2946 408 CONSTANTINOP.
3636 354 3701 406 7i

440 498 680 569 [umidos
707 494 1024 549 communia.
1056 494 1121 545 At
1147 498 1362 559 promer
1386 482 1644 555 peccata?
1671 478 1746 533 Ne
1767 479 1866 531 hoc
1893 477 2011 544 qui-

439 593 582 651 dem,
611 586 702 641 sed
735 588 907 653 potius
928 584 1189 650 corriges.
1219 578 1286 631 Et
1309 578 1532 647 plagam,
1565 571 1756 639 inquii,
1786 570 2012 622 dolosam

439 684 519 747 tl.
548 682 664 733 Cor.
706 679 785 731 ιιι.
828 680 905 743 l).
939 675 1073 734 Ouid
1105 669 1274 724 vero?
1304 669 1537 736 seipsuul
1584 662 1852 733 perimet?
1895 662 2014 727 quis

441 772 611 841 ipsum
657 768 956 837 percutiet?
996 764 1182 817 Nemo.
1228 759 1618 828 Persequanlur
1657 769 1786 822 ergo
1825 751 2015 805 carita-

440 877 566 915 lem.
600 859 714 914 Non
757 858 890 910 dixit
927 853 1255 922 simpliciter,
1302 850 1611 917 Diligamus,
1661 844 1778 908 sed,
1831 843 2007 895 Perse-

439 966 683 1021 tj'tamlll'.
716 949 878 1002 Multo
908 945 1086 1000 studio
1121 958 1258 1013 opus
1291 952 1343 996 et
1382 938 1651 1008 diligentia
1695 955 1708 989 :
1751 936 1855 988 cito
1887 947 2013 985 cva-

440 1046 626 1105 til'sttil,
656 1042 807 1096 velox
835 1050 912 1095 est
947 1038 1011 1092 ad
1052 1035 1408 1092 recedendum
1445 1050 1456 1084 :
1493 1041 1598 1086 tam
1641 1029 1803 1083 multa
1834 1028 1885 1079 ill
1911 1026 2013 1077 vita

438 1134 562 1186 lluic
591 1134 666 1186 rei
692 1133 909 1186 exitium
954 1128 1200 1184 aderunt.
1229 1126 1281 1181 Si
1320 1141 1436 1178 eam
1471 1135 1873 1192 persequamur,
1909 1131 2013 1170 non

440 1228 584 1291 prius
623 1224 926 1286 recesserit,
971 1237 1130 1290 qualn
1171 1235 1289 1273 eam
1318 1219 1426 1272 cito
1472 1213 1870 1269 attraxerimus.
1921 1208 2013 1261 hci

437 1316 628 1367 raritas
656 1315 786 1368 οτι-ιο
816 1323 1009 1368 terram
1040 1311 1348 1379 conjunxit;
1398 1307 1487 1361 Dei
1526 1305 1721 1360 caritas
1749 1303 2014 1356 hominem

439 1407 626 1461 sedere
650 1406 770 1461 fecit
789 1421 948 1472 super
971 1405 1216 1458 thronum
1248 1403 1450 1472 regium
1472 1416 1485 1462 ;
1518 1398 1606 1452 Dei
1632 1396 1825 1451 caritas
1851 1394 2015 1447 Deum

438 1497 668 1550 ostendit
712 1510 873 1564 super
920 1507 1158 1557 terram;
1207 1493 1297 1546 Dei
1339 1490 1536 1545 caritas
1574 1487 1848 1540 dominum
1895 1483 2018 1536 fecit

2121 487 2370 534 servum;
2420 471 2508 525 Dei
2540 470 2735 524 caritas
2766 468 2888 522 fecit
2929 478 2984 522 ut
3014 469 3312 523 traderetur
3348 464 3571 522 dilectus
3606 484 3702 537 pro

2122 566 2367 626 illiillicis,
2407 562 2545 616 lilins
2580 576 2678 629 pro
2705 561 2768 614 iis
2795 561 2884 630 qui
2931 560 3174 621 oderant,
3207 560 3437 613 dominis
3462 572 3557 628 pro
3582 576 3702 614 ser-

2124 658 2224 721 vis,
2266 656 2402 709 Dens
2430 668 2528 723 pro
2555 651 2878 714 hominibus,
2926 650 3062 705 liber
3101 666 3199 718 pro
3228 650 3461 706 famulis.
3500 651 3609 705 Nec
3635 667 3701 705 eo

2122 763 2290 816 usque
2311 747 2569 807 constitit,
2590 743 2684 798 sed
2707 757 2805 797 nos
2825 741 3030 796 vocavit
3055 742 3117 796 ad
3145 742 3366 811 majora.
3398 742 3508 795 Non
3531 744 3702 798 solum

2122 840 2262 893 cnim
2296 852 2391 891 nos
2419 836 2661 890 liberavit
2684 849 2712 887 a
2746 833 3011 903 prioribus
3040 833 3211 892 malis.
3234 833 3327 886 sed
3355 834 3514 886 etiam
3538 834 3703 887 multo

2124 933 2321 999 nlajora
2350 945 2407 983 se
2439 929 2684 984 daturum
2719 937 2804 983 est
2843 925 3126 996 pollicitus.
3166 927 3269 979 Pro
3301 925 3405 989 his,
3437 927 3569 979 actis
3597 927 3703 979 [leo

2121 1024 2325 1092 gratiis,
2353 1036 2564 1076 omnem
2596 1033 2982 1091 persequamur
3006 1023 3277 1083 virtutem,
3314 1027 3369 1071 et
3395 1032 3506 1086 pra:
3525 1020 3701 1072 omni-

2126 1116 2224 1169 bus
2268 1114 2541 1168 caritatem
2587 1126 2954 1175 exerceamus,
2992 1119 3048 1163 ut
3088 1109 3230 1179 digiti
3278 1108 3569 1163 habeamur
3610 1113 3700 1179 qui

2124 1219 2514 1272 clnlseqnalnur
2547 1202 2683 1255 bona
2714 1200 2995 1270 prmuissa,
3030 1214 3123 1269 per
3146 1200 3366 1268 gratiam
3393 1210 3444 1253 et
3474 1200 3705 1268 benigni-

2126 1306 2285 1350 tatem
2321 1294 2524 1348 llolllini
2556 1292 2726 1347 nostri
2755 1292 2882 1346 Jesu
2917 1289 3135 1354 Christi,
3181 1291 3264 1345 cui
3305 1306 3427 1346 cum
3459 1290 3617 1346 Patre
3649 1302 3705 1346 ct

2124 1389 2323 1454 Spiritu
2351 1398 2534 1440 sancto
2558 1385 2747 1453 gloria,
2778 1382 3078 1452 imperium,
3105 1382 3293 1449 honor,
3316 1397 3459 1437 nunc
3485 1392 3539 1436 et
3565 1398 3705 1436 selu-

2127 1495 2240 1549 per,
2269 1489 2322 1532 et
2349 1479 2399 1529 ill
2428 1476 2622 1530 saecula
2650 1475 2989 1530 sa'culorum.
3022 1474 3214 1529 Amen.

1280 1603 3698 1634 ___._________________________________________.

1844 1685 2183 1746 HOMILIA
2232 1683 2315 1741 Χ.

450 1632 815 1649 ______________.-

437 1852 563 1903 Car.
607 1851 656 1902 ll.
694 1865 743 1898 v.
778 1850 827 1901 4.
876 1846 1043 1900 Unum
1078 1859 1259 1911 corpus
1298 1852 1341 1895 et
1372 1857 1498 1892 unus
1540 1839 1768 1902 spiritus,
1802 1836 1930 1888 sicut
1969 1842 2014 1883 et

508 1942 665 1993 vocati
691 1949 807 1992 estis
828 1939 881 1990 in
909 1954 1013 1990 una
1040 1952 1128 2005 spe
1150 1932 1422 1987 vocationis
1451 1940 1645 1986 vestrm.

509 2038 563 2083 ’l.
601 2029 823 2097 Quando
844 2028 907 2081 ad
935 2040 1181 2095 maguum
1207 2022 1402 2091 aliquid
1433 2036 1530 2074 nos
1550 2019 1860 2074 exhortatur
1883 2016 2016 2068 Pau—

440 2126 542 2184 lus.
575 2123 743 2192 utqui
773 2123 842 2176 sit
877 2120 1030 2174 valde
1060 2118 1274 2188 sapiens
1302 2126 1357 2169 et
1387 2112 1697 2182 spirinlalis,
1737 2110 1880 2163 ducit
1917 2122 2014 2161 ex-

440 2214 793 2269 hortationem
840 2214 908 2265 ab
950 2211 1014 2265 iis
1062 2226 1181 2278 quc
1211 2217 1337 2262 sunt
1382 2207 1432 2258 ill
1477 2204 1642 2265 ca-lis,
1687 2199 1867 2268 utqui
1913 2198 2015 2250 hoc

440 2311 610 2377 ipsum
654 2323 685 2360 a
732 2305 955 2359 Domino
994 2301 1280 2356 didicerit:
1314 2299 1451 2352 sicut
1490 2298 1646 2349 etiam
1692 2293 1820 2346 dicit
1865 2291 2011 2352 alibi,

439 2398 705 2453 Antbnlate
729 2399 781 2449 in
805 2395 1089 2457 dilectione,
1118 2394 1247 2445 sicut
1276 2399 1321 2443 rt
1347 2390 1572 2441 (.hrislus
1611 2385 1785 2438 dilexit
1826 2399 1939 2444 nos,
1971 2390 2015 2434 et

441 2491 648 2544 tradidit
662 2490 987 2557 semetipsum
1006 2503 1097 2555 pro
1124 2484 1264 2537 nobis
1285 2481 1497 2549 (Ep/les.
1607 2478 1699 2547 ‘2);
1731 2486 1783 2528 et
1811 2490 2013 2535 rursus,

448 2583 556 2636 Iloc
578 2584 825 2634 sentiatur
852 2584 903 2633 in
931 2578 1067 2632 vobis
1089 2575 1226 2645 quod
1245 2583 1291 2628 et
1313 2574 1365 2626 in
1389 2570 1586 2627 Christo
1614 2569 1756 2629 Jesn,
1796 2566 1877 2634 qui
1905 2578 2017 2616 cum

440 2675 679 2741 informa
718 2671 806 2723 Dei
836 2680 983 2728 esset,
1026 2684 1127 2720 non
1169 2665 1401 2734 rapinam
1437 2661 1708 2714 arbitratus
1735 2668 1806 2712 est
1834 2673 1939 2709 esse
1966 2670 2019 2707 se

441 2766 683 2834 aqualem
720 2762 823 2814 Deo
847 2759 1104 2829 (Philipp.
1128 2756 1185 2809 ‘2.
1216 2757 1270 2810 5.
1300 2756 1380 2820 6).
1417 2755 1525 2806 lloc
1553 2751 1713 2804 ct'nm
1747 2748 1832 2800 llic
1872 2746 2013 2798 facit.

442 2853 662 2922 Quando
713 2853 854 2907 enim
903 2848 1145 2916 exempla
1201 2844 1469 2915 proposita
1515 2850 1639 2895 sunt
1681 2853 1891 2909 magna,
1937 2846 2020 2889 est

443 2947 711 3000 ienlulatio
754 2943 1043 2997 vehemens
1081 2950 1134 2993 et
1176 2936 1517 2991 desiderium.
1563 2930 1701 2997 Quid
1740 2945 1868 2997 ergo
1895 2928 2020 2981 dicit

445 3055 541 3093 nos
569 3037 861 3091 adhortans
905 3032 970 3086 ad
1021 3027 1320 3085 unitatem?
1371 3025 1539 3081 Ullum
1584 3038 1767 3092 corpus
1805 3030 1849 3073 et
1890 3035 2020 3071 unus

444 3131 671 3197 spiritus,
707 3130 835 3180 sicut
883 3135 931 3178 et
977 3122 1139 3176 vocati
1181 3121 1297 3175 estis
1347 3119 1402 3171 in
1451 3133 1552 3170 mla
1603 3132 1695 3184 spe
1741 3111 2020 3167 vocationis

445 3233 620 3275 vestrm
643 3236 662 3273 :
688 3220 740 3274 5.
775 3234 905 3271 unus
936 3215 1202 3275 Dominus,
1234 3227 1336 3265 una
1362 3209 1511 3276 ﬁdes,
1570 3222 1726 3259 unum
1747 3203 2016 3270 baptisma.

446 3313 582 3379 Quid
610 3321 691 3367 est
716 3321 894 3363 autem
930 3323 1089 3360 unum
1122 3301 1358 3372 corpus?
1386 3300 1486 3365 Qui
1516 3306 1639 3351 sunt
1680 3296 1874 3362 ubique
1916 3303 2021 3346 ter-

449 3418 626 3457 rarum
664 3401 850 3455 lideles
879 3410 933 3452 et
963 3398 1243 3451 fueruntet
1277 3392 1435 3446 futuri
1462 3397 1605 3443 sunt.
1633 3387 1833 3440 Rursus
1858 3394 1909 3437 et
1933 3382 2020 3449 qui

446 3506 571 3548 ante
598 3492 794 3549 Christi
815 3489 1099 3544 adventum
1132 3487 1461 3554 placuerunt,
1486 3488 1609 3534 sunt
1627 3494 1785 3531 lululll
1806 3489 2019 3541 corpus.

447 3584 767 3654 Quomodo?
805 3582 1065 3648 Quoniam
1113 3578 1185 3630 illi
1236 3590 1446 3646 quoque
1493 3572 1761 3625 Christum
1805 3573 2020 3620 norunt.

453 3677 727 3732 Undenalll
757 3674 856 3726 hoc
880 3669 1127 3725 constat?
1156 3666 1407 3719 Abraham
1453 3672 1595 3730 pater
1624 3669 1799 3720 vester,
1829 3655 2020 3724 inquit,

451 3768 711 3820 exsultavit
748 3775 803 3816 nt
848 3761 1035 3814 videret
1064 3761 1194 3811 dicm
1230 3768 1435 3816 meum;
1474 3763 1519 3805 ct
1552 3752 1698 3813 vidit,
1736 3758 1781 3802 et
1825 3748 2024 3817 gavisus

451 3868 521 3911 est
546 3856 722 3925 (.Ioml.
756 3855 807 3906 8.
837 3852 964 3919 56);
992 3859 1045 3902 et
1076 3862 1279 3901 rursus.
1311 3844 1369 3899 Si
1396 3841 1661 3896 crederetis
1694 3838 1881 3907 Moysi,
1918 3851 2024 3888 cre-

452 3948 632 4003 deretis
663 3945 829 4012 utique
854 3952 903 3995 et
928 3941 1050 3992 mihi
1081 3954 1099 3989 :
1127 3939 1188 3990 de
1218 3953 1295 3988 me
1334 3935 1464 3987 enim
1492 3932 1579 3983 ille
1619 3929 1819 3997 scripsit
1854 3926 1907 3996 (Ι
1915 3927 2018 3979 bid.

453 4040 505 4095 5.
539 4037 653 4105 46),
688 4046 739 4088 et
771 4032 1059 4101 propheta}.
1101 4027 1213 4080 Non
1253 4025 1592 4091 scripsissent
1634 4029 1834 4083 autem,
1872 4018 1918 4070 si
1957 4017 2023 4070 de

452 4146 516 4185 eo
572 4130 902 4198 ignorasseut
948 4138 1065 4190 qua:
1110 4117 1357 4171 dicebant
1403 4132 1415 4166 :
1454 4128 1573 4166 cum
1624 4112 1793 4179 ipsum
1845 4119 2022 4161 autem

455 4229 691 4285 nossent,
733 4217 891 4271 etiam
929 4212 1241 4268 adol-ainant.
1291 4207 1647 4275 Quamobrem
1699 4202 1771 4255 illi
1813 4214 2024 4270 quoque

454 4323 575 4368 sunt
607 4327 768 4365 lllilllll
790 4322 1004 4375 corpus.
1038 4303 1153 4358 Non
1182 4310 1264 4357 est
1289 4299 1608 4366 disjunctum
1635 4309 1828 4362 corpus
1855 4308 1884 4345 a
1912 4293 2026 4361 spi-

455 4409 556 4460 ritu
584 4424 595 4458 :
629 4402 823 4469 alioqui
858 4415 961 4452 non
995 4397 1148 4449 fuerit
1173 4405 1382 4463 corpus.
1409 4388 1519 4445 Nos
1545 4388 1686 4443 enim
1713 4385 1947 4441 solemus
1972 4386 2023 4436 ill

454 4498 632 4565 uultis,
657 4507 709 4548 et
733 4509 850 4562 qua:
872 4490 1090 4544 multam
1120 4486 1314 4540 habent
1337 4480 1795 4549 consequentiam,
1823 4477 2023 4541 dicere,

457 4594 546 4644 list
575 4604 734 4640 unum
765 4600 978 4652 corpus.
1013 4582 1084 4635 Ita
1114 4581 1271 4632 etiam
1299 4590 1397 4631 nos
1423 4576 1472 4629 ill
1503 4575 1696 4628 unione
1733 4570 2026 4638 accipimus

456 4695 615 4732 unum
648 4690 844 4743 corpus
872 4688 977 4727 uno
998 4672 1191 4739 capite.
1215 4669 1270 4723 Si
1297 4676 1379 4722 est
1401 4674 1576 4719 autem
1608 4679 1765 4717 unum
1788 4671 1947 4729 caput
1972 4668 2027 4713 et

456 4785 617 4822 lllllllll
644 4779 859 4832 corpus,
888 4771 1097 4816 constat
1124 4774 1316 4828 eorpus
1337 4773 1401 4813 ex
1429 4755 1681 4811 membris
1706 4751 1944 4805 honestis
1973 4757 2028 4803 et

456 4880 560 4915 lloll
591 4859 847 4913 honestis.
875 4853 1137 4907 Cat-terum
1180 4864 1352 4919 neque
1383 4850 1436 4901 in
1466 4846 1777 4899 vilissimum
1805 4838 2029 4908 insurgit

458 4960 505 5008 izt
536 4951 674 5021 quod
702 4958 784 5004 est
810 4946 1003 5015 majus,
1051 4957 1221 5010 neque
1260 4939 1385 4993 illlld
1432 4937 1555 4990 huic
1598 4934 1816 4987 invidet.
1866 4930 2023 5000 Atqui

458 5065 560 5099 llou
590 5042 835 5099 eumdem
875 5051 1027 5091 usuln
1071 5050 1167 5086 nec
1206 5030 1449 5086 eamdem
1492 5025 1818 5079 iunctionem
1850 5022 2026 5075 omnia

455 5142 701 5198 atterunt,
751 5132 845 5188 sed
892 5128 1270 5183 convenienter
1309 5121 1497 5175 rationi
1550 5117 1880 5172 necessitatis
1919 5133 1932 5168 :
1973 5124 2028 5170 et

455 5233 577 5300 quia
608 5231 737 5282 laeta
767 5234 889 5280 sunt
918 5221 1091 5277 omnia
1117 5216 1422 5272 necessario
1447 5220 1499 5266 et
1524 5211 1588 5264 ad
1610 5211 1851 5264 diversos
1878 5221 2024 5271 usus,

455 5322 634 5372 omnia
667 5327 803 5372 'sunt
848 5317 1049 5369 honore
1079 5310 1245 5379 paria.
1287 5306 1424 5360 Sunt
1459 5313 1634 5357 autem
1676 5300 1777 5353 alia
1813 5299 2025 5368 quidem

456 5409 912 5480 przestantissilna,
943 5414 994 5459 et
1019 5419 1135 5472 qnze
1163 5400 1391 5453 maxime
1411 5395 1738 5448 dominatum
1761 5390 2022 5452 obtinent,

455 5503 557 5554 alia
589 5512 715 5551 vero
747 5497 920 5549 minus
954 5513 966 5546 :
1003 5508 1055 5547 ut
1100 5502 1257 5560 caput
1299 5496 1381 5543 est
1426 5486 1585 5539 totius
1617 5480 1859 5551 Ctil'pOt'iS
1892 5493 2023 5547 prim

455 5588 841 5646 stantissimum
873 5601 922 5639 el
954 5587 1121 5653 magis
1147 5584 1475 5638 dominatum
1507 5576 1772 5640 obtinens,
1799 5581 1854 5626 ut
1888 5569 2026 5640 quod

458 5689 512 5739 in
548 5701 607 5739 se
647 5683 835 5735 habeat
870 5692 1060 5731 omnes
1088 5691 1277 5730 sensus
1315 5682 1371 5728 et
1398 5672 1590 5726 animae
1632 5666 1980 5737 principatum
2011 5681 2025 5715 :

458 5790 629 5845 neque
655 5773 851 5840 absque
876 5769 1048 5836 capite
1076 5766 1176 5822 vivi
1214 5775 1417 5834 potest;
1451 5760 1670 5830 pedibus
1694 5766 1868 5809 autem
1902 5771 2016 5805 aul-

2126 1826 2321 1894 pllla'is
2354 1825 2502 1880 mulli
2533 1826 2774 1880 vixerunt
2812 1825 2969 1896 longo
3011 1834 3267 1896 tempore.
3300 1826 3395 1880 Est
3433 1827 3608 1897 itaque
3648 1828 3699 1882 id

2125 1918 2226 1971 illis
2255 1934 2358 1970 non
2385 1916 2554 1970 solum
2581 1918 2683 1971 situ
2708 1920 3067 1986 praestantius,
3090 1918 3185 1973 sed
3207 1920 3363 1973 etiam
3395 1920 3703 1988 operatione

2124 2021 2175 2064 et
2205 2012 2412 2064 ordine.
2442 2009 2619 2077 Quare
2656 2009 2757 2064 hoc
2797 2009 2919 2066 dico
2949 2029 2963 2066 :
2992 2010 3128 2066 Sunt
3173 2012 3225 2066 in
3256 2013 3490 2067 Ecclesia
3529 2014 3698 2078 llllllli,

2121 2102 2210 2170 qui
2238 2114 2356 2154 sunt
2400 2100 2452 2153 ill
2482 2102 2644 2154 altum
2689 2101 2876 2168 erecti,
2911 2112 2968 2156 ut
3003 2112 3182 2172 caput,
3213 2102 3613 2157 considerantes
3646 2114 3702 2159 et

2123 2193 2460 2261 speculantes
2487 2193 2739 2256 czelestia,
2785 2195 2923 2247 sicut
2963 2194 3104 2248 oculi
3149 2196 3198 2249 in
3242 2195 3437 2264 capite,
3479 2196 3698 2249 multum

2124 2285 2381 2338 distantes
2404 2299 2443 2336 a.
2463 2294 2623 2350 terra,
2659 2293 2714 2338 et
2752 2285 2989 2354 quicum
3035 2301 3099 2339 ea
3138 2286 3269 2339 nihil
3312 2285 3509 2341 habent
3553 2301 3703 2341 com-

2127 2392 2284 2431 lluulc
2337 2394 2351 2430 :
2408 2377 2495 2430 alii
2545 2385 2721 2430 autem
2772 2386 2955 2432 tenent
3006 2378 3177 2432 locum
3225 2377 3452 2446 pedum,
3504 2387 3699 2431 terram

2124 2470 2413 2535 calcantes,
2453 2468 2546 2524 sed
2585 2469 2777 2537 pedum
2822 2484 3091 2525 sanorum.
3131 2469 3244 2524 Non
3293 2471 3435 2525 enim
3482 2470 3702 2538 peditus

2125 2561 2280 2614 datur
2305 2561 2432 2614 vitio
2457 2561 2597 2629 quod
2628 2571 2822 2615 terram
2854 2561 3084 2627 calcent,
3127 2560 3220 2615 sed
3246 2561 3389 2631 quod
3413 2562 3477 2615 ad
3505 2561 3700 2614 malum

2124 2660 2342 2705 currant
2372 2670 2383 2704 :
2408 2666 2527 2704 nam
2558 2649 2741 2717 Pedes,
2772 2652 2959 2722 inquit,
2983 2669 3155 2706 eorum
3178 2662 3391 2706 currunt
3417 2654 3486 2706 ad
3508 2654 3701 2707 malum

2127 2740 2278 2811 (Isal'.
2311 2742 2399 2796 59.
2425 2743 2501 2811 7).
2530 2741 2710 2811 Neque
2739 2757 2890 2813 ergo,
2925 2744 3113 2813 inquit,
3141 2745 3279 2798 oculi
3302 2746 3624 2800 extollantur
3649 2757 3705 2801 et

2125 2833 2352 2901 superbe
2376 2847 2432 2886 se
2461 2843 2648 2900 gerant
2674 2832 2931 2888 adversus
2962 2834 3124 2903 pedes
3147 2851 3162 2898 ;
3195 2850 3365 2904 neque
3387 2836 3545 2901 pedes
3572 2853 3671 2890 ocu
3689 2867 3705 2877 -

2127 2924 2191 2978 lis
2221 2921 2510 2987 invideant,
2543 2922 2776 2992 alioquin
2809 2923 3091 2993 unicuique
3130 2940 3225 2978 sua
3266 2927 3476 2995 propria
3506 2927 3704 2980 tollitur

2128 3015 2484 3084 pulchritudo,
2518 3026 2573 3070 et
2602 3031 2728 3069 suus
2759 3015 3022 3083 perfectus
3057 3017 3344 3086 impeditur
3371 3033 3497 3073 usus
3526 3026 3580 3073 et
3608 3034 3701 3072 sua

2131 3108 2327 3161 functio
2349 3126 2359 3159 :
2387 3119 2438 3161 et
2453 3108 2572 3177 jure
2589 3108 2638 3161 id
2660 3108 2852 3162 dicitur
2872 3128 2885 3162 :
2907 3124 3026 3162 nam
3045 3110 3132 3178 qui
3152 3109 3425 3163 insidiatur
3441 3111 3699 3179 proximo,

2128 3200 2226 3254 sibi
2261 3202 2485 3268 primum
2517 3209 2665 3269 parat
2694 3200 2931 3254 insidias.
2961 3199 3015 3255 Si
3039 3215 3165 3271 ergo
3186 3202 3347 3271 pedes
3374 3202 3543 3257 nolint
3568 3217 3697 3275 por-

2130 3301 2241 3345 tare
2269 3300 2423 3358 caput
2474 3305 2594 3343 cum
2622 3289 2801 3360 egredi
2831 3291 3191 3345 necessarium
3219 3300 3301 3345 est
3319 3332 3332 3355 ,
3362 3292 3462 3346 sibi
3492 3308 3703 3361 quoque

2132 3382 2398 3434 interitum
2421 3380 2649 3433 alierunt
2667 3390 2882 3449 propter
2898 3381 3319 3435 ilnmobilitatem
3341 3391 3396 3436 et
3414 3382 3698 3452 pigritiam:

2130 3480 2184 3525 ct
2212 3473 2255 3523 si
2291 3483 2448 3538 caput
2488 3458 2848 3523 llulhtlthiil
2874 3470 3064 3539 pedum
3092 3485 3273 3525 curam
3293 3487 3502 3540 gerere,
3531 3473 3700 3541 ipsum

2130 3563 2355 3629 primum
2391 3560 2618 3614 laeditur.
2658 3560 2727 3614 At
2755 3560 2840 3613 illa
2868 3561 3081 3629 quidem
3124 3560 3351 3615 alterum
3387 3562 3440 3616 in
3476 3563 3700 3617 alterum

2131 3669 2234 3706 non
2262 3653 2534 3722 insurgere
2550 3661 2632 3706 est
2650 3663 3065 3706 consentaneum
3090 3669 3104 3705 :
3125 3654 3203 3707 sic
3226 3654 3368 3708 enim
3394 3657 3703 3709 naturaliter

2130 3745 2427 3798 ordinatum
2454 3752 2537 3797 est
2570 3760 2582 3796 :
2616 3743 2708 3797 sed
2736 3742 3005 3812 quomodo
3036 3742 3148 3796 ﬁeri
3182 3752 3351 3812 potest
3383 3753 3437 3798 llt
3467 3743 3627 3799 homo
3650 3746 3700 3799 in

2132 3837 2401 3889 hominem
2430 3851 2533 3888 non
2565 3835 2841 3905 insurgat?
2868 3834 3049 3901 Neque
3081 3836 3221 3889 enim
3250 3838 3553 3905 angelorum
3583 3838 3702 3906 quis

2133 3928 2386 4011 insurgit,
2436 3926 2683 3994 quoniam
2727 3941 2826 3978 nec
2883 3924 2959 3977 illi
3009 3924 3267 3980 adversus
3315 3925 3700 3996 archangelos;

2132 4034 2303 4084 neque
2336 4031 2517 4069 rursus
2543 4016 2697 4068 bruta
2731 4015 2848 4082 plus
2876 4031 3032 4083 quam
3060 4030 3161 4085 ego
3188 4016 3365 4070 ell‘erri
3393 4024 3450 4071 et
3473 4018 3703 4086 majores

2130 4109 2348 4176 spiritus
2374 4114 2596 4176 possunt
2619 4107 2899 4173 concipere
2925 4124 2938 4160 :
2967 4106 3052 4159 llbi
3075 4115 3251 4160 autem
3280 4122 3375 4175 par
3395 4116 3477 4160 est
3497 4107 3702 4163 honore

2131 4208 2340 4264 natura,
2373 4206 2428 4252 et
2458 4211 2620 4251 unum
2645 4195 2861 4258 donum,
2892 4205 2946 4250 et
2971 4197 3068 4250 iste
3098 4197 3215 4264 plus
3252 4212 3408 4265 quam
3449 4198 3538 4252 ille
3570 4196 3703 4252 nillil

2132 4290 2293 4345 habet
2317 4305 2416 4344 nec
2436 4296 2739 4359 superatur,
2762 4287 3030 4357 quomodo
3056 4303 3160 4341 non
3185 4289 3575 4344 insurrexeriti
3593 4290 3707 4343 llllo

2133 4398 2258 4435 vero
2287 4390 2507 4451 propter
2536 4380 2649 4433 haec
2675 4396 2778 4432 non
2804 4378 2968 4433 debes
2997 4379 3269 4448 insurgere
3299 4380 3351 4432 in
3380 4380 3705 4448 proximum.

2132 4475 2261 4528 Nam
2290 4474 2333 4527 si
2369 4474 2545 4526 omnia
2585 4480 2709 4525 sunt
2749 4471 3071 4536 communia,
3120 4480 3174 4524 et
3216 4471 3352 4523 alter
3384 4471 3502 4539 plus
3546 4486 3705 4540 quam

2132 4568 2268 4620 alter
2289 4582 2391 4619 non
2412 4564 2590 4628 habet,
2617 4561 2879 4617 undenanl
2896 4556 3230 4631 arrogantia?
3247 4561 3498 4630 Ejusdem
3519 4578 3706 4617 sumus

2137 4668 2337 4711 llaturie
2360 4657 2665 4725 participes,
2697 4654 2889 4706 anima:
2915 4662 2969 4705 et
2995 4652 3236 4720 corporis
3257 4652 3524 4717 similiter,
3550 4668 3706 4706 eum.

2134 4748 2253 4801 dum
2285 4746 2550 4815 spiramus
2585 4759 2784 4802 acrem.
2819 4742 3006 4796 iisdem
3049 4742 3246 4795 utilnur
3271 4741 3577 4806 alimentis;
3611 4757 3708 4794 un-

2132 4840 2321 4893 dcnalu
2352 4835 2713 4891 insurrectio?
2743 4835 2811 4887 At
2834 4848 2990 4902 posse
3017 4842 3230 4901 propter
3254 4832 3501 4886 virtutem
3528 4834 3704 4886 incor-

2137 4942 2322 4996 poreas
2363 4939 2617 4995 sllperare
2658 4932 2965 4992 potestates,
3008 4921 3201 4974 sul'licit
3239 4920 3305 4974 ad
3353 4921 3705 4974 inducendam

2133 5016 2491 5086 arrogantiam
2523 5031 2536 5067 :
2568 5016 2673 5067 iulo
2713 5027 2843 5066 vero
2885 5026 2990 5065 non
3040 5010 3197 5064 fuerit
3241 5010 3342 5065 hoc
3378 5011 3707 5078 alrogantia.

2137 5110 2246 5179 Ego
2292 5117 2468 5161 autem
2511 5105 2699 5157 merito
2736 5103 2996 5157 adversus
3035 5102 3333 5156 daemonem
3381 5103 3612 5157 extollar
3654 5113 3710 5156 et

2133 5198 2286 5251 valde
2311 5197 2557 5250 cxtollor.
2600 5193 2729 5247 Vide
2756 5203 2932 5247 autem
2961 5190 3232 5261 quomodo
3267 5192 3461 5247 Paulus
3497 5207 3708 5262 quoque

2133 5290 2286 5344 valde
2314 5286 2674 5342 extollebatur
2698 5284 2952 5338 adversus
2972 5284 3292 5338 daemonem.
3318 5284 3541 5350 Quando
3564 5286 3705 5340 ellilu

2134 5396 2320 5451 magna
2368 5390 2421 5432 et
2461 5376 2790 5431 admirabilia
2833 5374 2901 5429 de
2937 5390 3004 5429 eo
3039 5374 3254 5430 dicebat
3296 5375 3529 5439 daemon,
3559 5377 3606 5429 ei
3647 5390 3710 5429 os

2133 5474 2415 5536 obstruxit,
2458 5487 2527 5527 ne
2568 5471 2876 5524 adulantem
2905 5468 3119 5537 quidem
3165 5467 3363 5523 ferens.
3410 5467 3539 5521 Nam
3585 5482 3706 5521 eum

2134 5565 2406 5629 ancillula,
2451 5580 2570 5634 qua:
2609 5561 2853 5631 Spiritum
2903 5559 3131 5614 habebat
3170 5558 3451 5629 Pythonis,
3481 5559 3707 5623 diceret,

2139 5655 2207 5709 lli
2234 5654 2456 5708 homines
2482 5661 2596 5706 sunt
2623 5652 2750 5706 servi
2782 5650 2873 5705 Dei
2898 5649 3105 5713 excelsi,
3134 5650 3221 5719 qni
3246 5649 3382 5703 vobis
3407 5650 3710 5703 anlluntiant

2134 5751 2264 5803 viam
2306 5748 2522 5801 veritatis
2549 5746 2683 5817 (Act.
2731 5747 2812 5799 ιϐ.
2858 5742 2965 5814 l7),
3001 5741 3154 5797 valde
3196 5741 3495 5812 increpans,
3537 5742 3703 5806 impu-
