4080 6218
403 322 476 374 77
1354 313 1418 368 IN
1458 312 1668 370 EPIST.
1712 316 1800 370 AD
1837 314 2076 373 EI‘IIES.
2116 318 2269 374 CAP.
2314 322 2397 376 IV.
2442 325 2649 381 IIOSIIL
2713 325 2778 381 Χ.
3494 388 3503 395 κ
3607 340 3669 392 7‘i

401 440 619 490 dentem
646 435 764 499 ejus
787 430 1049 486 obstruxit
1079 429 1334 499 linguam.
1358 429 1425 482 Et
1446 444 1632 483 rursus
1652 429 1777 483 alibi
1800 429 1988 483 scribit

400 528 608 587 dicens,
636 522 871 578 Comere!
899 520 1038 574 Deus
1064 530 1299 574 solanum
1324 518 1415 574 sub
1443 519 1655 587 pedibus
1690 521 1862 572 vestris
1889 519 1991 572 cito

404 618 580 689 (Rom.
618 617 707 671 16.
736 614 852 685 90).
884 613 1022 668 Num
1055 612 1179 668 [wit
1206 613 1404 682 aliquid
1437 622 1639 666 naturae
1669 611 1992 665 diversitas?

476 710 533 763 2.
564 708 730 763 Vides
750 706 889 775 quod
913 705 1046 759 nihil
1066 706 1186 759 facit
1211 704 1259 758 id
1278 705 1418 774 quod
1443 706 1664 759 interest
1683 705 1819 758 inter
1837 714 1992 757 natu-

407 817 514 863 ras,
531 800 622 853 sed
638 798 791 853 liberi
805 796 1013 850 arbitrii
1032 797 1272 849 voluntas
1289 798 1312 847 ?
1328 794 1463 851 Sunt
1483 796 1644 865 igitur
1662 796 1829 850 libero
1842 794 1987 848 arbi-

406 894 508 944 trio
531 890 740 960 pejores
754 886 1300 941 ontnibus.Adversus
1318 887 1559 956 angelum
1579 896 1774 949 autem,
1796 884 1985 953 inquit,

405 998 508 1036 non
534 982 754 1049 insurgo
784 996 798 1031 :
828 994 952 1033 nam
976 979 1115 1031 inter
1133 994 1216 1030 me
1238 986 1292 1031 et
1313 976 1463 1030 illum
1490 978 1713 1030 multum
1741 978 1983 1032 interest.

405 1072 564 1141 Atqui
592 1086 699 1125 non
729 1069 898 1123 debes
924 1069 1091 1137 magis
1117 1068 1377 1121 adversus
1405 1067 1676 1121 hominem
1711 1068 1988 1135 insurgere

401 1180 561 1234 quam
590 1162 851 1216 adversus
895 1160 1166 1230 angelum.
1202 1158 1333 1212 Nam
1366 1160 1585 1229 angelus
1612 1158 1826 1228 quidem
1866 1173 1895 1211 a
1936 1168 1986 1212 te
2023 1146 2044 1156 ’

399 1256 564 1308 distat
606 1264 819 1314 natura,
853 1250 997 1319 quod
1043 1250 1255 1319 quidem
1288 1264 1459 1318 neque
1497 1249 1614 1305 laus
1644 1249 1784 1303 illius
1828 1248 1987 1302 fuerit

401 1363 498 1400 nec
526 1347 713 1397 vitium
748 1361 762 1396 :
792 1344 955 1396 homo
981 1352 1155 1395 autem
1185 1341 1348 1395 distat
1379 1340 1448 1394 ab
1483 1340 1721 1404 homine,
1755 1354 1861 1393 non
1884 1340 1985 1393 uti-

400 1453 503 1507 que
534 1450 741 1496 natura,
775 1435 870 1489 sed
895 1435 1066 1488 libero
1093 1434 1314 1488 arbitrio
1337 1443 1391 1488 et
1424 1434 1585 1487 animi
1616 1432 1857 1487 instituto
1888 1449 1901 1486 :
1930 1442 1985 1486 et

400 1537 481 1579 est
508 1528 669 1579 etiam
712 1526 765 1579 in
809 1525 1115 1578 hominibus
1143 1524 1388 1593 angelus.
1435 1526 1609 1591 Quare
1649 1526 1692 1578 si
1728 1524 1983 1579 adversus

399 1618 621 1688 angelos
642 1632 749 1670 non
773 1616 1025 1685 insurgis,
1055 1615 1218 1669 multo
1241 1617 1416 1668 minus
1438 1615 1695 1669 adversus
1717 1614 1980 1681 homines,

399 1712 491 1779 qui
524 1710 575 1762 in
621 1709 721 1763 hac
752 1718 941 1762 natura
981 1707 1101 1761 facti
1139 1717 1263 1761 sunt
1309 1708 1502 1777 angeli.
1544 1706 1675 1760 Nam
1712 1709 1775 1770 si,
1809 1704 1900 1776 qui
1931 1707 1983 1760 in

401 1802 714 1856 hominibus
754 1811 835 1854 est
857 1800 1053 1853 virtute
1084 1798 1356 1867 pra-ditus,
1392 1796 1551 1852 fuerit
1581 1808 1637 1851 ut
1664 1798 1903 1866 angelus,
1937 1796 1984 1851 is

398 1904 487 1946 est
519 1903 573 1947 te
602 1892 770 1945 multo
796 1890 956 1958 major
979 1905 1137 1959 quam
1166 1888 1272 1942 ille.
1301 1886 1695 1955 Quamobrem?
1721 1887 1981 1955 Quoniam

403 1984 550 2051 quod
592 1983 683 2036 ille
723 1982 897 2035 habuit
930 1996 960 2033 a
1013 1990 1218 2042 natura,
1253 1979 1353 2033 hoc
1390 1978 1505 2047 ipse
1544 1988 1687 2032 recte
1723 1977 1886 2047 gessit
1914 1993 1978 2030 ex

402 2076 577 2129 libero
618 2073 838 2127 arbitrio
880 2083 934 2127 et
971 2072 1135 2127 animi
1175 2071 1415 2126 instituto
1444 2089 1457 2124 :
1490 2080 1544 2126 et
1582 2071 1722 2140 quod
1763 2071 1983 2139 angelus

398 2169 518 2219 loco
543 2166 759 2233 quidem
782 2165 899 2218 sita
924 2172 974 2219 te
999 2165 1313 2234 disjnnetns,
1339 2174 1391 2219 et
1415 2165 1602 2218 ca-lum
1632 2163 1863 2225 habitet;
1894 2162 1982 2217 hic

395 2268 575 2310 autem
608 2268 781 2311 tecum
810 2265 1066 2320 versatur,
1098 2266 1150 2311 et
1175 2255 1265 2307 dat
1306 2255 1399 2308 tibi
1445 2257 1778 2309 occasionem
1813 2268 1980 2306 armuo

398 2348 632 2402 latiunis.
666 2348 824 2415 Atqui
866 2347 952 2400 hic
996 2348 1155 2401 etiam
1187 2355 1269 2400 est
1299 2345 1466 2415 magis
1494 2345 1790 2414 disjunctus
1820 2360 1978 2414 quam

397 2441 507 2493 ille.
540 2438 733 2491 Nostra
759 2438 924 2497 enim.
957 2438 1148 2505 inquit,
1176 2438 1483 2491 conversatio
1504 2438 1650 2490 estin
1672 2437 1808 2491 caelis
1834 2436 1983 2503 (Plii-

397 2534 521 2599 lipp.
573 2531 629 2584 5.
673 2528 790 2601 20).
830 2528 981 2596 Quod
1019 2536 1194 2582 autem
1228 2528 1312 2582 hic
1342 2528 1409 2583 sit
1452 2528 1618 2596 magis
1661 2527 1976 2597 disjunctus,

396 2622 517 2673 andi
546 2619 761 2674 ubinam
801 2620 983 2674 sedeat
1012 2619 1129 2689 ejus
1155 2629 1333 2686 caput,
1368 2634 1558 2687 nempe
1585 2616 1637 2673 in
1669 2619 1863 2673 throno
1889 2636 1978 2674 re-

396 2711 501 2781 gali
534 2731 546 2763 :
580 2726 687 2778 quo
718 2719 801 2764 est
830 2721 1006 2764 autem
1037 2724 1066 2763 a
1097 2710 1251 2765 nobis
1279 2710 1502 2763 thronus
1533 2710 1807 2773 remotior,
1833 2718 1980 2763 tanto

397 2810 479 2856 est
510 2802 596 2855 hic
616 2784 848 2870 quoque.
878 2802 982 2855 Sed
1012 2800 1187 2860 video,
1214 2799 1404 2870 inquit,
1429 2814 1552 2853 eum
1580 2799 1781 2854 honore
1810 2800 1980 2853 fruen-

398 2902 529 2955 tem,
570 2902 624 2945 et
665 2906 885 2945 moveor
937 2890 1295 2944 aemulatione.
1339 2890 1451 2945 lloc
1496 2899 1579 2945 est
1621 2891 1760 2959 quod
1800 2890 1977 2944 omnia

400 2997 612 3036 rursum
637 2990 689 3035 et
708 2980 956 3035 deorsum
982 2980 1165 3051 agitat,
1186 2991 1241 3035 et
1266 2996 1369 3034 non
1398 2982 1566 3035 solum
1594 2982 1776 3037 orbem
1801 2992 1977 3048 terrm,

398 3072 495 3127 sed
526 3075 683 3127 etiam
717 3072 1011 3126 Ecclesium
1044 3070 1519 3127 innumerabilibus
1557 3073 1743 3141 implet
1780 3073 1979 3127 tumul-

400 3168 540 3220 tibus
574 3184 587 3218 :
622 3175 677 3220 et
714 3166 854 3219 sicut
896 3164 988 3235 qui
1038 3165 1089 3217 in
1138 3164 1481 3234 tranquillum
1516 3174 1725 3233 portum
1764 3166 1890 3219 saevi
1926 3176 1982 3221 et

398 3258 748 3311 vehementes
777 3256 921 3310 venti
952 3271 1017 3310 ex
1047 3255 1274 3310 adverso
1305 3256 1576 3320 irruerint,
1604 3271 1724 3310 eum
1753 3257 1981 3311 reddunt

401 3348 839 3417 periculosiorem
882 3363 1041 3417 quam
1084 3347 1286 3416 qumvis
1331 3360 1490 3416 rupes
1528 3355 1582 3402 et
1616 3348 1839 3417 quodvis
1874 3351 1981 3404 fre-

400 3447 508 3491 tum
540 3454 553 3489 :
588 3441 654 3490 ita
689 3436 736 3490 si
784 3438 1037 3491 invaserit
1070 3452 1223 3490 amor
1261 3436 1462 3507 gloriae.
1494 3438 1671 3492 omnia
1709 3440 1901 3493 evertit
1929 3450 1984 3495 et

397 3528 694 3582 confundit.
758 3528 1078 3583 Interfuistis
1128 3542 1272 3596 saepe
1331 3543 1645 3597 magnorum
1698 3528 1978 3584 domorqu

397 3619 839 3688 conﬂagrationi;
882 3618 1088 3673 vidistis
1119 3618 1387 3687 quomodo
1426 3619 1477 3673 in
1512 3620 1701 3673 caelum
1730 3621 1981 3675 ascendat

396 3712 598 3777 fumus,
646 3723 701 3766 et
744 3712 955 3768 nemine
991 3711 1281 3768 accedente
1309 3712 1375 3767 ad
1406 3713 1604 3767 malum
1643 3715 1983 3783 exstinguen-

399 3803 552 3865 dum,
580 3803 671 3857 sed
702 3818 1021 3873 unoquoque
1048 3803 1188 3872 quod
1214 3819 1366 3857 suum
1398 3813 1478 3857 est
1507 3812 1803 3872 spectante,
1847 3805 1982 3874 ignis

400 3897 583 3965 quiete
608 3897 787 3950 omnia
815 3894 1123 3965 depascitur
1154 3912 1169 3950 :
1198 3904 1252 3950 et
1281 3912 1423 3965 smpe
1458 3897 1670 3965 quidem
1711 3896 1762 3951 in
1798 3898 1980 3953 orbem

400 3989 747 4044 circumsistit
776 3999 883 4044 leta
925 3990 1132 4052 civitas,
1180 3990 1583 4043 circumsistunt
1626 3990 1780 4044 multi
1812 3989 1981 4046 malo-

402 4094 518 4134 rum
546 4086 895 4149 spectatores,
930 4093 1033 4133 non
1061 4077 1127 4133 ad
1156 4094 1313 4149 opem
1341 4078 1613 4135 ferendam
1640 4081 1769 4135 socii
1804 4090 1859 4137 et
1882 4081 1980 4137 ad-

394 4171 602 4238 jutores
632 4186 646 4222 :
673 4179 730 4224 et
771 4170 895 4223 licet
940 4168 1124 4224 videre
1168 4182 1357 4224 omnes
1404 4170 1812 4226 circumstantes
1850 4173 1980 4227 nihil

400 4266 597 4329 facere,
626 4260 721 4316 sed
744 4275 1175 4331 unumquemque
1199 4272 1385 4318 eorum
1417 4276 1632 4318 manum
1668 4264 1978 4331 extendere,

396 4363 450 4408 et
478 4355 529 4409 ei
568 4352 659 4423 qui
694 4366 886 4407 recens
914 4351 981 4406 ad
1011 4351 1187 4406 locum
1217 4352 1425 4407 venerit
1462 4353 1745 4410 ostendere
1773 4366 1862 4410 aut
1886 4372 1982 4426 per

398 4443 686 4497 fenestram
714 4441 929 4497 assidue
957 4442 1288 4496 cxsilientem
1317 4439 1641 4512 lampadem,
1673 4453 1765 4499 aut
1803 4446 1980 4501 trabes

394 4551 510 4605 ψη»
535 4532 881 4604 dejiciuntur,
912 4542 1005 4588 aut
1033 4533 1297 4601 integrum
1333 4548 1521 4589 eorum
1553 4550 1671 4605 qua:
1700 4536 1843 4591 aedes
1871 4536 1977 4591 ful-

392 4631 539 4683 ciunt
566 4640 625 4683 et
666 4637 971 4684 sustentant
1010 4628 1271 4683 ambitum
1314 4628 1581 4694 avulsum,
1614 4636 1668 4682 et
1697 4628 1749 4682 in
1783 4638 1977 4684 terram

392 4731 657 4776 ruentem.
710 4718 848 4776 Sunt
893 4727 1071 4774 autem
1122 4719 1284 4773 etiam
1338 4718 1491 4773 multi
1542 4716 1772 4774 audaces
1813 4728 1865 4774 et
1910 4721 1977 4776 ad

388 4813 636 4869 adeunda
666 4812 897 4883 pericula
928 4811 1249 4881 praecipites,
1273 4811 1360 4882 qui
1382 4809 1581 4865 audent
1598 4826 1764 4882 prope
1787 4812 1979 4867 arden-

390 4908 456 4962 tia
483 4905 711 4961 zedificia
742 4906 1019 4971 accedere,
1052 4918 1158 4958 non
1187 4913 1247 4959 ut
1273 4905 1351 4959 eis
1380 4918 1596 4958 manum
1626 4905 1899 4974 porrigant
1923 4914 1978 4960 et

387 5001 585 5055 malum
629 4999 992 5069 exstinguant,
1034 4998 1129 5053 sed
1171 5006 1227 5053 ut
1268 4997 1339 5052 sit
1374 4996 1664 5067 jucundius
1693 5008 1974 5068 spectacu-

386 5094 520 5157 lum,
547 5108 615 5147 ex
644 5108 710 5147 eo
736 5089 873 5161 quod
903 5090 1001 5159 ipsi
1025 5090 1231 5160 possint
1260 5090 1435 5143 omnia
1460 5105 1625 5159 prope
1651 5089 1970 5159 conspicari,

389 5202 509 5253 qua!
533 5200 672 5254 sarpe
717 5185 888 5240 latent
925 5199 1018 5238 eos
1060 5184 1150 5254 qui
1191 5189 1316 5239 sunt
1356 5182 1505 5237 foris.
1537 5183 1687 5249 Quod
1725 5183 1770 5237 si
1810 5183 1969 5238 etiam
1998 5172 2035 5186 ’

387 5277 551 5330 fuerit
577 5276 848 5345 splendida
878 5284 932 5330 et
961 5290 1149 5345 magna
1188 5274 1398 5340 donms,
1429 5272 1788 5327 miserandum
1820 5272 1970 5329 vide-

384 5378 471 5421 tur
637 5366 1004 5437 spectaculum
1034 5374 1087 5419 et
1114 5363 1327 5434 dignum
1367 5364 1548 5420 multis
1588 5366 1858 5436 laerymis.
1904 5368 1971 5422 Et

378 5477 437 5514 re
462 5475 587 5512 vera
619 5461 743 5513 licet
765 5458 949 5513 videre
970 5457 1331 5526 spectaculum
1355 5457 1741 5523 miserandum,
1767 5456 1969 5513 colum-

378 5565 569 5603 narum
596 5549 772 5617 capita
801 5550 855 5601 in
882 5548 1155 5616 pulverem
1182 5547 1416 5612 redacta,
1449 5548 1645 5603 multas
1666 5564 1878 5620 quoque
1903 5568 1966 5605 ex

375 5643 454 5693 eis
485 5640 802 5708 perfractas,
834 5638 963 5691 alias
990 5637 1223 5708 quidem,
1269 5638 1389 5707 igne
1428 5638 1478 5692 id
1521 5638 1802 5704 efficiente,
1835 5641 1967 5695 alias

375 5750 505 5785 vero
534 5747 677 5800 sa'pc
704 5731 1034 5785 tradentibus
1065 5731 1308 5787 manibus
1338 5747 1523 5787 eorum
1553 5733 1643 5802 qui
1671 5733 1810 5804 ipsas
1837 5736 1963 5790 tudio

2098 432 2346 503 ficarunt,
2390 450 2456 492 ne
2494 440 2598 508 igni
2632 441 2931 509 praeberent
2962 442 3081 510 plus
3108 443 3365 498 alimenti.
3406 446 3547 504 Licet
3576 466 3669 506 an-

2100 534 2203 577 tem
2232 527 2389 580 etiam
2418 529 2600 583 videre
2624 530 2879 600 imagines
2906 548 3023 602 quze
3051 542 3307 589 steterant
3336 552 3454 591 cum
3479 555 3670 610 magno

2095 627 2410 672 ornamento
2455 620 2579 674 tecti
2629 621 2879 690 impositi,
2919 624 3157 679 detectas
3203 634 3342 680 tecto
3378 628 3572 695 ablato,
3617 642 3672 687 ct

2095 714 2300 762 stantes
2328 709 2429 762 sub
2457 710 2545 763 dio
2574 724 2692 766 cum
2723 727 2909 783 niagna
2938 715 3293 770 deformitate.
3327 719 3457 786 Quis
3484 736 3670 775 recen-

2093 798 2260 851 suerit
2286 799 2495 853 divitias
2523 816 2642 871 qua:
2677 814 2830 857 erant
2860 805 2999 859 intus
3039 810 3285 876 reposita:
3320 826 3335 865 :
3373 821 3546 865 vestes
3571 828 3671 865 att-

2094 904 2243 954 reas,
2302 906 2423 945 vasa
2472 897 2763 963 argentea?
2813 898 2876 951 Et
2922 914 3029 967 quo
3078 915 3213 952 unus
3271 902 3669 972 ingrediebatur

2090 979 2339 1035 dominus
2376 998 2497 1037 cum
2533 1000 2626 1039 sua
2669 987 2912 1057 conjuge,
2946 989 3035 1042 ubi
3085 992 3367 1045 multarum
3416 994 3665 1059 vestium,

2090 1083 2386 1125 aromatum
2427 1084 2481 1127 et
2520 1077 2869 1144 pretiosarum
2896 1092 3225 1147 gemmarum
3262 1097 3513 1138 arcanum
3553 1095 3667 1139 erat

2092 1163 2466 1231 repositorium
2498 1184 2511 1218 :
2544 1167 2721 1220 omnia
2755 1184 2859 1220 uno
2898 1185 3027 1239 rogo
3066 1186 3292 1226 accenso
3333 1175 3579 1229 viderunt
3616 1185 3667 1230 ‹·ι

2091 1250 2426 1307 balneatores
2457 1267 2507 1309 et
2538 1260 2840 1312 stercorarii
2873 1270 2922 1313 cl
2955 1260 3176 1331 fugitivi,
3224 1272 3278 1316 et
3318 1278 3503 1318 einiies
3544 1267 3665 1319 reli-

2090 1342 2216 1410 qui;
2241 1353 2295 1396 et
2314 1360 2431 1413 qua:
2458 1357 2610 1400 erant
2635 1348 2797 1413 intus,
2828 1362 2977 1404 erant
3006 1353 3183 1404 otnnia
3210 1369 3343 1423 aqua
3371 1366 3425 1409 et
3454 1355 3589 1425 ignis
3614 1368 3668 1410 et

2092 1434 2260 1489 lutum
2305 1450 2359 1492 et
2407 1440 2581 1507 pulvis
2627 1452 2683 1495 et
2729 1441 2868 1510 ligna
2911 1444 3297 1498 semiustulata.
3343 1445 3447 1499 Cur
3490 1457 3665 1500 autem

2092 1527 2230 1583 hanc
2275 1530 2558 1600 imaginem
2599 1533 2813 1589 extendi
2859 1533 3069 1589 fusius?
3114 1534 3229 1589 Non
3269 1538 3455 1592 volens
3496 1538 3666 1591 solum

2090 1618 2281 1672 domus
2302 1620 2607 1676 describere
2634 1624 2934 1678 incendium
2960 1643 2973 1687 ;
2998 1626 3121 1694 quid
3144 1627 3287 1680 enim
3314 1637 3395 1680 est
3416 1627 3516 1682 hoc
3537 1628 3665 1681 mihi

2090 1725 2232 1763 cura:
2255 1711 2278 1762 ?
2306 1711 2397 1764 sed
2425 1712 2609 1766 volens
2635 1713 2805 1767 oculis
2827 1716 3015 1768 vestris
3044 1716 3327 1785 subjicere,
3351 1719 3523 1787 quead
3552 1719 3668 1787 ejus

2091 1800 2207 1855 fieri
2240 1811 2431 1870 potest,
2477 1804 2610 1856 mala
2651 1803 2922 1858 Ecclesia.
2953 1804 3034 1859 lie
3063 1820 3186 1859 vera
3218 1806 3359 1859 enim
3397 1816 3665 1875 tamquam

2090 1890 2394 1946 incendium
2424 1904 2513 1946 aut
2550 1894 2748 1947 fulmen
2776 1894 2987 1964 aliquod
3029 1895 3097 1947 ab
3122 1897 3230 1950 alto
3263 1898 3480 1962 cadens,
3515 1900 3666 1952 irruit

2090 1983 2142 2036 in
2174 1983 2347 2052 ipsum
2377 1993 2572 2037 tectum
2618 1985 2882 2049 licclesiie,
2919 1997 2970 2039 et
3000 1988 3263 2041 nemiuem
3304 1989 3532 2053 excitat;
3571 1991 3663 2043 sed

2087 2074 2247 2129 domo
2273 2085 2495 2143 paterna
2517 2076 2759 2137 ardente,
2783 2077 3097 2144 profundum
3118 2078 3396 2145 quemdam
3420 2096 3663 2133 somnum

2087 2174 2141 2220 et
2169 2165 2301 2219 nihil
2329 2166 2646 2219 sentientem
2674 2166 2988 2219 dormimus.
3018 2167 3187 2233 Quem
3216 2168 3358 2221 enim
3401 2186 3503 2221 non
3540 2172 3661 2223 leti-

2085 2257 2161 2326 git
2190 2256 2274 2311 hic
2303 2258 2472 2326 ignis?
2501 2274 2631 2327 quas
2662 2275 2765 2311 non
2800 2258 3057 2326 imagines
3086 2278 3203 2328 qua:
3233 2270 3373 2313 stant
3405 2262 3455 2314 in
3489 2263 3674 2317 [ῖοιτιρ-

2085 2350 2207 2402 sia?
2234 2350 2471 2403 Ecclesia
2498 2351 2639 2403 enim
2669 2350 2799 2404 nihil
2826 2362 2908 2405 est
2934 2352 3075 2405 aliud
3100 2366 3256 2422 quant
3284 2355 3474 2407 domus
3500 2356 3663 2407 a-dili-

2085 2452 2201 2495 cata
2245 2457 2339 2511 per
2370 2454 2577 2497 nostras
2607 2444 2830 2497 animas.
2861 2444 2983 2497 llaec
3014 2456 3189 2498 autem
3222 2446 3411 2500 domus
3449 2463 3551 2501 non
3582 2459 3660 2501 est

2086 2542 2193 2585 tota
2223 2548 2317 2600 par
2347 2532 2569 2595 honore,
2594 2533 2688 2586 sed
2714 2549 2777 2588 ex
2804 2534 3065 2602 lapidibus
3089 2536 3321 2604 quidem,
3349 2539 3435 2606 qui
3460 2539 3523 2592 ad
3549 2539 3662 2608 ejus

2083 2624 2499 2677 exstructionem
2527 2625 2823 2687 conferunt,
2854 2624 2941 2677 alii
2974 2635 3094 2678 sunt
3124 2628 3385 2694 splendidi
3411 2639 3464 2682 et
3486 2630 3661 2691 nitidi,

2084 2716 2172 2769 alii
2196 2731 2322 2769 vero
2350 2717 2451 2768 illis
2482 2717 2756 2769 inferiores
2778 2726 2831 2770 et
2852 2716 3211 2783 obscuriores,
3235 2720 3327 2771 sed
3360 2722 3526 2773 multo
3553 2738 3665 2773 mr-

2085 2804 2248 2858 liores
2277 2807 2415 2859 aliis.
2450 2805 2542 2859 Est
2572 2814 2746 2859 autem
2779 2822 2842 2859 ex
2881 2806 2983 2859 illis
3012 2806 3193 2860 videre
3232 2808 3317 2861 hic
3350 2810 3542 2863 multos
3570 2811 3661 2879 qui

2083 2898 2197 2952 auri
2227 2898 2398 2951 locum
2424 2908 2622 2959 tenent,
2646 2898 2782 2962 auri,
2809 2900 3041 2968 inquam,
3070 2899 3209 2969 quod
3242 2915 3394 2953 ornat
3424 2912 3617 2955 tecttnn
3643 2920 3657 2956 :

2085 2999 2168 3044 est
2214 2990 2373 3043 etiam
2418 2990 2601 3043 videre
2649 2990 2805 3053 alios,
2854 2991 2943 3060 qui
2989 3002 3357 3047 ornamentum
3408 2994 3663 3048 exhibent

2083 3081 2224 3151 quod
2252 3082 2459 3135 exsistit
2489 3098 2552 3135 ex
2587 3083 2903 3150 imaginibus
2934 3099 2947 3133 :
2982 3083 3178 3135 multos
3205 3084 3327 3137 licet
3358 3084 3538 3138 videre
3568 3085 3660 3153 qui

2084 3182 2225 3227 stant
2258 3184 2522 3242 tamquam
2546 3174 2823 3227 columnag.
2860 3174 3046 3227 Solent
3069 3175 3209 3228 enim
3233 3174 3391 3228 etiam
3418 3177 3662 3232 homines

2084 3266 2342 3335 appellari
2367 3267 2650 3329 columnae,
2683 3283 2798 3334 qua:
2822 3283 2924 3318 non
2950 3268 3122 3319 solum
3148 3270 3361 3330 virtute,
3385 3273 3475 3322 sed
3499 3273 3659 3323 etiam

2088 3358 2480 3429 pulchritudine
2526 3358 2747 3410 multtnn
2799 3356 3036 3425 pratbent
3078 3359 3396 3422 ornamenti,
3448 3369 3501 3413 et
3544 3376 3660 3429 qua:

2084 3460 2265 3502 aurata
2300 3447 2495 3501 habent
2529 3447 2721 3515 capita.
2762 3448 2951 3502 Videre
2992 3449 3116 3502 Ιὶευῑ
3163 3451 3321 3503 etiam
3362 3450 3659 3503 multitudi-

2088 3559 2229 3605 nem,
2266 3551 2532 3609 tamquam
2582 3540 2685 3592 late
2725 3548 2910 3608 patens
2946 3541 3173 3608 Spatium
3222 3551 3276 3595 et
3326 3541 3657 3595 latitudinem

2085 3631 2376 3686 ambituum
2407 3637 2752 3697 occupantem
2785 3646 2798 3681 :
2828 3628 3107 3683 multitudo
3133 3630 3275 3683 enim
3308 3638 3451 3684 tenet
3484 3632 3658 3684 locum

2087 3721 2317 3793 lapidum
2341 3719 2428 3788 qui
2451 3718 2717 3773 (edificant
2742 3718 2992 3787 parietes.

2157 3812 2209 3866 ’5.
2263 3810 2443 3864 Inanis
2494 3809 2655 3879 gloria
2701 3818 2962 3878 tyrannus.
3000 3838 3071 3847 —
3114 3808 3193 3862 Ad
3242 3809 3657 3879 splendidiorem

2087 3903 2368 3973 imaginem
2394 3901 2501 3969 jam
2534 3900 2851 3954 veniendum
2882 3908 2982 3953 cst.
3013 3899 3136 3953 llaec
3164 3899 3402 3955 Ecclesia
3432 3914 3509 3955 est
3534 3903 3662 3955 tedi-

2073 3979 2238 4047 licata
2270 4008 2373 4046 non
2400 4006 2465 4045 ex
2495 3991 2575 4044 his
2604 3989 2885 4057 lapidibus,
2915 3990 3008 4043 sed
3035 4005 3097 4044 ex
3125 4006 3255 4043 auro
3284 4001 3335 4043 et
3365 4000 3583 4060 argento
3606 4002 3657 4046 et

2087 4083 2349 4153 lapidibus
2394 4081 2662 4149 pretiosis,
2703 4090 2755 4135 et
2784 4080 3003 4133 llttliltlltl
3056 4080 3171 4133 auri
3216 4092 3293 4134 est
3340 4081 3531 4149 ubique
3581 4082 3663 4134 di-

2085 4188 2347 4245 sperSnm.
2381 4170 2483 4225 Sed
2533 4170 2663 4240 proh
2696 4170 2885 4224 dolor!
2920 4170 3032 4222 haec
3060 4170 3202 4223 enim
3247 4171 3421 4222 tuniiia
3453 4173 3661 4225 exussit

2089 4266 2326 4337 tyrannis
2352 4264 2522 4316 inanis
2551 4262 2757 4331 gloriae,
2783 4262 2959 4315 omnia
2991 4260 3226 4314 exedens
3265 4263 3377 4316 hare
3409 4263 3617 4315 flmuina
3642 4306 3656 4327 ,

2086 4366 2142 4411 ct
2189 4370 2345 4410 nemo
2388 4368 2504 4407 eam
2552 4367 2666 4406 rem
2705 4351 3007 4420 superavit;
3051 4350 3145 4404 sed
3196 4353 3396 4405 scimus
3440 4354 3653 4422 quidem

2086 4446 2350 4500 ﬂammam
2382 4441 2735 4507 admirantes,
2776 4440 2969 4493 malum
2998 4450 3174 4494 autem
3205 4441 3438 4495 nondum
3479 4445 3657 4497 valen-

2087 4547 2165 4591 tes
2195 4535 2551 4603 exsdnguere.
2595 4530 2746 4598 Quod
2783 4530 2827 4587 si
2856 4531 3013 4585 etiam
3044 4531 3110 4584 ab
3137 4530 3297 4586 breve
3324 4543 3529 4602 tempus
3557 4552 3654 4589 cx-

2083 4629 2427 4684 stinxerimus
2446 4667 2460 4691 ,
2511 4633 2629 4695 post
2658 4624 2791 4679 duos
2818 4634 2910 4678 aut
2938 4636 3046 4680 tres
3073 4625 3188 4680 dies
3211 4668 3227 4691 ,
3274 4635 3542 4697 tamquam
3590 4647 3655 4684 ex

2083 4723 2311 4793 quodam
2334 4719 2515 4773 cinere
2534 4716 2841 4772 accenditur
2860 4714 3083 4771 scintilla
3104 4733 3221 4786 quae
3244 4720 3437 4773 evertit
3457 4722 3656 4786 omnia,

2083 4824 2135 4869 et
2163 4829 2224 4868 ea
2253 4811 2377 4866 facit
2403 4825 2522 4880 qua:
2559 4823 2663 4863 non
2692 4809 2856 4878 prius.
2900 4807 2989 4863 Sic
3017 4809 3175 4863 etiam
3207 4808 3291 4863 hic
3319 4811 3376 4863 fit
3407 4829 3420 4864 :
3449 4828 3569 4865 nam
3605 4814 3654 4866 iu

2082 4904 2327 4962 incendio
2347 4914 2557 4975 quoque
2581 4901 2716 4955 solet
2739 4900 2840 4954 hoc
2865 4900 3124 4956 accidere.
3152 4898 3322 4955 Causa
3349 4909 3525 4955 autem
3552 4912 3653 4967 est,

2081 4999 2202 5071 quia
2232 4998 2463 5067 ipsarum
2499 4992 2749 5047 Ecclesia:
2774 4993 3138 5046 columnarum
3169 4992 3525 5046 sustentacula
3556 5008 3653 5046 nos

2080 5090 2396 5159 ell‘ngerunt,
2433 5100 2550 5155 quae
2597 5093 2789 5138 tectum
2828 5083 3177 5146 sustinebant,
3215 5093 3267 5137 et
3300 5083 3442 5150 prius
3483 5084 3655 5136 conti-

2081 5187 2279 5242 nebant
2322 5192 2489 5235 totum
2546 5178 2863 5244 mdificium,
2895 5188 2948 5231 et
2994 5177 3115 5245 igne
3160 5175 3644 5231 circunnledi-rmit.

2079 5281 2365 5346 Propterea
2392 5272 2456 5326 ad
2488 5279 2714 5324 ca-teros
2737 5283 2947 5336 queque
2978 5267 3204 5334 parietes
3234 5265 3528 5347 facilisfuit
3556 5283 3648 5321 cx-

2076 5368 2274 5425 cursio.
2306 5364 2438 5419 Nam
2467 5363 2517 5415 in
2548 5359 2787 5414 mdificiis
2815 5355 3026 5426 quando
3054 5356 3188 5423 ligna
3221 5354 3432 5424 quidem
3461 5376 3655 5428 appro.

2080 5458 2343 5515 henderit,
2384 5453 2549 5521 magis
2586 5457 2823 5504 armatur
2860 5446 3119 5498 adversus
3159 5445 3362 5514 lapides
3395 5466 3406 5499 :
3437 5450 3652 5519 quando

2076 5560 2254 5604 autem
2293 5544 2566 5599 columnas
2618 5535 3042 5609 pessumdedvrit
3086 5543 3139 5587 et
3186 5537 3329 5591 lnnni
3376 5538 3651 5607 deiecerit.

2077 5658 2180 5696 non
2210 5637 2436 5706 amplius
2464 5650 2597 5704 epus
2640 5631 2798 5684 habet
2827 5629 3037 5683 ﬂamma
3081 5638 3136 5683 ut
3165 5640 3356 5684 cratera
3382 5631 3648 5687 conficiat.

2077 5733 2204 5788 Nam
2249 5746 2367 5784 cum
2400 5743 2457 5780 ca
2499 5724 2742 5779 decidunt
2780 5737 2894 5791 quae
2939 5721 3211 5792 superiora
3258 5732 3555 5778 sustentant
3602 5737 3651 5779 et
