4080 6218
420 278 486 329 79
1162 268 1216 323 S.
1260 265 1535 322 JOANNIS
1568 262 2040 323 CIIRYSOSTOMI
2075 264 2386 321 ARCHIEP.
2429 268 2958 327 CONSTANTINOP.
3607 278 3675 334 80

418 392 663 454 fulciunt,
687 390 780 445 illa
810 402 1021 458 quoque
1048 402 1111 440 ea
1142 395 1435 455 sequuntur
1460 397 1580 437 cum
1611 395 1801 451 magna
1829 379 1996 435 facili-

421 494 547 538 tate.
590 481 665 536 Ita
691 480 850 535 etiam
883 493 1022 533 nunc
1052 476 1295 531 usuvenit
1322 492 1371 528 m
1396 474 1637 530 Ecclesia
1668 490 1682 527 :
1712 473 1846 543 ignis
1875 487 1993 525 oni-

419 575 503 628 uia
535 571 916 642 apprehendit;
963 570 1194 624 honores
1233 568 1520 637 qnmritnus
1548 567 1616 622 ab
1651 566 1991 633 hominibus,

416 676 471 718 et
506 678 690 718 amore
737 663 918 733 gloria:
956 659 1300 715 accendimur
1332 676 1344 709 :
1388 673 1486 712 nec
1514 658 1760 713 audimus
1797 658 1989 714 Jobum

418 758 684 812 dicentem
718 774 729 808 :
763 755 824 809 Si
853 770 965 806 cum
997 754 1302 821 peccauerim
1331 752 1699 819 involuntarie,
1736 763 1994 807 auersatus

415 866 531 902 sum
573 847 944 901 multitudinem
986 844 1106 914 (Job
1144 845 1233 897 51.
1408 842 1592 898 Vidisti
1622 844 1852 899 animam
1882 845 1995 898 vir-

425 948 535 993 tute
560 935 874 1005 pra-ditant?
917 933 1028 989 Non
1073 950 1159 989 me
1202 934 1405 1002 puduit,
1446 933 1637 1004 inquit,
1668 951 1851 991 coram
1876 939 1995 993 uni-

418 1043 571 1082 versa
599 1025 936 1080 multitudine
960 1025 1139 1081 dicere
1160 1026 1453 1080 voluntaria
1476 1037 1712 1097 peccata.
1736 1029 1793 1085 Si
1813 1040 1993 1087 autem

415 1121 562 1175 illum
593 1136 696 1175 non
730 1119 935 1189 puduit,
961 1121 1129 1173 multo
1153 1120 1322 1188 magis
1348 1135 1445 1173 nos
1470 1129 1743 1190 oporteret
1772 1122 1872 1177 hoc
1910 1123 1990 1177 fa-

413 1226 554 1265 cere.
588 1209 708 1274 Dic,
744 1211 933 1279 inquit,
967 1211 1108 1280 prior
1132 1211 1422 1281 iniquitates
1451 1221 1596 1277 tuas,
1622 1223 1676 1265 ut
1693 1213 1993 1281 justiﬁceris

415 1301 584 1372 (Isai.
617 1302 705 1356 45.
739 1300 870 1371 26).
900 1300 1083 1371 Magna
1114 1303 1210 1357 fuit
1250 1301 1407 1370 hujus
1446 1302 1569 1356 mali
1612 1305 1943 1359 vehementia
1972 1323 1987 1359 :

415 1396 590 1448 omnia
619 1403 741 1447 sunt
768 1409 953 1449 eversa
995 1403 1051 1448 et
1077 1395 1272 1451 deleta.
1306 1395 1538 1451 llonoris
1565 1399 1705 1452 servi
1746 1397 1865 1453 lacti
1897 1414 1989 1453 su-

415 1500 534 1539 mus
563 1487 671 1540 Deo
696 1485 920 1541 dimisso
954 1504 966 1539 :
1002 1503 1105 1541 non
1141 1490 1370 1557 amplius
1400 1505 1685 1559 possmuns
1714 1492 1992 1562 increpare

411 1599 506 1638 eos
550 1584 637 1653 qui
679 1601 709 1638 a
755 1585 907 1638 nobis
949 1593 1239 1652 reguntur,
1268 1598 1390 1637 cum
1427 1583 1524 1652 ipsi
1556 1600 1771 1656 quoque
1798 1587 1985 1643 eadem

414 1675 561 1729 febre
587 1684 896 1728 teneamur:
925 1683 978 1727 et
1007 1674 1103 1741 ipsi
1134 1688 1352 1742 egemus
1380 1675 1663 1739 medicina,
1694 1693 1828 1746 quos
1852 1681 1991 1737 Deus

415 1766 590 1833 posuit
631 1774 688 1819 ut
727 1765 844 1818 aliis
874 1764 1233 1818 moderemur.
1265 1765 1520 1829 Qumnant
1549 1778 1726 1822 autem
1750 1769 1858 1839 jam
1902 1788 1988 1826 re-

411 1864 515 1908 stat
538 1870 659 1925 spes
687 1855 908 1919 salutis,
950 1870 1072 1909 cum
1114 1855 1148 1908 ii
1191 1855 1290 1924 ipsi
1323 1857 1411 1925 qui
1444 1858 1726 1913 medentur
1764 1861 1988 1917 aliorum

413 1961 568 2000 manu
618 1946 892 2016 indigent?
923 1946 1048 2000 Haec
1081 1962 1185 2000 non
1231 1947 1326 2001 abs
1374 1963 1434 2002 re
1476 1949 1615 2014 dixi,
1660 1967 1759 2005 nec
1790 1962 1990 2011 temere

410 2052 742 2107 conqueror,
780 2037 874 2091 sed
905 2046 960 2090 ut
989 2051 1176 2090 omnes
1201 2039 1556 2093 communiter
1583 2056 1703 2094 cum
1737 2045 1992 2100 uxoribus

410 2139 464 2182 et
489 2130 610 2182 liliis
630 2171 645 2194 ,
679 2131 861 2182 cinere
885 2128 1091 2196 aspersi
1120 2138 1173 2183 et
1197 2144 1355 2182 sacco
1386 2130 1552 2184 induti
1576 2172 1589 2195 ,
1618 2132 1875 2202 jejunium
1907 2138 1989 2192 in-

411 2222 709 2284 tendamus,
742 2221 904 2274 Deum
934 2235 1184 2287 rogemus
1214 2228 1270 2274 ut
1299 2236 1512 2275 manum
1541 2224 1693 2279 nobis
1719 2227 1986 2294 prtebeat,

410 2321 465 2366 et
492 2312 689 2364 malum
720 2310 1045 2378 exstinguat.
1094 2310 1238 2365 lllius
1279 2311 1420 2365 enim
1451 2328 1607 2367 manu
1650 2331 1709 2370 re
1740 2333 1862 2372 vera
1908 2330 1991 2374 est

410 2418 565 2473 opus,
592 2419 711 2471 qua:
740 2412 823 2456 est
855 2417 1042 2470 magna
1069 2413 1123 2456 et
1151 2402 1502 2459 admirabilis.
1535 2407 1731 2476 Majora
1762 2425 1792 2464 a
1836 2412 1989 2468 nobis

413 2493 524 2546 fieri
567 2500 780 2562 oportet
825 2508 982 2562 quam
1026 2508 1145 2562 qua:
1189 2493 1431 2549 fecerunt
1479 2496 1725 2553 Ninivitte
1761 2519 1773 2552 :
1805 2501 1988 2556 Adhuc

407 2593 527 2648 tres,
559 2582 744 2651 inquit,
772 2584 898 2644 dies,
928 2591 973 2635 et
1003 2581 1190 2635 Ninive
1220 2593 1464 2637 evertetur
1495 2585 1637 2656 (Jan.
1668 2591 1720 2643 5.
1750 2591 1831 2659 4).
1857 2591 1987 2647 Ter-

414 2675 584 2729 ribilis
628 2674 932 2744 praedicatio
980 2683 1035 2728 et
1081 2677 1259 2730 multis
1298 2678 1456 2747 plena
1494 2681 1671 2737 minis.
1708 2685 1987 2750 Quomodo

409 2766 550 2820 enim
595 2781 698 2819 non
745 2765 929 2819 fuisset
964 2767 1307 2831 horrendum,
1344 2779 1465 2837 post
1500 2779 1609 2824 tres
1638 2773 1753 2828 dies
1785 2790 1985 2845 exspe-

409 2867 555 2910 ctare
604 2857 788 2910 urbem
842 2856 1043 2924 sibiipsi
1089 2857 1201 2911 lore
1240 2860 1581 2928 sepulcrum,
1627 2873 1682 2917 et
1723 2866 1986 2933 perituros

410 2961 598 2999 «nuues
634 2963 741 3000 uno
765 2962 962 3015 genere
991 2948 1277 3015 supplicii?
1315 2948 1368 3003 Si
1408 2950 1549 3004 enim
1573 2955 1787 3022 quando
1807 2960 1981 3011 conti-

412 3037 569 3106 gerit,
599 3053 702 3090 uno
735 3046 992 3104 tempore,
1027 3039 1078 3092 in
1111 3055 1208 3092 una
1241 3040 1422 3100 dumo,
1450 3041 1583 3097 duos
1612 3044 1749 3101 filios
1780 3050 1978 3117 perire,

411 3136 494 3180 est
532 3127 729 3179 malum
761 3126 1189 3193 intolerandum;
1228 3139 1282 3184 et
1323 3131 1367 3185 si
1408 3131 1543 3187 Joho
1573 3136 1742 3190 visum
1770 3149 1853 3193 est
1882 3141 1982 3198 hoc

411 3216 637 3293 maxime
662 3218 896 3270 omnium
927 3219 1280 3285 intolerabile,
1308 3224 1445 3291 quod
1473 3241 1634 3294 super
1657 3245 1844 3285 omnes
1864 3235 1980 3300 ejus

410 3305 545 3359 tilius
578 3316 772 3361 tectum
801 3309 1093 3375 ceciderit,
1123 3319 1178 3365 et
1203 3312 1280 3367 sie
1309 3312 1414 3366 sint
1445 3318 1744 3387 interempti
1777 3339 1790 3375 :
1823 3325 1978 3391 quid-

2104 397 2230 436 nam
2256 382 2437 438 fuisset
2461 426 2475 450 ,
2508 387 2688 442 videre
2706 429 2720 453 ,
2750 404 2855 442 non
2885 404 3045 442 unam
3083 389 3304 444 domum
3333 406 3508 463 neque
3537 394 3674 451 duos

2101 474 2257 540 filios,
2288 476 2380 530 sed
2407 490 2623 545 gentem
2653 488 2867 534 centum
2895 490 2949 534 et
2980 481 3165 550 viginti
3193 482 3422 537 duorum
3450 484 3671 541 millium

2098 566 2200 621 sub
2221 567 2371 620 tectis
2408 568 2699 623 infossam?
2727 568 2885 624 Scitis
2913 580 3169 640 quantum
3197 572 3267 625 sit
3293 573 3512 628 malum.
3542 575 3673 630 Nam

2098 656 2180 709 lue
2225 672 2435 728 quoque
2478 659 2630 714 nobis
2673 675 2844 729 nuper
2883 660 3158 716 intentata:
3185 673 3308 716 sum
3336 664 3529 732 minas,
3570 683 3673 721 non

2099 747 2352 816 propheta
2381 750 2558 819 aliquo
2584 766 2767 805 vocem
2798 752 3077 807 emittente
3102 770 3117 818 ;
3147 768 3317 823 neque
3354 756 3499 810 enim
3528 757 3670 828 digni

2096 853 2281 893 smnus
2310 842 2396 909 qui
2428 843 2583 896 talem
2611 858 2799 898 vocem
2834 844 3148 910 audiamus;
3181 847 3276 900 sed
3317 850 3506 915 quavis
3543 851 3669 907 tuba

2098 926 2476 997 signiﬁcantius
2497 931 2653 986 minis
2667 933 2817 987 nobis
2831 933 3370 990 vucil'erautibus.Sed
3391 940 3526 993 sicut
3540 940 3670 1007 disi,

2102 1018 2276 1071 Adhuc
2285 1029 2399 1072 sunt
2411 1030 2506 1074 tres
2516 1021 2881 1087 dies,etNinitte
2890 1023 3505 1084 subvertetur.'l'erribiles
3517 1031 3672 1099 plane

2097 1108 2273 1161 minas.
2298 1109 2403 1163 Sed
2440 1125 2580 1165 nunc
2617 1112 2744 1166 nihil
2779 1123 2863 1168 est
2908 1115 3032 1169 tale.
3053 1115 3169 1170 Non
3197 1119 3338 1172 enim
3361 1119 3534 1175 adhuc
3563 1132 3671 1177 tres

2096 1197 2231 1264 dies,
2251 1214 2422 1268 neque
2442 1200 2631 1256 Ninive
2655 1203 3011 1271 subvertetur,
3027 1206 3120 1260 sed
3145 1208 3293 1262 multi
3319 1219 3442 1264 sunt
3467 1210 3580 1266 dies
3605 1228 3667 1266 ex

2095 1303 2201 1357 quo
2216 1289 2361 1346 orbis
2375 1300 2631 1347 terrarum
2655 1293 2888 1348 Ecclesia
2904 1305 2957 1350 et
2975 1305 3056 1350 est
3069 1312 3253 1352 eversa
3271 1311 3323 1353 et
3333 1300 3630 1368 jacetbnnti
3649 1345 3668 1365 ,

2095 1382 2341 1438 omnibus
2356 1384 2554 1451 pariter
2570 1385 2965 1445 malodetcntis.
2982 1389 3150 1457 magis
3160 1400 3332 1445 autem
3345 1389 3431 1454 iis,
3443 1406 3666 1461 quorum

2094 1483 2177 1526 est
2197 1490 2390 1528 munus
2411 1490 2594 1545 regere
2625 1471 2639 1531 ὲ
2670 1477 2809 1532 unde
2838 1480 2997 1533 etiam
3028 1481 3197 1550 majus
3212 1491 3291 1537 est
3308 1485 3527 1548 malum,
3565 1503 3670 1556 quo

2095 1566 2266 1634 major
2287 1576 2371 1621 est
2394 1567 2511 1637 ejus
2541 1570 2853 1625 necessitas.
2881 1570 3057 1628 Nolite
3086 1588 3216 1642 ergo
3246 1575 3424 1629 mirari
3453 1578 3499 1632 si
3525 1580 3667 1632 suasi

2095 1656 2294 1726 tnajora
2343 1657 2519 1713 facere
2564 1676 2721 1729 quam
2767 1660 3012 1717 Ninivitaa
3057 1662 3156 1719 hac
3203 1665 3271 1719 de
3313 1681 3518 1722 causa:
3563 1670 3670 1722 imo

2096 1762 2225 1802 vero
2265 1763 2368 1802 non
2410 1765 2554 1803 nunc
2594 1751 2767 1805 solum
2811 1753 3047 1821 praedico
3084 1754 3345 1823 jejunium
3373 1799 3390 1825 ,
3435 1759 3535 1813 sed
3569 1760 3671 1816 hoe

2094 1840 2253 1893 etiam
2301 1840 2478 1894 indico
2520 1841 3002 1910 medicamentum,
3042 1847 3185 1916 quod
3216 1847 3359 1902 illam
3386 1851 3665 1906 cadentem

2094 1930 2264 1983 erexit
2311 1930 2600 1986 civitatem.
2647 1932 2924 1998 Quodnam
2971 1945 3150 1990 autem
3193 1948 3275 1992 est
3319 1938 3453 1994 hoc?
3498 1940 3671 2009 Vidit,

2095 2021 2263 2091 inquit
2280 2062 2299 2087 ,
2327 2021 2576 2076 Dominus
2595 2064 2609 2088 ,
2636 2023 2771 2091 quod
2795 2026 3138 2094 unusquisque
3164 2030 3363 2082 recessit
3389 2046 3422 2082 a
3448 2032 3538 2085 siis
3566 2036 3667 2086 suis

2095 2112 2263 2176 malis,
2294 2123 2340 2166 et
2366 2129 2477 2166 cum
2510 2113 2735 2182 pmnituit
2764 2114 2827 2168 de
2852 2116 2989 2169 malo
3014 2118 3152 2183 quod
3179 2119 3307 2173 dixit
3333 2137 3386 2175 sc
3412 2122 3662 2189 {acturum

2092 2205 2179 2258 eis.
2217 2205 2327 2259 Hoc
2346 2220 2565 2273 agamus
2589 2215 2644 2259 et
2670 2220 2767 2260 nos
2791 2217 2845 2260 et
2876 2223 2975 2260 vos
2999 2224 3014 2261 :
3045 2210 3359 2266 recedamus
3383 2213 3453 2267 ab
3478 2229 3660 2273 amore

2096 2295 2355 2362 pecunia),
2378 2295 2444 2349 ab
2463 2310 2646 2349 amore
2665 2297 2870 2365 gloriaz,
2901 2310 3148 2368 rogantes
3174 2300 3337 2354 Deum
3369 2314 3425 2357 ut
3453 2321 3665 2363 manum

2095 2384 2249 2438 nobis
2281 2386 2549 2455 porrigat,
2592 2396 2648 2441 et
2686 2386 2921 2441 membra
2964 2404 3083 2458 qua:
3126 2392 3435 2448 ceciderunt
3478 2399 3663 2466 erigat.

2091 2478 2270 2546 Neque
2316 2478 2457 2533 enim
2498 2489 2623 2533 sunt
2665 2479 2851 2534 eadem
2897 2481 3051 2535 nobis
3083 2483 3336 2539 timenda.
3381 2487 3513 2542 Nam
3544 2498 3668 2546 tunc

2088 2567 2302 2637 quidem
2323 2568 2497 2623 casuri
2519 2578 2671 2622 eram
2696 2569 2897 2636 lapides
2923 2581 2977 2625 et
3005 2571 3171 2641 ligna,
3195 2585 3245 2628 et
3269 2591 3493 2646 corpora
3509 2591 3662 2635 erant

2088 2661 2440 2716 interimenda
2485 2678 2500 2714 :
2532 2676 2672 2715 nunc
2700 2672 2877 2715 autem
2908 2663 3039 2717 nihil
3083 2663 3270 2719 horum
3295 2707 3311 2731 ,
3342 2668 3439 2723 sed
3476 2672 3665 2725 annua:

2086 2761 2212 2806 sunt
2251 2751 2521 2807 tradendae
2567 2750 2672 2821 igni
2715 2753 2994 2820 gehennae.
3052 2752 3358 2823 Rogemus,
3399 2761 3669 2827 praeterita

2086 2843 2458 2906 confiteamur,
2488 2856 2584 2911 pro
2611 2840 2803 2895 futuris
2832 2843 3182 2910 postulemus,
3216 2854 3273 2899 ut
3299 2845 3443 2916 digni
3474 2848 3662 2904 habea-

2088 2951 2240 3000 mur,
2269 2935 2356 3004 qui
2388 2934 2456 2988 ab
2495 2933 2595 2987 hac
2622 2933 2825 2988 crudeli
2853 2943 2908 2988 et
2949 2934 3168 2989 immani
3206 2937 3375 2991 bestia
3417 2940 3659 3006 liberati,

2086 3028 2283 3094 gratias
2326 3026 2635 3079 emittamus
2682 3025 2913 3095 benigno
2956 3026 3064 3080 Deo
3101 3037 3156 3081 et
3198 3027 3379 3091 Patri,
3409 3046 3529 3082 cum
3557 3048 3663 3100 quo

2087 3117 2225 3171 Filio
2262 3117 2420 3171 simul
2465 3132 2584 3171 cum
2617 3126 2801 3171 sancto
2843 3117 3043 3186 Spiritu
3083 3119 3287 3187 gloria,
3331 3122 3567 3189 potentia.
3605 3137 3660 3177 et

2088 3209 2291 3273 honor,
2334 3224 2476 3264 nunc
2513 3218 2567 3263 et
2609 3224 2856 3279 semper,
2890 3220 2946 3265 et
2988 3211 3039 3264 in
3081 3213 3273 3265 saecula
3323 3214 3659 3269 saeculorum.

2088 3303 2278 3353 Amen.

1791 3500 2136 3567 HOMILIA
2177 3504 2292 3564 XI.

408 3626 533 3679 CAP.
564 3627 614 3680 4.
645 3643 694 3679 v.
725 3629 777 3682 4.
810 3627 977 3682 Unum
1019 3646 1205 3698 corpus
1248 3643 1294 3684 et
1333 3650 1460 3686 unus
1502 3637 1710 3705 spiritus
1730 3679 1744 3703 ,
1776 3641 1905 3693 sicut
1938 3653 1985 3696 et

477 3718 636 3768 vocati
673 3718 789 3769 estis
832 3719 883 3769 in
923 3736 1026 3772 una
1067 3737 1155 3789 spe
1195 3725 1469 3776 vocationis
1500 3737 1673 3780 ucstra:
1714 3744 1733 3782 :
1764 3731 1816 3784 5.
1851 3749 1985 3786 unus

479 3804 746 3869 Dominus,
778 3823 877 3859 una
902 3809 1049 3875 ﬁdes,
1078 3825 1235 3863 unum
1259 3812 1506 3882 baptisma
1538 3832 1556 3868 :
1586 3817 1638 3870 6.
1671 3835 1802 3873 unus
1836 3822 1978 3878 Dens

475 3909 522 3951 et
556 3897 710 3950 Pater
735 3900 957 3953 omnium
975 3942 991 3967 ,
1014 3902 1101 3969 qui
1119 3912 1190 3956 est
1209 3920 1361 3973 super
1386 3922 1575 3971 omnes,
1603 3918 1652 3962 et
1679 3928 1768 3979 per
1791 3915 1981 3980 omnia,

477 3997 525 4041 et
555 3990 606 4042 in
637 3990 887 4043 omnibus.
920 3992 974 4048 7.
1009 3991 1290 4058 Unicuique
1315 4006 1482 4049 autem
1511 4009 1736 4054 nostrum
1765 4002 1887 4057 data
1909 4016 1983 4059 est

475 4083 639 4152 gratia
678 4083 952 4137 secundant
980 4102 1264 4139 mensuram
1289 4086 1574 4144 donationis
1598 4092 1803 4147 Christi.

479 4177 530 4230 1.
552 4176 839 4231 Caritatem
862 4179 1051 4247 quierit
1076 4194 1105 4231 a
1125 4180 1279 4235 nobis
1303 4181 1517 4249 Paulus,
1545 4200 1646 4238 non
1666 4190 1981 4256 quamlibet,

406 4267 500 4322 sed
530 4284 646 4337 qua:
678 4282 776 4321 nos
803 4269 1149 4339 conglutinet,
1196 4282 1251 4326 ct
1290 4272 1485 4329 efficiat
1514 4285 1571 4329 ut
1595 4277 1731 4332 alter
1756 4280 1807 4334 in
1846 4281 1981 4337 alte-

407 4376 521 4414 rum
557 4362 622 4414 ita
654 4376 749 4414 nos
784 4359 1072 4423 habeamus
1096 4403 1110 4426 ,
1147 4372 1203 4417 ut
1240 4363 1419 4420 divelli
1449 4382 1554 4422 non
1597 4372 1896 4438 possimus,
1932 4382 1986 4428 et

405 4467 523 4520 qua:
551 4462 745 4506 tantam
773 4463 827 4506 et
856 4462 960 4507 tam
992 4465 1232 4510 exactam
1264 4458 1496 4525 praebeat
1523 4462 1979 4532 conjunctionem.

404 4552 597 4611 quanta
628 4554 711 4597 est
737 4546 1098 4599 membrorum
1128 4563 1247 4603 cum
1272 4551 1546 4605 membris.
1579 4553 1702 4609 Haec
1732 4558 1871 4610 enim
1902 4568 1984 4613 est

407 4648 526 4696 qua:
573 4649 760 4701 magna
809 4645 1064 4699 operatur
1110 4638 1267 4692 bona.
1310 4640 1597 4711 Propterea
1636 4647 1783 4712 dicit,
1816 4647 1981 4702 Unum

403 4740 607 4793 corpus,
638 4732 689 4776 et
714 4734 935 4794 propter
963 4741 1308 4794 consensum,
1332 4741 1388 4785 et
1411 4733 1548 4800 quod
1578 4734 1800 4789 aliorum
1831 4738 1982 4791 bouis

406 4806 511 4871 non
544 4815 828 4883 inhiemus,
853 4818 1068 4886 etquod
1097 4822 1249 4874 simul
1281 4823 1538 4879 laetemur.
1569 4826 1779 4881 Etcum
1805 4832 1980 4884 omnia

403 4909 561 4962 simul
595 4924 689 4977 per
735 4909 835 4963 huc
882 4912 1221 4972 ostendisset,
1273 4914 1494 4982 pulchre
1538 4916 1690 4982 dixit,
1741 4919 1808 4972 Et
1853 4938 1982 4976 unus

403 5000 641 5066 spiritus,
682 5001 968 5069 ostendens
1008 5002 1148 5069 qttod
1189 5002 1257 5055 ab
1299 5020 1404 5059 uno
1445 5021 1670 5075 corpore
1704 5010 1805 5064 erit
1847 5028 1981 5065 unus

403 5090 621 5157 spiritus
666 5108 679 5145 :
723 5099 814 5144 aut
842 5091 982 5160 quod
1015 5091 1128 5145 fieri
1162 5094 1329 5161 possit
1374 5107 1427 5148 ut
1458 5097 1523 5150 sit
1556 5099 1769 5167 quidem
1818 5119 1981 5157 unum

310 5246 315 5257 Ι
402 5196 618 5248 corpus,
646 5198 751 5237 non
777 5197 913 5236 unus
940 5192 1115 5236 autem
1141 5184 1358 5251 Spiritus
1389 5204 1401 5238 :
1437 5197 1495 5241 ut
1522 5190 1565 5242 si
1594 5192 1713 5259 quis
1747 5194 1816 5246 sit
1848 5196 1982 5247 alni-

403 5285 496 5323 cus
530 5272 900 5329 haereticorum
934 5292 947 5327 :
980 5283 1071 5328 aut
1101 5291 1168 5351 es
1204 5275 1295 5329 illo
1327 5278 1583 5346 pudorem
1614 5283 1799 5337 incutit
1827 5294 1882 5337 ut
1911 5285 1977 5338 ad

403 5364 742 5418 concordiam
775 5369 1018 5421 veniatur
1044 5408 1056 5431 ,
1093 5383 1317 5436 nempe,
1361 5371 1448 5440 qni
1500 5388 1660 5428 unum
1702 5377 1983 5445 accepistis

401 5457 644 5525 spiritum
670 5495 688 5523 ,
732 5467 785 5510 et
825 5475 889 5512 ex
920 5476 1025 5513 uno
1066 5459 1212 5514 fonte
1255 5464 1413 5529 putati
1445 5465 1573 5517 estis
1594 5507 1608 5531 ,
1641 5481 1743 5520 non
1775 5467 1981 5522 debetis

403 5545 687 5601 dissentire
717 5566 730 5602 :
759 5559 852 5603 aut
880 5549 1125 5617 spiritum
1158 5550 1245 5604 hic
1272 5550 1403 5607 dicit
1429 5554 1760 5609 alacritatem
1790 5559 1977 5612 animi.

407 5639 605 5694 lit-inde
650 5638 1006 5709 subjungeus,
1050 5639 1192 5695 Sicut
1232 5654 1277 5696 ct
1308 5644 1468 5697 uocati
1497 5648 1630 5713 estis,
1671 5647 1873 5717 inquit,
1916 5648 1977 5702 In

2093 3662 2195 3699 una
2219 3661 2306 3715 spe
2328 3643 2603 3698 uocationis
2625 3654 2817 3698 vestrm.
2840 3644 2952 3700 Hoc
2978 3655 3081 3710 est,
3108 3646 3244 3701 Deus
3270 3661 3364 3699 vos
3387 3646 3453 3700 ad
3474 3646 3660 3701 eadem

2091 3738 2331 3801 vocarit,
2374 3735 2506 3790 nihil
2536 3735 2689 3790 alteri
2721 3737 2838 3805 plus
2870 3738 3055 3792 tribuit
3083 3754 3240 3808 quam
3269 3738 3421 3793 alteri
3446 3757 3461 3794 :
3491 3741 3657 3793 omni-

2090 3826 2190 3881 bus
2216 3827 2687 3891 inuuortalitatem,
2718 3828 2966 3883 omnibus
2992 3829 3152 3882 vitam
3179 3840 3457 3895 aeternam,
3481 3830 3659 3883 omni-

2090 3917 2189 3973 bus
2234 3918 2454 3987 gloriam
2498 3917 2892 3984 immortalem,
2940 3923 3187 3977 omnibus
3233 3921 3659 3989 fraternitatem,

2089 4009 2340 4063 omnibus
2368 4008 2584 4063 donavit
2615 4010 2978 4065 hereditatem.
3013 4013 3207 4067 Factus
3252 4024 3335 4069 est
3378 4029 3663 4069 commune

2088 4099 2324 4152 omnium
2355 4109 2507 4168 caput
2534 4140 2550 4164 ,
2578 4114 2765 4155 omnes
2791 4100 2948 4155 simul
2975 4104 3251 4156 suscitavit
3281 4112 3335 4159 et
3369 4105 3662 4160 consedere

2089 4190 2233 4246 fecit.
2260 4191 2360 4258 Qui
2386 4206 2514 4261 ergo
2553 4191 2603 4245 in
2632 4192 2994 4261 spiritualibus
3025 4193 3231 4248 habetis
3261 4204 3459 4249 tantam
3488 4195 3662 4249 hono-

2088 4281 2162 4334 ris
2198 4281 2573 4350 tequalitatem,
2607 4281 2869 4336 undenatu
2896 4283 3219 4338 extollimini
3250 4294 3304 4339 et
3327 4287 3662 4356 superbitis?

2088 4372 2228 4442 quod
2258 4373 2343 4427 hic
2368 4374 2437 4427 sit
2461 4372 2631 4437 dives,
2654 4374 2793 4442 quod
2825 4376 2924 4429 iste
2954 4373 3143 4430 fortis?
3171 4384 3223 4431 et
3248 4376 3519 4446 quomodo
3545 4391 3652 4432 non

2089 4464 2193 4518 sint
2226 4465 2337 4519 haec
2366 4465 2582 4518 ridicula
2607 4465 2630 4517 ?
2664 4464 2795 4518 Nam
2825 4466 2909 4520 dic
2938 4467 3089 4533 mihi,
3120 4468 3165 4522 si
3189 4483 3280 4523 rex
3306 4478 3398 4522 aut
3424 4469 3662 4537 impera-

2091 4564 2173 4607 tor
2198 4554 2380 4608 decem
2411 4555 2654 4609 homines
2680 4557 2981 4623 acceperit,
3016 4568 3069 4611 et
3096 4573 3284 4613 omnes
3313 4574 3543 4630 purpura
3576 4559 3661 4613 in-

2089 4645 2285 4708 ducrit,
2313 4656 2366 4701 et
2389 4646 2441 4699 in
2465 4648 2658 4700 throno
2684 4648 2846 4716 regali
2876 4648 3065 4703 sedere
3095 4648 3394 4715 fecerit,~et
3417 4650 3663 4705 emndem

2089 4736 2334 4792 oiunibus
2361 4736 2617 4791 honorem
2646 4738 2887 4799 dederit,
2922 4755 3155 4795 aususne
3199 4741 3357 4796 fuerit
3402 4743 3662 4811 quispiam

2089 4828 2412 4893 exprobrare
2454 4827 2630 4890 alteri,
2675 4837 2730 4880 ut
2770 4829 2857 4897 qui
2906 4830 2974 4882 sit
3020 4829 3215 4897 ditior,
3265 4843 3356 4886 aut
3396 4845 3452 4885 ut
3478 4833 3566 4900 qui
3597 4833 3668 4886 sit

2090 4916 2382 4971 illustrior?
2420 4918 2655 4971 Minime.
2705 4917 2888 4988 Neque
2930 4920 3105 4973 adhuc
3145 4929 3312 4975 totum
3357 4922 3512 4976 dixi:
3559 4938 3665 4977 non

2091 5017 2294 5061 tantum
2319 5007 2461 5061 enim
2488 5017 2571 5062 est
2594 5007 2899 5062 discrimen.
2924 5007 3058 5063 Num
3089 5027 3214 5080 ergo
3245 5012 3296 5064 in
3324 5013 3468 5066 cadis
3491 5028 3668 5082 aequa-

2092 5100 2168 5152 les
2196 5114 2379 5154 sumus
2400 5140 2415 5163 ,
2448 5108 2503 5153 et
2532 5097 2666 5152 infra
2697 5099 3030 5155 diﬂ‘erimus?
3064 5100 3205 5156 Unus
3246 5102 3496 5158 Dominus
3516 5145 3530 5167 ,
3563 5122 3666 5157 una

2089 5192 2249 5262 ﬁdes,
2300 5210 2453 5246 unum
2495 5192 2763 5264 baptisma.
2811 5193 2949 5249 Ecce
2990 5209 3112 5264 spes
3155 5199 3471 5252 vocationis.
3523 5196 3668 5252 Unus

2094 5285 2226 5339 Deus
2252 5296 2298 5339 et
2324 5284 2481 5339 Pater
2506 5285 2748 5346 omnium,
2768 5289 2850 5351 qui
2870 5294 2942 5339 est
2966 5303 3116 5355 super
3142 5303 3333 5349 attines,
3364 5299 3410 5342 et
3442 5304 3531 5354 per
3554 5304 3667 5340 ont-

2090 5377 2194 5440 nia,
2228 5385 2274 5429 et
2297 5376 2349 5428 in
2378 5377 2627 5429 omnibus.
2655 5375 2790 5429 Num
2825 5376 2917 5430 tibi
2947 5377 3160 5446 quidem
3193 5380 3392 5447 major,
3428 5379 3504 5432 illi
3542 5394 3667 5431 vero

2090 5466 2263 5518 minor
2309 5475 2393 5520 est
2432 5464 2749 5519 invocatus?
2796 5480 2921 5518 num
2970 5474 3023 5519 tu
3065 5466 3279 5536 quidem
3322 5483 3387 5521 ex
3418 5466 3546 5532 fide,
3577 5466 3667 5520 ille

2090 5573 2217 5611 vero
2243 5572 2308 5612 ex
2338 5557 2590 5627 operibus
2618 5558 2783 5612 factus
2806 5566 2890 5611 est
2914 5558 3133 5613 salvus?
3174 5575 3301 5614 num
3329 5559 3419 5612 tibi
3447 5558 3664 5628 quidem

2090 5649 2367 5707 remissum
2395 5657 2477 5704 est
2506 5661 2780 5720 peccatum
2820 5665 2913 5720 per
2939 5650 3293 5720 baptismum,
3331 5649 3407 5704 illi
3434 5663 3562 5704 vero
3591 5647 3670 5703 ui-
