  <div class='ocr_page' id='page_1' title='image "/cluster/home/n/w/nwhite01/storage/ocr_20150623/62/hvd.32044054086319/084.png"; bbox 0 0 4052 6214; ppageno 0'>
   <div class='ocr_carea' id='block_1_1' title="bbox 360 232 1918 346">
    <p class='ocr_par' dir='ltr' id='par_1_1' title="bbox 360 262 1918 328">
     <span class='ocr_line' id='line_1_1' title="bbox 360 262 1918 328; baseline -0.007 0"><span class='ocrx_word' id='word_1_1' title='bbox 360 271 428 328; x_wconf 77' lang='lat'>79</span> <span class='ocrx_word' id='word_1_2' title='bbox 1254 268 1321 323; x_wconf 79' lang='grc' dir='ltr'>ΙΝ</span> <span class='ocrx_word' id='word_1_3' title='bbox 1360 266 1573 320; x_wconf 75' lang='lat' dir='ltr'>EPIST.</span> <span class='ocrx_word' id='word_1_4' title='bbox 1617 264 1705 318; x_wconf 73' lang='lat' dir='ltr'>AD</span> <span class='ocrx_word' id='word_1_5' title='bbox 1744 262 1918 318; x_wconf 74' lang='lat' dir='ltr'>EPHE</span> 
     </span>
    </p>
   </div>
   <div class='ocr_carea' id='block_1_2' title="bbox 2020 232 3580 346">
    <p class='ocr_par' dir='ltr' id='par_1_2' title="bbox 2020 232 3580 346">
     <span class='ocr_line' id='line_1_2' title="bbox 2020 232 3580 346; baseline -0.001 -28"><span class='ocrx_word' id='word_1_6' title='bbox 2020 262 2168 346; x_wconf 72' lang='lat' dir='ltr'>CAP.</span> <span class='ocrx_word' id='word_1_7' title='bbox 2204 260 2294 317; x_wconf 72' lang='grc' dir='ltr'>ιν.</span> <span class='ocrx_word' id='word_1_8' title='bbox 2340 261 2574 317; x_wconf 55' lang='lat' dir='ltr'>nomn.</span> <span class='ocrx_word' id='word_1_9' title='bbox 2616 264 2706 317; x_wconf 81' lang='lat' dir='ltr'>XI.</span> <span class='ocrx_word' id='word_1_10' title='bbox 3328 232 3337 235; x_wconf 66' lang='grc'><em>’</em></span> <span class='ocrx_word' id='word_1_11' title='bbox 3510 263 3580 318; x_wconf 75' lang='lat'>80</span> 
     </span>
    </p>
   </div>
   <div class='ocr_carea' id='block_1_3' title="bbox 356 378 1911 453">
    <p class='ocr_par' dir='ltr' id='par_1_3' title="bbox 356 378 1911 453">
     <span class='ocr_line' id='line_1_3' title="bbox 356 378 1911 453; baseline -0.004 -16"><span class='ocrx_word' id='word_1_12' title='bbox 356 382 714 453; x_wconf 74' lang='grc' dir='ltr'>ίατρευόντων</span> <span class='ocrx_word' id='word_1_13' title='bbox 742 381 835 433; x_wconf 75' lang='grc' dir='ltr'>καὶ</span> <span class='ocrx_word' id='word_1_14' title='bbox 861 378 1043 431; x_wconf 71' lang='grc' dir='ltr'>αὐτῶν</span> <span class='ocrx_word' id='word_1_15' title='bbox 1074 380 1171 445; x_wconf 83' lang='grc' dir='ltr'>τῆς</span> <span class='ocrx_word' id='word_1_16' title='bbox 1203 379 1400 450; x_wconf 88' lang='grc' dir='ltr'>ἐτέρων</span> <span class='ocrx_word' id='word_1_17' title='bbox 1425 379 1691 447; x_wconf 81' lang='grc' dir='ltr'>δεομένων</span> <span class='ocrx_word' id='word_1_18' title='bbox 1712 378 1911 449; x_wconf 85' lang='grc' dir='ltr'>χειρός;</span> 
     </span>
    </p>
   </div>
   <div class='ocr_carea' id='block_1_4' title="bbox 352 460 1912 532">
    <p class='ocr_par' dir='ltr' id='par_1_4' title="bbox 352 460 1912 532">
     <span class='ocr_line' id='line_1_4' title="bbox 352 460 1912 532; baseline -0.004 -13"><span class='ocrx_word' id='word_1_19' title='bbox 352 465 539 519; x_wconf 88' lang='grc' dir='ltr'>Ταῦτα</span> <span class='ocrx_word' id='word_1_20' title='bbox 565 464 665 532; x_wconf 75' lang='grc' dir='ltr'>οὐχ</span> <span class='ocrx_word' id='word_1_21' title='bbox 697 462 882 525; x_wconf 83' lang='grc' dir='ltr'>ἁπλῶς</span> <span class='ocrx_word' id='word_1_22' title='bbox 923 460 1095 521; x_wconf 82' lang='grc' dir='ltr'>εἷπον,</span> <span class='ocrx_word' id='word_1_23' title='bbox 1129 461 1250 516; x_wconf 81' lang='grc' dir='ltr'>οὐδὲ</span> <span class='ocrx_word' id='word_1_24' title='bbox 1278 466 1453 530; x_wconf 85' lang='grc' dir='ltr'>μάτην</span> <span class='ocrx_word' id='word_1_25' title='bbox 1479 461 1764 532; x_wconf 75' lang='grc' dir='ltr'>ὀδύρομαι,</span> <span class='ocrx_word' id='word_1_26' title='bbox 1798 462 1912 514; x_wconf 86' lang='grc' dir='ltr'>ἀλλ’</span> 
     </span>
    </p>
   </div>
   <div class='ocr_carea' id='block_1_5' title="bbox 354 543 1914 615">
    <p class='ocr_par' dir='ltr' id='par_1_5' title="bbox 354 543 1914 615">
     <span class='ocr_line' id='line_1_5' title="bbox 354 543 1914 615; baseline -0.003 -15"><span class='ocrx_word' id='word_1_27' title='bbox 354 550 441 600; x_wconf 84' lang='grc' dir='ltr'>ἴνα</span> <span class='ocrx_word' id='word_1_28' title='bbox 467 548 620 615; x_wconf 82' lang='grc' dir='ltr'>κοινῇ</span> <span class='ocrx_word' id='word_1_29' title='bbox 649 546 849 606; x_wconf 82' lang='grc' dir='ltr'>πάντες</span> <span class='ocrx_word' id='word_1_30' title='bbox 882 544 1022 613; x_wconf 82' lang='grc' dir='ltr'>μετὰ</span> <span class='ocrx_word' id='word_1_31' title='bbox 1046 543 1321 611; x_wconf 86' lang='grc' dir='ltr'>γυναικῶν</span> <span class='ocrx_word' id='word_1_32' title='bbox 1350 545 1442 596; x_wconf 71' lang='grc' dir='ltr'>καὶ</span> <span class='ocrx_word' id='word_1_33' title='bbox 1486 544 1689 597; x_wconf 78' lang='grc' dir='ltr'>παίδων</span> <span class='ocrx_word' id='word_1_34' title='bbox 1720 544 1914 597; x_wconf 64' lang='grc' dir='ltr'>σποδὸν</span> 
     </span>
    </p>
   </div>
   <div class='ocr_carea' id='block_1_6' title="bbox 349 625 1914 696">
    <p class='ocr_par' dir='ltr' id='par_1_6' title="bbox 349 625 1914 696">
     <span class='ocr_line' id='line_1_6' title="bbox 349 625 1914 696; baseline -0.004 -13"><span class='ocrx_word' id='word_1_35' title='bbox 349 628 829 696; x_wconf 80' lang='grc' dir='ltr'>καταπασάμενοι,</span> <span class='ocrx_word' id='word_1_36' title='bbox 854 628 948 679; x_wconf 74' lang='grc' dir='ltr'>καὶ</span> <span class='ocrx_word' id='word_1_37' title='bbox 971 627 1170 678; x_wconf 84' lang='grc' dir='ltr'>σάκκον</span> <span class='ocrx_word' id='word_1_38' title='bbox 1193 625 1644 696; x_wconf 76' lang='grc' dir='ltr'>περιζωσάμενοι,</span> <span class='ocrx_word' id='word_1_39' title='bbox 1663 625 1914 694; x_wconf 78' lang='grc' dir='ltr'>νηστείαν</span> 
     </span>
    </p>
   </div>
   <div class='ocr_carea' id='block_1_7' title="bbox 348 709 1914 778">
    <p class='ocr_par' dir='ltr' id='par_1_7' title="bbox 348 709 1914 778">
     <span class='ocr_line' id='line_1_7' title="bbox 348 709 1914 778; baseline -0.002 -14"><span class='ocrx_word' id='word_1_40' title='bbox 348 711 732 778; x_wconf 78' lang='grc' dir='ltr'>ἐπιτείνωμεν,</span> <span class='ocrx_word' id='word_1_41' title='bbox 781 709 872 761; x_wconf 76' lang='grc' dir='ltr'>τὸν</span> <span class='ocrx_word' id='word_1_42' title='bbox 924 709 1054 761; x_wconf 80' lang='grc' dir='ltr'>Θεὸν</span> <span class='ocrx_word' id='word_1_43' title='bbox 1099 709 1567 778; x_wconf 81' lang='grc' dir='ltr'>παρακαλέσωμεν</span> <span class='ocrx_word' id='word_1_44' title='bbox 1596 709 1755 762; x_wconf 75' lang='grc' dir='ltr'>αὑτὸν</span> <span class='ocrx_word' id='word_1_45' title='bbox 1786 711 1914 777; x_wconf 78' lang='grc' dir='ltr'>ἡμῖν</span> 
     </span>
    </p>
   </div>
   <div class='ocr_carea' id='block_1_8' title="bbox 348 790 1914 864">
    <p class='ocr_par' dir='ltr' id='par_1_8' title="bbox 348 790 1914 864">
     <span class='ocr_line' id='line_1_8' title="bbox 348 790 1914 864; baseline 0 -20"><span class='ocrx_word' id='word_1_46' title='bbox 348 797 510 864; x_wconf 78' lang='grc' dir='ltr'>χεῖρα</span> <span class='ocrx_word' id='word_1_47' title='bbox 541 792 748 861; x_wconf 79' lang='grc' dir='ltr'>ὀρέξαι,</span> <span class='ocrx_word' id='word_1_48' title='bbox 781 791 874 844; x_wconf 78' lang='grc' dir='ltr'>καὶ</span> <span class='ocrx_word' id='word_1_49' title='bbox 909 790 1097 843; x_wconf 79' lang='grc' dir='ltr'>σὸέσαι</span> <span class='ocrx_word' id='word_1_50' title='bbox 1128 792 1189 843; x_wconf 75' lang='grc' dir='ltr'>τὸ</span> <span class='ocrx_word' id='word_1_51' title='bbox 1213 790 1402 844; x_wconf 87' lang='grc' dir='ltr'>δεινόν.</span> <span class='ocrx_word' id='word_1_52' title='bbox 1430 792 1540 861; x_wconf 82' lang='grc' dir='ltr'>Τῆς</span> <span class='ocrx_word' id='word_1_53' title='bbox 1573 794 1679 862; x_wconf 77' lang='grc' dir='ltr'>γάρ</span> <span class='ocrx_word' id='word_1_54' title='bbox 1707 794 1914 844; x_wconf 83' lang='grc' dir='ltr'>ἐκείνου</span> 
     </span>
    </p>
   </div>
   <div class='ocr_carea' id='block_1_9' title="bbox 348 873 1911 944">
    <p class='ocr_par' dir='ltr' id='par_1_9' title="bbox 348 873 1911 944">
     <span class='ocr_line' id='line_1_9' title="bbox 348 873 1911 944; baseline -0.001 -17"><span class='ocrx_word' id='word_1_55' title='bbox 348 875 535 944; x_wconf 64' lang='lat'><strong>16:96;</strong></span> <span class='ocrx_word' id='word_1_56' title='bbox 563 875 732 934; x_wconf 77' lang='grc' dir='ltr'>δντως</span> <span class='ocrx_word' id='word_1_57' title='bbox 772 873 952 943; x_wconf 90' lang='grc' dir='ltr'>χρεία,</span> <span class='ocrx_word' id='word_1_58' title='bbox 1005 874 1106 940; x_wconf 73' lang='grc' dir='ltr'>τῆς</span> <span class='ocrx_word' id='word_1_59' title='bbox 1144 873 1404 943; x_wconf 79' lang='grc' dir='ltr'>μεγάλης,</span> <span class='ocrx_word' id='word_1_60' title='bbox 1450 874 1547 942; x_wconf 81' lang='grc' dir='ltr'>τῆς</span> <span class='ocrx_word' id='word_1_61' title='bbox 1576 874 1911 942; x_wconf 80' lang='grc' dir='ltr'>θαυμαστῆς.</span> 
     </span>
    </p>
   </div>
   <div class='ocr_carea' id='block_1_10' title="bbox 348 955 1912 1025">
    <p class='ocr_par' dir='ltr' id='par_1_10' title="bbox 348 955 1912 1025">
     <span class='ocr_line' id='line_1_10' title="bbox 348 955 1912 1025; baseline -0.001 -16"><span class='ocrx_word' id='word_1_62' title='bbox 348 958 593 1021; x_wconf 71' lang='grc' dir='ltr'>Μείζονα</span> <span class='ocrx_word' id='word_1_63' title='bbox 634 955 744 1007; x_wconf 88' lang='grc' dir='ltr'>τῶν</span> <span class='ocrx_word' id='word_1_64' title='bbox 795 955 1094 1008; x_wconf 70' lang='grc' dir='ltr'>Νινευῖτῶν</span> <span class='ocrx_word' id='word_1_65' title='bbox 1149 956 1399 1023; x_wconf 83' lang='grc' dir='ltr'>γενέσθαι</span> <span class='ocrx_word' id='word_1_66' title='bbox 1447 955 1527 1009; x_wconf 87' lang='grc' dir='ltr'>δεῖ</span> <span class='ocrx_word' id='word_1_67' title='bbox 1577 957 1707 1025; x_wconf 82' lang='grc' dir='ltr'>παρ’</span> <span class='ocrx_word' id='word_1_68' title='bbox 1735 955 1912 1025; x_wconf 80' lang='grc' dir='ltr'>ἡμῶν.</span> 
     </span>
    </p>
   </div>
   <div class='ocr_carea' id='block_1_11' title="bbox 351 1037 1916 1107">
    <p class='ocr_par' dir='ltr' id='par_1_11' title="bbox 351 1037 1916 1107">
     <span class='ocr_line' id='line_1_11' title="bbox 351 1037 1916 1107; baseline 0.001 -16"><span class='ocrx_word' id='word_1_69' title='bbox 351 1041 481 1091; x_wconf 79' lang='grc' dir='ltr'>Ἔτι</span> <span class='ocrx_word' id='word_1_70' title='bbox 512 1038 671 1107; x_wconf 83' lang='grc' dir='ltr'>τρεῖς</span> <span class='ocrx_word' id='word_1_71' title='bbox 702 1037 929 1106; x_wconf 80' lang='grc' dir='ltr'>ἡμέραι,</span> <span class='ocrx_word' id='word_1_72' title='bbox 958 1039 1112 1107; x_wconf 74' lang='grc' dir='ltr'>φησὶ,</span> <span class='ocrx_word' id='word_1_73' title='bbox 1145 1039 1243 1093; x_wconf 74' lang='grc' dir='ltr'>καί</span> <span class='ocrx_word' id='word_1_74' title='bbox 1268 1041 1476 1093; x_wconf 78' lang='grc' dir='ltr'>Νινευῖ</span> <span class='ocrx_word' id='word_1_75' title='bbox 1502 1040 1916 1107; x_wconf 70' lang='grc' dir='ltr'>καταστραερή-</span> 
     </span>
    </p>
   </div>
   <div class='ocr_carea' id='block_1_12' title="bbox 343 1118 1916 1190">
    <p class='ocr_par' dir='ltr' id='par_1_12' title="bbox 343 1118 1916 1190">
     <span class='ocr_line' id='line_1_12' title="bbox 343 1118 1916 1190; baseline 0.001 -17"><span class='ocrx_word' id='word_1_76' title='bbox 343 1135 547 1173; x_wconf 80' lang='grc' dir='ltr'>σεται.</span> <span class='ocrx_word' id='word_1_77' title='bbox 577 1118 808 1188; x_wconf 75' lang='grc' dir='ltr'>Φοὸερὸν</span> <span class='ocrx_word' id='word_1_78' title='bbox 844 1119 905 1170; x_wconf 85' lang='grc' dir='ltr'>τὸ</span> <span class='ocrx_word' id='word_1_79' title='bbox 933 1122 1212 1189; x_wconf 73' lang='grc' dir='ltr'>κήρυγμα,</span> <span class='ocrx_word' id='word_1_80' title='bbox 1252 1120 1345 1171; x_wconf 68' lang='grc' dir='ltr'>καὶ</span> <span class='ocrx_word' id='word_1_81' title='bbox 1380 1120 1580 1188; x_wconf 85' lang='grc' dir='ltr'>πολλῆς</span> <span class='ocrx_word' id='word_1_82' title='bbox 1621 1121 1785 1190; x_wconf 87' lang='grc' dir='ltr'>γέμον</span> <span class='ocrx_word' id='word_1_83' title='bbox 1818 1119 1916 1188; x_wconf 78' lang='grc' dir='ltr'>τῆς</span> 
     </span>
    </p>
   </div>
   <div class='ocr_carea' id='block_1_13' title="bbox 341 1199 1917 1273">
    <p class='ocr_par' dir='ltr' id='par_1_13' title="bbox 341 1199 1917 1273">
     <span class='ocr_line' id='line_1_13' title="bbox 341 1199 1917 1273; baseline 0.001 -20"><span class='ocrx_word' id='word_1_84' title='bbox 341 1202 587 1268; x_wconf 78' lang='grc' dir='ltr'>ἀπειλῆς</span> <span class='ocrx_word' id='word_1_85' title='bbox 605 1216 619 1229; x_wconf 89' lang='grc'>·</span> <span class='ocrx_word' id='word_1_86' title='bbox 678 1199 795 1263; x_wconf 86' lang='grc' dir='ltr'>πῶς</span> <span class='ocrx_word' id='word_1_87' title='bbox 831 1200 939 1270; x_wconf 82' lang='grc' dir='ltr'>γάρ</span> <span class='ocrx_word' id='word_1_88' title='bbox 968 1199 1029 1253; x_wconf 73' lang='grc' dir='ltr'>οὗ</span> <span class='ocrx_word' id='word_1_89' title='bbox 1059 1219 1073 1265; x_wconf 86' lang='lat'>;</span> <span class='ocrx_word' id='word_1_90' title='bbox 1116 1200 1254 1271; x_wconf 86' lang='grc' dir='ltr'>μετά</span> <span class='ocrx_word' id='word_1_91' title='bbox 1284 1205 1431 1273; x_wconf 83' lang='grc' dir='ltr'>τρεῖς</span> <span class='ocrx_word' id='word_1_92' title='bbox 1455 1202 1669 1273; x_wconf 83' lang='grc' dir='ltr'>ἡμέρας</span> <span class='ocrx_word' id='word_1_93' title='bbox 1693 1202 1917 1271; x_wconf 86' lang='grc' dir='ltr'>προσδο-</span> 
     </span>
    </p>
   </div>
   <div class='ocr_carea' id='block_1_14' title="bbox 343 1282 1918 1355">
    <p class='ocr_par' dir='ltr' id='par_1_14' title="bbox 343 1282 1918 1355">
     <span class='ocr_line' id='line_1_14' title="bbox 343 1282 1918 1355; baseline 0.002 -21"><span class='ocrx_word' id='word_1_94' title='bbox 343 1285 455 1352; x_wconf 55' lang='lat' dir='ltr'>xii-1</span> <span class='ocrx_word' id='word_1_95' title='bbox 482 1282 583 1352; x_wconf 78' lang='grc' dir='ltr'>τὴν</span> <span class='ocrx_word' id='word_1_96' title='bbox 614 1282 766 1334; x_wconf 83' lang='grc' dir='ltr'>πόλιν</span> <span class='ocrx_word' id='word_1_97' title='bbox 793 1283 977 1345; x_wconf 83' lang='grc' dir='ltr'>αὐτοῖς</span> <span class='ocrx_word' id='word_1_98' title='bbox 1005 1284 1221 1335; x_wconf 82' lang='grc' dir='ltr'>ἔσεσθαι</span> <span class='ocrx_word' id='word_1_99' title='bbox 1258 1284 1448 1351; x_wconf 87' lang='grc' dir='ltr'>τάφον,</span> <span class='ocrx_word' id='word_1_100' title='bbox 1476 1284 1571 1336; x_wconf 75' lang='grc' dir='ltr'>καὶ</span> <span class='ocrx_word' id='word_1_101' title='bbox 1607 1287 1706 1355; x_wconf 85' lang='grc' dir='ltr'>μιᾷ</span> <span class='ocrx_word' id='word_1_102' title='bbox 1749 1303 1797 1337; x_wconf 83' lang='grc' dir='ltr'>τι</span> <span class='ocrx_word' id='word_1_103' title='bbox 1808 1302 1918 1354; x_wconf 85' lang='grc' dir='ltr'>μω-</span> 
     </span>
    </p>
   </div>
   <div class='ocr_carea' id='block_1_15' title="bbox 342 1364 1915 1438">
    <p class='ocr_par' dir='ltr' id='par_1_15' title="bbox 342 1364 1915 1438">
     <span class='ocr_line' id='line_1_15' title="bbox 342 1364 1915 1438; baseline 0.001 -21"><span class='ocrx_word' id='word_1_104' title='bbox 342 1367 475 1430; x_wconf 83' lang='grc' dir='ltr'>ρίας</span> <span class='ocrx_word' id='word_1_105' title='bbox 508 1364 621 1435; x_wconf 67' lang='grc' dir='ltr'>ἰδέα</span> <span class='ocrx_word' id='word_1_106' title='bbox 653 1365 861 1425; x_wconf 77' lang='grc' dir='ltr'>πάντας</span> <span class='ocrx_word' id='word_1_107' title='bbox 918 1365 1231 1420; x_wconf 83' lang='grc' dir='ltr'>ἀπολέσθαι.</span> <span class='ocrx_word' id='word_1_108' title='bbox 1294 1368 1357 1418; x_wconf 67' lang='lat' dir='ltr'>Et</span> <span class='ocrx_word' id='word_1_109' title='bbox 1409 1367 1518 1436; x_wconf 85' lang='grc' dir='ltr'>γάρ</span> <span class='ocrx_word' id='word_1_110' title='bbox 1563 1369 1690 1420; x_wconf 82' lang='grc' dir='ltr'>ὅταν</span> <span class='ocrx_word' id='word_1_111' title='bbox 1737 1368 1915 1438; x_wconf 79' lang='grc' dir='ltr'>συμϐῇ</span> 
     </span>
    </p>
   </div>
   <div class='ocr_carea' id='block_1_16' title="bbox 341 1442 1923 1521">
    <p class='ocr_par' dir='ltr' id='par_1_16' title="bbox 341 1442 1923 1521">
     <span class='ocr_line' id='line_1_16' title="bbox 341 1442 1923 1521; baseline 0.003 -23"><span class='ocrx_word' id='word_1_112' title='bbox 341 1449 495 1500; x_wconf 74' lang='grc' dir='ltr'>κατὰ</span> <span class='ocrx_word' id='word_1_113' title='bbox 530 1450 624 1499; x_wconf 83' lang='grc' dir='ltr'>τὸν</span> <span class='ocrx_word' id='word_1_114' title='bbox 654 1448 845 1517; x_wconf 75' lang='grc' dir='ltr'>καιρὸν</span> <span class='ocrx_word' id='word_1_115' title='bbox 870 1449 928 1500; x_wconf 88' lang='grc' dir='ltr'>ἐν</span> <span class='ocrx_word' id='word_1_116' title='bbox 953 1452 1098 1521; x_wconf 81' lang='grc' dir='ltr'>οἰκίᾳ</span> <span class='ocrx_word' id='word_1_117' title='bbox 1131 1452 1226 1521; x_wconf 77' lang='grc' dir='ltr'>μιᾷ</span> <span class='ocrx_word' id='word_1_118' title='bbox 1259 1450 1351 1504; x_wconf 85' lang='grc' dir='ltr'>δύο</span> <span class='ocrx_word' id='word_1_119' title='bbox 1380 1451 1575 1514; x_wconf 82' lang='grc' dir='ltr'>παῖδας</span> <span class='ocrx_word' id='word_1_120' title='bbox 1597 1442 1923 1516; x_wconf 80' lang='grc' dir='ltr'>ἀπολέσθαι,</span> 
     </span>
    </p>
   </div>
   <div class='ocr_carea' id='block_1_17' title="bbox 340 1532 1919 1603">
    <p class='ocr_par' dir='ltr' id='par_1_17' title="bbox 340 1532 1919 1603">
     <span class='ocr_line' id='line_1_17' title="bbox 340 1532 1919 1603; baseline 0.001 -21"><span class='ocrx_word' id='word_1_121' title='bbox 340 1532 631 1602; x_wconf 66' lang='grc' dir='ltr'>ἀφόρητον</span> <span class='ocrx_word' id='word_1_122' title='bbox 662 1535 872 1600; x_wconf 79' lang='grc' dir='ltr'>γίνεται</span> <span class='ocrx_word' id='word_1_123' title='bbox 906 1535 966 1588; x_wconf 86' lang='grc' dir='ltr'>τὸ</span> <span class='ocrx_word' id='word_1_124' title='bbox 1014 1535 1205 1594; x_wconf 78' lang='grc' dir='ltr'>δεινὸν.</span> <span class='ocrx_word' id='word_1_125' title='bbox 1240 1537 1335 1589; x_wconf 74' lang='grc' dir='ltr'>καὶ</span> <span class='ocrx_word' id='word_1_126' title='bbox 1386 1538 1433 1587; x_wconf 86' lang='grc' dir='ltr'>εί</span> <span class='ocrx_word' id='word_1_127' title='bbox 1488 1534 1565 1603; x_wconf 85' lang='grc' dir='ltr'>τῷ</span> <span class='ocrx_word' id='word_1_128' title='bbox 1599 1534 1717 1587; x_wconf 81' lang='grc' dir='ltr'>Ἰὼϐ</span> <span class='ocrx_word' id='word_1_129' title='bbox 1762 1533 1919 1585; x_wconf 81' lang='grc' dir='ltr'>τοῦτο</span> 
     </span>
    </p>
   </div>
   <div class='ocr_carea' id='block_1_18' title="bbox 345 1613 1918 1688">
    <p class='ocr_par' dir='ltr' id='par_1_18' title="bbox 345 1613 1918 1688">
     <span class='ocr_line' id='line_1_18' title="bbox 345 1613 1918 1688; baseline 0.005 -25"><span class='ocrx_word' id='word_1_130' title='bbox 345 1614 591 1679; x_wconf 78' lang='grc' dir='ltr'>μάλιστα</span> <span class='ocrx_word' id='word_1_131' title='bbox 650 1616 867 1668; x_wconf 84' lang='grc' dir='ltr'>πάντων</span> <span class='ocrx_word' id='word_1_132' title='bbox 927 1616 1101 1681; x_wconf 81' lang='grc' dir='ltr'>ἔδοξεν</span> <span class='ocrx_word' id='word_1_133' title='bbox 1146 1613 1284 1669; x_wconf 78' lang='grc' dir='ltr'>εἶναι</span> <span class='ocrx_word' id='word_1_134' title='bbox 1323 1618 1613 1688; x_wconf 86' lang='grc' dir='ltr'>ἀφόρητον,</span> <span class='ocrx_word' id='word_1_135' title='bbox 1645 1617 1726 1667; x_wconf 76' lang='grc' dir='ltr'>ὅτι</span> <span class='ocrx_word' id='word_1_136' title='bbox 1755 1616 1918 1667; x_wconf 76' lang='grc' dir='ltr'>πᾶσιν</span> 
     </span>
    </p>
   </div>
   <div class='ocr_carea' id='block_1_19' title="bbox 341 1696 1918 1766">
    <p class='ocr_par' dir='ltr' id='par_1_19' title="bbox 341 1696 1918 1766">
     <span class='ocr_line' id='line_1_19' title="bbox 341 1696 1918 1766; baseline 0.003 -21"><span class='ocrx_word' id='word_1_137' title='bbox 341 1696 516 1746; x_wconf 71' lang='grc' dir='ltr'>αὐτοῦ</span> <span class='ocrx_word' id='word_1_138' title='bbox 547 1700 659 1759; x_wconf 84' lang='grc' dir='ltr'>τοῖς</span> <span class='ocrx_word' id='word_1_139' title='bbox 684 1700 871 1750; x_wconf 76' lang='grc' dir='ltr'>παισὶν</span> <span class='ocrx_word' id='word_1_140' title='bbox 906 1700 1097 1750; x_wconf 76' lang='grc' dir='ltr'>ἔπεσεν</span> <span class='ocrx_word' id='word_1_141' title='bbox 1126 1710 1151 1738; x_wconf 74' lang='grc' dir='ltr'>ει</span> <span class='ocrx_word' id='word_1_142' title='bbox 1182 1702 1211 1751; x_wconf 86' lang='lat'>6</span> <span class='ocrx_word' id='word_1_143' title='bbox 1238 1699 1449 1766; x_wconf 72' lang='grc' dir='ltr'>ὄροφος,</span> <span class='ocrx_word' id='word_1_144' title='bbox 1487 1699 1578 1751; x_wconf 72' lang='grc' dir='ltr'>καὶ</span> <span class='ocrx_word' id='word_1_145' title='bbox 1619 1698 1790 1759; x_wconf 76' lang='grc' dir='ltr'>οὕτως</span> <span class='ocrx_word' id='word_1_146' title='bbox 1826 1699 1918 1749; x_wconf 83' lang='grc' dir='ltr'>άν-</span> 
     </span>
    </p>
   </div>
   <div class='ocr_carea' id='block_1_20' title="bbox 340 1777 1918 1851">
    <p class='ocr_par' dir='ltr' id='par_1_20' title="bbox 340 1777 1918 1851">
     <span class='ocr_line' id='line_1_20' title="bbox 340 1777 1918 1851; baseline 0.002 -22"><span class='ocrx_word' id='word_1_147' title='bbox 340 1777 629 1848; x_wconf 76' lang='grc' dir='ltr'>ῃρέθησαν</span> <span class='ocrx_word' id='word_1_148' title='bbox 651 1796 665 1808; x_wconf 94' lang='grc'>·</span> <span class='ocrx_word' id='word_1_149' title='bbox 699 1782 752 1832; x_wconf 89' lang='grc' dir='ltr'>τί</span> <span class='ocrx_word' id='word_1_150' title='bbox 776 1777 866 1850; x_wconf 82' lang='grc' dir='ltr'>ἧν,</span> <span class='ocrx_word' id='word_1_151' title='bbox 899 1781 1026 1833; x_wconf 87' lang='grc' dir='ltr'>ίδεῖν</span> <span class='ocrx_word' id='word_1_152' title='bbox 1055 1782 1115 1833; x_wconf 79' lang='grc' dir='ltr'>οὐ</span> <span class='ocrx_word' id='word_1_153' title='bbox 1150 1781 1277 1851; x_wconf 89' lang='grc' dir='ltr'>μίαν</span> <span class='ocrx_word' id='word_1_154' title='bbox 1304 1783 1499 1841; x_wconf 79' lang='grc' dir='ltr'>οἰκίαν,</span> <span class='ocrx_word' id='word_1_155' title='bbox 1532 1781 1652 1833; x_wconf 72' lang='grc' dir='ltr'>οὐδὲ</span> <span class='ocrx_word' id='word_1_156' title='bbox 1672 1781 1764 1833; x_wconf 84' lang='grc' dir='ltr'>δύο</span> <span class='ocrx_word' id='word_1_157' title='bbox 1793 1783 1918 1833; x_wconf 85' lang='grc' dir='ltr'>παῖ-</span> 
     </span>
    </p>
   </div>
   <div class='ocr_carea' id='block_1_21' title="bbox 339 1860 1918 1932">
    <p class='ocr_par' dir='ltr' id='par_1_21' title="bbox 339 1860 1918 1932">
     <span class='ocr_line' id='line_1_21' title="bbox 339 1860 1918 1932; baseline 0.002 -20"><span class='ocrx_word' id='word_1_158' title='bbox 339 1860 470 1922; x_wconf 80' lang='grc' dir='ltr'>δας,</span> <span class='ocrx_word' id='word_1_159' title='bbox 505 1861 622 1913; x_wconf 83' lang='grc' dir='ltr'>ἀλλ’</span> <span class='ocrx_word' id='word_1_160' title='bbox 671 1862 821 1925; x_wconf 82' lang='grc' dir='ltr'>ἔθνος</span> <span class='ocrx_word' id='word_1_161' title='bbox 863 1862 1073 1915; x_wconf 83' lang='grc' dir='ltr'>δώδεκα</span> <span class='ocrx_word' id='word_1_162' title='bbox 1120 1864 1396 1931; x_wconf 81' lang='grc' dir='ltr'>μυριάδων</span> <span class='ocrx_word' id='word_1_163' title='bbox 1430 1864 1535 1916; x_wconf 81' lang='grc' dir='ltr'>ὑπὸ</span> <span class='ocrx_word' id='word_1_164' title='bbox 1566 1862 1675 1919; x_wconf 81' lang='grc' dir='ltr'>τῶν</span> <span class='ocrx_word' id='word_1_165' title='bbox 1705 1863 1918 1932; x_wconf 83' lang='grc' dir='ltr'>ὀρόφων</span> 
     </span>
    </p>
   </div>
   <div class='ocr_carea' id='block_1_22' title="bbox 343 1943 1918 2014">
    <p class='ocr_par' dir='ltr' id='par_1_22' title="bbox 343 1943 1918 2014">
     <span class='ocr_line' id='line_1_22' title="bbox 343 1943 1918 2014; baseline 0 -19"><span class='ocrx_word' id='word_1_166' title='bbox 343 1943 876 2013; x_wconf 74' lang='grc' dir='ltr'>καταχωννύμενονς</span> <span class='ocrx_word' id='word_1_167' title='bbox 920 1947 1059 1997; x_wconf 83' lang='grc' dir='ltr'>Ἰστε</span> <span class='ocrx_word' id='word_1_168' title='bbox 1113 1945 1297 2014; x_wconf 77' lang='grc' dir='ltr'>ἡλίκον</span> <span class='ocrx_word' id='word_1_169' title='bbox 1326 1947 1387 1998; x_wconf 74' lang='grc' dir='ltr'>τὸ</span> <span class='ocrx_word' id='word_1_170' title='bbox 1435 1946 1626 1999; x_wconf 90' lang='grc' dir='ltr'>δεινόν.</span> <span class='ocrx_word' id='word_1_171' title='bbox 1673 1947 1782 1999; x_wconf 79' lang='grc' dir='ltr'>Καὶ</span> <span class='ocrx_word' id='word_1_172' title='bbox 1809 1945 1918 2014; x_wconf 84' lang='grc' dir='ltr'>γάρ</span> 
     </span>
    </p>
   </div>
   <div class='ocr_carea' id='block_1_23' title="bbox 345 2025 1921 2097">
    <p class='ocr_par' dir='ltr' id='par_1_23' title="bbox 345 2025 1921 2097">
     <span class='ocr_line' id='line_1_23' title="bbox 345 2025 1921 2097; baseline 0.003 -21"><span class='ocrx_word' id='word_1_173' title='bbox 345 2028 449 2076; x_wconf 72' lang='grc' dir='ltr'>καὶ</span> <span class='ocrx_word' id='word_1_174' title='bbox 480 2027 617 2093; x_wconf 78' lang='grc' dir='ltr'>ημῖν</span> <span class='ocrx_word' id='word_1_175' title='bbox 649 2025 840 2096; x_wconf 89' lang='grc' dir='ltr'>πρώην</span> <span class='ocrx_word' id='word_1_176' title='bbox 873 2025 1010 2095; x_wconf 77' lang='grc' dir='ltr'>αῦτη</span> <span class='ocrx_word' id='word_1_177' title='bbox 1052 2026 1276 2093; x_wconf 80' lang='grc' dir='ltr'>γέγονεν</span> <span class='ocrx_word' id='word_1_178' title='bbox 1308 2029 1341 2097; x_wconf 81' lang='grc' dir='ltr'>ἡ</span> <span class='ocrx_word' id='word_1_179' title='bbox 1369 2027 1586 2097; x_wconf 79' lang='grc' dir='ltr'>ἀπειλὴ,</span> <span class='ocrx_word' id='word_1_180' title='bbox 1619 2028 1679 2080; x_wconf 86' lang='grc' dir='ltr'>ού</span> <span class='ocrx_word' id='word_1_181' title='bbox 1711 2029 1921 2097; x_wconf 79' lang='grc' dir='ltr'>προφήο</span> 
     </span>
    </p>
   </div>
   <div class='ocr_carea' id='block_1_24' title="bbox 341 2108 1919 2181">
    <p class='ocr_par' dir='ltr' id='par_1_24' title="bbox 341 2108 1919 2181">
     <span class='ocr_line' id='line_1_24' title="bbox 341 2108 1919 2181; baseline 0.004 -25"><span class='ocrx_word' id='word_1_182' title='bbox 341 2122 448 2158; x_wconf 79' lang='grc' dir='ltr'>του</span> <span class='ocrx_word' id='word_1_183' title='bbox 468 2108 613 2169; x_wconf 79' lang='grc' dir='ltr'>τινὸς</span> <span class='ocrx_word' id='word_1_184' title='bbox 666 2110 848 2179; x_wconf 83' lang='grc' dir='ltr'>φωνὴν</span> <span class='ocrx_word' id='word_1_185' title='bbox 879 2109 1127 2176; x_wconf 77' lang='grc' dir='ltr'>ἀφιέντος</span> <span class='ocrx_word' id='word_1_186' title='bbox 1169 2110 1250 2175; x_wconf 81' lang='grc' dir='ltr'>(οὐ</span> <span class='ocrx_word' id='word_1_187' title='bbox 1294 2110 1402 2180; x_wconf 83' lang='grc' dir='ltr'>γὰρ</span> <span class='ocrx_word' id='word_1_188' title='bbox 1434 2109 1570 2174; x_wconf 79' lang='grc' dir='ltr'>ἀξιοι</span> <span class='ocrx_word' id='word_1_189' title='bbox 1612 2112 1771 2181; x_wconf 75' lang='grc' dir='ltr'>ἡμεῖς</span> <span class='ocrx_word' id='word_1_190' title='bbox 1808 2127 1919 2163; x_wconf 86' lang='grc' dir='ltr'>τοι·</span> 
     </span>
    </p>
   </div>
   <div class='ocr_carea' id='block_1_25' title="bbox 342 2189 1922 2262">
    <p class='ocr_par' dir='ltr' id='par_1_25' title="bbox 342 2189 1922 2262">
     <span class='ocr_line' id='line_1_25' title="bbox 342 2189 1922 2262; baseline 0.003 -22"><span class='ocrx_word' id='word_1_191' title='bbox 342 2189 524 2257; x_wconf 75' lang='grc' dir='ltr'>αὐτ-ης</span> <span class='ocrx_word' id='word_1_192' title='bbox 549 2190 782 2243; x_wconf 86' lang='grc' dir='ltr'>ἀκοῦσαι</span> <span class='ocrx_word' id='word_1_193' title='bbox 812 2192 1040 2261; x_wconf 80' lang='grc' dir='ltr'>φωνῆς),</span> <span class='ocrx_word' id='word_1_194' title='bbox 1059 2191 1194 2244; x_wconf 80' lang='grc' dir='ltr'>ἀλλὰ</span> <span class='ocrx_word' id='word_1_195' title='bbox 1228 2192 1407 2262; x_wconf 82' lang='grc' dir='ltr'>πάσης</span> <span class='ocrx_word' id='word_1_196' title='bbox 1435 2193 1731 2261; x_wconf 83' lang='grc' dir='ltr'>σάλπιγγος</span> <span class='ocrx_word' id='word_1_197' title='bbox 1760 2193 1922 2261; x_wconf 80' lang='grc' dir='ltr'>εὐση-</span> 
     </span>
    </p>
   </div>
   <div class='ocr_carea' id='block_1_26' title="bbox 349 2272 1917 2345">
    <p class='ocr_par' dir='ltr' id='par_1_26' title="bbox 349 2272 1917 2345">
     <span class='ocr_line' id='line_1_26' title="bbox 349 2272 1917 2345; baseline 0.003 -24"><span class='ocrx_word' id='word_1_198' title='bbox 349 2272 586 2340; x_wconf 80' lang='grc' dir='ltr'>μότερον</span> <span class='ocrx_word' id='word_1_199' title='bbox 614 2274 714 2343; x_wconf 84' lang='grc' dir='ltr'>τῆς</span> <span class='ocrx_word' id='word_1_200' title='bbox 764 2273 970 2327; x_wconf 84' lang='grc' dir='ltr'>ἄνωθεν</span> <span class='ocrx_word' id='word_1_201' title='bbox 1001 2274 1228 2343; x_wconf 81' lang='grc' dir='ltr'>ἀπειλῆς</span> <span class='ocrx_word' id='word_1_202' title='bbox 1284 2275 1719 2345; x_wconf 85' lang='grc' dir='ltr'>ἀνακραγούσης.</span> <span class='ocrx_word' id='word_1_203' title='bbox 1759 2274 1917 2337; x_wconf 70' lang='grc' dir='ltr'>Ἀλλ’,</span> 
     </span>
    </p>
   </div>
   <div class='ocr_carea' id='block_1_27' title="bbox 347 2354 1927 2427">
    <p class='ocr_par' dir='ltr' id='par_1_27' title="bbox 347 2354 1927 2427">
     <span class='ocr_line' id='line_1_27' title="bbox 347 2354 1927 2427; baseline 0.002 -22"><span class='ocrx_word' id='word_1_204' title='bbox 347 2354 490 2423; x_wconf 82' lang='grc' dir='ltr'>ὅπερ</span> <span class='ocrx_word' id='word_1_205' title='bbox 523 2355 683 2423; x_wconf 79' lang='grc' dir='ltr'>ἔφην,</span> <span class='ocrx_word' id='word_1_206' title='bbox 711 2354 843 2409; x_wconf 73' lang='grc' dir='ltr'>Ἔτι</span> <span class='ocrx_word' id='word_1_207' title='bbox 896 2358 1052 2425; x_wconf 81' lang='grc' dir='ltr'>τρεῖς</span> <span class='ocrx_word' id='word_1_208' title='bbox 1093 2356 1325 2426; x_wconf 78' lang='grc' dir='ltr'>ἡμέραι,</span> <span class='ocrx_word' id='word_1_209' title='bbox 1360 2359 1517 2427; x_wconf 75' lang='grc' dir='ltr'>φησὶ,</span> <span class='ocrx_word' id='word_1_210' title='bbox 1570 2359 1668 2411; x_wconf 75' lang='grc' dir='ltr'>καὶ</span> <span class='ocrx_word' id='word_1_211' title='bbox 1722 2356 1927 2411; x_wconf 77' lang='grc' dir='ltr'>Νινευτ</span> 
     </span>
    </p>
   </div>
   <div class='ocr_carea' id='block_1_28' title="bbox 348 2437 1923 2511">
    <p class='ocr_par' dir='ltr' id='par_1_28' title="bbox 348 2437 1923 2511">
     <span class='ocr_line' id='line_1_28' title="bbox 348 2437 1923 2511; baseline 0.004 -25"><span class='ocrx_word' id='word_1_212' title='bbox 348 2437 941 2506; x_wconf 60' lang='grc' dir='ltr'>καταστραφήσεται.</span> <span class='ocrx_word' id='word_1_213' title='bbox 992 2439 1202 2509; x_wconf 80' lang='grc' dir='ltr'>Φοσερά</span> <span class='ocrx_word' id='word_1_214' title='bbox 1236 2440 1403 2502; x_wconf 77' lang='grc' dir='ltr'>ὄντως</span> <span class='ocrx_word' id='word_1_215' title='bbox 1447 2442 1480 2511; x_wconf 84' lang='grc' dir='ltr'>ή</span> <span class='ocrx_word' id='word_1_216' title='bbox 1521 2439 1739 2510; x_wconf 85' lang='grc' dir='ltr'>ἀπειλή.</span> <span class='ocrx_word' id='word_1_217' title='bbox 1788 2438 1923 2492; x_wconf 83' lang='grc' dir='ltr'>Ἀλλ’</span> 
     </span>
    </p>
   </div>
   <div class='ocr_carea' id='block_1_29' title="bbox 349 2518 1924 2594">
    <p class='ocr_par' dir='ltr' id='par_1_29' title="bbox 349 2518 1924 2594">
     <span class='ocr_line' id='line_1_29' title="bbox 349 2518 1924 2594; baseline 0.005 -25"><span class='ocrx_word' id='word_1_218' title='bbox 349 2518 508 2571; x_wconf 73' lang='grc' dir='ltr'>οὐδὲν</span> <span class='ocrx_word' id='word_1_219' title='bbox 550 2521 794 2575; x_wconf 87' lang='grc' dir='ltr'>τοιοῦτόν</span> <span class='ocrx_word' id='word_1_220' title='bbox 842 2523 958 2575; x_wconf 89' lang='grc' dir='ltr'>ἐστι</span> <span class='ocrx_word' id='word_1_221' title='bbox 992 2522 1105 2576; x_wconf 87' lang='grc' dir='ltr'>νῦν.</span> <span class='ocrx_word' id='word_1_222' title='bbox 1153 2523 1228 2576; x_wconf 86' lang='grc' dir='ltr'><strong>Οὐ</strong></span> <span class='ocrx_word' id='word_1_223' title='bbox 1274 2523 1381 2592; x_wconf 74' lang='grc' dir='ltr'>γὰρ</span> <span class='ocrx_word' id='word_1_224' title='bbox 1412 2523 1490 2576; x_wconf 79' lang='grc' dir='ltr'>ἔτι</span> <span class='ocrx_word' id='word_1_225' title='bbox 1523 2525 1669 2594; x_wconf 83' lang='grc' dir='ltr'>τρεῖς</span> <span class='ocrx_word' id='word_1_226' title='bbox 1699 2524 1924 2594; x_wconf 76' lang='grc' dir='ltr'>ἡμέραι,</span> 
     </span>
    </p>
   </div>
   <div class='ocr_carea' id='block_1_30' title="bbox 419 2694 1405 2759">
    <p class='ocr_par' dir='ltr' id='par_1_30' title="bbox 419 2694 1405 2759">
     <span class='ocr_line' id='line_1_30' title="bbox 419 2694 1405 2759; baseline 0.005 -18"><span class='ocrx_word' id='word_1_227' title='bbox 419 2703 446 2734; x_wconf 80' lang='grc' dir='ltr'>ι</span> <span class='ocrx_word' id='word_1_228' title='bbox 478 2694 681 2743; x_wconf 71' lang='lat' dir='ltr'>Rectius</span> <span class='ocrx_word' id='word_1_229' title='bbox 694 2704 945 2759; x_wconf 79' lang='lat' dir='ltr'>sumptum</span> <span class='ocrx_word' id='word_1_230' title='bbox 969 2699 1140 2747; x_wconf 76' lang='lat' dir='ltr'>fuisset</span> <span class='ocrx_word' id='word_1_231' title='bbox 1162 2698 1405 2746; x_wconf 83' lang='grc' dir='ltr'>ἐπέπεσεν.</span> 
     </span>
    </p>
   </div>
   <div class='ocr_carea' id='block_1_31' title="bbox 358 2870 765 2883">
    <p class='ocr_par' dir='ltr' id='par_1_31' title="bbox 358 2870 765 2883">
     <span class='ocr_line' id='line_1_31' title="bbox 358 2870 765 2883; baseline -0.002 0"><span class='ocrx_word' id='word_1_232' title='bbox 358 2870 765 2883; x_wconf 48' lang='lat'>*—</span> 
     </span>
    </p>
   </div>
   <div class='ocr_carea' id='block_1_32' title="bbox 2015 374 3579 447">
    <p class='ocr_par' dir='ltr' id='par_1_32' title="bbox 2015 374 3579 447">
     <span class='ocr_line' id='line_1_32' title="bbox 2015 374 3579 447; baseline -0.002 -17"><span class='ocrx_word' id='word_1_233' title='bbox 2015 374 2149 431; x_wconf 74' lang='grc' dir='ltr'>οὑδὲ⁵</span> <span class='ocrx_word' id='word_1_234' title='bbox 2171 376 2361 430; x_wconf 81' lang='grc' dir='ltr'>Νινευῒ</span> <span class='ocrx_word' id='word_1_235' title='bbox 2390 378 2925 447; x_wconf 78' lang='grc' dir='ltr'>καταστραφήσεται,</span> <span class='ocrx_word' id='word_1_236' title='bbox 2959 374 3099 428; x_wconf 85' lang='grc' dir='ltr'>ἀλλά</span> <span class='ocrx_word' id='word_1_237' title='bbox 3146 375 3337 428; x_wconf 70' lang='grc' dir='ltr'>πολλαὶ</span> <span class='ocrx_word' id='word_1_238' title='bbox 3371 376 3579 447; x_wconf 69' lang='grc' dir='ltr'>ἡμέρας</span> 
     </span>
    </p>
   </div>
   <div class='ocr_carea' id='block_1_33' title="bbox 2014 452 3580 528">
    <p class='ocr_par' dir='ltr' id='par_1_33' title="bbox 2014 452 3580 528">
     <span class='ocr_line' id='line_1_33' title="bbox 2014 452 3580 528; baseline 0.001 -16"><span class='ocrx_word' id='word_1_239' title='bbox 2014 458 2072 523; x_wconf 80' lang='grc' dir='ltr'>ἐξ</span> <span class='ocrx_word' id='word_1_240' title='bbox 2100 452 2161 512; x_wconf 77' lang='grc' dir='ltr'>οῦ</span> <span class='ocrx_word' id='word_1_241' title='bbox 2187 459 2284 528; x_wconf 77' lang='grc' dir='ltr'>τῆς</span> <span class='ocrx_word' id='word_1_242' title='bbox 2312 459 2638 528; x_wconf 82' lang='grc' dir='ltr'>οἰκουμένης</span> <span class='ocrx_word' id='word_1_243' title='bbox 2661 461 2696 528; x_wconf 83' lang='grc' dir='ltr'><strong>ἡ</strong></span> <span class='ocrx_word' id='word_1_244' title='bbox 2723 456 3016 525; x_wconf 82' lang='grc' dir='ltr'>Ἐκκλησία</span> <span class='ocrx_word' id='word_1_245' title='bbox 3039 456 3466 527; x_wconf 71' lang='grc' dir='ltr'>κατέστραπται,</span> <span class='ocrx_word' id='word_1_246' title='bbox 3486 462 3580 513; x_wconf 76' lang='grc' dir='ltr'>καὶ</span> 
     </span>
    </p>
   </div>
   <div class='ocr_carea' id='block_1_34' title="bbox 2014 538 3574 611">
    <p class='ocr_par' dir='ltr' id='par_1_34' title="bbox 2014 538 3574 611">
     <span class='ocr_line' id='line_1_34' title="bbox 2014 538 3574 611; baseline 0 -18"><span class='ocrx_word' id='word_1_247' title='bbox 2014 543 2094 604; x_wconf 79' lang='grc' dir='ltr'>είς</span> <span class='ocrx_word' id='word_1_248' title='bbox 2128 541 2322 610; x_wconf 72' lang='grc' dir='ltr'>ἔδαφος</span> <span class='ocrx_word' id='word_1_249' title='bbox 2353 544 2550 602; x_wconf 90' lang='grc' dir='ltr'>κεῖται,</span> <span class='ocrx_word' id='word_1_250' title='bbox 2582 542 2798 594; x_wconf 88' lang='grc' dir='ltr'>πάντων</span> <span class='ocrx_word' id='word_1_251' title='bbox 2829 538 2890 603; x_wconf 81' lang='grc' dir='ltr'>ἐξ</span> <span class='ocrx_word' id='word_1_252' title='bbox 2914 540 3033 609; x_wconf 78' lang='grc' dir='ltr'>ἴσης</span> <span class='ocrx_word' id='word_1_253' title='bbox 3054 538 3131 608; x_wconf 82' lang='grc' dir='ltr'>τῷ</span> <span class='ocrx_word' id='word_1_254' title='bbox 3164 538 3319 608; x_wconf 84' lang='grc' dir='ltr'>κακῷ</span> <span class='ocrx_word' id='word_1_255' title='bbox 3353 556 3574 611; x_wconf 69' lang='grc' dir='ltr'>κατιχου</span> 
     </span>
    </p>
   </div>
   <div class='ocr_carea' id='block_1_35' title="bbox 1966 621 3581 692">
    <p class='ocr_par' dir='ltr' id='par_1_35' title="bbox 1966 621 3581 692">
     <span class='ocr_line' id='line_1_35' title="bbox 1966 621 3581 692; baseline 0 -17"><span class='ocrx_word' id='word_1_256' title='bbox 1966 642 1980 665; x_wconf 64' lang='grc' dir='ltr'><strong>η</strong></span> <span class='ocrx_word' id='word_1_257' title='bbox 2017 624 2213 692; x_wconf 84' lang='grc' dir='ltr'>μένων,</span> <span class='ocrx_word' id='word_1_258' title='bbox 2264 623 2460 692; x_wconf 78' lang='grc' dir='ltr'>μᾶλλον</span> <span class='ocrx_word' id='word_1_259' title='bbox 2502 623 2559 675; x_wconf 84' lang='grc' dir='ltr'>δὲ</span> <span class='ocrx_word' id='word_1_260' title='bbox 2604 622 2710 675; x_wconf 88' lang='grc' dir='ltr'>τῶν</span> <span class='ocrx_word' id='word_1_261' title='bbox 2746 622 2803 673; x_wconf 86' lang='grc' dir='ltr'>ἐν</span> <span class='ocrx_word' id='word_1_262' title='bbox 2826 622 3021 691; x_wconf 81' lang='grc' dir='ltr'>ἀρχαῖς</span> <span class='ocrx_word' id='word_1_263' title='bbox 3055 621 3223 674; x_wconf 76' lang='grc' dir='ltr'>όντων</span> <span class='ocrx_word' id='word_1_264' title='bbox 3251 624 3364 684; x_wconf 88' lang='grc' dir='ltr'>τοῖς</span> <span class='ocrx_word' id='word_1_265' title='bbox 3397 622 3581 684; x_wconf 68' lang='grc' dir='ltr'>αὐτοῖς</span> 
     </span>
    </p>
   </div>
   <div class='ocr_carea' id='block_1_36' title="bbox 2015 703 3579 773">
    <p class='ocr_par' dir='ltr' id='par_1_36' title="bbox 2015 703 3579 773">
     <span class='ocr_line' id='line_1_36' title="bbox 2015 703 3579 773; baseline -0.001 -16"><span class='ocrx_word' id='word_1_266' title='bbox 2015 705 2348 758; x_wconf 81' lang='grc' dir='ltr'>ὑπευθύνων·</span> <span class='ocrx_word' id='word_1_267' title='bbox 2409 705 2531 758; x_wconf 81' lang='grc' dir='ltr'>ὅθεν</span> <span class='ocrx_word' id='word_1_268' title='bbox 2590 706 2684 757; x_wconf 74' lang='grc' dir='ltr'>καὶ</span> <span class='ocrx_word' id='word_1_269' title='bbox 2740 703 2803 755; x_wconf 78' lang='grc' dir='ltr'>τὸ</span> <span class='ocrx_word' id='word_1_270' title='bbox 2863 704 3031 756; x_wconf 84' lang='grc' dir='ltr'>κακὸν</span> <span class='ocrx_word' id='word_1_271' title='bbox 3092 706 3293 773; x_wconf 85' lang='grc' dir='ltr'>χεῖρον,</span> <span class='ocrx_word' id='word_1_272' title='bbox 3324 706 3433 773; x_wconf 78' lang='grc' dir='ltr'>ὅσῳ</span> <span class='ocrx_word' id='word_1_273' title='bbox 3485 704 3579 756; x_wconf 75' lang='grc' dir='ltr'>καὶ</span> 
     </span>
    </p>
   </div>
   <div class='ocr_carea' id='block_1_37' title="bbox 2016 784 3581 855">
    <p class='ocr_par' dir='ltr' id='par_1_37' title="bbox 2016 784 3581 855">
     <span class='ocr_line' id='line_1_37' title="bbox 2016 784 3581 855; baseline -0.001 -16"><span class='ocrx_word' id='word_1_274' title='bbox 2016 788 2213 839; x_wconf 87' lang='grc' dir='ltr'>πλείων</span> <span class='ocrx_word' id='word_1_275' title='bbox 2242 787 2424 849; x_wconf 79' lang='grc' dir='ltr'>αὐτοῖς</span> <span class='ocrx_word' id='word_1_276' title='bbox 2460 789 2490 855; x_wconf 74' lang='grc' dir='ltr'>ἡ</span> <span class='ocrx_word' id='word_1_277' title='bbox 2536 786 2773 855; x_wconf 84' lang='grc' dir='ltr'>ἀνάγκη.</span> <span class='ocrx_word' id='word_1_278' title='bbox 2806 787 2896 853; x_wconf 83' lang='grc' dir='ltr'>Μὴ</span> <span class='ocrx_word' id='word_1_279' title='bbox 2928 785 3108 837; x_wconf 88' lang='grc' dir='ltr'>τοίνυν</span> <span class='ocrx_word' id='word_1_280' title='bbox 3136 785 3452 855; x_wconf 83' lang='grc' dir='ltr'>θαυμάσητε</span> <span class='ocrx_word' id='word_1_281' title='bbox 3491 784 3581 838; x_wconf 76' lang='grc' dir='ltr'>διὰ</span> 
     </span>
    </p>
   </div>
   <div class='ocr_carea' id='block_1_38' title="bbox 2014 867 3577 939">
    <p class='ocr_par' dir='ltr' id='par_1_38' title="bbox 2014 867 3577 939">
     <span class='ocr_line' id='line_1_38' title="bbox 2014 867 3577 939; baseline -0.003 -16"><span class='ocrx_word' id='word_1_282' title='bbox 2014 872 2068 923; x_wconf 83' lang='grc' dir='ltr'>τί</span> <span class='ocrx_word' id='word_1_283' title='bbox 2093 871 2314 939; x_wconf 80' lang='grc' dir='ltr'>μείζονα</span> <span class='ocrx_word' id='word_1_284' title='bbox 2341 869 2622 939; x_wconf 78' lang='grc' dir='ltr'>παρῄνεσα</span> <span class='ocrx_word' id='word_1_285' title='bbox 2656 870 2828 921; x_wconf 86' lang='grc' dir='ltr'>ποιεῖν</span> <span class='ocrx_word' id='word_1_286' title='bbox 2855 867 2962 919; x_wconf 88' lang='grc' dir='ltr'>τῶν</span> <span class='ocrx_word' id='word_1_287' title='bbox 2991 867 3289 919; x_wconf 84' lang='grc' dir='ltr'>Νινευῖτῶν</span> <span class='ocrx_word' id='word_1_288' title='bbox 3309 884 3322 898; x_wconf 91' lang='grc'>·</span> <span class='ocrx_word' id='word_1_289' title='bbox 3380 867 3577 936; x_wconf 79' lang='grc' dir='ltr'>μᾶλλον</span> 
     </span>
    </p>
   </div>
   <div class='ocr_carea' id='block_1_39' title="bbox 2014 950 3582 1022">
    <p class='ocr_par' dir='ltr' id='par_1_39' title="bbox 2014 950 3582 1022">
     <span class='ocr_line' id='line_1_39' title="bbox 2014 950 3582 1022; baseline -0.001 -17"><span class='ocrx_word' id='word_1_290' title='bbox 2014 953 2068 1005; x_wconf 81' lang='grc' dir='ltr'>δὲ</span> <span class='ocrx_word' id='word_1_291' title='bbox 2099 954 2159 1005; x_wconf 83' lang='grc' dir='ltr'>ού</span> <span class='ocrx_word' id='word_1_292' title='bbox 2190 952 2440 1022; x_wconf 84' lang='grc' dir='ltr'>νηστείαν</span> <span class='ocrx_word' id='word_1_293' title='bbox 2477 951 2733 1021; x_wconf 82' lang='grc' dir='ltr'>κηρύττω</span> <span class='ocrx_word' id='word_1_294' title='bbox 2759 950 2854 1002; x_wconf 89' lang='grc' dir='ltr'>νῦν</span> <span class='ocrx_word' id='word_1_295' title='bbox 2885 951 3065 1020; x_wconf 90' lang='grc' dir='ltr'>μόνον,</span> <span class='ocrx_word' id='word_1_296' title='bbox 3096 950 3230 1004; x_wconf 85' lang='grc' dir='ltr'>άλλά</span> <span class='ocrx_word' id='word_1_297' title='bbox 3262 951 3322 1002; x_wconf 78' lang='grc' dir='ltr'>τὸ</span> <span class='ocrx_word' id='word_1_298' title='bbox 3359 952 3582 1021; x_wconf 79' lang='grc' dir='ltr'>φάρμα-</span> 
     </span>
    </p>
   </div>
   <div class='ocr_carea' id='block_1_40' title="bbox 2016 1033 3583 1105">
    <p class='ocr_par' dir='ltr' id='par_1_40' title="bbox 2016 1033 3583 1105">
     <span class='ocr_line' id='line_1_40' title="bbox 2016 1033 3583 1105; baseline -0.003 -16"><span class='ocrx_word' id='word_1_299' title='bbox 2016 1054 2111 1089; x_wconf 85' lang='grc' dir='ltr'>κον</span> <span class='ocrx_word' id='word_1_300' title='bbox 2140 1038 2317 1089; x_wconf 84' lang='grc' dir='ltr'>ἐκεῖνο</span> <span class='ocrx_word' id='word_1_301' title='bbox 2350 1036 2726 1105; x_wconf 86' lang='grc' dir='ltr'>ὑποδείκνυμι,</span> <span class='ocrx_word' id='word_1_302' title='bbox 2756 1036 2784 1087; x_wconf 79' lang='grc' dir='ltr'>δ</span> <span class='ocrx_word' id='word_1_303' title='bbox 2812 1036 2905 1088; x_wconf 78' lang='grc' dir='ltr'>καὶ</span> <span class='ocrx_word' id='word_1_304' title='bbox 2942 1035 3039 1105; x_wconf 83' lang='grc' dir='ltr'>τὴν</span> <span class='ocrx_word' id='word_1_305' title='bbox 3066 1034 3221 1087; x_wconf 80' lang='grc' dir='ltr'>πόλιν</span> <span class='ocrx_word' id='word_1_306' title='bbox 3252 1033 3465 1103; x_wconf 83' lang='grc' dir='ltr'>ἐκείνην</span> <span class='ocrx_word' id='word_1_307' title='bbox 3492 1034 3583 1088; x_wconf 85' lang='grc' dir='ltr'>πί-</span> 
     </span>
    </p>
   </div>
   <div class='ocr_carea' id='block_1_41' title="bbox 2017 1113 3580 1187">
    <p class='ocr_par' dir='ltr' id='par_1_41' title="bbox 2017 1113 3580 1187">
     <span class='ocr_line' id='line_1_41' title="bbox 2017 1113 3580 1187; baseline -0.001 -17"><span class='ocrx_word' id='word_1_308' title='bbox 2017 1135 2253 1171; x_wconf 79' lang='grc' dir='ltr'>πτουσαν</span> <span class='ocrx_word' id='word_1_309' title='bbox 2287 1120 2569 1185; x_wconf 72' lang='grc' dir='ltr'>ἀνέστησε.</span> <span class='ocrx_word' id='word_1_310' title='bbox 2607 1120 2765 1170; x_wconf 83' lang='grc' dir='ltr'>Ποῖον</span> <span class='ocrx_word' id='word_1_311' title='bbox 2815 1118 2879 1187; x_wconf 81' lang='grc' dir='ltr'>δὴ</span> <span class='ocrx_word' id='word_1_312' title='bbox 2908 1116 3098 1177; x_wconf 84' lang='grc' dir='ltr'>τοῦτο;</span> <span class='ocrx_word' id='word_1_313' title='bbox 3157 1113 3295 1168; x_wconf 73' lang='grc' dir='ltr'>Εἷδε</span> <span class='ocrx_word' id='word_1_314' title='bbox 3347 1117 3580 1183; x_wconf 85' lang='grc' dir='ltr'>Κύριος,</span> 
     </span>
    </p>
   </div>
   <div class='ocr_carea' id='block_1_42' title="bbox 2019 1196 3583 1270">
    <p class='ocr_par' dir='ltr' id='par_1_42' title="bbox 2019 1196 3583 1270">
     <span class='ocr_line' id='line_1_42' title="bbox 2019 1196 3583 1270; baseline -0.001 -18"><span class='ocrx_word' id='word_1_315' title='bbox 2019 1203 2201 1270; x_wconf 71' lang='grc' dir='ltr'>φησὶν,</span> <span class='ocrx_word' id='word_1_316' title='bbox 2240 1202 2327 1254; x_wconf 84' lang='grc' dir='ltr'>ὅτι</span> <span class='ocrx_word' id='word_1_317' title='bbox 2352 1200 2583 1265; x_wconf 83' lang='grc' dir='ltr'>ἀπέστη</span> <span class='ocrx_word' id='word_1_318' title='bbox 2615 1200 2873 1264; x_wconf 78' lang='grc' dir='ltr'>ἕκαστος</span> <span class='ocrx_word' id='word_1_319' title='bbox 2902 1199 3019 1252; x_wconf 80' lang='grc' dir='ltr'>ἀπὸ</span> <span class='ocrx_word' id='word_1_320' title='bbox 3058 1197 3174 1250; x_wconf 82' lang='grc' dir='ltr'>τῶν</span> <span class='ocrx_word' id='word_1_321' title='bbox 3205 1196 3361 1250; x_wconf 78' lang='grc' dir='ltr'>ὁδῶν</span> <span class='ocrx_word' id='word_1_322' title='bbox 3396 1198 3583 1253; x_wconf 79' lang='grc' dir='ltr'>αὐτοῦ</span> 
     </span>
    </p>
   </div>
   <div class='ocr_carea' id='block_1_43' title="bbox 2018 1273 3583 1352">
    <p class='ocr_par' dir='ltr' id='par_1_43' title="bbox 2018 1273 3583 1352">
     <span class='ocr_line' id='line_1_43' title="bbox 2018 1273 3583 1352; baseline -0.003 -16"><span class='ocrx_word' id='word_1_323' title='bbox 2018 1282 2136 1336; x_wconf 76' lang='grc' dir='ltr'>τῶν</span> <span class='ocrx_word' id='word_1_324' title='bbox 2186 1283 2487 1351; x_wconf 77' lang='grc' dir='ltr'>πονηρῶν,</span> <span class='ocrx_word' id='word_1_325' title='bbox 2539 1283 2638 1336; x_wconf 80' lang='grc' dir='ltr'>καὶ</span> <span class='ocrx_word' id='word_1_326' title='bbox 2678 1283 3049 1352; x_wconf 72' lang='grc' dir='ltr'>μετενόησεν</span> <span class='ocrx_word' id='word_1_327' title='bbox 3082 1281 3179 1332; x_wconf 79' lang='grc' dir='ltr'>ἐπὶ</span> <span class='ocrx_word' id='word_1_328' title='bbox 3211 1279 3285 1347; x_wconf 76' lang='grc' dir='ltr'>τῇ</span> <span class='ocrx_word' id='word_1_329' title='bbox 3314 1281 3510 1345; x_wconf 83' lang='grc' dir='ltr'>κακίᾳ.</span> <span class='ocrx_word' id='word_1_330' title='bbox 3544 1273 3583 1351; x_wconf 85' lang='grc' dir='ltr'><em>ᾖ</em></span> 
     </span>
    </p>
   </div>
   <div class='ocr_carea' id='block_1_44' title="bbox 2016 1362 3584 1434">
    <p class='ocr_par' dir='ltr' id='par_1_44' title="bbox 2016 1362 3584 1434">
     <span class='ocr_line' id='line_1_44' title="bbox 2016 1362 3584 1434; baseline -0.004 -14"><span class='ocrx_word' id='word_1_331' title='bbox 2016 1365 2283 1433; x_wconf 74' lang='grc' dir='ltr'>ἐλάλησε</span> <span class='ocrx_word' id='word_1_332' title='bbox 2323 1366 2569 1433; x_wconf 79' lang='grc' dir='ltr'>ποιῆσαι</span> <span class='ocrx_word' id='word_1_333' title='bbox 2603 1365 2828 1430; x_wconf 82' lang='grc' dir='ltr'>αὐτοῖς.</span> <span class='ocrx_word' id='word_1_334' title='bbox 2890 1362 3060 1416; x_wconf 85' lang='grc' dir='ltr'>Τοῦτο</span> <span class='ocrx_word' id='word_1_335' title='bbox 3108 1364 3437 1434; x_wconf 84' lang='grc' dir='ltr'>πράττωμεν</span> <span class='ocrx_word' id='word_1_336' title='bbox 3488 1363 3584 1415; x_wconf 78' lang='grc' dir='ltr'>καὶ</span> 
     </span>
    </p>
   </div>
   <div class='ocr_carea' id='block_1_45' title="bbox 2018 1444 3585 1521">
    <p class='ocr_par' dir='ltr' id='par_1_45' title="bbox 2018 1444 3585 1521">
     <span class='ocr_line' id='line_1_45' title="bbox 2018 1444 3585 1521; baseline -0.004 -19"><span class='ocrx_word' id='word_1_337' title='bbox 2018 1453 2179 1521; x_wconf 80' lang='grc' dir='ltr'>ἡμεῖς</span> <span class='ocrx_word' id='word_1_338' title='bbox 2231 1451 2325 1503; x_wconf 74' lang='grc' dir='ltr'>καὶ</span> <span class='ocrx_word' id='word_1_339' title='bbox 2379 1452 2568 1519; x_wconf 83' lang='grc' dir='ltr'>ὑμεῖς·</span> <span class='ocrx_word' id='word_1_340' title='bbox 2604 1449 2929 1516; x_wconf 81' lang='grc' dir='ltr'>άποστῶμεν</span> <span class='ocrx_word' id='word_1_341' title='bbox 2974 1444 3069 1498; x_wconf 88' lang='grc' dir='ltr'>τοῦ</span> <span class='ocrx_word' id='word_1_342' title='bbox 3122 1447 3233 1498; x_wconf 89' lang='grc' dir='ltr'>τῶν</span> <span class='ocrx_word' id='word_1_343' title='bbox 3286 1445 3585 1515; x_wconf 86' lang='grc' dir='ltr'>χρημάτων</span> 
     </span>
    </p>
   </div>
   <div class='ocr_carea' id='block_1_46' title="bbox 2022 1526 3585 1603">
    <p class='ocr_par' dir='ltr' id='par_1_46' title="bbox 2022 1526 3585 1603">
     <span class='ocr_line' id='line_1_46' title="bbox 2022 1526 3585 1603; baseline -0.004 -18"><span class='ocrx_word' id='word_1_344' title='bbox 2022 1533 2240 1603; x_wconf 77' lang='grc' dir='ltr'>ἔρωτος,</span> <span class='ocrx_word' id='word_1_345' title='bbox 2286 1532 2379 1585; x_wconf 87' lang='grc' dir='ltr'>τοῦ</span> <span class='ocrx_word' id='word_1_346' title='bbox 2433 1533 2528 1600; x_wconf 84' lang='grc' dir='ltr'>τῆς</span> <span class='ocrx_word' id='word_1_347' title='bbox 2563 1531 2740 1599; x_wconf 77' lang='grc' dir='ltr'>δόξης,</span> <span class='ocrx_word' id='word_1_348' title='bbox 2795 1529 3238 1599; x_wconf 83' lang='grc' dir='ltr'>παρακαλοῦντες</span> <span class='ocrx_word' id='word_1_349' title='bbox 3296 1529 3387 1580; x_wconf 78' lang='grc' dir='ltr'>τὸν</span> <span class='ocrx_word' id='word_1_350' title='bbox 3452 1526 3585 1579; x_wconf 85' lang='grc' dir='ltr'>Θεὸν</span> 
     </span>
    </p>
   </div>
   <div class='ocr_carea' id='block_1_47' title="bbox 2021 1610 3582 1686">
    <p class='ocr_par' dir='ltr' id='par_1_47' title="bbox 2021 1610 3582 1686">
     <span class='ocr_line' id='line_1_47' title="bbox 2021 1610 3582 1686; baseline -0.004 -18"><span class='ocrx_word' id='word_1_351' title='bbox 2021 1619 2175 1686; x_wconf 82' lang='grc' dir='ltr'>χεῖρα</span> <span class='ocrx_word' id='word_1_352' title='bbox 2208 1615 2412 1684; x_wconf 78' lang='grc' dir='ltr'>ὀρέξαι,</span> <span class='ocrx_word' id='word_1_353' title='bbox 2450 1617 2540 1666; x_wconf 73' lang='grc' dir='ltr'>καὶ</span> <span class='ocrx_word' id='word_1_354' title='bbox 2573 1614 2923 1681; x_wconf 73' lang='grc' dir='ltr'>διαναστῆσαι</span> <span class='ocrx_word' id='word_1_355' title='bbox 2956 1614 3023 1666; x_wconf 81' lang='grc' dir='ltr'>τὰ</span> <span class='ocrx_word' id='word_1_356' title='bbox 3073 1612 3396 1665; x_wconf 86' lang='grc' dir='ltr'>πεπτωκότα</span> <span class='ocrx_word' id='word_1_357' title='bbox 3426 1610 3582 1679; x_wconf 85' lang='grc' dir='ltr'>μέλη.</span> 
     </span>
    </p>
   </div>
   <div class='ocr_carea' id='block_1_48' title="bbox 2022 1690 3585 1766">
    <p class='ocr_par' dir='ltr' id='par_1_48' title="bbox 2022 1690 3585 1766">
     <span class='ocr_line' id='line_1_48' title="bbox 2022 1690 3585 1766; baseline -0.003 -19"><span class='ocrx_word' id='word_1_358' title='bbox 2022 1699 2154 1750; x_wconf 80' lang='grc' dir='ltr'>υύδὲ</span> <span class='ocrx_word' id='word_1_359' title='bbox 2193 1698 2300 1766; x_wconf 74' lang='grc' dir='ltr'>γὰρ</span> <span class='ocrx_word' id='word_1_360' title='bbox 2346 1698 2483 1763; x_wconf 73' lang='grc' dir='ltr'>ὑπὲρ</span> <span class='ocrx_word' id='word_1_361' title='bbox 2513 1695 2618 1746; x_wconf 84' lang='grc' dir='ltr'>τῶν</span> <span class='ocrx_word' id='word_1_362' title='bbox 2644 1695 2825 1748; x_wconf 82' lang='grc' dir='ltr'>αὐτῶν</span> <span class='ocrx_word' id='word_1_363' title='bbox 2870 1696 2898 1746; x_wconf 89' lang='lat'>6</span> <span class='ocrx_word' id='word_1_364' title='bbox 2930 1694 3109 1760; x_wconf 74' lang='grc' dir='ltr'>φόϐος.</span> <span class='ocrx_word' id='word_1_365' title='bbox 3169 1695 3300 1747; x_wconf 85' lang='grc' dir='ltr'>Τότε</span> <span class='ocrx_word' id='word_1_366' title='bbox 3351 1692 3449 1762; x_wconf 79' lang='grc' dir='ltr'>μὲν</span> <span class='ocrx_word' id='word_1_367' title='bbox 3477 1690 3585 1762; x_wconf 86' lang='grc' dir='ltr'>γὰρ</span> 
     </span>
    </p>
   </div>
   <div class='ocr_carea' id='block_1_49' title="bbox 2020 1773 3586 1845">
    <p class='ocr_par' dir='ltr' id='par_1_49' title="bbox 2020 1773 3586 1845">
     <span class='ocr_line' id='line_1_49' title="bbox 2020 1773 3586 1845; baseline -0.004 -14"><span class='ocrx_word' id='word_1_368' title='bbox 2020 1778 2156 1831; x_wconf 84' lang='grc' dir='ltr'>λίθοι</span> <span class='ocrx_word' id='word_1_369' title='bbox 2207 1780 2300 1830; x_wconf 75' lang='grc' dir='ltr'>καὶ</span> <span class='ocrx_word' id='word_1_370' title='bbox 2356 1777 2486 1842; x_wconf 79' lang='grc' dir='ltr'>ξύλα</span> <span class='ocrx_word' id='word_1_371' title='bbox 2524 1778 2884 1829; x_wconf 82' lang='grc' dir='ltr'>καταπίπτειν</span> <span class='ocrx_word' id='word_1_372' title='bbox 2924 1775 3170 1845; x_wconf 77' lang='grc' dir='ltr'>ἔμελλον,</span> <span class='ocrx_word' id='word_1_373' title='bbox 3225 1776 3318 1827; x_wconf 68' lang='grc' dir='ltr'>κα)⁸</span> <span class='ocrx_word' id='word_1_374' title='bbox 3360 1773 3586 1841; x_wconf 89' lang='grc' dir='ltr'>σώματα</span> 
     </span>
    </p>
   </div>
   <div class='ocr_carea' id='block_1_50' title="bbox 2023 1855 3587 1932">
    <p class='ocr_par' dir='ltr' id='par_1_50' title="bbox 2023 1855 3587 1932">
     <span class='ocr_line' id='line_1_50' title="bbox 2023 1855 3587 1932; baseline -0.005 -19"><span class='ocrx_word' id='word_1_375' title='bbox 2023 1859 2135 1932; x_wconf 83' lang='grc'>[80]</span> <span class='ocrx_word' id='word_1_376' title='bbox 2169 1859 2538 1930; x_wconf 85' lang='grc' dir='ltr'>ἀναιρεῖσθαι·</span> <span class='ocrx_word' id='word_1_377' title='bbox 2598 1859 2690 1912; x_wconf 87' lang='grc' dir='ltr'>νῦν</span> <span class='ocrx_word' id='word_1_378' title='bbox 2717 1860 2772 1911; x_wconf 85' lang='grc' dir='ltr'>δὲ</span> <span class='ocrx_word' id='word_1_379' title='bbox 2804 1858 3011 1919; x_wconf 81' lang='grc' dir='ltr'>τούτων</span> <span class='ocrx_word' id='word_1_380' title='bbox 3038 1859 3211 1922; x_wconf 75' lang='grc' dir='ltr'>οὐδὲν,</span> <span class='ocrx_word' id='word_1_381' title='bbox 3257 1857 3392 1910; x_wconf 83' lang='grc' dir='ltr'>ἀλλά</span> <span class='ocrx_word' id='word_1_382' title='bbox 3416 1855 3587 1923; x_wconf 71' lang='grc' dir='ltr'>ψυχαὶ</span> 
     </span>
    </p>
   </div>
   <div class='ocr_carea' id='block_1_51' title="bbox 2018 1938 3587 2013">
    <p class='ocr_par' dir='ltr' id='par_1_51' title="bbox 2018 1938 3587 2013">
     <span class='ocr_line' id='line_1_51' title="bbox 2018 1938 3587 2013; baseline -0.004 -19"><span class='ocrx_word' id='word_1_383' title='bbox 2018 1941 2097 2010; x_wconf 79' lang='grc' dir='ltr'>τῷ</span> <span class='ocrx_word' id='word_1_384' title='bbox 2134 1945 2231 2013; x_wconf 80' lang='grc' dir='ltr'>τῆς</span> <span class='ocrx_word' id='word_1_385' title='bbox 2262 1942 2485 2010; x_wconf 80' lang='grc' dir='ltr'>γεέννης</span> <span class='ocrx_word' id='word_1_386' title='bbox 2525 1942 2776 2011; x_wconf 84' lang='grc' dir='ltr'>μέλλουσι</span> <span class='ocrx_word' id='word_1_387' title='bbox 2805 1940 3194 2012; x_wconf 86' lang='grc' dir='ltr'>παραδίδοσθαι</span> <span class='ocrx_word' id='word_1_388' title='bbox 3224 1938 3374 2009; x_wconf 87' lang='grc' dir='ltr'>πυρί.</span> <span class='ocrx_word' id='word_1_389' title='bbox 3404 1938 3587 2005; x_wconf 89' lang='grc' dir='ltr'>Παρα-</span> 
     </span>
    </p>
   </div>
   <div class='ocr_carea' id='block_1_52' title="bbox 2023 2019 3586 2094">
    <p class='ocr_par' dir='ltr' id='par_1_52' title="bbox 2023 2019 3586 2094">
     <span class='ocr_line' id='line_1_52' title="bbox 2023 2019 3586 2094; baseline -0.006 -15"><span class='ocrx_word' id='word_1_390' title='bbox 2023 2026 2361 2094; x_wconf 82' lang='grc' dir='ltr'>καλέσωμεν,</span> <span class='ocrx_word' id='word_1_391' title='bbox 2413 2023 2958 2094; x_wconf 81' lang='grc' dir='ltr'>ἐξομολογησώμεθα,</span> <span class='ocrx_word' id='word_1_392' title='bbox 2992 2023 3134 2092; x_wconf 76' lang='grc' dir='ltr'>ὑπὲρ</span> <span class='ocrx_word' id='word_1_393' title='bbox 3165 2021 3273 2073; x_wconf 89' lang='grc' dir='ltr'>τῶν</span> <span class='ocrx_word' id='word_1_394' title='bbox 3302 2019 3586 2089; x_wconf 82' lang='grc' dir='ltr'>προτέρων</span> 
     </span>
    </p>
   </div>
   <div class='ocr_carea' id='block_1_53' title="bbox 2022 2104 3586 2182">
    <p class='ocr_par' dir='ltr' id='par_1_53' title="bbox 2022 2104 3586 2182">
     <span class='ocr_line' id='line_1_53' title="bbox 2022 2104 3586 2182; baseline -0.01 -15"><span class='ocrx_word' id='word_1_395' title='bbox 2022 2114 2170 2182; x_wconf 80' lang='grc' dir='ltr'>αὐτῷ</span> <span class='ocrx_word' id='word_1_396' title='bbox 2218 2113 2380 2182; x_wconf 84' lang='grc' dir='ltr'>χάριν</span> <span class='ocrx_word' id='word_1_397' title='bbox 2433 2113 2875 2182; x_wconf 80' lang='grc' dir='ltr'>ὁμολογήσωμεν,</span> <span class='ocrx_word' id='word_1_398' title='bbox 2935 2111 3073 2179; x_wconf 80' lang='grc' dir='ltr'>ὑπὲρ</span> <span class='ocrx_word' id='word_1_399' title='bbox 3125 2108 3234 2160; x_wconf 87' lang='grc' dir='ltr'>τῶν</span> <span class='ocrx_word' id='word_1_400' title='bbox 3284 2104 3586 2182; x_wconf 82' lang='grc' dir='ltr'>μελλόντων</span> 
     </span>
    </p>
   </div>
   <div class='ocr_carea' id='block_1_54' title="bbox 2021 2181 3584 2265">
    <p class='ocr_par' dir='ltr' id='par_1_54' title="bbox 2021 2181 3584 2265">
     <span class='ocr_line' id='line_1_54' title="bbox 2021 2181 3584 2265; baseline -0.009 -17"><span class='ocrx_word' id='word_1_401' title='bbox 2021 2181 2261 2265; x_wconf 74' lang='grc' dir='ltr'>αἰτῶμεν</span> <span class='ocrx_word' id='word_1_402' title='bbox 2295 2181 2381 2247; x_wconf 78' lang='grc' dir='ltr'>ἵνα</span> <span class='ocrx_word' id='word_1_403' title='bbox 2434 2181 2883 2262; x_wconf 77' lang='grc' dir='ltr'>καταξιωθῶμεν,</span> <span class='ocrx_word' id='word_1_404' title='bbox 2914 2191 3005 2243; x_wconf 82' lang='grc' dir='ltr'>τοῦ</span> <span class='ocrx_word' id='word_1_405' title='bbox 3046 2188 3236 2260; x_wconf 86' lang='grc' dir='ltr'>θηρίου</span> <span class='ocrx_word' id='word_1_406' title='bbox 3266 2185 3456 2239; x_wconf 88' lang='grc' dir='ltr'>τούτου</span> <span class='ocrx_word' id='word_1_407' title='bbox 3487 2181 3584 2235; x_wconf 85' lang='grc' dir='ltr'>τοῦ</span> 
     </span>
    </p>
   </div>
   <div class='ocr_carea' id='block_1_55' title="bbox 2020 2268 3587 2348">
    <p class='ocr_par' dir='ltr' id='par_1_55' title="bbox 2020 2268 3587 2348">
     <span class='ocr_line' id='line_1_55' title="bbox 2020 2268 3587 2348; baseline -0.008 -18"><span class='ocrx_word' id='word_1_408' title='bbox 2020 2276 2257 2348; x_wconf 78' lang='grc' dir='ltr'>χαλεποῦ</span> <span class='ocrx_word' id='word_1_409' title='bbox 2296 2279 2390 2330; x_wconf 71' lang='grc' dir='ltr'>καὶ</span> <span class='ocrx_word' id='word_1_410' title='bbox 2439 2276 2740 2330; x_wconf 90' lang='grc' dir='ltr'>δεινοτάτου</span> <span class='ocrx_word' id='word_1_411' title='bbox 2790 2274 3211 2342; x_wconf 82' lang='grc' dir='ltr'>ἀπαλλαγέντες,</span> <span class='ocrx_word' id='word_1_412' title='bbox 3241 2271 3399 2340; x_wconf 84' lang='grc' dir='ltr'>χάριν</span> <span class='ocrx_word' id='word_1_413' title='bbox 3452 2268 3587 2348; x_wconf 51' lang='grc' dir='ltr'>ἁναῖ</span> 
     </span>
    </p>
   </div>
   <div class='ocr_carea' id='block_1_56' title="bbox 2019 2343 3584 2431">
    <p class='ocr_par' dir='ltr' id='par_1_56' title="bbox 2019 2343 3584 2431">
     <span class='ocr_line' id='line_1_56' title="bbox 2019 2343 3584 2431; baseline -0.006 -18"><span class='ocrx_word' id='word_1_414' title='bbox 2019 2343 2234 2429; x_wconf 75' lang='grc' dir='ltr'>πέμψαι</span> <span class='ocrx_word' id='word_1_415' title='bbox 2292 2359 2371 2428; x_wconf 84' lang='grc' dir='ltr'>τῷ</span> <span class='ocrx_word' id='word_1_416' title='bbox 2416 2359 2782 2431; x_wconf 82' lang='grc' dir='ltr'>φιλανθρώπῳ</span> <span class='ocrx_word' id='word_1_417' title='bbox 2814 2358 2933 2428; x_wconf 85' lang='grc' dir='ltr'>Θεῷ</span> <span class='ocrx_word' id='word_1_418' title='bbox 2980 2359 3075 2413; x_wconf 78' lang='grc' dir='ltr'>καὶ</span> <span class='ocrx_word' id='word_1_419' title='bbox 3109 2355 3305 2425; x_wconf 77' lang='grc' dir='ltr'>Πατρὶ,</span> <span class='ocrx_word' id='word_1_420' title='bbox 3350 2351 3468 2423; x_wconf 88' lang='grc' dir='ltr'>μεθ’</span> <span class='ocrx_word' id='word_1_421' title='bbox 3521 2343 3584 2404; x_wconf 78' lang='grc' dir='ltr'>οῦ</span> 
     </span>
    </p>
   </div>
   <div class='ocr_carea' id='block_1_57' title="bbox 2020 2433 3583 2511">
    <p class='ocr_par' dir='ltr' id='par_1_57' title="bbox 2020 2433 3583 2511">
     <span class='ocr_line' id='line_1_57' title="bbox 2020 2433 3583 2511; baseline 0.001 -16"><span class='ocrx_word' id='word_1_422' title='bbox 2020 2439 2099 2511; x_wconf 79' lang='grc' dir='ltr'>τῷ</span> <span class='ocrx_word' id='word_1_423' title='bbox 2150 2442 2265 2511; x_wconf 83' lang='grc' dir='ltr'>Υίῷ</span> <span class='ocrx_word' id='word_1_424' title='bbox 2322 2443 2440 2511; x_wconf 76' lang='grc' dir='ltr'>ἅμα</span> <span class='ocrx_word' id='word_1_425' title='bbox 2497 2441 2574 2511; x_wconf 81' lang='grc' dir='ltr'>τῷ</span> <span class='ocrx_word' id='word_1_426' title='bbox 2622 2442 2763 2511; x_wconf 83' lang='grc' dir='ltr'>ἁγίῳ</span> <span class='ocrx_word' id='word_1_427' title='bbox 2825 2439 3104 2509; x_wconf 85' lang='grc' dir='ltr'>Πνεύματι</span> <span class='ocrx_word' id='word_1_428' title='bbox 3158 2438 3307 2502; x_wconf 81' lang='grc' dir='ltr'>δόξα,</span> <span class='ocrx_word' id='word_1_429' title='bbox 3361 2433 3583 2505; x_wconf 64' lang='grc' dir='ltr'>κράτος,</span> 
     </span>
    </p>
   </div>
   <div class='ocr_carea' id='block_1_58' title="bbox 2020 2516 3583 2593">
    <p class='ocr_par' dir='ltr' id='par_1_58' title="bbox 2020 2516 3583 2593">
     <span class='ocr_line' id='line_1_58' title="bbox 2020 2516 3583 2593; baseline -0.004 -18"><span class='ocrx_word' id='word_1_430' title='bbox 2020 2522 2174 2593; x_wconf 82' lang='grc' dir='ltr'>τιμὴ,</span> <span class='ocrx_word' id='word_1_431' title='bbox 2212 2522 2303 2575; x_wconf 78' lang='grc' dir='ltr'>νῦν</span> <span class='ocrx_word' id='word_1_432' title='bbox 2332 2524 2425 2576; x_wconf 74' lang='grc' dir='ltr'>καὶ</span> <span class='ocrx_word' id='word_1_433' title='bbox 2448 2523 2555 2588; x_wconf 74' lang='grc' dir='ltr'>ἀεὶ,</span> <span class='ocrx_word' id='word_1_434' title='bbox 2589 2524 2683 2577; x_wconf 75' lang='grc' dir='ltr'>καὶ</span> <span class='ocrx_word' id='word_1_435' title='bbox 2720 2526 2800 2585; x_wconf 87' lang='grc' dir='ltr'>είς</span> <span class='ocrx_word' id='word_1_436' title='bbox 2828 2525 2954 2586; x_wconf 74' lang='grc' dir='ltr'>τοὺς</span> <span class='ocrx_word' id='word_1_437' title='bbox 2996 2521 3198 2582; x_wconf 80' lang='grc' dir='ltr'>αἰῶνας</span> <span class='ocrx_word' id='word_1_438' title='bbox 3221 2518 3327 2573; x_wconf 89' lang='grc' dir='ltr'>τῶν</span> <span class='ocrx_word' id='word_1_439' title='bbox 3353 2516 3583 2570; x_wconf 86' lang='grc' dir='ltr'>αίώνων.</span> 
     </span>
    </p>
   </div>
   <div class='ocr_carea' id='block_1_59' title="bbox 2036 2606 2228 2674">
    <p class='ocr_par' dir='ltr' id='par_1_59' title="bbox 2036 2606 2228 2674">
     <span class='ocr_line' id='line_1_59' title="bbox 2036 2606 2228 2674; baseline 0.005 -17"><span class='ocrx_word' id='word_1_440' title='bbox 2036 2606 2093 2657; x_wconf 83' lang='grc' dir='ltr'>’Δ</span> <span class='ocrx_word' id='word_1_441' title='bbox 2102 2606 2228 2674; x_wconf 82' lang='grc' dir='ltr'>μήν.</span> 
     </span>
    </p>
   </div>
   <div class='ocr_carea' id='block_1_60' title="bbox 1827 3032 2202 3086">
    <p class='ocr_par' dir='ltr' id='par_1_60' title="bbox 1827 3032 2202 3086">
     <span class='ocr_line' id='line_1_60' title="bbox 1827 3032 2202 3086; baseline 0.005 -2"><span class='ocrx_word' id='word_1_442' title='bbox 1827 3032 2063 3085; x_wconf 81' lang='lat' dir='ltr'>OMIAIA</span> <span class='ocrx_word' id='word_1_443' title='bbox 2103 3032 2202 3086; x_wconf 83' lang='lat' dir='ltr'>IA&#39;.</span> 
     </span>
    </p>
   </div>
   <div class='ocr_carea' id='block_1_61' title="bbox 359 3207 1923 3281">
    <p class='ocr_par' dir='ltr' id='par_1_61' title="bbox 359 3207 1923 3281">
     <span class='ocr_line' id='line_1_61' title="bbox 359 3207 1923 3281; baseline -0.001 -17"><span class='ocrx_word' id='word_1_444' title='bbox 359 3207 472 3264; x_wconf 77' lang='grc' dir='ltr'><em>Ἓν</em></span> <span class='ocrx_word' id='word_1_445' title='bbox 492 3209 667 3281; x_wconf 76' lang='grc' dir='ltr'>σῶμα</span> <span class='ocrx_word' id='word_1_446' title='bbox 716 3212 810 3265; x_wconf 73' lang='grc' dir='ltr'>καὶ</span> <span class='ocrx_word' id='word_1_447' title='bbox 844 3211 917 3265; x_wconf 79' lang='grc' dir='ltr'>ἐν</span> <span class='ocrx_word' id='word_1_448' title='bbox 944 3212 1207 3281; x_wconf 67' lang='grc' dir='ltr'>πνεῦμα,</span> <span class='ocrx_word' id='word_1_449' title='bbox 1245 3208 1444 3281; x_wconf 68' lang='grc' dir='ltr'>καθὼς</span> <span class='ocrx_word' id='word_1_450' title='bbox 1486 3208 1582 3263; x_wconf 77' lang='grc' dir='ltr'>καί</span> <span class='ocrx_word' id='word_1_451' title='bbox 1608 3208 1923 3281; x_wconf 30' lang='grc' dir='ltr'>Αέκλήθητε</span> 
     </span>
    </p>
   </div>
   <div class='ocr_carea' id='block_1_62' title="bbox 429 3276 1921 3349">
    <p class='ocr_par' dir='ltr' id='par_1_62' title="bbox 429 3276 1921 3349">
     <span class='ocr_line' id='line_1_62' title="bbox 429 3276 1921 3349; baseline 0.002 -16"><span class='ocrx_word' id='word_1_452' title='bbox 429 3281 501 3334; x_wconf 78' lang='grc' dir='ltr'>ἐν</span> <span class='ocrx_word' id='word_1_453' title='bbox 518 3276 628 3349; x_wconf 78' lang='grc' dir='ltr'><em>μὶᾷ</em></span> <span class='ocrx_word' id='word_1_454' title='bbox 650 3282 849 3335; x_wconf 69' lang='grc' dir='ltr'>ἐλπίδι</span> <span class='ocrx_word' id='word_1_455' title='bbox 892 3280 1003 3348; x_wconf 76' lang='grc' dir='ltr'>τῆς</span> <span class='ocrx_word' id='word_1_456' title='bbox 1032 3276 1306 3346; x_wconf 71' lang='grc' dir='ltr'>κλήσεως</span> <span class='ocrx_word' id='word_1_457' title='bbox 1331 3279 1496 3349; x_wconf 72' lang='grc' dir='ltr'>ὑμῶν</span> <span class='ocrx_word' id='word_1_458' title='bbox 1525 3300 1537 3311; x_wconf 88' lang='grc'>·</span> <span class='ocrx_word' id='word_1_459' title='bbox 1570 3276 1658 3344; x_wconf 81' lang='grc' dir='ltr'>εἷς</span> <span class='ocrx_word' id='word_1_460' title='bbox 1686 3281 1921 3349; x_wconf 73' lang='grc' dir='ltr'>Κύριος,</span> 
     </span>
    </p>
   </div>
   <div class='ocr_carea' id='block_1_63' title="bbox 425 3345 1923 3420">
    <p class='ocr_par' dir='ltr' id='par_1_63' title="bbox 425 3345 1923 3420">
     <span class='ocr_line' id='line_1_63' title="bbox 425 3345 1923 3420; baseline 0.012 -18"><span class='ocrx_word' id='word_1_461' title='bbox 425 3345 536 3420; x_wconf 75' lang='grc' dir='ltr'>μίὰ</span> <span class='ocrx_word' id='word_1_462' title='bbox 593 3345 818 3416; x_wconf 61' lang='grc' dir='ltr'>πίστις,</span> <span class='ocrx_word' id='word_1_463' title='bbox 865 3345 1331 3418; x_wconf 62' lang='grc' dir='ltr'>ἐν’βάπτισμαο</span> <span class='ocrx_word' id='word_1_464' title='bbox 1369 3345 1485 3420; x_wconf 66' lang='grc' dir='ltr'>ἐἷς</span> <span class='ocrx_word' id='word_1_465' title='bbox 1532 3350 1675 3420; x_wconf 66' lang='grc' dir='ltr'>Θεὸς</span> <span class='ocrx_word' id='word_1_466' title='bbox 1721 3347 1923 3420; x_wconf 74' lang='grc' dir='ltr'>Πατὴρ</span> 
     </span>
    </p>
   </div>
   <div class='ocr_carea' id='block_1_64' title="bbox 431 3418 1918 3483">
    <p class='ocr_par' dir='ltr' id='par_1_64' title="bbox 431 3418 1918 3483">
     <span class='ocr_line' id='line_1_64' title="bbox 431 3418 1918 3483; baseline -0.001 -11"><span class='ocrx_word' id='word_1_467' title='bbox 431 3418 692 3478; x_wconf 69' lang='grc' dir='ltr'>πάντων.</span> <span class='ocrx_word' id='word_1_468' title='bbox 748 3425 780 3473; x_wconf 83' lang='grc' dir='ltr'><em>ὁ</em></span> <span class='ocrx_word' id='word_1_469' title='bbox 823 3420 919 3473; x_wconf 79' lang='grc' dir='ltr'>ἐπὶ</span> <span class='ocrx_word' id='word_1_470' title='bbox 954 3420 1217 3483; x_wconf 76' lang='grc' dir='ltr'>πάντων,</span> <span class='ocrx_word' id='word_1_471' title='bbox 1269 3420 1364 3471; x_wconf 78' lang='grc' dir='ltr'>καὶ</span> <span class='ocrx_word' id='word_1_472' title='bbox 1406 3418 1501 3470; x_wconf 75' lang='grc' dir='ltr'>διὰ</span> <span class='ocrx_word' id='word_1_473' title='bbox 1527 3418 1788 3477; x_wconf 78' lang='grc' dir='ltr'>πάντων,</span> <span class='ocrx_word' id='word_1_474' title='bbox 1822 3419 1918 3471; x_wconf 72' lang='grc' dir='ltr'>καὶ</span> 
     </span>
    </p>
   </div>
   <div class='ocr_carea' id='block_1_65' title="bbox 431 3486 1921 3556">
    <p class='ocr_par' dir='ltr' id='par_1_65' title="bbox 431 3486 1921 3556">
     <span class='ocr_line' id='line_1_65' title="bbox 431 3486 1921 3556; baseline -0.003 -14"><span class='ocrx_word' id='word_1_475' title='bbox 431 3490 503 3542; x_wconf 81' lang='grc' dir='ltr'>ἐν</span> <span class='ocrx_word' id='word_1_476' title='bbox 532 3488 742 3543; x_wconf 76' lang='grc' dir='ltr'>πᾶσιν.</span> <span class='ocrx_word' id='word_1_477' title='bbox 774 3491 897 3543; x_wconf 78' lang='grc' dir='ltr'>Ἑνὶ</span> <span class='ocrx_word' id='word_1_478' title='bbox 926 3490 995 3543; x_wconf 81' lang='grc' dir='ltr'>δὲ</span> <span class='ocrx_word' id='word_1_479' title='bbox 1022 3488 1258 3555; x_wconf 77' lang='grc' dir='ltr'>ἑκάστῳ</span> <span class='ocrx_word' id='word_1_480' title='bbox 1287 3488 1454 3556; x_wconf 76' lang='grc' dir='ltr'>ἡμῶν</span> <span class='ocrx_word' id='word_1_481' title='bbox 1480 3488 1656 3554; x_wconf 83' lang='grc' dir='ltr'>ἐδόθη</span> <span class='ocrx_word' id='word_1_482' title='bbox 1683 3489 1720 3556; x_wconf 70' lang='grc' dir='ltr'>ἡ</span> <span class='ocrx_word' id='word_1_483' title='bbox 1753 3486 1921 3555; x_wconf 81' lang='grc' dir='ltr'>χάρις</span> 
     </span>
    </p>
   </div>
   <div class='ocr_carea' id='block_1_66' title="bbox 432 3555 1746 3627">
    <p class='ocr_par' dir='ltr' id='par_1_66' title="bbox 432 3555 1746 3627">
     <span class='ocr_line' id='line_1_66' title="bbox 432 3555 1746 3627; baseline 0 -17"><span class='ocrx_word' id='word_1_484' title='bbox 432 3560 584 3611; x_wconf 70' lang='grc' dir='ltr'>κατὰ</span> <span class='ocrx_word' id='word_1_485' title='bbox 615 3559 678 3610; x_wconf 84' lang='grc' dir='ltr'>τὸ</span> <span class='ocrx_word' id='word_1_486' title='bbox 707 3559 928 3627; x_wconf 78' lang='grc' dir='ltr'>μέτρον</span> <span class='ocrx_word' id='word_1_487' title='bbox 957 3557 1066 3626; x_wconf 78' lang='grc' dir='ltr'>τῆς</span> <span class='ocrx_word' id='word_1_488' title='bbox 1086 3556 1306 3627; x_wconf 82' lang='grc' dir='ltr'>δωρεᾶς</span> <span class='ocrx_word' id='word_1_489' title='bbox 1335 3557 1441 3611; x_wconf 88' lang='grc' dir='ltr'>τοῦ</span> <span class='ocrx_word' id='word_1_490' title='bbox 1468 3555 1746 3625; x_wconf 84' lang='grc' dir='ltr'>Χριστοῦ.</span> 
     </span>
    </p>
   </div>
   <div class='ocr_carea' id='block_1_67' title="bbox 422 3691 1922 3768">
    <p class='ocr_par' dir='ltr' id='par_1_67' title="bbox 422 3691 1922 3768">
     <span class='ocr_line' id='line_1_67' title="bbox 422 3691 1922 3768; baseline -0.005 -17"><span class='ocrx_word' id='word_1_491' title='bbox 422 3704 493 3751; x_wconf 85' lang='grc' dir='ltr'>α’.</span> <span class='ocrx_word' id='word_1_492' title='bbox 513 3699 753 3768; x_wconf 79' lang='grc' dir='ltr'>’Λγάπην</span> <span class='ocrx_word' id='word_1_493' title='bbox 770 3698 923 3767; x_wconf 81' lang='grc' dir='ltr'>ζητεῖ</span> <span class='ocrx_word' id='word_1_494' title='bbox 937 3698 1067 3767; x_wconf 84' lang='grc' dir='ltr'>παρ’</span> <span class='ocrx_word' id='word_1_495' title='bbox 1088 3697 1121 3766; x_wconf 80' lang='grc' dir='ltr'>ἡ</span> <span class='ocrx_word' id='word_1_496' title='bbox 1129 3696 1243 3767; x_wconf 88' lang='grc' dir='ltr'>μῶν</span> <span class='ocrx_word' id='word_1_497' title='bbox 1266 3698 1293 3749; x_wconf 90' lang='lat'>6</span> <span class='ocrx_word' id='word_1_498' title='bbox 1317 3694 1522 3757; x_wconf 82' lang='grc' dir='ltr'>Παῦλος</span> <span class='ocrx_word' id='word_1_499' title='bbox 1546 3694 1606 3746; x_wconf 81' lang='grc' dir='ltr'>οὐ</span> <span class='ocrx_word' id='word_1_500' title='bbox 1620 3694 1719 3763; x_wconf 82' lang='grc' dir='ltr'>τὴν</span> <span class='ocrx_word' id='word_1_501' title='bbox 1734 3691 1922 3762; x_wconf 69' lang='grc' dir='ltr'>τυχοῦο</span> 
     </span>
    </p>
   </div>
   <div class='ocr_carea' id='block_1_68' title="bbox 362 3781 1919 3855">
    <p class='ocr_par' dir='ltr' id='par_1_68' title="bbox 362 3781 1919 3855">
     <span class='ocr_line' id='line_1_68' title="bbox 362 3781 1919 3855; baseline -0.004 -18"><span class='ocrx_word' id='word_1_502' title='bbox 362 3802 486 3846; x_wconf 81' lang='grc' dir='ltr'>σαν,</span> <span class='ocrx_word' id='word_1_503' title='bbox 518 3786 651 3838; x_wconf 82' lang='grc' dir='ltr'>άλλά</span> <span class='ocrx_word' id='word_1_504' title='bbox 695 3786 794 3855; x_wconf 83' lang='grc' dir='ltr'>τὴν</span> <span class='ocrx_word' id='word_1_505' title='bbox 834 3784 1216 3852; x_wconf 79' lang='grc' dir='ltr'>συγκολλῶσαν</span> <span class='ocrx_word' id='word_1_506' title='bbox 1240 3784 1387 3853; x_wconf 79' lang='grc' dir='ltr'>ἡμᾶς</span> <span class='ocrx_word' id='word_1_507' title='bbox 1422 3782 1515 3835; x_wconf 73' lang='grc' dir='ltr'>καὶ</span> <span class='ocrx_word' id='word_1_508' title='bbox 1543 3781 1919 3842; x_wconf 84' lang='grc' dir='ltr'>ἀδιασπάστως</span> 
     </span>
    </p>
   </div>
   <div class='ocr_carea' id='block_1_69' title="bbox 360 3868 1919 3942">
    <p class='ocr_par' dir='ltr' id='par_1_69' title="bbox 360 3868 1919 3942">
     <span class='ocr_line' id='line_1_69' title="bbox 360 3868 1919 3942; baseline -0.004 -17"><span class='ocrx_word' id='word_1_509' title='bbox 360 3873 507 3942; x_wconf 75' lang='grc' dir='ltr'>ἔχειν</span> <span class='ocrx_word' id='word_1_510' title='bbox 546 3874 681 3942; x_wconf 81' lang='grc' dir='ltr'>πρὸς</span> <span class='ocrx_word' id='word_1_511' title='bbox 708 3872 967 3942; x_wconf 68' lang='grc' dir='ltr'>ἀλλήλους</span> <span class='ocrx_word' id='word_1_512' title='bbox 1002 3871 1281 3933; x_wconf 82' lang='grc' dir='ltr'>ποιοῦσαν,</span> <span class='ocrx_word' id='word_1_513' title='bbox 1313 3872 1406 3923; x_wconf 75' lang='grc' dir='ltr'>καὶ</span> <span class='ocrx_word' id='word_1_514' title='bbox 1431 3868 1699 3938; x_wconf 79' lang='grc' dir='ltr'>τοσαύτην</span> <span class='ocrx_word' id='word_1_515' title='bbox 1727 3868 1919 3920; x_wconf 73' lang='grc' dir='ltr'>ἕνωσιν</span> 
     </span>
    </p>
   </div>
   <div class='ocr_carea' id='block_1_70' title="bbox 363 3953 1919 4029">
    <p class='ocr_par' dir='ltr' id='par_1_70' title="bbox 363 3953 1919 4029">
     <span class='ocr_line' id='line_1_70' title="bbox 363 3953 1919 4029; baseline -0.005 -17"><span class='ocrx_word' id='word_1_516' title='bbox 363 3961 455 4012; x_wconf 77' lang='grc' dir='ltr'>καὶ</span> <span class='ocrx_word' id='word_1_517' title='bbox 476 3959 646 4022; x_wconf 74' lang='grc' dir='ltr'>οὕτως</span> <span class='ocrx_word' id='word_1_518' title='bbox 694 3958 898 4027; x_wconf 77' lang='grc' dir='ltr'>ἀκριϐῆ</span> <span class='ocrx_word' id='word_1_519' title='bbox 951 3957 1351 4029; x_wconf 81' lang='grc' dir='ltr'>παρεχομένην,</span> <span class='ocrx_word' id='word_1_520' title='bbox 1385 3956 1581 4009; x_wconf 75' lang='grc' dir='ltr'>ὡσανεὶ</span> <span class='ocrx_word' id='word_1_521' title='bbox 1613 3954 1748 4026; x_wconf 77' lang='grc' dir='ltr'>μέλη</span> <span class='ocrx_word' id='word_1_522' title='bbox 1783 3953 1919 4023; x_wconf 80' lang='grc' dir='ltr'>πρὸς</span> 
     </span>
    </p>
   </div>
   <div class='ocr_carea' id='block_1_71' title="bbox 366 4040 1915 4118">
    <p class='ocr_par' dir='ltr' id='par_1_71' title="bbox 366 4040 1915 4118">
     <span class='ocr_line' id='line_1_71' title="bbox 366 4040 1915 4118; baseline -0.004 -18"><span class='ocrx_word' id='word_1_523' title='bbox 366 4048 523 4118; x_wconf 84' lang='grc' dir='ltr'>μέλη.</span> <span class='ocrx_word' id='word_1_524' title='bbox 546 4046 694 4117; x_wconf 67' lang='grc' dir='ltr'>Αὕτη</span> <span class='ocrx_word' id='word_1_525' title='bbox 715 4048 823 4117; x_wconf 89' lang='grc' dir='ltr'>γάρ</span> <span class='ocrx_word' id='word_1_526' title='bbox 839 4048 1031 4115; x_wconf 87' lang='grc' dir='ltr'>ἐστινὴ</span> <span class='ocrx_word' id='word_1_527' title='bbox 1058 4046 1127 4099; x_wconf 88' lang='grc' dir='ltr'>τά</span> <span class='ocrx_word' id='word_1_528' title='bbox 1151 4043 1359 4114; x_wconf 89' lang='grc' dir='ltr'>μεγάλα</span> <span class='ocrx_word' id='word_1_529' title='bbox 1388 4042 1727 4113; x_wconf 76' lang='grc' dir='ltr'>ἐργαζομένη</span> <span class='ocrx_word' id='word_1_530' title='bbox 1758 4040 1915 4094; x_wconf 88' lang='grc' dir='ltr'>καλά.</span> 
     </span>
    </p>
   </div>
   <div class='ocr_carea' id='block_1_72' title="bbox 359 4128 1919 4205">
    <p class='ocr_par' dir='ltr' id='par_1_72' title="bbox 359 4128 1919 4205">
     <span class='ocr_line' id='line_1_72' title="bbox 359 4128 1919 4205; baseline -0.004 -18"><span class='ocrx_word' id='word_1_531' title='bbox 359 4137 459 4189; x_wconf 70' lang='grc' dir='ltr'>Διὰ</span> <span class='ocrx_word' id='word_1_532' title='bbox 486 4134 643 4187; x_wconf 85' lang='grc' dir='ltr'>τοῦτό</span> <span class='ocrx_word' id='word_1_533' title='bbox 663 4151 849 4205; x_wconf 83' lang='grc' dir='ltr'>φησιν·</span> <span class='ocrx_word' id='word_1_534' title='bbox 874 4135 984 4187; x_wconf 82' lang='grc' dir='ltr'><em>Ἓν</em></span> <span class='ocrx_word' id='word_1_535' title='bbox 1008 4131 1197 4201; x_wconf 82' lang='grc' dir='ltr'>σῶμα,</span> <span class='ocrx_word' id='word_1_536' title='bbox 1229 4131 1325 4184; x_wconf 69' lang='grc' dir='ltr'>καὶ</span> <span class='ocrx_word' id='word_1_537' title='bbox 1364 4133 1429 4201; x_wconf 80' lang='grc' dir='ltr'>τῇ</span> <span class='ocrx_word' id='word_1_538' title='bbox 1462 4128 1792 4200; x_wconf 77' lang='grc' dir='ltr'>συμπαθείᾳ,</span> <span class='ocrx_word' id='word_1_539' title='bbox 1824 4128 1919 4182; x_wconf 75' lang='grc' dir='ltr'>καὶ</span> 
     </span>
    </p>
   </div>
   <div class='ocr_carea' id='block_1_73' title="bbox 359 4215 1921 4292">
    <p class='ocr_par' dir='ltr' id='par_1_73' title="bbox 359 4215 1921 4292">
     <span class='ocr_line' id='line_1_73' title="bbox 359 4215 1921 4292; baseline -0.005 -17"><span class='ocrx_word' id='word_1_540' title='bbox 359 4221 437 4292; x_wconf 81' lang='grc' dir='ltr'>τῷ</span> <span class='ocrx_word' id='word_1_541' title='bbox 468 4222 544 4291; x_wconf 85' lang='grc' dir='ltr'>μὴ</span> <span class='ocrx_word' id='word_1_542' title='bbox 576 4220 863 4291; x_wconf 85' lang='grc' dir='ltr'>βάλλεσθαι</span> <span class='ocrx_word' id='word_1_543' title='bbox 888 4222 999 4282; x_wconf 87' lang='grc' dir='ltr'>τοῖς</span> <span class='ocrx_word' id='word_1_544' title='bbox 1021 4220 1220 4289; x_wconf 83' lang='grc' dir='ltr'>ἐτέρων</span> <span class='ocrx_word' id='word_1_545' title='bbox 1243 4217 1464 4285; x_wconf 87' lang='grc' dir='ltr'>ἀγαθοῖς</span> <span class='ocrx_word' id='word_1_546' title='bbox 1491 4227 1538 4278; x_wconf 76' lang='grc' dir='ltr'>ο,</span> <span class='ocrx_word' id='word_1_547' title='bbox 1566 4217 1659 4269; x_wconf 78' lang='grc' dir='ltr'>καὶ</span> <span class='ocrx_word' id='word_1_548' title='bbox 1689 4215 1767 4284; x_wconf 82' lang='grc' dir='ltr'>τῷ</span> <span class='ocrx_word' id='word_1_549' title='bbox 1798 4231 1921 4283; x_wconf 88' lang='grc' dir='ltr'>συγ-</span> 
     </span>
    </p>
   </div>
   <div class='ocr_carea' id='block_1_74' title="bbox 359 4301 1919 4381">
    <p class='ocr_par' dir='ltr' id='par_1_74' title="bbox 359 4301 1919 4381">
     <span class='ocr_line' id='line_1_74' title="bbox 359 4301 1919 4381; baseline -0.003 -22"><span class='ocrx_word' id='word_1_550' title='bbox 359 4312 595 4381; x_wconf 81' lang='grc' dir='ltr'>χαίρειν.</span> <span class='ocrx_word' id='word_1_551' title='bbox 645 4309 754 4360; x_wconf 69' lang='lat' dir='ltr'>Kal</span> <span class='ocrx_word' id='word_1_552' title='bbox 783 4309 957 4360; x_wconf 88' lang='grc' dir='ltr'>πάντα</span> <span class='ocrx_word' id='word_1_553' title='bbox 985 4304 1119 4375; x_wconf 87' lang='grc' dir='ltr'>ὁμοῦ</span> <span class='ocrx_word' id='word_1_554' title='bbox 1143 4306 1231 4359; x_wconf 85' lang='grc' dir='ltr'>διά</span> <span class='ocrx_word' id='word_1_555' title='bbox 1264 4304 1452 4357; x_wconf 89' lang='grc' dir='ltr'>τούτου</span> <span class='ocrx_word' id='word_1_556' title='bbox 1485 4301 1681 4366; x_wconf 81' lang='grc' dir='ltr'>δείξας,</span> <span class='ocrx_word' id='word_1_557' title='bbox 1711 4305 1817 4356; x_wconf 76' lang='grc' dir='ltr'>Καὶ</span> <span class='ocrx_word' id='word_1_558' title='bbox 1848 4301 1919 4355; x_wconf 74' lang='grc' dir='ltr'>ἓν</span> 
     </span>
    </p>
   </div>
   <div class='ocr_carea' id='block_1_75' title="bbox 357 4390 1915 4463">
    <p class='ocr_par' dir='ltr' id='par_1_75' title="bbox 357 4390 1915 4463">
     <span class='ocr_line' id='line_1_75' title="bbox 357 4390 1915 4463; baseline -0.006 -14"><span class='ocrx_word' id='word_1_559' title='bbox 357 4396 615 4463; x_wconf 71' lang='grc' dir='ltr'>πνεῦμα,</span> <span class='ocrx_word' id='word_1_560' title='bbox 652 4393 834 4456; x_wconf 78' lang='grc' dir='ltr'>καλῶς</span> <span class='ocrx_word' id='word_1_561' title='bbox 880 4390 1018 4457; x_wconf 81' lang='grc' dir='ltr'>εἷπε,</span> <span class='ocrx_word' id='word_1_562' title='bbox 1047 4392 1260 4455; x_wconf 73' lang='grc' dir='ltr'>δεικνὺς</span> <span class='ocrx_word' id='word_1_563' title='bbox 1294 4392 1373 4445; x_wconf 80' lang='grc' dir='ltr'>δτι</span> <span class='ocrx_word' id='word_1_564' title='bbox 1395 4391 1501 4444; x_wconf 74' lang='grc' dir='ltr'>ἀπὸ</span> <span class='ocrx_word' id='word_1_565' title='bbox 1532 4390 1624 4442; x_wconf 85' lang='grc' dir='ltr'>τοῦ</span> <span class='ocrx_word' id='word_1_566' title='bbox 1657 4390 1774 4452; x_wconf 72' lang='grc' dir='ltr'>ἐνὸς</span> <span class='ocrx_word' id='word_1_567' title='bbox 1809 4390 1915 4440; x_wconf 84' lang='grc' dir='ltr'>σώ-</span> 
     </span>
    </p>
   </div>
   <div class='ocr_carea' id='block_1_76' title="bbox 361 4471 1919 4551">
    <p class='ocr_par' dir='ltr' id='par_1_76' title="bbox 361 4471 1919 4551">
     <span class='ocr_line' id='line_1_76' title="bbox 361 4471 1919 4551; baseline -0.006 -16"><span class='ocrx_word' id='word_1_568' title='bbox 361 4500 530 4551; x_wconf 82' lang='grc' dir='ltr'>ματος</span> <span class='ocrx_word' id='word_1_569' title='bbox 575 4481 634 4533; x_wconf 80' lang='grc' dir='ltr'>ἓν</span> <span class='ocrx_word' id='word_1_570' title='bbox 690 4480 904 4551; x_wconf 83' lang='grc' dir='ltr'>πνεῦμα</span> <span class='ocrx_word' id='word_1_571' title='bbox 933 4479 1105 4542; x_wconf 74' lang='grc' dir='ltr'>ἔσται,</span> <span class='ocrx_word' id='word_1_572' title='bbox 1132 4479 1166 4549; x_wconf 76' lang='grc' dir='ltr'>ἢ</span> <span class='ocrx_word' id='word_1_573' title='bbox 1206 4478 1287 4530; x_wconf 82' lang='grc' dir='ltr'>δτι</span> <span class='ocrx_word' id='word_1_574' title='bbox 1332 4478 1445 4528; x_wconf 78' lang='grc' dir='ltr'>ἐστι</span> <span class='ocrx_word' id='word_1_575' title='bbox 1478 4477 1575 4545; x_wconf 82' lang='grc' dir='ltr'>μὲν</span> <span class='ocrx_word' id='word_1_576' title='bbox 1599 4475 1759 4545; x_wconf 88' lang='grc' dir='ltr'>σῶμα</span> <span class='ocrx_word' id='word_1_577' title='bbox 1783 4471 1919 4527; x_wconf 74' lang='grc' dir='ltr'>εἶναι</span> 
     </span>
    </p>
   </div>
   <div class='ocr_carea' id='block_1_77' title="bbox 358 4564 1921 4639">
    <p class='ocr_par' dir='ltr' id='par_1_77' title="bbox 358 4564 1921 4639">
     <span class='ocr_line' id='line_1_77' title="bbox 358 4564 1921 4639; baseline -0.006 -16"><span class='ocrx_word' id='word_1_578' title='bbox 358 4572 440 4631; x_wconf 82' lang='grc' dir='ltr'>ἓν.</span> <span class='ocrx_word' id='word_1_579' title='bbox 480 4572 581 4639; x_wconf 74' lang='grc' dir='ltr'>οὐχ</span> <span class='ocrx_word' id='word_1_580' title='bbox 613 4570 671 4622; x_wconf 79' lang='grc' dir='ltr'>ἓν</span> <span class='ocrx_word' id='word_1_581' title='bbox 707 4569 765 4622; x_wconf 79' lang='grc' dir='ltr'>δέ</span> <span class='ocrx_word' id='word_1_582' title='bbox 798 4568 1041 4637; x_wconf 87' lang='grc' dir='ltr'>πνεῦμα·</span> <span class='ocrx_word' id='word_1_583' title='bbox 1081 4565 1163 4631; x_wconf 87' lang='grc' dir='ltr'>ὼς</span> <span class='ocrx_word' id='word_1_584' title='bbox 1191 4566 1256 4619; x_wconf 85' lang='grc' dir='ltr'>ἂν</span> <span class='ocrx_word' id='word_1_585' title='bbox 1299 4566 1352 4618; x_wconf 83' lang='grc' dir='ltr'>εῐ</span> <span class='ocrx_word' id='word_1_586' title='bbox 1384 4582 1470 4627; x_wconf 89' lang='grc' dir='ltr'>τις</span> <span class='ocrx_word' id='word_1_587' title='bbox 1507 4565 1601 4617; x_wconf 69' lang='grc' dir='ltr'>καὶ</span> <span class='ocrx_word' id='word_1_588' title='bbox 1626 4564 1921 4632; x_wconf 81' lang='grc' dir='ltr'>αἱρετικῶν</span> 
     </span>
    </p>
   </div>
   <div class='ocr_carea' id='block_1_78' title="bbox 358 4651 1917 4727">
    <p class='ocr_par' dir='ltr' id='par_1_78' title="bbox 358 4651 1917 4727">
     <span class='ocr_line' id='line_1_78' title="bbox 358 4651 1917 4727; baseline -0.005 -17"><span class='ocrx_word' id='word_1_589' title='bbox 358 4658 515 4727; x_wconf 77' lang='grc' dir='ltr'>φίλος</span> <span class='ocrx_word' id='word_1_590' title='bbox 544 4656 667 4727; x_wconf 81' lang='grc' dir='ltr'>εἴη·</span> <span class='ocrx_word' id='word_1_591' title='bbox 703 4655 736 4726; x_wconf 78' lang='grc' dir='ltr'>ἢ</span> <span class='ocrx_word' id='word_1_592' title='bbox 787 4656 895 4709; x_wconf 85' lang='grc' dir='ltr'>ἀπὸ</span> <span class='ocrx_word' id='word_1_593' title='bbox 942 4653 1131 4706; x_wconf 85' lang='grc' dir='ltr'>τούτου</span> <span class='ocrx_word' id='word_1_594' title='bbox 1172 4654 1309 4724; x_wconf 85' lang='grc' dir='ltr'>πρὸς</span> <span class='ocrx_word' id='word_1_595' title='bbox 1356 4652 1613 4720; x_wconf 81' lang='grc' dir='ltr'>ὁμόνοιαν</span> <span class='ocrx_word' id='word_1_596' title='bbox 1660 4651 1917 4714; x_wconf 87' lang='grc' dir='ltr'>δυσωπεῖ,</span> 
     </span>
    </p>
   </div>
   <div class='ocr_carea' id='block_1_79' title="bbox 367 4737 1923 4810">
    <p class='ocr_par' dir='ltr' id='par_1_79' title="bbox 367 4737 1923 4810">
     <span class='ocr_line' id='line_1_79' title="bbox 367 4737 1923 4810; baseline -0.004 -14"><span class='ocrx_word' id='word_1_597' title='bbox 367 4742 582 4796; x_wconf 86' lang='grc' dir='ltr'>τοιοῦτό</span> <span class='ocrx_word' id='word_1_598' title='bbox 611 4760 665 4795; x_wconf 86' lang='grc' dir='ltr'>τι</span> <span class='ocrx_word' id='word_1_599' title='bbox 716 4741 907 4810; x_wconf 84' lang='grc' dir='ltr'>λέγων·</span> <span class='ocrx_word' id='word_1_600' title='bbox 938 4740 1004 4795; x_wconf 70' lang='lat' dir='ltr'>Ol</span> <span class='ocrx_word' id='word_1_601' title='bbox 1034 4740 1091 4793; x_wconf 84' lang='grc' dir='ltr'>ἐν</span> <span class='ocrx_word' id='word_1_602' title='bbox 1140 4740 1355 4808; x_wconf 85' lang='grc' dir='ltr'>πνεῦμα</span> <span class='ocrx_word' id='word_1_603' title='bbox 1401 4737 1681 4799; x_wconf 70' lang='grc' dir='ltr'>λαϐόντες,</span> <span class='ocrx_word' id='word_1_604' title='bbox 1730 4738 1823 4789; x_wconf 72' lang='grc' dir='ltr'>καὶ</span> <span class='ocrx_word' id='word_1_605' title='bbox 1860 4738 1923 4789; x_wconf 86' lang='grc' dir='ltr'>ἐκ</span> 
     </span>
    </p>
   </div>
   <div class='ocr_carea' id='block_1_80' title="bbox 356 4823 1921 4900">
    <p class='ocr_par' dir='ltr' id='par_1_80' title="bbox 356 4823 1921 4900">
     <span class='ocr_line' id='line_1_80' title="bbox 356 4823 1921 4900; baseline -0.006 -17"><span class='ocrx_word' id='word_1_606' title='bbox 356 4833 489 4900; x_wconf 76' lang='grc' dir='ltr'>μιᾶς</span> <span class='ocrx_word' id='word_1_607' title='bbox 520 4830 869 4889; x_wconf 81' lang='grc' dir='ltr'>ποτισθέντες</span> <span class='ocrx_word' id='word_1_608' title='bbox 912 4829 1119 4897; x_wconf 80' lang='grc' dir='ltr'>πηγῆς,</span> <span class='ocrx_word' id='word_1_609' title='bbox 1154 4830 1253 4880; x_wconf 79' lang='grc' dir='ltr'>οὐκ</span> <span class='ocrx_word' id='word_1_610' title='bbox 1289 4826 1529 4894; x_wconf 74' lang='grc' dir='ltr'>ὀφείλετε</span> <span class='ocrx_word' id='word_1_611' title='bbox 1559 4826 1846 4894; x_wconf 88' lang='grc' dir='ltr'>διχονοεῖν·</span> <span class='ocrx_word' id='word_1_612' title='bbox 1887 4823 1921 4892; x_wconf 82' lang='grc' dir='ltr'>ἢ</span> 
     </span>
    </p>
   </div>
   <div class='ocr_carea' id='block_1_81' title="bbox 358 4907 1920 4987">
    <p class='ocr_par' dir='ltr' id='par_1_81' title="bbox 358 4907 1920 4987">
     <span class='ocr_line' id='line_1_81' title="bbox 358 4907 1920 4987; baseline -0.006 -16"><span class='ocrx_word' id='word_1_613' title='bbox 358 4916 577 4987; x_wconf 80' lang='grc' dir='ltr'>πνεῦμα</span> <span class='ocrx_word' id='word_1_614' title='bbox 601 4916 836 4970; x_wconf 86' lang='grc' dir='ltr'>ἐνταῦθα</span> <span class='ocrx_word' id='word_1_615' title='bbox 859 4917 956 4987; x_wconf 81' lang='grc' dir='ltr'>τὴν</span> <span class='ocrx_word' id='word_1_616' title='bbox 984 4916 1290 4987; x_wconf 81' lang='grc' dir='ltr'>προθυμίαν</span> <span class='ocrx_word' id='word_1_617' title='bbox 1318 4914 1500 4983; x_wconf 89' lang='grc' dir='ltr'>φησίν.</span> <span class='ocrx_word' id='word_1_618' title='bbox 1530 4907 1663 4964; x_wconf 75' lang='grc' dir='ltr'>Εἶτα</span> <span class='ocrx_word' id='word_1_619' title='bbox 1680 4912 1920 4977; x_wconf 85' lang='grc' dir='ltr'>ἐπάγων,</span> 
     </span>
    </p>
   </div>
   <div class='ocr_carea' id='block_1_82' title="bbox 356 4995 1924 5073">
    <p class='ocr_par' dir='ltr' id='par_1_82' title="bbox 356 4995 1924 5073">
     <span class='ocr_line' id='line_1_82' title="bbox 356 4995 1924 5073; baseline -0.006 -14"><span class='ocrx_word' id='word_1_620' title='bbox 356 5006 562 5071; x_wconf 79' lang='grc' dir='ltr'>Καθὼς</span> <span class='ocrx_word' id='word_1_621' title='bbox 629 5004 945 5072; x_wconf 78' lang='grc' dir='ltr'>ἐκλήθητε,</span> <span class='ocrx_word' id='word_1_622' title='bbox 998 5003 1181 5073; x_wconf 78' lang='grc' dir='ltr'>φησὶν,</span> <span class='ocrx_word' id='word_1_623' title='bbox 1245 5002 1340 5054; x_wconf 80' lang='grc' dir='ltr'>Ἐν</span> <span class='ocrx_word' id='word_1_624' title='bbox 1391 4999 1499 5069; x_wconf 84' lang='grc' dir='ltr'>μιᾷ</span> <span class='ocrx_word' id='word_1_625' title='bbox 1558 4998 1758 5053; x_wconf 73' lang='grc' dir='ltr'>ἐλπίδι</span> <span class='ocrx_word' id='word_1_626' title='bbox 1814 4995 1924 5065; x_wconf 83' lang='grc' dir='ltr'>τῆς</span> 
     </span>
    </p>
   </div>
   <div class='ocr_carea' id='block_1_83' title="bbox 356 5085 1923 5161">
    <p class='ocr_par' dir='ltr' id='par_1_83' title="bbox 356 5085 1923 5161">
     <span class='ocr_line' id='line_1_83' title="bbox 356 5085 1923 5161; baseline -0.007 -14"><span class='ocrx_word' id='word_1_627' title='bbox 356 5093 632 5159; x_wconf 72' lang='grc' dir='ltr'>κλήσεως</span> <span class='ocrx_word' id='word_1_628' title='bbox 673 5090 861 5161; x_wconf 84' lang='grc' dir='ltr'>ὑμῶν.</span> <span class='ocrx_word' id='word_1_629' title='bbox 911 5092 1219 5151; x_wconf 87' lang='grc' dir='ltr'>Τουτέστιν,</span> <span class='ocrx_word' id='word_1_630' title='bbox 1264 5089 1320 5142; x_wconf 88' lang='lat'><strong>&#39;0</strong></span> <span class='ocrx_word' id='word_1_631' title='bbox 1358 5089 1490 5150; x_wconf 79' lang='grc' dir='ltr'>Θεὸς</span> <span class='ocrx_word' id='word_1_632' title='bbox 1517 5088 1659 5158; x_wconf 80' lang='grc' dir='ltr'>ὑμᾶς</span> <span class='ocrx_word' id='word_1_633' title='bbox 1693 5085 1784 5138; x_wconf 74' lang='grc' dir='ltr'>ἐπὶ</span> <span class='ocrx_word' id='word_1_634' title='bbox 1813 5087 1923 5149; x_wconf 90' lang='grc' dir='ltr'>τοῖς</span> 
     </span>
    </p>
   </div>
   <div class='ocr_carea' id='block_1_84' title="bbox 354 5172 1919 5247">
    <p class='ocr_par' dir='ltr' id='par_1_84' title="bbox 354 5172 1919 5247">
     <span class='ocr_line' id='line_1_84' title="bbox 354 5172 1919 5247; baseline -0.005 -15"><span class='ocrx_word' id='word_1_635' title='bbox 354 5181 539 5244; x_wconf 76' lang='grc' dir='ltr'>αὐτοῖς</span> <span class='ocrx_word' id='word_1_636' title='bbox 572 5181 865 5234; x_wconf 77' lang='grc' dir='ltr'>ἐκάλεσεν·</span> <span class='ocrx_word' id='word_1_637' title='bbox 930 5178 1081 5231; x_wconf 84' lang='grc' dir='ltr'>οὐδὲν</span> <span class='ocrx_word' id='word_1_638' title='bbox 1126 5178 1299 5247; x_wconf 79' lang='grc' dir='ltr'>ἑτέρῳ</span> <span class='ocrx_word' id='word_1_639' title='bbox 1340 5175 1502 5228; x_wconf 81' lang='grc' dir='ltr'>πλέον</span> <span class='ocrx_word' id='word_1_640' title='bbox 1534 5174 1792 5243; x_wconf 87' lang='grc' dir='ltr'>ἀπένειμε</span> <span class='ocrx_word' id='word_1_641' title='bbox 1824 5172 1919 5224; x_wconf 90' lang='grc' dir='ltr'>τοῦ</span> 
     </span>
    </p>
   </div>
   <div class='ocr_carea' id='block_1_85' title="bbox 353 5260 1921 5336">
    <p class='ocr_par' dir='ltr' id='par_1_85' title="bbox 353 5260 1921 5336">
     <span class='ocr_line' id='line_1_85' title="bbox 353 5260 1921 5336; baseline -0.005 -17"><span class='ocrx_word' id='word_1_642' title='bbox 353 5268 543 5336; x_wconf 84' lang='grc' dir='ltr'>ἐτέρου</span> <span class='ocrx_word' id='word_1_643' title='bbox 570 5282 584 5294; x_wconf 90' lang='grc'>·</span> <span class='ocrx_word' id='word_1_644' title='bbox 622 5268 789 5319; x_wconf 76' lang='grc' dir='ltr'>πᾶσιν</span> <span class='ocrx_word' id='word_1_645' title='bbox 823 5265 1143 5327; x_wconf 86' lang='grc' dir='ltr'>ἀθανασίαν,</span> <span class='ocrx_word' id='word_1_646' title='bbox 1172 5265 1308 5316; x_wconf 81' lang='grc' dir='ltr'>πᾶσι</span> <span class='ocrx_word' id='word_1_647' title='bbox 1338 5261 1481 5333; x_wconf 82' lang='grc' dir='ltr'>ζωὴν</span> <span class='ocrx_word' id='word_1_648' title='bbox 1518 5260 1754 5323; x_wconf 76' lang='grc' dir='ltr'>αἰώνιον,</span> <span class='ocrx_word' id='word_1_649' title='bbox 1788 5261 1921 5312; x_wconf 80' lang='grc' dir='ltr'>πᾶσι</span> 
     </span>
    </p>
   </div>
   <div class='ocr_carea' id='block_1_86' title="bbox 351 5351 1921 5424">
    <p class='ocr_par' dir='ltr' id='par_1_86' title="bbox 351 5351 1921 5424">
     <span class='ocr_line' id='line_1_86' title="bbox 351 5351 1921 5424; baseline -0.006 -14"><span class='ocrx_word' id='word_1_650' title='bbox 351 5356 514 5422; x_wconf 77' lang='grc' dir='ltr'>δόξαν</span> <span class='ocrx_word' id='word_1_651' title='bbox 550 5356 842 5418; x_wconf 84' lang='grc' dir='ltr'>ἀθάνατον,</span> <span class='ocrx_word' id='word_1_652' title='bbox 889 5356 1054 5408; x_wconf 78' lang='grc' dir='ltr'>πᾶσιν</span> <span class='ocrx_word' id='word_1_653' title='bbox 1089 5353 1444 5424; x_wconf 86' lang='grc' dir='ltr'>ἀδελφότητα,</span> <span class='ocrx_word' id='word_1_654' title='bbox 1477 5352 1608 5405; x_wconf 83' lang='grc' dir='ltr'>πᾶσι</span> <span class='ocrx_word' id='word_1_655' title='bbox 1660 5351 1921 5421; x_wconf 85' lang='grc' dir='ltr'>κληρονο-</span> 
     </span>
    </p>
   </div>
   <div class='ocr_carea' id='block_1_87' title="bbox 416 5536 1922 5603">
    <p class='ocr_par' dir='ltr' id='par_1_87' title="bbox 416 5536 1922 5603">
     <span class='ocr_line' id='line_1_87' title="bbox 416 5536 1922 5603; baseline -0.007 -12"><span class='ocrx_word' id='word_1_656' title='bbox 416 5544 442 5571; x_wconf 80' lang='grc'>¹</span> <span class='ocrx_word' id='word_1_657' title='bbox 472 5543 609 5592; x_wconf 78' lang='lat' dir='ltr'>Unus</span> <span class='ocrx_word' id='word_1_658' title='bbox 639 5542 871 5603; x_wconf 70' lang='lat' dir='ltr'>codexel</span> <span class='ocrx_word' id='word_1_659' title='bbox 891 5554 1041 5603; x_wconf 81' lang='lat' dir='ltr'><strong>marg.</strong></span> <span class='ocrx_word' id='word_1_660' title='bbox 1065 5540 1238 5603; x_wconf 63' lang='lat' dir='ltr'>Savil.,</span> <span class='ocrx_word' id='word_1_661' title='bbox 1262 5541 1345 5589; x_wconf 82' lang='grc' dir='ltr'>καὶ</span> <span class='ocrx_word' id='word_1_662' title='bbox 1366 5540 1434 5601; x_wconf 81' lang='grc' dir='ltr'>τῷ</span> <span class='ocrx_word' id='word_1_663' title='bbox 1457 5536 1729 5603; x_wconf 67' lang='grc' dir='ltr'>συμπαθεῖν,</span> <span class='ocrx_word' id='word_1_664' title='bbox 1753 5536 1831 5583; x_wconf 80' lang='grc' dir='ltr'>καὶ</span> <span class='ocrx_word' id='word_1_665' title='bbox 1853 5536 1922 5597; x_wconf 79' lang='grc' dir='ltr'>τῷ</span> 
     </span>
    </p>
   </div>
   <div class='ocr_carea' id='block_1_88' title="bbox 351 5599 1923 5715">
    <p class='ocr_par' dir='ltr' id='par_1_88' title="bbox 351 5599 1923 5715">
     <span class='ocr_line' id='line_1_88' title="bbox 353 5599 1923 5715; baseline -0.005 -63"><span class='ocrx_word' id='word_1_666' title='bbox 353 5605 698 5715; x_wconf 51' lang='grc' dir='ltr'>μήυῗκνεσθαι</span> <span class='ocrx_word' id='word_1_667' title='bbox 734 5602 833 5658; x_wconf 79' lang='grc' dir='ltr'>τοῖς</span> <span class='ocrx_word' id='word_1_668' title='bbox 868 5599 1037 5665; x_wconf 74' lang='grc' dir='ltr'>ἐτέριιῖν</span> <span class='ocrx_word' id='word_1_669' title='bbox 1073 5602 1280 5664; x_wconf 77' lang='grc' dir='ltr'>ἀγαθοῖς,</span> <span class='ocrx_word' id='word_1_670' title='bbox 1319 5599 1430 5661; x_wconf 73' lang='grc' dir='ltr'>ιιυώ</span> <span class='ocrx_word' id='word_1_671' title='bbox 1473 5599 1620 5649; x_wconf 75' lang='lat' dir='ltr'>lectio</span> <span class='ocrx_word' id='word_1_672' title='bbox 1654 5610 1752 5646; x_wconf 86' lang='lat' dir='ltr'>non</span> <span class='ocrx_word' id='word_1_673' title='bbox 1785 5609 1923 5658; x_wconf 86' lang='lat' dir='ltr'>sper-</span> 
     </span>
     <span class='ocr_line' id='line_1_89' title="bbox 351 5677 533 5715; baseline 0.016 -3"><span class='ocrx_word' id='word_1_674' title='bbox 351 5677 420 5713; x_wconf 76' lang='lat' dir='ltr'><strong>ne</strong></span> <span class='ocrx_word' id='word_1_675' title='bbox 518 5702 533 5715; x_wconf 95' lang='lat'><strong>.</strong></span> 
     </span>
    </p>
   </div>
   <div class='ocr_carea' id='block_1_89' title="bbox 2030 3206 3585 3281">
    <p class='ocr_par' dir='ltr' id='par_1_89' title="bbox 2030 3206 3585 3281">
     <span class='ocr_line' id='line_1_90' title="bbox 2030 3206 3585 3281; baseline -0.002 -18"><span class='ocrx_word' id='word_1_676' title='bbox 2030 3208 2159 3281; x_wconf 87' lang='grc' dir='ltr'>μίαν</span> <span class='ocrx_word' id='word_1_677' title='bbox 2203 3208 2507 3281; x_wconf 81' lang='grc' dir='ltr'>ἐχαρίσατο.</span> <span class='ocrx_word' id='word_1_678' title='bbox 2583 3209 2748 3279; x_wconf 82' lang='grc' dir='ltr'>Κοινὴ</span> <span class='ocrx_word' id='word_1_679' title='bbox 2807 3209 3022 3262; x_wconf 89' lang='grc' dir='ltr'>πάντων</span> <span class='ocrx_word' id='word_1_680' title='bbox 3078 3206 3295 3275; x_wconf 87' lang='grc' dir='ltr'>ἐγένετο</span> <span class='ocrx_word' id='word_1_681' title='bbox 3354 3206 3585 3279; x_wconf 73' lang='grc' dir='ltr'>κεφαλὴ,</span> 
     </span>
    </p>
   </div>
   <div class='ocr_carea' id='block_1_90' title="bbox 2025 3295 3585 3367">
    <p class='ocr_par' dir='ltr' id='par_1_90' title="bbox 2025 3295 3585 3367">
     <span class='ocr_line' id='line_1_91' title="bbox 2025 3295 3585 3367; baseline -0.002 -16"><span class='ocrx_word' id='word_1_682' title='bbox 2025 3299 2230 3361; x_wconf 88' lang='grc' dir='ltr'>πάντας</span> <span class='ocrx_word' id='word_1_683' title='bbox 2257 3298 2545 3367; x_wconf 86' lang='grc' dir='ltr'>συνήγειρε</span> <span class='ocrx_word' id='word_1_684' title='bbox 2572 3298 2666 3350; x_wconf 75' lang='grc' dir='ltr'>καὶ</span> <span class='ocrx_word' id='word_1_685' title='bbox 2696 3295 3067 3349; x_wconf 82' lang='grc' dir='ltr'>συνεκάθισεν.</span> <span class='ocrx_word' id='word_1_686' title='bbox 3109 3296 3173 3348; x_wconf 71' lang='lat' dir='ltr'>Ol</span> <span class='ocrx_word' id='word_1_687' title='bbox 3192 3295 3370 3349; x_wconf 87' lang='grc' dir='ltr'>τοίνυν</span> <span class='ocrx_word' id='word_1_688' title='bbox 3393 3297 3450 3349; x_wconf 83' lang='grc' dir='ltr'>ἐν</span> <span class='ocrx_word' id='word_1_689' title='bbox 3471 3299 3585 3360; x_wconf 79' lang='grc' dir='ltr'>τοῖς</span> 
     </span>
    </p>
   </div>
   <div class='ocr_carea' id='block_1_91' title="bbox 2027 3380 3586 3452">
    <p class='ocr_par' dir='ltr' id='par_1_91' title="bbox 2027 3380 3586 3452">
     <span class='ocr_line' id='line_1_92' title="bbox 2027 3380 3586 3452; baseline 0.001 -19"><span class='ocrx_word' id='word_1_690' title='bbox 2027 3384 2414 3452; x_wconf 76' lang='grc' dir='ltr'>πνευματικοῖς</span> <span class='ocrx_word' id='word_1_691' title='bbox 2471 3381 2739 3451; x_wconf 85' lang='grc' dir='ltr'>τοσαύτην</span> <span class='ocrx_word' id='word_1_692' title='bbox 2797 3380 3012 3450; x_wconf 79' lang='grc' dir='ltr'>ἔχοντες</span> <span class='ocrx_word' id='word_1_693' title='bbox 3069 3381 3361 3451; x_wconf 74' lang='grc' dir='ltr'>ἰσοτιμίαν,</span> <span class='ocrx_word' id='word_1_694' title='bbox 3420 3382 3586 3434; x_wconf 83' lang='grc' dir='ltr'>πόθεν</span> 
     </span>
    </p>
   </div>
   <div class='ocr_carea' id='block_1_92' title="bbox 2028 3467 3586 3539">
    <p class='ocr_par' dir='ltr' id='par_1_92' title="bbox 2028 3467 3586 3539">
     <span class='ocr_line' id='line_1_93' title="bbox 2028 3467 3586 3539; baseline -0.001 -19"><span class='ocrx_word' id='word_1_695' title='bbox 2028 3469 2169 3539; x_wconf 86' lang='grc' dir='ltr'>μέγα</span> <span class='ocrx_word' id='word_1_696' title='bbox 2227 3471 2512 3537; x_wconf 84' lang='grc' dir='ltr'>φρονεῖτε;</span> <span class='ocrx_word' id='word_1_697' title='bbox 2563 3469 2644 3520; x_wconf 88' lang='grc' dir='ltr'>ὅτι</span> <span class='ocrx_word' id='word_1_698' title='bbox 2676 3470 2704 3520; x_wconf 89' lang='lat'>6</span> <span class='ocrx_word' id='word_1_699' title='bbox 2745 3468 2894 3521; x_wconf 86' lang='grc' dir='ltr'>δεῖνα</span> <span class='ocrx_word' id='word_1_700' title='bbox 2926 3467 3199 3533; x_wconf 88' lang='grc' dir='ltr'>πλούσιος,</span> <span class='ocrx_word' id='word_1_701' title='bbox 3246 3469 3339 3521; x_wconf 77' lang='grc' dir='ltr'>καὶ</span> <span class='ocrx_word' id='word_1_702' title='bbox 3376 3471 3405 3521; x_wconf 89' lang='lat'>6</span> <span class='ocrx_word' id='word_1_703' title='bbox 3439 3469 3586 3520; x_wconf 88' lang='grc' dir='ltr'>δεῖνα</span> 
     </span>
    </p>
   </div>
   <div class='ocr_carea' id='block_1_93' title="bbox 2025 3553 3586 3625">
    <p class='ocr_par' dir='ltr' id='par_1_93' title="bbox 2025 3553 3586 3625">
     <span class='ocr_line' id='line_1_94' title="bbox 2025 3553 3586 3625; baseline 0 -18"><span class='ocrx_word' id='word_1_704' title='bbox 2025 3555 2239 3625; x_wconf 75' lang='grc' dir='ltr'>ἰσχυρός</span> <span class='ocrx_word' id='word_1_705' title='bbox 2263 3571 2278 3619; x_wconf 85' lang='grc'>;</span> <span class='ocrx_word' id='word_1_706' title='bbox 2307 3555 2400 3609; x_wconf 74' lang='grc' dir='ltr'>καὶ</span> <span class='ocrx_word' id='word_1_707' title='bbox 2429 3553 2544 3617; x_wconf 88' lang='grc' dir='ltr'>πῶς</span> <span class='ocrx_word' id='word_1_708' title='bbox 2566 3555 2666 3607; x_wconf 81' lang='grc' dir='ltr'>οὐκ</span> <span class='ocrx_word' id='word_1_709' title='bbox 2690 3554 2755 3607; x_wconf 85' lang='grc' dir='ltr'>ἂν</span> <span class='ocrx_word' id='word_1_710' title='bbox 2777 3555 2860 3623; x_wconf 77' lang='grc' dir='ltr'>εἴη</span> <span class='ocrx_word' id='word_1_711' title='bbox 2887 3554 3046 3607; x_wconf 88' lang='grc' dir='ltr'>τοῦτο</span> <span class='ocrx_word' id='word_1_712' title='bbox 3070 3554 3240 3623; x_wconf 84' lang='grc' dir='ltr'>γέλως</span> <span class='ocrx_word' id='word_1_713' title='bbox 3266 3573 3280 3619; x_wconf 88' lang='grc'><strong>;</strong></span> <span class='ocrx_word' id='word_1_714' title='bbox 3316 3554 3452 3607; x_wconf 77' lang='grc' dir='ltr'><strong>Εἰπὲ</strong></span> <span class='ocrx_word' id='word_1_715' title='bbox 3476 3553 3586 3625; x_wconf 88' lang='grc' dir='ltr'>γάρ</span> 
     </span>
    </p>
   </div>
   <div class='ocr_carea' id='block_1_94' title="bbox 2025 3639 3585 3711">
    <p class='ocr_par' dir='ltr' id='par_1_94' title="bbox 2025 3639 3585 3711">
     <span class='ocr_line' id='line_1_95' title="bbox 2025 3639 3585 3711; baseline -0.001 -17"><span class='ocrx_word' id='word_1_716' title='bbox 2025 3658 2134 3711; x_wconf 88' lang='grc' dir='ltr'>μοι,</span> <span class='ocrx_word' id='word_1_717' title='bbox 2170 3644 2217 3693; x_wconf 83' lang='grc' dir='ltr'>εί</span> <span class='ocrx_word' id='word_1_718' title='bbox 2244 3643 2272 3694; x_wconf 91' lang='lat'>6</span> <span class='ocrx_word' id='word_1_719' title='bbox 2306 3640 2558 3710; x_wconf 86' lang='grc' dir='ltr'>βασιλεύς</span> <span class='ocrx_word' id='word_1_720' title='bbox 2596 3657 2727 3692; x_wconf 86' lang='grc' dir='ltr'>ποτε</span> <span class='ocrx_word' id='word_1_721' title='bbox 2775 3639 2954 3693; x_wconf 75' lang='grc' dir='ltr'>λαϐὼν</span> <span class='ocrx_word' id='word_1_722' title='bbox 2994 3641 3231 3710; x_wconf 83' lang='grc' dir='ltr'>ὀνόματα</span> <span class='ocrx_word' id='word_1_723' title='bbox 3259 3641 3416 3704; x_wconf 83' lang='grc' dir='ltr'>δέκα,</span> <span class='ocrx_word' id='word_1_724' title='bbox 3445 3642 3585 3693; x_wconf 83' lang='grc' dir='ltr'>πάν-</span> 
     </span>
    </p>
   </div>
   <div class='ocr_carea' id='block_1_95' title="bbox 2019 3726 3583 3799">
    <p class='ocr_par' dir='ltr' id='par_1_95' title="bbox 2019 3726 3583 3799">
     <span class='ocr_line' id='line_1_96' title="bbox 2019 3726 3583 3799; baseline 0.001 -21"><span class='ocrx_word' id='word_1_725' title='bbox 2019 3745 2117 3791; x_wconf 86' lang='grc' dir='ltr'>τας</span> <span class='ocrx_word' id='word_1_726' title='bbox 2144 3729 2438 3799; x_wconf 84' lang='grc' dir='ltr'>ἁλουργίδα</span> <span class='ocrx_word' id='word_1_727' title='bbox 2473 3727 2709 3790; x_wconf 88' lang='grc' dir='ltr'>ἐνέδυσε,</span> <span class='ocrx_word' id='word_1_728' title='bbox 2749 3727 2844 3781; x_wconf 74' lang='grc' dir='ltr'>καὶ</span> <span class='ocrx_word' id='word_1_729' title='bbox 2873 3728 2965 3779; x_wconf 81' lang='grc' dir='ltr'>ἐπὶ</span> <span class='ocrx_word' id='word_1_730' title='bbox 3001 3727 3093 3779; x_wconf 87' lang='grc' dir='ltr'>τοῦ</span> <span class='ocrx_word' id='word_1_731' title='bbox 3125 3727 3314 3797; x_wconf 86' lang='grc' dir='ltr'>θρόνου</span> <span class='ocrx_word' id='word_1_732' title='bbox 3364 3726 3583 3780; x_wconf 81' lang='grc' dir='ltr'>ἐκάθισε</span> 
     </span>
    </p>
   </div>
   <div class='ocr_carea' id='block_1_96' title="bbox 2020 3815 3581 3887">
    <p class='ocr_par' dir='ltr' id='par_1_96' title="bbox 2020 3815 3581 3887">
     <span class='ocr_line' id='line_1_97' title="bbox 2020 3815 3581 3887; baseline -0.001 -17"><span class='ocrx_word' id='word_1_733' title='bbox 2020 3817 2112 3870; x_wconf 84' lang='grc' dir='ltr'>τοῦ</span> <span class='ocrx_word' id='word_1_734' title='bbox 2155 3816 2456 3887; x_wconf 81' lang='grc' dir='ltr'>βασιλικοῦ,</span> <span class='ocrx_word' id='word_1_735' title='bbox 2510 3817 2605 3871; x_wconf 73' lang='grc' dir='ltr'>καὶ</span> <span class='ocrx_word' id='word_1_736' title='bbox 2656 3817 2821 3868; x_wconf 85' lang='grc' dir='ltr'>πᾶσιν</span> <span class='ocrx_word' id='word_1_737' title='bbox 2852 3816 3019 3869; x_wconf 80' lang='grc' dir='ltr'>ἔδωκε</span> <span class='ocrx_word' id='word_1_738' title='bbox 3068 3816 3168 3883; x_wconf 88' lang='grc' dir='ltr'>τὴν</span> <span class='ocrx_word' id='word_1_739' title='bbox 3197 3815 3364 3886; x_wconf 78' lang='grc' dir='ltr'>αὐτὴν</span> <span class='ocrx_word' id='word_1_740' title='bbox 3398 3815 3581 3886; x_wconf 79' lang='grc' dir='ltr'>τιμὴν,</span> 
     </span>
    </p>
   </div>
   <div class='ocr_carea' id='block_1_97' title="bbox 2019 3899 3582 3973">
    <p class='ocr_par' dir='ltr' id='par_1_97' title="bbox 2019 3899 3582 3973">
     <span class='ocr_line' id='line_1_98' title="bbox 2019 3899 3582 3973; baseline 0.001 -18"><span class='ocrx_word' id='word_1_741' title='bbox 2019 3899 2129 3973; x_wconf 82' lang='grc' dir='ltr'>ἆρα</span> <span class='ocrx_word' id='word_1_742' title='bbox 2176 3903 2241 3957; x_wconf 84' lang='grc' dir='ltr'>ἂν</span> <span class='ocrx_word' id='word_1_743' title='bbox 2273 3903 2475 3956; x_wconf 88' lang='grc' dir='ltr'>τούτων</span> <span class='ocrx_word' id='word_1_744' title='bbox 2518 3901 2783 3971; x_wconf 83' lang='grc' dir='ltr'>ἐτόλμησέ</span> <span class='ocrx_word' id='word_1_745' title='bbox 2816 3918 2900 3965; x_wconf 88' lang='grc' dir='ltr'>τις</span> <span class='ocrx_word' id='word_1_746' title='bbox 2944 3902 3199 3954; x_wconf 84' lang='grc' dir='ltr'>ὀνειδίσαι</span> <span class='ocrx_word' id='word_1_747' title='bbox 3246 3901 3335 3954; x_wconf 78' lang='grc' dir='ltr'>τὸν</span> <span class='ocrx_word' id='word_1_748' title='bbox 3374 3901 3582 3972; x_wconf 74' lang='grc' dir='ltr'>ἕτερον,</span> 
     </span>
    </p>
   </div>
   <div class='ocr_carea' id='block_1_98' title="bbox 2020 3990 3582 4063">
    <p class='ocr_par' dir='ltr' id='par_1_98' title="bbox 2020 3990 3582 4063">
     <span class='ocr_line' id='line_1_99' title="bbox 2020 3990 3582 4063; baseline 0.001 -19"><span class='ocrx_word' id='word_1_749' title='bbox 2020 3992 2096 4055; x_wconf 85' lang='grc' dir='ltr'>ὼς</span> <span class='ocrx_word' id='word_1_750' title='bbox 2131 3992 2528 4063; x_wconf 77' lang='grc' dir='ltr'>πλουσιώτερος</span> <span class='ocrx_word' id='word_1_751' title='bbox 2552 3990 2648 4055; x_wconf 85' lang='grc' dir='ltr'>ὢν,</span> <span class='ocrx_word' id='word_1_752' title='bbox 2682 3991 2716 4062; x_wconf 81' lang='grc' dir='ltr'>ἢ</span> <span class='ocrx_word' id='word_1_753' title='bbox 2745 3990 2821 4051; x_wconf 84' lang='grc' dir='ltr'>ὡς</span> <span class='ocrx_word' id='word_1_754' title='bbox 2851 3990 3257 4061; x_wconf 83' lang='grc' dir='ltr'>λαμπρότερος;</span> <span class='ocrx_word' id='word_1_755' title='bbox 3301 3991 3582 4061; x_wconf 85' lang='grc' dir='ltr'>Οὐδαμῶς.</span> 
     </span>
    </p>
   </div>
   <div class='ocr_carea' id='block_1_99' title="bbox 2021 4077 3582 4153">
    <p class='ocr_par' dir='ltr' id='par_1_99' title="bbox 2021 4077 3582 4153">
     <span class='ocr_line' id='line_1_100' title="bbox 2021 4077 3582 4153; baseline -0.003 -20"><span class='ocrx_word' id='word_1_756' title='bbox 2021 4078 2133 4151; x_wconf 74' lang='lat' dir='ltr'>[8i]</span> <span class='ocrx_word' id='word_1_757' title='bbox 2168 4081 2274 4133; x_wconf 70' lang='grc' dir='ltr'>Καὶ</span> <span class='ocrx_word' id='word_1_758' title='bbox 2296 4079 2447 4133; x_wconf 77' lang='grc' dir='ltr'>οὔπω</span> <span class='ocrx_word' id='word_1_759' title='bbox 2470 4079 2532 4133; x_wconf 85' lang='grc' dir='ltr'>τὸ</span> <span class='ocrx_word' id='word_1_760' title='bbox 2556 4080 2664 4131; x_wconf 83' lang='grc' dir='ltr'>πᾶν</span> <span class='ocrx_word' id='word_1_761' title='bbox 2715 4079 2945 4153; x_wconf 78' lang='grc' dir='ltr'>εἴρηκα·</span> <span class='ocrx_word' id='word_1_762' title='bbox 2990 4079 3048 4129; x_wconf 81' lang='grc' dir='ltr'>οὐ</span> <span class='ocrx_word' id='word_1_763' title='bbox 3097 4080 3206 4148; x_wconf 79' lang='grc' dir='ltr'>γάρ</span> <span class='ocrx_word' id='word_1_764' title='bbox 3242 4078 3493 4129; x_wconf 80' lang='grc' dir='ltr'>τοσοῦτον</span> <span class='ocrx_word' id='word_1_765' title='bbox 3522 4077 3582 4129; x_wconf 84' lang='grc' dir='ltr'>τὸ</span> 
     </span>
    </p>
   </div>
   <div class='ocr_carea' id='block_1_100' title="bbox 2022 4164 3580 4239">
    <p class='ocr_par' dir='ltr' id='par_1_100' title="bbox 2022 4164 3580 4239">
     <span class='ocr_line' id='line_1_101' title="bbox 2022 4164 3580 4239; baseline -0.004 -18"><span class='ocrx_word' id='word_1_766' title='bbox 2022 4169 2207 4239; x_wconf 85' lang='grc' dir='ltr'>μέσον.</span> <span class='ocrx_word' id='word_1_767' title='bbox 2250 4168 2337 4221; x_wconf 85' lang='grc' dir='ltr'>Ἐν</span> <span class='ocrx_word' id='word_1_768' title='bbox 2364 4165 2460 4222; x_wconf 79' lang='grc' dir='ltr'>οὖν</span> <span class='ocrx_word' id='word_1_769' title='bbox 2488 4171 2599 4226; x_wconf 83' lang='grc' dir='ltr'>τοῖς</span> <span class='ocrx_word' id='word_1_770' title='bbox 2621 4168 2869 4237; x_wconf 86' lang='grc' dir='ltr'>οὐρανοῖς</span> <span class='ocrx_word' id='word_1_771' title='bbox 2906 4165 3032 4228; x_wconf 78' lang='grc' dir='ltr'>ἴσοι,</span> <span class='ocrx_word' id='word_1_772' title='bbox 3064 4167 3158 4217; x_wconf 74' lang='grc' dir='ltr'>καὶ</span> <span class='ocrx_word' id='word_1_773' title='bbox 3197 4167 3345 4218; x_wconf 84' lang='grc' dir='ltr'>κάτω</span> <span class='ocrx_word' id='word_1_774' title='bbox 3368 4164 3580 4234; x_wconf 83' lang='grc' dir='ltr'>διεστή-</span> 
     </span>
    </p>
   </div>
   <div class='ocr_carea' id='block_1_101' title="bbox 2019 4250 3574 4323">
    <p class='ocr_par' dir='ltr' id='par_1_101' title="bbox 2019 4250 3574 4323">
     <span class='ocr_line' id='line_1_102' title="bbox 2019 4250 3574 4323; baseline -0.003 -15"><span class='ocrx_word' id='word_1_775' title='bbox 2019 4271 2228 4323; x_wconf 81' lang='grc' dir='ltr'>καμεν;</span> <span class='ocrx_word' id='word_1_776' title='bbox 2262 4250 2366 4319; x_wconf 84' lang='grc' dir='ltr'>Εἷς</span> <span class='ocrx_word' id='word_1_777' title='bbox 2424 4255 2658 4320; x_wconf 83' lang='grc' dir='ltr'>Κύριος,</span> <span class='ocrx_word' id='word_1_778' title='bbox 2707 4254 2815 4320; x_wconf 84' lang='grc' dir='ltr'>μία</span> <span class='ocrx_word' id='word_1_779' title='bbox 2867 4253 3092 4316; x_wconf 85' lang='grc' dir='ltr'>πίστις,</span> <span class='ocrx_word' id='word_1_780' title='bbox 3128 4250 3199 4302; x_wconf 77' lang='grc' dir='ltr'>ἐν</span> <span class='ocrx_word' id='word_1_781' title='bbox 3238 4250 3574 4318; x_wconf 74' lang='grc' dir='ltr'>βάπτισμα.</span> 
     </span>
    </p>
   </div>
   <div class='ocr_carea' id='block_1_102' title="bbox 2030 4334 3580 4410">
    <p class='ocr_par' dir='ltr' id='par_1_102' title="bbox 2030 4334 3580 4410">
     <span class='ocr_line' id='line_1_103' title="bbox 2030 4334 3580 4410; baseline -0.003 -16"><span class='ocrx_word' id='word_1_782' title='bbox 2030 4342 2161 4394; x_wconf 82' lang='grc' dir='ltr'>Ἰδοὺ</span> <span class='ocrx_word' id='word_1_783' title='bbox 2201 4344 2234 4410; x_wconf 84' lang='grc' dir='ltr'><strong>ἡ</strong></span> <span class='ocrx_word' id='word_1_784' title='bbox 2263 4341 2415 4403; x_wconf 83' lang='grc' dir='ltr'>ἐλπὶς</span> <span class='ocrx_word' id='word_1_785' title='bbox 2464 4341 2562 4409; x_wconf 81' lang='grc' dir='ltr'>τῆς</span> <span class='ocrx_word' id='word_1_786' title='bbox 2615 4340 2881 4409; x_wconf 83' lang='grc' dir='ltr'>κλήσεως.</span> <span class='ocrx_word' id='word_1_787' title='bbox 2920 4334 3022 4403; x_wconf 79' lang='grc' dir='ltr'>Εἷς</span> <span class='ocrx_word' id='word_1_788' title='bbox 3056 4336 3200 4402; x_wconf 84' lang='grc' dir='ltr'>Θεὸς</span> <span class='ocrx_word' id='word_1_789' title='bbox 3249 4338 3344 4402; x_wconf 79' lang='grc' dir='ltr'>καὶ</span> <span class='ocrx_word' id='word_1_790' title='bbox 3376 4337 3580 4406; x_wconf 79' lang='grc' dir='ltr'>Πατὴρ</span> 
     </span>
    </p>
   </div>
   <div class='ocr_carea' id='block_1_103' title="bbox 2019 4424 3582 4491">
    <p class='ocr_par' dir='ltr' id='par_1_103' title="bbox 2019 4424 3582 4491">
     <span class='ocr_line' id='line_1_104' title="bbox 2019 4424 3582 4491; baseline -0.003 -9"><span class='ocrx_word' id='word_1_791' title='bbox 2019 4431 2279 4491; x_wconf 74' lang='grc' dir='ltr'>πάντων,</span> <span class='ocrx_word' id='word_1_792' title='bbox 2309 4431 2341 4481; x_wconf 85' lang='grc' dir='ltr'><em>ὁ</em></span> <span class='ocrx_word' id='word_1_793' title='bbox 2378 4428 2477 4480; x_wconf 79' lang='grc' dir='ltr'>ἐπὶ</span> <span class='ocrx_word' id='word_1_794' title='bbox 2517 4429 2779 4491; x_wconf 79' lang='grc' dir='ltr'>πάντων,</span> <span class='ocrx_word' id='word_1_795' title='bbox 2820 4427 2918 4481; x_wconf 74' lang='grc' dir='ltr'>καὶ</span> <span class='ocrx_word' id='word_1_796' title='bbox 2942 4426 3039 4479; x_wconf 87' lang='grc' dir='ltr'>διὰ</span> <span class='ocrx_word' id='word_1_797' title='bbox 3086 4424 3345 4486; x_wconf 79' lang='grc' dir='ltr'>πάντων,</span> <span class='ocrx_word' id='word_1_798' title='bbox 3377 4425 3475 4478; x_wconf 79' lang='grc' dir='ltr'>καὶ</span> <span class='ocrx_word' id='word_1_799' title='bbox 3511 4426 3582 4478; x_wconf 76' lang='grc' dir='ltr'>ἐν</span> 
     </span>
    </p>
   </div>
   <div class='ocr_carea' id='block_1_104' title="bbox 2022 4511 3580 4583">
    <p class='ocr_par' dir='ltr' id='par_1_104' title="bbox 2022 4511 3580 4583">
     <span class='ocr_line' id='line_1_105' title="bbox 2022 4511 3580 4583; baseline -0.003 -13"><span class='ocrx_word' id='word_1_800' title='bbox 2022 4516 2211 4570; x_wconf 75' lang='grc' dir='ltr'>πᾶσιν</span> <span class='ocrx_word' id='word_1_801' title='bbox 2235 4517 2438 4581; x_wconf 84' lang='grc' dir='ltr'>αὐτός.</span> <span class='ocrx_word' id='word_1_802' title='bbox 2479 4514 2569 4583; x_wconf 80' lang='grc' dir='ltr'>Μὴ</span> <span class='ocrx_word' id='word_1_803' title='bbox 2596 4514 2705 4583; x_wconf 85' lang='grc' dir='ltr'>γὰρ</span> <span class='ocrx_word' id='word_1_804' title='bbox 2745 4514 2830 4567; x_wconf 73' lang='grc' dir='ltr'>σοὶ</span> <span class='ocrx_word' id='word_1_805' title='bbox 2857 4514 2955 4583; x_wconf 78' lang='grc' dir='ltr'>μὲν</span> <span class='ocrx_word' id='word_1_806' title='bbox 2988 4514 3017 4565; x_wconf 87' lang='lat'>6</span> <span class='ocrx_word' id='word_1_807' title='bbox 3057 4512 3281 4582; x_wconf 77' lang='grc' dir='ltr'>μείζων,</span> <span class='ocrx_word' id='word_1_808' title='bbox 3310 4512 3502 4583; x_wconf 85' lang='grc' dir='ltr'>ἐκείνῳ</span> <span class='ocrx_word' id='word_1_809' title='bbox 3524 4511 3580 4565; x_wconf 77' lang='grc' dir='ltr'>δὲ</span> 
     </span>
    </p>
   </div>
   <div class='ocr_carea' id='block_1_105' title="bbox 2022 4598 3578 4671">
    <p class='ocr_par' dir='ltr' id='par_1_105' title="bbox 2022 4598 3578 4671">
     <span class='ocr_line' id='line_1_106' title="bbox 2022 4598 3578 4671; baseline -0.003 -15"><span class='ocrx_word' id='word_1_810' title='bbox 2022 4606 2049 4656; x_wconf 97' lang='lat'>6</span> <span class='ocrx_word' id='word_1_811' title='bbox 2084 4603 2319 4655; x_wconf 84' lang='grc' dir='ltr'>ἐλάττων</span> <span class='ocrx_word' id='word_1_812' title='bbox 2351 4601 2624 4670; x_wconf 81' lang='grc' dir='ltr'>ἐπεκλήθη</span> <span class='ocrx_word' id='word_1_813' title='bbox 2650 4619 2666 4667; x_wconf 90' lang='lat'>;</span> <span class='ocrx_word' id='word_1_814' title='bbox 2699 4602 2772 4671; x_wconf 80' lang='grc' dir='ltr'>μὴ</span> <span class='ocrx_word' id='word_1_815' title='bbox 2812 4599 2921 4670; x_wconf 88' lang='grc' dir='ltr'>γάρ</span> <span class='ocrx_word' id='word_1_816' title='bbox 2952 4600 3015 4652; x_wconf 85' lang='grc' dir='ltr'>σὺ</span> <span class='ocrx_word' id='word_1_817' title='bbox 3043 4600 3142 4669; x_wconf 85' lang='grc' dir='ltr'>μὲν</span> <span class='ocrx_word' id='word_1_818' title='bbox 3170 4598 3278 4652; x_wconf 76' lang='grc' dir='ltr'>ἀπὸ</span> <span class='ocrx_word' id='word_1_819' title='bbox 3311 4598 3578 4664; x_wconf 88' lang='grc' dir='ltr'>πίστεως,</span> 
     </span>
    </p>
   </div>
   <div class='ocr_carea' id='block_1_106' title="bbox 2023 4685 3581 4758">
    <p class='ocr_par' dir='ltr' id='par_1_106' title="bbox 2023 4685 3581 4758">
     <span class='ocr_line' id='line_1_107' title="bbox 2023 4685 3581 4758; baseline -0.001 -18"><span class='ocrx_word' id='word_1_820' title='bbox 2023 4691 2226 4751; x_wconf 85' lang='grc' dir='ltr'>ἐκεῖνος</span> <span class='ocrx_word' id='word_1_821' title='bbox 2260 4689 2317 4741; x_wconf 80' lang='grc' dir='ltr'>δέ</span> <span class='ocrx_word' id='word_1_822' title='bbox 2354 4689 2459 4741; x_wconf 78' lang='grc' dir='ltr'>ἀπὸ</span> <span class='ocrx_word' id='word_1_823' title='bbox 2496 4687 2672 4757; x_wconf 75' lang='grc' dir='ltr'>ἔργων</span> <span class='ocrx_word' id='word_1_824' title='bbox 2698 4685 2914 4755; x_wconf 82' lang='grc' dir='ltr'>ἐσώθη;</span> <span class='ocrx_word' id='word_1_825' title='bbox 2955 4686 3029 4757; x_wconf 84' lang='grc' dir='ltr'>μὴ</span> <span class='ocrx_word' id='word_1_826' title='bbox 3052 4688 3161 4758; x_wconf 86' lang='grc' dir='ltr'>γὰρ</span> <span class='ocrx_word' id='word_1_827' title='bbox 3196 4687 3279 4741; x_wconf 74' lang='grc' dir='ltr'>σοὶ</span> <span class='ocrx_word' id='word_1_828' title='bbox 3303 4687 3399 4758; x_wconf 86' lang='grc' dir='ltr'>μὲν</span> <span class='ocrx_word' id='word_1_829' title='bbox 3424 4686 3581 4754; x_wconf 85' lang='grc' dir='ltr'>ἀφεί-</span> 
     </span>
    </p>
   </div>
   <div class='ocr_carea' id='block_1_107' title="bbox 2024 4772 3578 4845">
    <p class='ocr_par' dir='ltr' id='par_1_107' title="bbox 2024 4772 3578 4845">
     <span class='ocr_line' id='line_1_108' title="bbox 2024 4772 3578 4845; baseline -0.003 -18"><span class='ocrx_word' id='word_1_830' title='bbox 2024 4775 2088 4845; x_wconf 88' lang='grc' dir='ltr'>θη</span> <span class='ocrx_word' id='word_1_831' title='bbox 2139 4774 2227 4827; x_wconf 90' lang='grc' dir='ltr'>διά</span> <span class='ocrx_word' id='word_1_832' title='bbox 2278 4773 2372 4827; x_wconf 90' lang='grc' dir='ltr'>τοῦ</span> <span class='ocrx_word' id='word_1_833' title='bbox 2426 4774 2801 4845; x_wconf 84' lang='grc' dir='ltr'>βαπτίσματος</span> <span class='ocrx_word' id='word_1_834' title='bbox 2822 4816 2837 4839; x_wconf 93' lang='grc'>,</span> <span class='ocrx_word' id='word_1_835' title='bbox 2867 4773 3059 4844; x_wconf 84' lang='grc' dir='ltr'>ἐκείνῳ</span> <span class='ocrx_word' id='word_1_836' title='bbox 3090 4774 3147 4827; x_wconf 78' lang='grc' dir='ltr'>δὲ</span> <span class='ocrx_word' id='word_1_837' title='bbox 3186 4772 3246 4827; x_wconf 78' lang='grc' dir='ltr'>οὔ</span> <span class='ocrx_word' id='word_1_838' title='bbox 3273 4790 3287 4839; x_wconf 89' lang='grc'>;</span> <span class='ocrx_word' id='word_1_839' title='bbox 3324 4774 3537 4840; x_wconf 82' lang='grc' dir='ltr'>Ἀπαγε</span> <span class='ocrx_word' id='word_1_840' title='bbox 3563 4789 3578 4804; x_wconf 74' lang='grc' dir='ltr'><strong>ο</strong></span> 
     </span>
    </p>
   </div>
   <div class='ocr_carea' id='block_1_108' title="bbox 2023 4856 3580 4928">
    <p class='ocr_par' dir='ltr' id='par_1_108' title="bbox 2023 4856 3580 4928">
     <span class='ocr_line' id='line_1_109' title="bbox 2023 4856 3580 4928; baseline -0.003 -13"><span class='ocrx_word' id='word_1_841' title='bbox 2023 4857 2127 4926; x_wconf 81' lang='grc' dir='ltr'>Εἷς</span> <span class='ocrx_word' id='word_1_842' title='bbox 2156 4861 2299 4928; x_wconf 79' lang='grc' dir='ltr'>Θεὸς</span> <span class='ocrx_word' id='word_1_843' title='bbox 2327 4863 2424 4916; x_wconf 78' lang='grc' dir='ltr'>καὶ</span> <span class='ocrx_word' id='word_1_844' title='bbox 2475 4862 2676 4928; x_wconf 81' lang='grc' dir='ltr'>Πατὴρ</span> <span class='ocrx_word' id='word_1_845' title='bbox 2708 4860 2969 4924; x_wconf 77' lang='grc' dir='ltr'>πάντων,</span> <span class='ocrx_word' id='word_1_846' title='bbox 2990 4863 3022 4914; x_wconf 88' lang='lat'>6</span> <span class='ocrx_word' id='word_1_847' title='bbox 3058 4860 3155 4913; x_wconf 76' lang='grc' dir='ltr'>ἐπὶ</span> <span class='ocrx_word' id='word_1_848' title='bbox 3187 4859 3445 4921; x_wconf 77' lang='grc' dir='ltr'>πάντων,</span> <span class='ocrx_word' id='word_1_849' title='bbox 3484 4856 3580 4910; x_wconf 72' lang='grc' dir='ltr'>καί</span> 
     </span>
    </p>
   </div>
   <div class='ocr_carea' id='block_1_109' title="bbox 2023 4944 3578 5018">
    <p class='ocr_par' dir='ltr' id='par_1_109' title="bbox 2023 4944 3578 5018">
     <span class='ocr_line' id='line_1_110' title="bbox 2023 4944 3578 5018; baseline -0.003 -18"><span class='ocrx_word' id='word_1_850' title='bbox 2023 4948 2118 5001; x_wconf 83' lang='grc' dir='ltr'>διὰ</span> <span class='ocrx_word' id='word_1_851' title='bbox 2141 4949 2403 5013; x_wconf 85' lang='grc' dir='ltr'>πάντων,</span> <span class='ocrx_word' id='word_1_852' title='bbox 2436 4949 2535 5002; x_wconf 79' lang='grc' dir='ltr'>καὶ</span> <span class='ocrx_word' id='word_1_853' title='bbox 2563 4949 2633 5002; x_wconf 83' lang='grc' dir='ltr'>ἐν</span> <span class='ocrx_word' id='word_1_854' title='bbox 2656 4948 2847 5003; x_wconf 77' lang='grc' dir='ltr'>πᾶσιν</span> <span class='ocrx_word' id='word_1_855' title='bbox 2868 4947 3171 5018; x_wconf 81' lang='grc' dir='ltr'>ὑμῖν.-Ὀ</span> <span class='ocrx_word' id='word_1_856' title='bbox 3199 4946 3295 4999; x_wconf 74' lang='grc' dir='ltr'>ἐπὶ</span> <span class='ocrx_word' id='word_1_857' title='bbox 3321 4944 3578 5004; x_wconf 81' lang='grc' dir='ltr'>πάντων,</span> 
     </span>
    </p>
   </div>
   <div class='ocr_carea' id='block_1_110' title="bbox 2023 5033 3580 5101">
    <p class='ocr_par' dir='ltr' id='par_1_110' title="bbox 2023 5033 3580 5101">
     <span class='ocr_line' id='line_1_111' title="bbox 2023 5033 3580 5101; baseline -0.006 -10"><span class='ocrx_word' id='word_1_858' title='bbox 2023 5038 2321 5101; x_wconf 83' lang='grc' dir='ltr'>τουτέστιν,</span> <span class='ocrx_word' id='word_1_859' title='bbox 2345 5039 2372 5090; x_wconf 89' lang='lat'>6</span> <span class='ocrx_word' id='word_1_860' title='bbox 2400 5037 2583 5090; x_wconf 88' lang='grc' dir='ltr'>ἐπάνω</span> <span class='ocrx_word' id='word_1_861' title='bbox 2608 5037 2823 5090; x_wconf 89' lang='grc' dir='ltr'>πάντων</span> <span class='ocrx_word' id='word_1_862' title='bbox 2844 5052 2858 5066; x_wconf 89' lang='grc'>·</span> <span class='ocrx_word' id='word_1_863' title='bbox 2892 5036 3001 5091; x_wconf 80' lang='grc' dir='ltr'>Καὶ</span> <span class='ocrx_word' id='word_1_864' title='bbox 3029 5036 3127 5089; x_wconf 81' lang='grc' dir='ltr'>διὰ</span> <span class='ocrx_word' id='word_1_865' title='bbox 3149 5033 3408 5094; x_wconf 79' lang='grc' dir='ltr'>πάντων,</span> <span class='ocrx_word' id='word_1_866' title='bbox 3435 5048 3580 5082; x_wconf 83' lang='grc' dir='ltr'>τουτ-</span> 
     </span>
    </p>
   </div>
   <div class='ocr_carea' id='block_1_111' title="bbox 2024 5119 3582 5193">
    <p class='ocr_par' dir='ltr' id='par_1_111' title="bbox 2024 5119 3582 5193">
     <span class='ocr_line' id='line_1_112' title="bbox 2024 5119 3582 5193; baseline -0.004 -17"><span class='ocrx_word' id='word_1_867' title='bbox 2024 5123 2160 5189; x_wconf 80' lang='grc' dir='ltr'>ἐστι,</span> <span class='ocrx_word' id='word_1_868' title='bbox 2189 5122 2450 5193; x_wconf 85' lang='grc' dir='ltr'>προνοῶν,</span> <span class='ocrx_word' id='word_1_869' title='bbox 2477 5123 2693 5176; x_wconf 85' lang='grc' dir='ltr'>διοικῶν</span> <span class='ocrx_word' id='word_1_870' title='bbox 2727 5140 2742 5153; x_wconf 85' lang='grc'>·</span> <span class='ocrx_word' id='word_1_871' title='bbox 2778 5124 2883 5176; x_wconf 74' lang='grc' dir='ltr'>Καὶ</span> <span class='ocrx_word' id='word_1_872' title='bbox 2906 5123 2976 5177; x_wconf 75' lang='grc' dir='ltr'>ἐν</span> <span class='ocrx_word' id='word_1_873' title='bbox 3011 5121 3202 5176; x_wconf 77' lang='grc' dir='ltr'>πᾶσιν</span> <span class='ocrx_word' id='word_1_874' title='bbox 3225 5119 3367 5187; x_wconf 80' lang='grc' dir='ltr'>ὑμῖν</span> <span class='ocrx_word' id='word_1_875' title='bbox 3389 5158 3404 5180; x_wconf 95' lang='grc'>,</span> <span class='ocrx_word' id='word_1_876' title='bbox 3428 5134 3582 5170; x_wconf 76' lang='grc' dir='ltr'>τουτο</span> 
     </span>
    </p>
   </div>
   <div class='ocr_carea' id='block_1_112' title="bbox 2025 5202 3581 5276">
    <p class='ocr_par' dir='ltr' id='par_1_112' title="bbox 2025 5202 3581 5276">
     <span class='ocr_line' id='line_1_113' title="bbox 2025 5202 3581 5276; baseline -0.004 -13"><span class='ocrx_word' id='word_1_877' title='bbox 2025 5210 2189 5276; x_wconf 83' lang='grc' dir='ltr'>ἐστιν,</span> <span class='ocrx_word' id='word_1_878' title='bbox 2222 5213 2250 5264; x_wconf 87' lang='lat'>6</span> <span class='ocrx_word' id='word_1_879' title='bbox 2279 5213 2336 5264; x_wconf 91' lang='grc' dir='ltr'>ἐν</span> <span class='ocrx_word' id='word_1_880' title='bbox 2393 5212 2557 5264; x_wconf 84' lang='grc' dir='ltr'>πᾶσιν</span> <span class='ocrx_word' id='word_1_881' title='bbox 2594 5209 2780 5262; x_wconf 83' lang='grc' dir='ltr'>οἰκῶν.</span> <span class='ocrx_word' id='word_1_882' title='bbox 2836 5208 3024 5260; x_wconf 83' lang='grc' dir='ltr'>Καίτοι</span> <span class='ocrx_word' id='word_1_883' title='bbox 3086 5206 3179 5258; x_wconf 87' lang='grc' dir='ltr'>τοῦ</span> <span class='ocrx_word' id='word_1_884' title='bbox 3241 5203 3390 5266; x_wconf 86' lang='grc' dir='ltr'>Υίοῦ,</span> <span class='ocrx_word' id='word_1_885' title='bbox 3424 5202 3581 5256; x_wconf 90' lang='grc' dir='ltr'>τοῦτο</span> 
     </span>
    </p>
   </div>
   <div class='ocr_carea' id='block_1_113' title="bbox 2025 5287 3581 5366">
    <p class='ocr_par' dir='ltr' id='par_1_113' title="bbox 2025 5287 3581 5366">
     <span class='ocr_line' id='line_1_114' title="bbox 2025 5287 3581 5366; baseline -0.004 -16"><span class='ocrx_word' id='word_1_886' title='bbox 2025 5297 2161 5351; x_wconf 75' lang='grc' dir='ltr'>εἶναί</span> <span class='ocrx_word' id='word_1_887' title='bbox 2213 5314 2378 5366; x_wconf 83' lang='grc' dir='ltr'>φησιν</span> <span class='ocrx_word' id='word_1_888' title='bbox 2408 5314 2423 5329; x_wconf 88' lang='grc'>·</span> <span class='ocrx_word' id='word_1_889' title='bbox 2457 5298 2596 5350; x_wconf 83' lang='grc' dir='ltr'>ὥστε</span> <span class='ocrx_word' id='word_1_890' title='bbox 2650 5299 2698 5348; x_wconf 90' lang='grc' dir='ltr'>εἱ</span> <span class='ocrx_word' id='word_1_891' title='bbox 2739 5293 3084 5354; x_wconf 86' lang='grc' dir='ltr'>ἐλαττώσεως</span> <span class='ocrx_word' id='word_1_892' title='bbox 3109 5287 3195 5361; x_wconf 80' lang='grc' dir='ltr'>ἧν,</span> <span class='ocrx_word' id='word_1_893' title='bbox 3221 5291 3321 5343; x_wconf 80' lang='grc' dir='ltr'>οὐκ</span> <span class='ocrx_word' id='word_1_894' title='bbox 3356 5290 3420 5343; x_wconf 79' lang='grc' dir='ltr'>ἃν</span> <span class='ocrx_word' id='word_1_895' title='bbox 3453 5290 3581 5359; x_wconf 76' lang='grc' dir='ltr'>περὶ</span> 
     </span>
    </p>
   </div>
   <div class='ocr_carea' id='block_1_114' title="bbox 2025 5375 3579 5455">
    <p class='ocr_par' dir='ltr' id='par_1_114' title="bbox 2025 5375 3579 5455">
     <span class='ocr_line' id='line_1_115' title="bbox 2025 5375 3579 5455; baseline -0.003 -19"><span class='ocrx_word' id='word_1_896' title='bbox 2025 5384 2118 5437; x_wconf 87' lang='grc' dir='ltr'>τοῦ</span> <span class='ocrx_word' id='word_1_897' title='bbox 2150 5384 2362 5455; x_wconf 77' lang='grc' dir='ltr'>[ἰατρὸς</span> <span class='ocrx_word' id='word_1_898' title='bbox 2394 5383 2622 5453; x_wconf 75' lang='grc' dir='ltr'>ἐρρήθη.</span> <span class='ocrx_word' id='word_1_899' title='bbox 2669 5380 2794 5435; x_wconf 83' lang='grc' dir='ltr'>Ἑνὶ</span> <span class='ocrx_word' id='word_1_900' title='bbox 2831 5378 2899 5432; x_wconf 80' lang='grc' dir='ltr'>δὲ</span> <span class='ocrx_word' id='word_1_901' title='bbox 2930 5375 3164 5443; x_wconf 81' lang='grc' dir='ltr'>ἑκάστῳ</span> <span class='ocrx_word' id='word_1_902' title='bbox 3197 5375 3368 5445; x_wconf 72' lang='grc' dir='ltr'>ἡμῶν</span> <span class='ocrx_word' id='word_1_903' title='bbox 3402 5375 3579 5442; x_wconf 82' lang='grc' dir='ltr'>ἐδόθη</span> 
     </span>
    </p>
   </div>
   <div class='ocr_carea' id='block_1_115' title="bbox 2026 5462 3578 5540">
    <p class='ocr_par' dir='ltr' id='par_1_115' title="bbox 2026 5462 3578 5540">
     <span class='ocr_line' id='line_1_116' title="bbox 2026 5462 3578 5540; baseline -0.008 -15"><span class='ocrx_word' id='word_1_904' title='bbox 2026 5473 2066 5538; x_wconf 80' lang='grc' dir='ltr'><em>ἡ</em></span> <span class='ocrx_word' id='word_1_905' title='bbox 2106 5468 2297 5540; x_wconf 79' lang='grc' dir='ltr'>χάρις.</span> <span class='ocrx_word' id='word_1_906' title='bbox 2356 5470 2422 5520; x_wconf 91' lang='grc' dir='ltr'>Τί</span> <span class='ocrx_word' id='word_1_907' title='bbox 2455 5463 2581 5532; x_wconf 80' lang='grc' dir='ltr'>οὖν,</span> <span class='ocrx_word' id='word_1_908' title='bbox 2617 5468 2770 5536; x_wconf 76' lang='grc' dir='ltr'>φησὶ,</span> <span class='ocrx_word' id='word_1_909' title='bbox 2824 5465 2919 5517; x_wconf 76' lang='grc' dir='ltr'>καὶ</span> <span class='ocrx_word' id='word_1_910' title='bbox 2956 5462 3120 5515; x_wconf 83' lang='grc' dir='ltr'>πόθεν</span> <span class='ocrx_word' id='word_1_911' title='bbox 3156 5462 3225 5516; x_wconf 84' lang='grc' dir='ltr'>τά</span> <span class='ocrx_word' id='word_1_912' title='bbox 3268 5464 3578 5535; x_wconf 86' lang='grc' dir='ltr'>χαρίσματα</span> 
     </span>
    </p>
   </div>
   <div class='ocr_carea' id='block_1_116' title="bbox 2024 5549 3580 5626">
    <p class='ocr_par' dir='ltr' id='par_1_116' title="bbox 2024 5549 3580 5626">
     <span class='ocr_line' id='line_1_117' title="bbox 2024 5549 3580 5626; baseline -0.007 -15"><span class='ocrx_word' id='word_1_913' title='bbox 2024 5557 2291 5626; x_wconf 86' lang='grc' dir='ltr'>διάφορα;</span> <span class='ocrx_word' id='word_1_914' title='bbox 2319 5554 2489 5607; x_wconf 88' lang='grc' dir='ltr'>Τοῦτο</span> <span class='ocrx_word' id='word_1_915' title='bbox 2518 5553 2626 5623; x_wconf 85' lang='grc' dir='ltr'>γὰρ</span> <span class='ocrx_word' id='word_1_916' title='bbox 2651 5552 2739 5604; x_wconf 76' lang='grc' dir='ltr'>ἀεὶ</span> <span class='ocrx_word' id='word_1_917' title='bbox 2781 5551 2873 5604; x_wconf 73' lang='grc' dir='ltr'>καὶ</span> <span class='ocrx_word' id='word_1_918' title='bbox 2919 5551 3114 5614; x_wconf 76' lang='grc' dir='ltr'>αὐτοὺς</span> <span class='ocrx_word' id='word_1_919' title='bbox 3148 5552 3242 5604; x_wconf 84' lang='grc' dir='ltr'>καὶ</span> <span class='ocrx_word' id='word_1_920' title='bbox 3268 5549 3580 5621; x_wconf 85' lang='grc' dir='ltr'>Κορινθίους</span> 
     </span>
    </p>
   </div>
   <div class='ocr_carea' id='block_1_117' title="bbox 2029 5634 3576 5710">
    <p class='ocr_par' dir='ltr' id='par_1_117' title="bbox 2029 5634 3576 5710">
     <span class='ocr_line' id='line_1_118' title="bbox 2029 5634 3576 5710; baseline -0.005 -12"><span class='ocrx_word' id='word_1_921' title='bbox 2029 5646 2122 5698; x_wconf 77' lang='grc' dir='ltr'>καὶ</span> <span class='ocrx_word' id='word_1_922' title='bbox 2176 5642 2403 5706; x_wconf 81' lang='grc' dir='ltr'>πολλοὺς</span> <span class='ocrx_word' id='word_1_923' title='bbox 2443 5640 2682 5710; x_wconf 78' lang='grc' dir='ltr'>ἑτέρους,</span> <span class='ocrx_word' id='word_1_924' title='bbox 2722 5639 2848 5703; x_wconf 74' lang='grc' dir='ltr'>τοὺς</span> <span class='ocrx_word' id='word_1_925' title='bbox 2896 5638 2993 5709; x_wconf 83' lang='grc' dir='ltr'>μὲν</span> <span class='ocrx_word' id='word_1_926' title='bbox 3037 5638 3119 5701; x_wconf 89' lang='grc' dir='ltr'>εἰς</span> <span class='ocrx_word' id='word_1_927' title='bbox 3148 5638 3422 5703; x_wconf 87' lang='grc' dir='ltr'>ἀπόνοιαν,</span> <span class='ocrx_word' id='word_1_928' title='bbox 3454 5634 3576 5698; x_wconf 71' lang='grc' dir='ltr'>τοὺς</span> 
     </span>
    </p>
   </div>
  </div>
