4052 6214
267 258 330 316 8|
975 274 1033 329 S.
1074 274 1364 333 JOANNIS
1392 277 1886 335 CHRYSOSTOHI
1923 282 2240 344 ARCHIEP.
2279 287 2837 353 CONSTANTINOP.
3421 300 3495 358 82

263 377 322 430 δὲ
346 379 426 441 εἰς
454 378 693 449 ἀθυμίαν
734 385 828 438 καὶ
862 387 1058 455 φθόνον
1075 391 1266 459 ἀνῆγε.
1298 393 1395 447 Διά
1430 394 1586 448 τοῦτο
1622 414 1825 450 παντα-

265 462 361 555 χοῦ
409 467 473 520 10
511 469 605 522 106
644 472 894 543 σώματος
922 479 1223 550 ὑπόδειγμα
1254 484 1669 555 παραλαμϐάνει
1697 504 1712 518 ·
1739 488 1827 542 διά

262 553 421 608 τοῦτο
452 558 547 610 καὶ
579 559 675 613 νῦν
710 564 866 618 τοῦτο
907 566 1149 621 τέθεικεν
1168 611 1183 634 ,
1210 572 1396 641 ἐπειδὴ
1424 553 1614 644 ἔμελλε
1636 576 1825 647 διαφό-

265 658 374 736 ρων
418 650 774 718 χαρισμάτων
804 656 1218 722 -μνημονεὺειν.
1261 659 1677 735 Ἀκριϐέστερον
1726 667 1826 736 μὲν

263 724 355 783 οῦν
374 733 509 786 0010
538 738 593 788 ἐν
621 739 685 808 τῇ
716 741 852 810 πρὸς
874 742 1191 811 Κορινθίους
1220 724 1505 823 Ἐπιστολῇ
1538 724 1825 826 ἐπεξέρχε-

263 836 373 913 ται,
430 826 618 899 ἐπειδὴ
660 832 753 883 καὶ
785 834 905 886 ἐκεῖ
933 837 1169 905 μάλιστα
1199 840 1261 893 10
1286 842 1499 913 νόσημα
1519 845 1678 900 τοῦτο
1707 849 1826 902 010-

264 909 443 977 ράννει
475 930 488 943 ⁸
522 914 616 968 νῦν
659 917 715 970 δὲ
765 921 1000 977 ἐνταῦθα
1037 928 1198 995 μόνον
1229 909 1486 999 ᾐνίξατο·
1525 934 1620 986 καί⁵
1648 935 1749 1005 ὅρα
1773 936 1826 990 τί

262 1019 447 1073 φησιν.
483 1006 594 1059 Οὑκ
629 1005 749 1062 εἶπε
773 1050 788 1074 ,
826 1014 981 1068 Κατά
1009 1018 1109 1085 τὴν
1139 1020 1372 1073 ἑκάστου
1400 1022 1604 1088 πίστιν,
1632 1027 1719 1080 ἵνα
1749 1028 1824 1097 μὴ

260 1095 339 1156 είς
372 1095 609 1166 ἀθυμίαν
638 1101 849 1175 ἐμϐάλῃ
879 1105 1142 1172 ἐκείνους,
1173 1112 1301 1174 100;
1333 1114 1587 1181 μεγάλων
1625 1116 1701 1186 μὴ
1734 1095 1825 1172 τεέ

257 1185 564 1253 τυχηκότας
595 1204 608 1216 ·
642 1189 777 1242 ἀλλά
798 1192 891 1255 τί;
925 1195 1085 1250 Κατὰ
1112 1197 1177 1250 τὸ
1205 1197 1423 1268 μέτρον
1460 1202 1570 1270 τῆς
1602 1185 1824 1273 δωρεᾶς

260 1272 367 1326 τοῦ
402 1277 682 1343 Χριστοῦ.
724 1281 805 1335 Τά
842 1284 1057 1339 πάντων
1092 1290 1618 1364 κεφαλαιωδέστερα,
1665 1272 1822 1366 (ρησὶ,

260 1365 416 1419 κοινά
448 1369 665 1423 πάντων
703 1373 840 1436 ἐστὶ,
861 1376 921 1428 10
939 1376 1239 1449 βάπτισμα,
1263 1382 1325 1435 10
1345 1383 1433 1437 διὰ
1461 1365 1695 1452 πίστεως
1714 1402 1821 1440 σω-

260 1455 441 1524 θῆναι,
466 1460 524 1512 10
549 1461 640 1515 τὸν
668 1463 800 1516 Θεὸν
819 1464 963 1537 ἔχειν
992 1469 1228 1542 Πατέρα,
1254 1473 1315 1526 10
1341 1475 1436 1528 106
1460 1477 1626 1530 αὑτοῦ
1653 1480 1822 1533 Πνεὺι

262 1566 430 1619 ματος
457 1552 702 1617 ἅπαντας
729 1558 993 1627 μετέχειν.
1033 1561 1094 1612 Εἰ
1125 1562 1182 1613 δέ
1212 1578 1264 1616 τι
1295 1563 1453 1617 πλέον
1477 1568 1507 1619 0
1537 1567 1683 1621 δεῖνα
1708 1569 1822 1638 ἔχει

263 1644 320 1694 ὲν
344 1642 423 1713 τῷ
458 1645 780 1715 χαρίσματι,
822 1651 896 1718 μὴ
930 1649 1107 1718 ἄλγει,
1135 1652 1259 1706 ἐπεὶ
1300 1657 1391 1709 καί
1417 1660 1446 1711 0
1474 1659 1639 1735 πόνος
1670 1662 1822 1734 αὑτῷ

259 1732 460 1787 πλείων
499 1736 616 1789 ἐστί
638 1754 652 1768 ·
683 1739 778 1791 καὶ
808 1739 838 1791 0
870 1739 938 1793 τά
965 1743 1126 1796 πέντε
1166 1747 1404 1802 τάλαντα
1432 1732 1639 1819 λαϐὼν,
1663 1732 1822 1810 πέντε

258 1824 517 1895 ἀπῃτεῖτο
548 1841 562 1856 ⁸
591 1825 619 1879 ό
654 1826 709 1880 δὲ
736 1829 803 1882 τά
831 1829 946 1893 0'50,
992 1833 1086 1887 δύο
1137 1836 1295 1905 μόνον
1340 1843 1701 1913 προσήνεγκε,
1727 1849 1822 1902 καὶ

257 1913 407 1966 οὐδὲν
435 1915 655 1970 ἔλαττον
688 1917 845 1989 ἔσχεν
878 1922 1105 1977 ἐκείνου.
1140 1928 1238 1981 Διά
1259 1929 1418 1984 τοῦτο
1450 1935 1544 1986 καὶ
1584 1938 1822 1993 ἐνταῦθα

258 2005 366 2085 ἀπὸ
414 2007 513 2078 τῆς
559 2010 730 2080 αὑτῆς
765 2014 945 2078 αἰτίας
978 2019 1387 2088 παραμυθεῖται
1416 2024 1508 2077 τὸν
1532 2028 1820 2084 ἀκούοντα.

259 2097 409 2167 Πρὸς
467 2104 870 2173 καταρτισμὸν
915 2105 1033 2160 τῶν
1068 2110 1274 2179 ἁγίων,
1309 2116 1495 2183 φησιν,
1529 2121 1613 2181 εις
1643 2119 1823 2190 ἔργον

256 2191 586 2259 διακονίας,
628 2197 716 2260 εις
752 2198 1078 2268 οἰκοδομὴν
1114 2202 1221 2256 τοῦ
1244 2203 1516 2274 σώματος
1544 2211 1654 2265 τοῦ
1689 2214 1821 2281 Χρι-

255 2282 423 2336 στοῦ.
468 2283 568 2336 Διά
599 2285 756 2339 τοῦτο
792 2288 887 2341 καὶ
939 2290 1101 2355 0010;
1145 2291 1352 2361 ἔλεγενο
1388 2298 1537 2351 Οὐαί
1565 2316 1686 2367 μοι,
1712 2302 1822 2356 ἐὰν

256 2370 342 2438 μὴ
398 2373 875 2443 εὐαγγελίζωμαι.
918 2374 1063 2439 Οἴον.
1099 2382 1405 2455 ἀποστολῆς
1434 2386 1591 2440 ἔλαϐέ
1607 2391 1821 2461 τιςχάιο

260 2479 450 2531 ρισμα.
479 2463 637 2518 Ἀλλά
659 2466 747 2521 διά
769 2467 928 2522 τοῦτο
960 2470 1109 2541 αὑτῷ
1136 2474 1286 2537 οὐαὶ,
1319 2476 1506 2549 ἐπειδὴ
1536 2478 1719 2533 ξλαϐεο
1752 2480 1817 2533 σὺ

254 2552 310 2604 δὲ
367 2551 464 2606 τοῦ
517 2554 759 2610 κινδύνου
808 2555 1132 2630 ἀπήλλαξαι.
1168 2566 1330 2619 Κατὰ
1371 2568 1438 2620 τὸ
1481 2570 1720 2637 μέτρον.
1752 2571 1818 2625 Τί

253 2643 387 2702 ἐστι,
442 2644 604 2699 Κατὰ
639 2648 705 2699 τὸ
734 2647 1002 2717 μέτρονς
1043 2654 1355 2722 Τουτέστιν,
1404 2658 1465 2710 οὐ
1530 2660 1669 2729 πρὸς
1720 2661 1818 2733 τὴν

254 2733 528 2803 ἡμετέραν
567 2737 724 2801 ἀξίαν
751 2755 766 2771 ⁸
792 2742 915 2795 ἐπεὶ
962 2744 1072 2797 000’
1103 2747 1170 2799 ἂν
1206 2746 1398 2800 ἔλαϐεν
1432 2749 1604 2814 οὐδεὶς
1628 2751 1664 2805 ἂ
1694 2752 1816 2807 ελα-

253 2823 347 2879 ϐεν
381 2842 395 2855 ·
434 2826 569 2881 ἀλλά
604 2828 805 2894 πάντες
831 2833 941 2886 ἀπὸ
969 2835 1069 2905 τῆς
1096 2836 1307 2909 δωρεᾶς
1336 2839 1624 2910 ἐλάϐομεν.

323 2970 388 3039 β’.
409 2972 519 3025 Kal
540 2971 629 3026 διά
646 2973 699 3026 τί
721 2976 749 3028 0
775 2976 873 3044 μὲν
895 2977 1075 3041 πλέον,
1096 2980 1125 3033 0
1139 2980 1194 3034 δὲ
1218 2981 1459 3051 ἐλαττον;
1483 2986 1648 3041 Οὐδὲν
1662 2988 1818 3043 τοῦτο

253 3060 412 3121 ποιεῖ,
440 3060 626 3128 φησιν,
655 3060 770 3115 ἀλλ’
797 3063 1092 3136 ἀδιάφορον
1133 3067 1192 3121 10
1220 3071 1451 3141 πρᾶγμά
1480 3075 1660 3127 ἐστιν·
1688 3074 1818 3130 ἱκα-

254 3159 376 3207 στος
402 3143 510 3214 γὰρ
540 3146 676 3216 πρὸς
700 3148 798 3218 τὴν
823 3149 1110 3222 οἰκοδομὴν
1140 3155 1400 3208 συντελεῖ.
1428 3157 1539 3211 Kal
1576 3157 1667 3212 διά
1690 3161 1817 3215 τοὺ-

251 3247 346 3282 του
372 3230 663 3318 δείκνυσιν,
696 3236 777 3289 011
820 3236 921 3290 οὑκ
964 3238 1072 3291 ἀπὸ
1112 3238 1211 3309 τῆς
1239 3242 1443 3305 οἰκείας
1471 3242 1627 3311 ἀξίας
1656 3248 1685 3300 0
1718 3249 1817 3318 μὲν

253 3315 437 3381 πλέον,
465 3320 493 3371 0
539 3316 596 3372 δὲ
646 3318 868 3375 ἔλαττον
928 3322 1140 3390 ἔλαϐεν,
1180 3326 1317 3381 ἀλλά
1355 3328 1423 3382 δι’
1463 3315 1816 3402 ἐτέρουςξώς

254 3402 366 3476 με]
400 3406 563 3470 0010;
594 3407 897 3480 ἐμέτρησεν
933 3424 948 3442 ’
982 3413 1105 3466 ἐπεὶ
1129 3415 1224 3468 καὶ
1246 3415 1482 3487 ἀλλαχοῦ
1507 3418 1656 3488 λέγει
1682 3437 1698 3452 ’
1741 3420 1817 3477 Τὰ

252 3491 320 3546 δὲ
348 3494 505 3562 μέλη
546 3494 714 3551 ἔθετο
750 3496 822 3552 ἐν
853 3499 1117 3556 ἕκαστον
1146 3505 1366 3567 αὐτῶν,
1411 3508 1606 3575 καθὼς
1630 3511 1813 3578 αὐτὸς

251 3580 535 3651 ἠθέλησε.
576 3584 685 3637 Kal
705 3585 765 3638 00
795 3585 942 3655 λέγει
969 3588 1060 3641 τὸν
1084 3589 1262 3659 λόγον,
1295 3591 1382 3645 ἵνα
1425 3593 1500 3664 μὴ
1532 3591 1817 3671 καταϐάλῂ

250 3669 321 3722 τά
347 3674 667 3744 φρονήματα
698 3673 808 3726 τῶν
857 3675 1181 3731 ἀκουόντων.
1219 3679 1314 3732 Διὸ
1341 3680 1525 3750 λέγει·
1578 3669 1818 3754 Ἀναϐὰς

251 3759 341 3823 είς
386 3759 547 3826 ὕψος
599 3760 1071 3828 ᾐχμαλώτευσεν
1099 3766 1537 3834 αιχμαλωσίαν,
1568 3773 1664 3825 καί
1684 3770 1817 3826 ἐδω-

252 3859 323 3896 κε
385 3843 612 3911 δόματα
686 3846 811 3912 τοῖς
877 3848 1227 3917 ἀνθρώποις.
1280 3852 1425 3907 Ὠσεὶ
1463 3852 1650 3929 ,ἔλεγε
1671 3874 1687 3891 ο
1749 3856 1817 3915 Τί

257 3930 402 3999 μέγα
442 3933 659 4001 φρονεῖς
692 3948 707 3996 ;
765 3933 859 3986 106
913 3935 1048 3988 Θεοῦ
1101 3936 1162 3990 10
1201 3938 1306 3993 πᾶν
1338 3941 1580 4009 γέγονεν.
1618 3946 1678 3999 Ὃ
1717 3945 1816 4017 μὲν

258 4018 548 4087 Προφήτης
570 4020 736 4088 φησὶν
766 4020 826 4071 ὲν
860 4020 938 4090 τῷ
971 4020 1193 4093 ψαλμῷ·
1229 4027 1481 4096 Ἕλαϐες
1509 4028 1818 4101 δόματαέν

253 4102 586 4171 ἀνθρώποις
621 4120 637 4135 ο
672 4106 834 4169 0010;
885 4107 942 4161 δέ
998 4122 1184 4178 φησιν·
1216 4112 1443 4168 Ἔδωκε
1481 4114 1709 4185 δόματα
1745 4119 1817 4173 ἐν

255 4188 605 4257 ἀνθρώποις.
654 4190 823 4245 Τοῦτο
854 4194 1067 4248 -ταυτόν
1103 4198 1252 4249 ἐστιν
1291 4199 1505 4271 ἐκείνῳ.
1558 4204 1815 4260 Τοιοῦτόν

257 4279 372 4330 ἐστι
410 4276 526 4339 καὶ,
579 4276 649 4331 Τὸ
690 4277 759 4330 δὲ
805 4277 989 4348 ἀνέϐη
1044 4282 1100 4334 τί
1142 4282 1335 4349 ἐστιν,
1381 4288 1435 4340 εὶ
1474 4287 1563 4357 μὴ
1590 4289 1682 4344 ὅτι
1715 4294 1814 4348 καὶ

176 4420 185 4427 ,
256 4361 471 4430 κατέϐη
520 4363 757 4432 πρῶτον
788 4368 877 4433 εις
903 4368 977 4421 τὰ
1006 4370 1304 4439 κατώτερα
1328 4372 1483 4443 μέρη
1518 4375 1632 4446 τῆς
1649 4378 1764 4448 γῆς
1795 4399 1817 4448 ;

266 4449 330 4501 '0
356 4452 634 4517 καταϐὰς,
661 4454 842 4519 αὑτός
889 4455 1023 4509 ἐστι
1063 4458 1158 4511 καί
1193 4462 1227 4511 ό
1258 4460 1484 4528 ἀναϐὰς
1541 4466 1817 4534 ὑπεράνω

256 4536 497 4590 πάντων
541 4537 661 4592 τῶν
709 4538 999 4607 οὐρανῶν,
1040 4543 1141 4597 ἵνα
1167 4547 1458 4617 πληρώσῃ
1490 4550 1562 4604 τὰ
1597 4552 1813 4608 πάντα.

258 4623 441 4675 Ταῦτα
479 4625 713 4689 ἀκούων,
749 4626 824 4697 μὴ
856 4630 1152 4698 μετάϐασιν
1178 4632 1384 4702 νόμιζε.
1420 4637 1594 4710 Ὅπερ
1632 4639 1740 4711 γάρ
1759 4642 1817 4696 ὲν

254 4710 324 4779 τῇ
378 4708 514 4779 πρὸς
577 4709 973 4783 Φιλιππησίους
1020 4716 1311 4790 Ἐπιστολῇ
1372 4708 1812 4793 κατασκευάζει,

254 4796 415 4851 τοῦτο
449 4798 544 4852 καὶ
580 4799 832 4887 ἐνταῦθα.
863 4804 1126 4877 Καθάπερ
1153 4808 1270 4860 ἐκεῖ
1298 4810 1426 4881 περὶ
1458 4826 1817 4887 ταπεινοφρο-

259 4884 424 4956 σύνης
459 4882 742 4971 παραινῶν
778 4890 1013 4959 παράγει
1046 4892 1139 4945 τὸν
1159 4894 1414 4963 Χριστὸν,
1448 4898 1589 4954 οὕτω
1622 4882 1817 4971 δὴίκαὶ

257 4972 511 5035 ἐνταῦθα,
567 4968 762 5059 λέγων⁹
820 4978 926 5041 Εἰς
975 4979 1047 5031 τὰ
1081 4980 1379 5051 κατώτερα
1408 4984 1559 5054 μέρη
1599 4968 1814 5059 κατέϐη

258 5060 368 5129 τῆς
397 5059 531 5131 m'c.
559 5056 624 5114 Εἰ
647 5060 758 5131 γάρ
796 5059 871 5132 μὴ
905 5061 1062 5116 τοῦτο
1097 5062 1193 5136 ἦν,
1224 5070 1477 5138 περιττὸς
1499 5067 1650 5136 οὗτος
1679 5075 1709 5128 0
1732 5056 1817 5130 λόζ

258 5163 350 5214 γος
377 5149 546 5220 ὅνπερ
573 5148 739 5217 λέγει·
776 5149 1074 5219 ’Υπήκοος
1095 5153 1418 5223 γενόμενος
1428 5158 1605 5228 μέχρι
1638 5164 1815 5218 θανά.

259 5251 385 5287 του.
435 5236 567 5291 Ἀπὸ
607 5238 665 5292 δὲ
695 5237 789 5292 τοῦ
824 5236 1090 5307 ἀναϐῆναι
1127 5239 1229 5310 τὴν
1252 5242 1552 5319 κατάϐασιν
1580 5248 1814 5304 αἰνίττε-

257 5337 367 5375 ται.
390 5323 471 5376 Τά
512 5325 569 5378 δὲ
599 5326 749 5379 κάτω
783 5326 923 5398 μέρη
954 5327 1052 5397 τῆς
1087 5328 1215 5398 γῆς,
1257 5330 1350 5383 τὸν
1375 5330 1605 5387 θάνατόν
1629 5353 1814 5405 φησιν,

260 5407 368 5461 ἀπὸ
427 5410 525 5480 τῆς
579 5413 688 5465 τῶν
726 5414 1025 5486 ἀνθρώπων
1057 5415 1334 5483 ὑπονοίας,
1374 5418 1624 5493 καθάπερ
1664 5422 1758 5477 καὶ
1787 5424 1816 5480 0

274 5493 466 5548 Ἰακὼϐ
509 5498 659 5567 ἔλεγε
692 5518 706 5532 ο
737 5502 1030 5568 Κατὰξετε
1060 5503 1127 5558 τὸ
1150 5503 1338 5574 γῆράς
1368 5524 1487 5576 μου
1520 5509 1648 5578 μετ’
1678 5510 1816 5567 ὀδύ-

260 5597 372 5647 νης
397 5584 484 5649 είς
511 5583 659 5651 ᾅδου
689 5603 705 5618 ’
740 5589 833 5640 καὶ
858 5590 1022 5644 πάλιν
1050 5591 1109 5643 ἐν
1140 5591 1218 5662 τῷ
1239 5590 1458 5665 ψαλμῷ,
1501 5596 1813 5667 Ὀμοιωθή-

260 5682 442 5741 σοίιαι
468 5670 589 5743 τοῖς
627 5675 1091 5731 καταϐαίνουσιν
1116 5680 1203 5744 εὶς
1227 5678 1461 5734 λάκκον
1488 5698 1504 5713 ο
1539 5684 1808 5752 τουτέστι,

1927 402 2039 488 τοῖς
2063 403 2414 460 ἀποθανοῦσι.
2443 406 2544 460 Διά
2566 408 2621 461 τί
2647 409 2806 463 τοῦτο
2841 412 2902 467 10
2941 412 3140 483 χωρίον
3200 412 3497 488 ἐπεξεργα-

1928 482 2080 550 ζεται
2110 490 2344 545 ἐνταῦθα
2375 510 2390 559 ;
2424 494 2518 546 καὶ
2546 496 2703 548 ποίαν
2726 482 3104 567 αἰχμαλωσίαν
3139 501 3274 571 φησί
3309 519 3324 568 ;

1924 574 2018 627 τοῦ
2061 575 2307 631 διαϐόλου
2336 596 2352 612 ·
2387 582 2730 652 αἰχμάλωτον
2766 583 2877 655 γὰρ
2913 585 3005 639 τὸν
3046 587 3313 657 τύραννον
3361 589 3494 644 ἔλα-

1923 662 2006 726 ϐε,
2035 663 2127 717 τὸν
2181 665 2427 719 διάϐολον
2484 667 2650 736 λέγω,
2687 671 2782 723 καὶ
2835 672 2927 724 τὸν
2967 672 3217 735 θάνατον,
3261 675 3356 728 καὶ
3386 676 3495 743 τὴν

1923 743 2062 814 ἀράν
2102 748 2195 798 καὶ
2231 748 2331 816 τὴν
2378 750 2674 820 ἁμαρτίαν.
2722 753 2884 823 Ὁρᾷς
2911 754 3078 808 σκῦλα
3113 758 3206 809 καὶ
3233 756 3491 827 λάφυρας

1929 831 1999 883 Τὸ
2024 830 2094 883 δέ
2128 832 2311 901 ἀνέϐη
2334 837 2391 888 τί
2407 836 2538 889 ἐστι
2571 876 2588 901 ,
2617 840 2670 891 εὶ
2701 836 2788 907 μὴ
2818 838 2905 892 ὅτι
2929 840 3027 895 καί
3057 845 3310 912 κατέϐη;
3348 840 3492 897 Τοῦ-

1921 934 1982 969 το
2019 917 2157 988 πρὸς
2188 922 2313 985 100;
2342 922 2552 977 Παύλου
2579 924 2675 978 τοῦ
2702 927 3081 996 Σαμοσατέως.
3109 928 3174 982 '0
3201 931 3487 996 καταϐὰς,

1922 1005 2105 1071 αὐτός
2139 1005 2272 1060 ἐστι
2303 1008 2400 1062 καί
2433 1010 2716 1077 όὰναϐὰς
2744 1011 3022 1080 ὑπεράνω
3051 1009 3170 1067 τῶν
3189 1015 3485 1084 οὐρανῶν,

1923 1088 2025 1142 ἵνα
2083 1092 2376 1162 πληρώσῃ
2400 1095 2473 1150 τὰ
2501 1096 2723 1151 πάντα.
2765 1098 2861 1161 Εἰς
2880 1098 2950 1151 τὰ
2987 1099 3292 1171 κατώτερα,
3323 1102 3483 1172 φησι,

1924 1175 2062 1246 μέρη
2091 1179 2294 1249 κατέϐη
2321 1180 2423 1250 τῆς
2450 1181 2574 1252 γῆς,
2612 1182 2731 1254 μεθ’
2757 1183 2794 1237 ἀ
2827 1184 2927 1238 οὑκ
2958 1182 3105 1239 ἐστιν
3148 1185 3312 1258 ἔτερα
3333 1203 3348 1218 ’
3388 1189 3487 1243 καὶ

1921 1263 2090 1346 ἀνέϐη
2114 1265 2369 1336 ὑπεράνω
2399 1269 2634 1335 πάντων,
2668 1271 2786 1341 μεθ’
2814 1268 2843 1323 0
2889 1271 2989 1326 οὑκ
3017 1272 3165 1326 εστιν
3194 1273 3378 1346 ἕτερόν
3402 1294 3482 1332 τι.

1921 1342 2096 1403 τοῦτό
2124 1353 2240 1405 ἐστι
2263 1352 2361 1423 τῆς
2393 1353 2675 1426 ἐνεργείας
2701 1354 2867 1411 αὑτοῦ
2888 1358 2983 1410 καὶ
3006 1358 3106 1429 τῆς
3128 1342 3447 1426 δεσποτείας
3463 1380 3478 1394 ’

1920 1437 2015 1489 καὶ
2038 1438 2146 1508 γάρ
2176 1440 2269 1492 καὶ
2309 1440 2477 1493 πάλαι
2526 1442 2701 1495 πάντα
2753 1444 3097 1513 πεπλήρωτο.
3142 1445 3251 1499 Καὶ
3295 1447 3485 1514 αὐτὸς

1919 1527 2103 1581 ἔδωκε
2138 1529 2280 1595 τοὺς
2313 1533 2432 1598 μὲν
2456 1532 2854 1600 ἀποστόλους,
2878 1536 3019 1603 τοὺς
3049 1537 3117 1591 δὲ
3146 1539 3480 1608 προφήτας,

1920 1614 2061 1679 τοὺς
2086 1614 2155 1667 δὲ
2182 1616 2632 1686 εὐαγγελιστάς,
2683 1620 2823 1687 τοὺς
2854 1621 2922 1674 δὲ
2960 1622 3249 1693 ποιμένας
3268 1624 3366 1678 καί
3388 1624 3481 1679 δι-

1918 1698 2309 1767 δασκάλους,,
2324 1700 2473 1771 πρὸς
2513 1702 2623 1757 τὸν
2659 1708 3066 1777 καταρτισμὸν
3118 1708 3237 1764 τῶν
3269 1710 3478 1780 ἁγίων,

1916 1787 2005 1851 είς
2033 1787 2210 1856 ἔργον
2235 1787 2543 1855 διακονίας
2564 1825 2580 1853 ,
2608 1793 2695 1857 εις
2725 1791 3048 1863 οίκοδομὴν
3080 1796 3183 1851 τοῦ
3205 1796 3483 1867 σώματος

1918 1872 2024 1925 τοῦ
2049 1873 2324 1939 Χριστοῦ.
2361 1875 2539 1946 Ὅπερ
2561 1874 2709 1945 λέγει
2737 1878 2995 1950 ἀλλαχοῦ,
3024 1882 3124 1935 Διό
3151 1883 3249 1936 καί
3268 1886 3301 1938 ό
3330 1884 3479 1949 Θεὸς

1916 1959 2104 2013 αὐτὸν
2164 1961 2545 2029 ὐπερύψωσε.
2604 1963 2877 2019 τοῦτοκαὶ
2931 1967 3164 2022 ἐνταῦθα
3184 1968 3334 2039 λέγει
3361 1986 3376 2001 ·
3420 1969 3479 2021 '0

1917 2045 2177 2112 καταϐὰς
2202 2085 2218 2105 .
2247 2049 2430 2113 αὑτός
2464 2049 2595 2103 ἐστι
2631 2051 2728 2104 καὶ
2756 2055 2790 2106 ό
2821 2052 3067 2119 ἀναϐάς.
3110 2055 3277 2108 Οὐδὲν
3308 2055 3477 2108 αὑτὸν

1916 2131 2116 2201 ἔϐλαψε
2142 2133 2204 2186 10
2236 2135 2317 2198 εἰς
2336 2133 2405 2187 τά
2435 2136 2717 2208 κατώτερα
2738 2138 2879 2208 μέρη
2914 2139 3013 2209 τῆς
3041 2140 3144 2210 γῆς
3171 2142 3474 2207 κατελθεῖν,

1915 2219 2037 2272 οὐδὲ
2063 2218 2339 2272 ἐνεπόδισε
2373 2220 2511 2290 πρὸς
2536 2221 2598 2275 τὸ
2624 2223 2879 2295 ἀνωτέρω
2896 2226 3150 2293 γενέσθαι
3174 2228 3283 2281 τῶν
3305 2228 3475 2298 0000-

1915 2305 2043 2358 νῶν.
2079 2305 2241 2358 Ὥστε
2288 2306 2399 2376 ὅσῳ
2431 2306 2497 2360 ἀν
2530 2323 2616 2372 τις
2660 2311 2990 2381 ταπειωθῇ,
3018 2313 3257 2384 τοσούτῳ
3274 2313 3478 2382 μᾶλλον

1917 2391 2163 2461 ὑψοῦται.
2199 2392 2468 2465 Καθάπερ
2510 2394 2618 2466 γὰρ
2664 2396 2758 2449 ἐπὶ
2805 2396 2905 2450 τοῦ
2931 2397 3122 2463 ὓδατος
3147 2401 3257 2470 ὅσῳ
3288 2398 3353 2453 ἄν
3386 2416 3475 2464 τις

1914 2477 2072 2530 τοῦτο
2113 2479 2194 2540 εἰς
2212 2479 2273 2532 10
2299 2479 2450 2534 κάτω
2474 2480 2778 2555 κατενέγκῃ
2802 2522 2818 2547 ,
2846 2482 3085 2556 τοσούτῳ
3112 2486 3312 2555 μᾶλλον
3342 2486 3478 2540 αὑτὸ

1915 2565 2052 2635 πρὸς
2101 2562 2234 2636 ὕψος
2282 2567 2498 2636 ἀνάγει,
2526 2570 2621 2622 καὶ
2652 2570 2765 2641 ὅσῳ
2791 2569 2857 2625 ἂν
2892 2584 2978 2637 τις
3021 2575 3086 2627 ἐκ
3107 2572 3475 2644 διαστήματος

1914 2652 2194 2724 ἀκοντίσῃ,
2223 2653 2461 2723 τοσούτῳ
2502 2657 2854 2727 ἐπιτυγχάνει
2886 2675 2901 2689 ο
2932 2658 3077 2712 οὕτω
3118 2660 3210 2712 ἐπὶ
3235 2660 3335 2729 τῆς
3376 2676 3475 2712 τα-

1915 2739 2366 2811 πεινοφροσύνης.
2413 2742 2553 2795 Ἀλλ’
2580 2744 2709 2797 ὅταν
2752 2746 2881 2815 περὶ
2919 2744 3052 2798 Θεοῦ
3078 2744 3193 2817 [85]
3222 2746 3474 2818 λέγωμεν

1911 2827 2011 2891 τὰς
2038 2827 2333 2892 ἀναϐάσεις
2352 2870 2366 2892 ,
2398 2829 2612 2902 ἀνάγκη
2636 2830 2850 2903 πρῶτον
2880 2833 3183 2887 κατάϐασιν
3216 2836 3416 2888 ὲννοεῖν
3450 2848 3469 2867 δ

1911 2915 2039 2969 ὅταν
2082 2914 2137 2968 δὲ
2176 2915 2303 2987 περὶ
2340 2915 2651 2987 ἀνθρώπου,
2676 2918 2881 2973 οὑκέτι.
2916 2915 3050 2973 Εἶτα
3078 2921 3173 2973 καὶ
3200 2922 3298 2992 τὴν
3334 2920 3470 2990 πρό-

1912 3019 2064 3056 νοιαν
2084 3001 2255 3055 αὑτοῦ
2281 3002 2520 3057 δείκνυσι
2551 3005 2643 3058 καὶ
2673 3003 2772 3075 τὴν
2796 3006 3007 3075 σοφίαν,
3048 3007 3140 3061 καί
3164 3026 3327 3079 φησιν
3349 3025 3364 3039 ·
3411 3008 3472 3062 '0

1912 3087 2136 3143 1010610
2161 3089 2559 3160 ἐργασάμενος,
2591 3092 2683 3145 καὶ
2716 3091 2950 3146 τοσαῦτα
2972 3093 3216 3162 ἰσχύσας,
3248 3096 3342 3148 καὶ
3369 3095 3472 3164 μὲ-

1912 3193 2004 3246 χρι
2025 3176 2133 3229 τῶν
2158 3176 2484 3248 κατωτέρων
2518 3177 2698 3248 μερῶν
2725 3177 2800 3248 μὴ
2831 3181 3308 3250 παραιτησάμενος
3337 3198 3476 3234 κατ-

1912 3262 2087 3315 ελθεῖν
2136 3261 2205 3314 δι’
2234 3262 2404 3333 ἡμᾶς,
2433 3262 2533 3316 οὑκ
2570 3262 2634 3316 ἂν
2665 3260 2851 3327 ἁπλῶς
2897 3260 2994 3327 τάς
3053 3264 3313 3336 διανομὰς
3361 3266 3475 3319 τῶν

1912 3349 2266 3421 χαρισμάτων
2337 3350 2611 3421 ἐποίησεν.
2648 3350 2900 3424 ’Δλλαχοῦ
2959 3352 3017 3406 δέ
3063 3371 3228 3424 φησιν
3282 3356 3362 3408 ὅτι
3410 3356 3475 3408 τι

1913 3436 2136 3507 Πνεῦμα
2161 3434 2321 3491 τοῦτο
2340 3437 2655 3507 εἰργάσατο,
2686 3438 2830 3492 οὕτω
2849 3438 3024 3508 λέγων
3048 3457 3063 3473 -
3108 3442 3160 3492 Ἐ
3166 3458 3203 3493 ν
3228 3434 3278 3508 ᾧ
3305 3441 3476 3496 ἔθετο

1910 3523 2066 3593 ὑμᾶς
2092 3522 2159 3577 τὸ
2191 3522 2432 3592 Πνεῦμα
2459 3523 2527 3579 τὸ
2551 3524 2723 3594 ἅγιον
2735 3526 3111 3592 ἐπισκόπους
3136 3526 3477 3596 ποιμαίνειν

1909 3612 2025 3679 τὴν
2057 3610 2423 3675 Ἐκκλησίαν
2473 3611 2582 3665 τοῦ
2631 3612 2875 3680 Κυρίου.
2930 3612 3039 3666 Kal
3083 3614 3313 3667 ἐνταῦθα
3374 3616 3475 3682 μέν

1911 3712 2095 3765 φησιν,
2122 3696 2205 3750 ὅτι
2228 3697 2257 3750 ό
2286 3695 2438 3760 Υἰδς,
2462 3696 2696 3767 ἀλλαχοῦ
2726 3697 2807 3760 δὲ,
2828 3699 2957 3753 0110
2984 3698 3134 3763 Θεόςο
3166 3701 3261 3753 καὶ
3289 3700 3471 3763 πάλιν,

1909 3783 2102 3850 Αὐτὸς
2137 3783 2325 3837 ἔδωκε
2365 3782 2441 3852 τῇ
2480 3785 2805 3853 Ἐκκλησία
2866 3786 3009 3852 τοὺς
3048 3786 3166 3854 μὲν
3213 3788 3472 3841 ἀποστό-

1908 3873 2079 3936 λους,
2122 3868 2265 3935 τοὺς
2310 3869 2378 3922 δὲ
2417 3870 2861 3939 προφήτας-,Ἐν
2909 3871 2967 3924 δὲ
3011 3876 3076 3943 τῇ
3107 3872 3242 3944 πρὸς
3270 3875 3473 3942 Κοριν-

1911 3954 2059 4019 θίους
2095 3956 2259 4025 φησίν
2278 3973 2292 3986 ·
2320 3955 2463 4025 Ἐγὼ
2488 3956 2819 4026 ἐφύτευσα,
2836 3957 3145 4025 Ἀπολλὼς
3163 3958 3471 4021 ἐπότισεν,

1908 4041 2046 4095 ἀλλ’
2071 4046 2104 4096 ό
2134 4042 2278 4108 Θεὸς
2328 4042 2554 4111 ηὔξανε
2586 4061 2600 4075 ’
2636 4040 2735 4097 καλ⁸
2786 4046 2968 4109 πάλιν,
3002 4046 3055 4097 ’0
3089 4047 3368 4114 φυτεύων
3399 4044 3472 4100 δὲ

1910 4127 2012 4182 καὶ
2040 4131 2074 4182 ό
2103 4128 2373 4197 ποτίζων,
2409 4130 2480 4185 ἓν
2523 4133 2716 4185 εἰσιν·
2756 4131 3013 4199 ἕκαστος
3052 4133 3121 4186 δὲ
3174 4133 3280 4187 τόν
3318 4134 3476 4188 ἴδιον

1905 4213 2128 4283 μισθὸν
2164 4214 2426 4283 λήψεται
2466 4216 2620 4271 κατά
2677 4217 2785 4270 τὸν
2850 4217 3006 4272 ιδιον
3057 4221 3269 4274 κόπον.
3317 4219 3477 4273 Οὕτω

1912 4300 2007 4352 καὶ
2029 4300 2282 4357 ἐνταῦθα.
2326 4302 2392 4356 Τί
2412 4303 2539 4376 γάρ,
2566 4304 2619 4356 εἰ
2643 4303 2865 4357 ἔλαττον
2886 4306 3192 4377 εἰσφέρεις;
3218 4306 3473 4360 τοσοῦτον

1913 4385 2123 4451 ἔλαϐες.
2162 4386 2403 4456 Πρῶτον
2453 4390 2841 4456 ἀποστόλους
2869 4407 2884 4420 ·
2933 4392 3111 4445 πάντα
3161 4392 3270 4463 γὰρ
3328 4391 3477 4462 εἶχον

1910 4470 2072 4529 οὗτοι.
2123 4475 2411 4543 Δεύτερον
2455 4476 2767 4546 προφήτας
2790 4495 2804 4509 ο
2859 4474 2998 4550 ἦσαν
3055 4479 3164 4550 γάρ
3210 4496 3378 4542 τινες,
3420 4480 3475 4532 οἵ

1913 4559 2200 4614 ἀπόστολοι
2228 4560 2325 4630 μὲν
2345 4560 2446 4614 οὑκ
2470 4556 2631 4632 ἦσαν,
2661 4564 2933 4633 προφῆται
2964 4562 3042 4631 δὲ,
3079 4564 3266 4634 ὥσπερ
3306 4567 3475 4633 "A70-

1913 4647 2025 4709 ϐος.
2064 4644 2271 4715 Τρίτον
2302 4648 2733 4718 εὐαγγελιστάς
2762 4667 2776 4681 ’
2798 4652 2869 4702 .οι
2919 4651 2995 4723 μὴ
3023 4653 3327 4723 περιιόντες
3346 4671 3475 4707 παν-

1911 4732 2100 4804 ταχοῦ,
2129 4733 2243 4786 ἀλλ’
2269 4733 2743 4806 εὐαγγελιζόμενοι
2767 4737 2948 4807 μόνον,
2973 4738 3047 4802 ὡς
3068 4739 3364 4810 Πρίσκιλλα
3380 4739 3475 4792 καὶ

1925 4820 2173 4885 Ἀκύλας.
2203 4821 2497 4891 Ποιμένας
2520 4824 2619 4877 καὶ
2654 4823 3088 4891 διδασκάλους,
3109 4828 3237 4891 100;
3251 4826 3474 4897 ὁλόκλη-

1918 4923 2008 4976 ρον
2067 4907 2608 4978 ἐμπεπιστευμένους
2651 4909 2821 4974 ἔθνος.
2871 4911 2938 4963 Τί
2958 4907 3168 4979 οῦν;οί
3215 4915 3475 4984 ποιμένες

1915 4995 2010 5048 καὶ
2038 4994 2089 5046 οί
2109 4993 2418 5048 διδάσκαλοι
2444 4996 2695 5062 ἐλάττους
2720 5015 2737 5064 ;
2771 4999 2880 5052 Kal
2912 5000 3054 5054 πάνυ
3071 5041 3087 5066 ,
3110 5001 3221 5054 τῶν
3237 5002 3476 5072 περιιόν-

1912 5098 2021 5133 των
2049 5081 2143 5134 καὶ
2163 5081 2665 5154 εὐαγγελιζομένων
2695 5087 2744 5140 οἱ
2774 5086 3074 5158 καθήμενοι
3105 5090 3196 5143 καὶ.
3230 5092 3359 5156 περὶ
3377 5090 3476 5143 ἕνα

1911 5169 2078 5221 τόπον
2100 5165 2607 5240 ὴσχολημένοι,οἷον
2623 5173 2905 5242 Τιμόθεος,
2934 5173 3116 5239 Τίτος.
3150 5176 3360 5239 ’Ἄλλως
3390 5177 3472 5242 δὲ,

1912 5256 1975 5308 οὑ
2025 5255 2249 5310 δυνατὸν
2294 5257 2543 5311 ἐντεῦθεν
2579 5260 2908 5332 ποιήσασθαι
2941 5263 3040 5329 τὴν
3071 5263 3351 5334 ὑποταγὴν
3380 5267 3477 5317 καὶ

1912 5344 2010 5414 τὴν
2037 5344 2388 5413 προτίμησιν,
2426 5345 2540 5399 ἀλλ’
2561 5347 2667 5401 ἀπὸ
2702 5348 2897 5420 ἑτέρας
2932 5350 3476 5420 Ἐπιστολῆς.Αὑτὸς

1911 5430 2096 5483 ἔδωκε
2125 5469 2141 5495 ,
2193 5430 2326 5501 φησί
2355 5448 2370 5463 ο
2421 5433 2586 5503 μηδὲν
2635 5434 2915 5507 ἀντείπῃς.
2962 5438 3033 5490 ’Ἢ
3084 5437 3474 5506 εὐαγγελιστάς

1914 5533 2068 5587 φησι,
2102 5517 2229 5580 τοὺς
2253 5517 2313 5571 10
2345 5518 2679 5586 Εὑαγγέλιυν
2711 5523 3036 5593 γράψαντας.
3070 5526 3227 5592 Πρὸς
3257 5540 3473 5592 καταρ..

1915 5601 2130 5671 τισμὸν
2165 5601 2283 5657 τῶν
2305 5604 2508 5676 ἁγίων,
2534 5608 2622 5673 εἰς
2643 5608 2820 5677 ἔργον
2850 5610 3183 5677 διακονίας,
3207 5612 3296 5678 εὶς
3311 5613 3474 5664 οἱκο-

1915 5688 2109 5762 δομὴν
2140 5690 2243 5745 τοὺ
2262 5691 2530 5763 σώματος
2569 5694 2674 5749 τοῦ
2704 5697 2977 5764 Χριστοῦ.
