4052 6214
319 247 382 301 81
1212 242 1275 298 ΙΝ
1315 242 1527 298 EPIST.
1569 241 1659 295 AD
1699 238 1939 298 EPIIES.
1979 240 2133 296 CAP.
2176 240 2262 296 IV.
2303 241 2532 297 llO.\llL.
2576 243 2668 298 XI.

320 362 440 415 hil?
470 363 653 429 Apage
684 375 697 413 :
734 358 879 415 Unus
919 357 1055 419 Deus
1093 368 1139 412 et
1172 352 1324 411 Pater
1353 358 1577 412 omnium
1597 398 1614 423 ,
1642 358 1728 425 qui
1753 373 1903 421 super

318 470 496 506 omnes
515 491 532 517 ,
564 462 611 505 et
647 468 737 520 per
765 452 932 509 omnia
958 492 972 516 ,
999 460 1047 511 et
1070 451 1123 503 in
1152 450 1380 505 omnibus
1404 450 1559 502 vobis.
1595 447 1764 518 Super
1792 464 1904 499 om.

320 561 409 599 nes
433 585 451 609 ,
484 544 586 598 hoc
608 553 692 598 est
714 585 731 609 ,
764 544 1019 601 Dominus
1044 553 1096 598 et
1122 545 1368 611 superior
1394 542 1641 601 natatibus
1678 559 1691 593 :
1724 538 1791 593 Et
1819 557 1906 606 per

319 635 513 695 omnia,
546 634 645 686 hoc
669 642 774 695 est,
808 634 1111 702 providens,
1138 634 1516 687 administrans
1545 649 1558 686 :
1587 631 1647 684 Et
1672 632 1722 683 in
1744 632 1904 683 omni-

319 730 413 781 bus
435 727 594 789 vobis,
627 726 726 778 hoc
752 735 853 789 est,
886 726 974 794 qui
1009 726 1058 778 in
1089 725 1336 778 otniiibus
1362 723 1582 778 habitat.
1613 725 1769 791 Atqui
1802 723 1902 775 hoc

317 819 506 871 dicunt
535 832 656 871 esse
689 818 805 871 Filii
837 834 850 868 :
883 819 1227 886 quamobrem
1259 817 1301 870 si
1346 826 1490 877 esset
1529 816 1629 869 hoc
1672 815 1902 867 diminu—

318 908 505 971 tinnis,
544 922 648 961 non
680 906 879 961 dictum
917 917 1060 960 esset
1096 907 1163 966 de
1196 908 1369 961 Patre.
1420 906 1697 977 Unicuique
1735 916 1901 963 autem

318 1011 544 1052 nostrqu
575 1000 697 1057 data
736 1010 807 1053 est
847 1000 1032 1068 gratia.
1064 998 1198 1065 Quid
1225 1014 1373 1066 ergo,
1418 998 1605 1067 inquit,
1635 996 1897 1051 undenam

313 1100 441 1144 sunt
480 1091 691 1145 diversa
721 1090 1085 1145 charismata?
1119 1090 1227 1144 lloc
1257 1090 1399 1145 enim
1431 1103 1645 1156 semper
1677 1088 1818 1156 ipsos
1847 1095 1901 1139 et

313 1182 629 1234 Corinthius
659 1193 711 1233 et
743 1182 938 1239 multus
966 1181 1098 1237 alios
1122 1221 1135 1240 ,
1179 1180 1275 1232 bos
1302 1180 1514 1249 quidem
1546 1178 1612 1233 ad
1643 1192 1897 1245 arrogan-

314 1274 465 1335 tiam,
501 1272 623 1325 illos
651 1286 780 1326 vero
809 1272 1104 1327 deducebat
1130 1271 1193 1321 ad
1224 1286 1509 1325 metrnrem
1540 1280 1591 1323 et
1622 1268 1893 1325 invidiam.

312 1363 610 1429 I’ropterea
672 1377 883 1428 semper
949 1361 1175 1414 ostendit
1233 1361 1535 1428 exemplum
1592 1360 1833 1425 corporis
1880 1375 1892 1410 :

308 1466 600 1526 propterea
631 1470 771 1507 nunc
799 1469 1008 1522 quoque
1038 1454 1137 1507 hoc
1166 1454 1360 1521 p05uit,
1389 1453 1634 1520 quoniam
1665 1454 1897 1509 facturus

306 1556 427 1601 erat
454 1546 785 1600 mentionem
811 1546 1143 1599 diversorum
1175 1544 1573 1597 charismatum.
1599 1544 1771 1609 Atque
1798 1541 1897 1594 hoc

304 1639 527 1707 quidem
580 1639 920 1707 persequitur
964 1638 1201 1691 exactius
1248 1636 1299 1693 in
1340 1636 1575 1704 Epistula
1604 1634 1669 1689 ad
1703 1634 1891 1691 Curiu-

306 1730 489 1795 thios,
531 1733 784 1798 quioniiam
826 1731 934 1784 illic
973 1730 1060 1783 hic
1090 1729 1306 1787 morbus
1337 1729 1566 1782 maxime
1609 1726 1894 1783 exercebat

308 1822 653 1892 tyrannidem
701 1838 714 1874 :
766 1836 905 1877 nunc
944 1838 1068 1873 vero
1114 1819 1199 1874 hic
1244 1829 1444 1875 tantum
1494 1819 1651 1874 tacite
1702 1818 1892 1871 innuit.

311 1915 445 1968 Vide
474 1925 657 1969 autem
686 1915 808 1982 quid
840 1914 999 1969 dicat.
1031 1914 1141 1971 Non
1182 1914 1347 1973 dixit.
1374 1912 1677 1967 Secundum
1712 1912 1892 1965 unius.

310 2010 574 2078 cujusque
598 2009 757 2066 Iidem
778 2050 793 2072 ,
820 2026 888 2063 ne
918 2009 967 2063 in
996 2010 1155 2069 animi
1187 2023 1437 2077 angorem
1466 2007 1585 2061 illos
1613 2005 1890 2074 injiceret,

306 2103 398 2169 qui
423 2117 611 2170 magna
636 2118 740 2161 non
764 2112 918 2158 erant
943 2100 1213 2175 assequuti
1246 2118 1259 2154 :
1291 2099 1382 2154 sed
1412 2098 1575 2168 quid?
1601 2097 1892 2153 Secundum

307 2206 598 2245 mensuram
638 2192 759 2245 doni
800 2192 1003 2246 Christi.
1037 2192 1169 2258 Qu:e
1203 2192 1491 2261 principem
1524 2190 1695 2244 locum
1728 2189 1893 2257 magis

310 2282 511 2337 habent
537 2288 674 2336 inter
697 2284 897 2341 omnia.
930 2298 989 2337 ca
1031 2292 1153 2337 sunt
1195 2285 1372 2337 omnia
1420 2281 1718 2336 communia
1740 2321 1753 2340 .
1784 2279 1891 2332 ba—

312 2374 750 2442 ptisma,s:ilvutn
780 2389 899 2429 esse
922 2390 1013 2442 per
1035 2373 1213 2433 Iidem,
1242 2374 1405 2429 Deum
1437 2371 1633 2429 habere
1658 2370 1888 2429 Patrem,

308 2463 549 2531 ejusdem
575 2463 804 2531 Spiritus
834 2477 1021 2515 ttlltttcs
1047 2477 1166 2516 esse
1194 2461 1491 2533 participes.
1521 2458 1577 2514 Si
1604 2458 1688 2512 hic
1713 2465 1889 2509 autem

308 2556 447 2608 alius
476 2556 593 2623 plus
623 2554 782 2607 habet
817 2555 866 2606 in
894 2554 1233 2616 charismate,
1283 2567 1349 2605 ne
1400 2551 1602 2612 doleas,
1640 2550 1888 2619 quoniam

310 2647 387 2698 illi
420 2647 534 2713 plus
561 2656 643 2699 est
674 2645 873 2696 laboris
909 2662 922 2692 τ
951 2655 1005 2697 et
1034 2644 1101 2698 ab
1130 2659 1195 2695 eo
1221 2644 1308 2711 qui
1341 2642 1577 2711 quinque
1608 2650 1889 2707 acceperat

310 2739 551 2799 talenta,
608 2737 953 2803 exigebantur
1005 2736 1275 2803 quinque;
1333 2733 1377 2786 is
1426 2743 1600 2791 autem
1652 2731 1741 2800 qui
1785 2731 1891 2783 duo

308 2830 540 2897 arcepit,
565 2829 670 2885 duo
701 2839 903 2881 tantum
932 2828 1125 2888 attulit,
1158 2841 1256 2880 nec
1289 2827 1463 2878 minus
1488 2839 1643 2892 quam
1671 2823 1760 2876 ille
1792 2822 1889 2875 ha-

308 2920 445 2973 buit.
478 2921 761 2986 Propterea
809 2919 892 2978 hic
919 2934 982 2972 ex
1011 2916 1193 2972 eadem
1222 2931 1377 2971 causa
1408 2913 1711 2968 Consolatur
1735 2911 1890 2965 audi-

306 3020 511 3063 torem.
536 3009 616 3061 Ad
637 3011 1106 3063 consummationem
1133 3019 1442 3073 sanctorum,
1471 3006 1663 3075 inquit,
1694 3007 1744 3058 in
1766 3020 1892 3072 opus

306 3102 620 3162 ministerii,
667 3102 718 3155 in
766 3102 1151 3168 aediﬁcationem
1200 3101 1428 3165 corporis
1483 3098 1668 3155 Christi
1716 3096 1891 3166 (Infra

305 3207 360 3244 ο.
409 3192 477 3245 19.
502 3193 543 3260 ).
568 3191 855 3257 Propterea
888 3194 999 3260 ip~e
1041 3207 1248 3261 quoque
1280 3191 1509 3253 dicebat,
1564 3189 1647 3242 Va:
1675 3189 1817 3249 mihi,
1850 3187 1893 3245 si

308 3300 412 3334 nou
442 3283 887 3353 ernngelizavcro(
916 3286 962 3337 1.
983 3283 1099 3339 Cor.
1123 3286 1175 3340 9.
1206 3285 1344 3351 16)!
1378 3284 1568 3351 Utpole
1599 3280 1737 3349 quod
1762 3296 1890 3349 apo-

309 3373 536 3426 stolatus
557 3373 819 3440 ejusmodi
837 3373 1098 3430 charisma
1120 3376 1431 3443 accepisset.
1457 3374 1559 3428 Sed
1588 3380 1889 3442 propterea,

313 3463 404 3515 Va.-
424 3464 523 3518 sibi
546 3465 777 3528 dicebat,
808 3467 1055 3535 quoniam
1072 3476 1352 3535 acceperat
1376 3483 1389 3519 :
1414 3477 1466 3519 tu
1493 3476 1666 3519 autem
1694 3464 1889 3517 libera-

311 3565 398 3609 tus
423 3571 482 3610 es
506 3571 535 3609 a
570 3557 825 3624 periculo.
848 3557 1138 3611 Secundum
1176 3573 1477 3611 mensuram.
1500 3556 1633 3622 Quid
1655 3562 1758 3619 est,
1792 3554 1889 3608 Se-

309 3651 532 3701 cundum
560 3650 879 3705 mensuram?
909 3649 1018 3703 Iloc
1038 3660 1141 3714 est,
1168 3666 1271 3704 non
1296 3665 1391 3717 pro
1414 3649 1608 3703 nostris
1646 3646 1849 3700 meritis
1873 3662 1886 3699 :

310 3742 509 3809 alioqui
534 3758 691 3795 nemo
716 3744 1008 3810 accepisset
1048 3760 1164 3811 qua:
1202 3743 1441 3811 accepit;
1470 3741 1563 3795 sed
1591 3741 1894 3809 accepimus

310 3847 501 3886 omm-s
527 3848 557 3886 a
586 3834 889 3887 donatione.

382 3926 437 3978 2.
480 3924 583 3979 Cur
610 3927 661 3979 in
705 3924 932 3980 Ecclesia
974 3928 1107 3981 alius
1156 3930 1292 3997 plus,
1315 3926 1448 3979 alius
1487 3927 1652 3983 minus
1689 3924 1890 3979 habeat.

310 4050 383 4059 —
405 4019 515 4074 Cur
538 4026 717 4077 autem
746 4019 831 4072 hic
853 4018 1065 4085 quidem
1090 4019 1207 4088 plus
1230 4059 1244 4081 ,
1273 4019 1359 4072 ille
1385 4032 1512 4073 vero
1541 4018 1715 4070 minus
1740 4031 1894 4070 acce-

316 4112 432 4176 pit?
465 4111 575 4164 [Ioc
605 4110 772 4175 nihil,
807 4110 995 4179 inquit,
1026 4110 1169 4171 facit,
1194 4110 1284 4165 sed
1314 4126 1400 4165 res
1427 4119 1508 4164 cst
1534 4108 1841 4163 indifferens
1874 4125 1888 4161 :

315 4201 678 4269 Unusquisth
703 4201 845 4256 enim
888 4202 1097 4255 centert
1133 4200 1198 4255 ad
1229 4200 1654 4259 a'diﬁcationcm.
1704 4201 1766 4254 Et
1800 4214 1894 4268 per

315 4293 417 4349 hoc
456 4294 691 4348 ostendit
728 4295 868 4364 quod
913 4312 1016 4349 non
1060 4310 1123 4348 ex
1173 4294 1281 4346 suis
1312 4294 1532 4354 meritis,
1567 4293 1650 4346 hic
1681 4293 1889 4361 quidem

315 4387 456 4454 plus,
485 4386 576 4440 ille
620 4403 745 4439 vero
786 4389 960 4439 minus
995 4385 1194 4454 accepit
1224 4427 1239 4451 ,
1268 4385 1361 4439 sed
1410 4394 1626 4453 propter
1650 4385 1803 4449 alios,
1838 4393 1895 4437 ut

312 4482 428 4546 ipse
456 4492 674 4531 mensus
702 4485 803 4531 est.
830 4476 962 4532 Nam
990 4477 1115 4533 alibi
1143 4491 1355 4545 quoque
1383 4476 1510 4530 dicit
1542 4493 1554 4529 :
1589 4474 1766 4530 Posuit
1795 4492 1891 4534 au-

312 4578 410 4621 tent
459 4570 704 4631 membra,
754 4569 1145 4638 unumquodque
1193 4584 1367 4625 eorum
1415 4568 1541 4620 sicut
1577 4568 1682 4635 ipse
1734 4565 1891 4621 voluit

293 4656 451 4723 (Ibid.
486 4663 576 4718 1‘3.
606 4661 674 4715 18
703 4664 740 4729 ).
771 4661 885 4717 Non
912 4660 1041 4715 dicit
1078 4670 1252 4719 autem
1279 4661 1559 4721 rationem,
1591 4676 1655 4716 ue
1685 4660 1895 4716 auditu-

313 4772 429 4808 rum
478 4756 699 4823 spiritus
738 4753 1002 4823 deprimat
1043 4767 1106 4809 ac
1147 4752 1379 4821 dejiciat.
1410 4753 1465 4806 8.
1501 4749 1718 4819 Propter
1759 4751 1894 4819 quod

311 4850 450 4913 dicit,
482 4847 770 4905 Ascendens
795 4849 847 4905 in
875 4847 1034 4899 altum
1062 4847 1311 4915 captivam
1337 4845 1481 4899 dttxit
1511 4845 1848 4914 captivitatem
1872 4886 1888 4910 ,

308 4952 353 4993 et
379 4942 518 5003 dedit
560 4941 697 4995 dona
726 4941 1027 4995 hominibus.
1060 4940 1169 4995 Iloe
1206 4949 1286 4993 est
1320 4956 1332 4992 :
1362 4938 1499 5004 Quid
1524 4938 1799 4994 extolleris
1840 4947 1895 4993 et

308 5040 362 5083 te
392 5030 673 5099 magniﬁce
714 5030 1118 5098 circumspicis?
1148 5030 1237 5084 Dei
1284 5039 1364 5083 est
1394 5030 1725 5084 universum.
1758 5030 1891 5084 Pro-

310 5123 467 5191 pheta
494 5122 708 5189 quidem
740 5122 867 5176 dicit
894 5123 946 5175 in
976 5122 1205 5185 Psalmo,
1230 5121 1475 5189 Accepisti
1501 5121 1637 5181 dona
1656 5122 1708 5175 in
1731 5120 1890 5175 homi~

307 5215 455 5266 nibus
479 5212 650 5273 (Psal.
683 5213 770 5271 67.
794 5212 880 5281 19)
909 5230 922 5275 ς
955 5213 1066 5282 ipse
1105 5221 1279 5267 autem
1309 5212 1472 5275 dicit,
1503 5211 1653 5265 Dedit
1681 5212 1815 5265 dona
1841 5212 1890 5265 in

308 5305 616 5356 hominibus.
648 5304 880 5369 ldipsum
927 5315 1104 5358 autem
1151 5313 1234 5358 est
1279 5302 1381 5357 hoc
1426 5314 1479 5356 ct
1515 5302 1665 5363 illud.
1708 5302 1892 5358 Simile

308 5394 433 5447 item
467 5396 567 5447 hoc
598 5412 611 5446 :
646 5393 697 5457 9.
733 5393 881 5462 Quod
904 5406 1069 5447 autem
1113 5394 1335 5446 ascendit
1361 5394 1484 5465 quid
1508 5404 1600 5456 est,
1633 5395 1730 5447 nisi
1758 5395 1892 5463 quod

305 5497 351 5537 et
398 5486 654 5539 descendit
704 5486 921 5554 primunt
965 5487 1015 5541 in
1057 5486 1321 5555 inferiores
1373 5496 1539 5552 partes
1589 5486 1775 5538 terrte?
1810 5484 1889 5538 l0.

310 5579 411 5645 Qui
436 5580 694 5633 descendit
718 5622 733 5645 ,
762 5581 870 5645 ipse
890 5591 961 5632 est
984 5588 1030 5632 et
1058 5580 1145 5647 qui
1168 5579 1393 5635 ascendit
1418 5595 1572 5647 super
1597 5594 1770 5635 omnes
1791 5593 1891 5630 rte-

306 5674 381 5723 lor
426 5685 482 5724 ut
526 5674 825 5740 adimp'eret
872 5674 1058 5726 omnia.
1092 5672 1215 5727 llaec
1243 5673 1461 5726 audiens
1483 5714 1495 5735 ,
1528 5686 1593 5727 ne
1619 5669 1892 5725 existimes

3520 252 3591 307 82

2020 358 2319 411 transitum.
2347 357 2478 417 Nam
2531 361 2669 424 quod
2717 363 2769 416 in
2820 362 3051 431 Epistola
3105 364 3172 419 ad
3221 364 3588 435 Philippensis

2012 445 2270 516 (Philipp.
2298 448 2351 503 2.
2373 450 2449 517 7),
2477 451 2562 504 hic
2586 467 2797 521 quoque
2824 454 3049 511 adstruit
3076 466 3130 510 ct
3154 456 3451 511 conﬁrmat.
3472 460 3584 512 Sic—

2012 548 2065 588 ut
2097 538 2203 590 illie
2232 539 2462 593 suadens
2505 541 2852 605 humilitatem
2874 586 2890 610 ,
2921 546 3135 601 adducit
3165 548 3431 603 Christum
3468 568 3480 602 :
3516 551 3584 603 ita

2007 638 2060 681 et
2086 628 2191 693 hic,
2221 646 2339 685 etim
2367 632 2514 697 dicit,
2555 633 2817 696 Descendit
2845 638 2897 691 in
2926 640 3187 708 inferiores
3218 651 3386 709 partes
3418 651 3579 694 terrm.

2008 720 2135 774 Nam
2165 722 2264 779 nisi
2300 723 2369 775 ita
2401 734 2574 787 esset,
2603 742 3051 796 supervacaneum
3079 742 3223 786 esset
3250 733 3388 801 quod
3420 735 3542 787 dicit
3566 774 3581 795 .

2010 808 2257 865 Obcdiens
2287 814 2449 880 factus
2493 831 2647 880 usque
2685 818 2753 869 ad
2778 828 2986 873 mortem
3020 818 3193 889 (Ibid.
3224 839 3268 875 υ.
3296 823 3373 890 8).
3405 823 3486 876 Ex
3518 839 3583 876 eo

2004 902 2144 969 quod
2172 903 2429 966 ascendit,
2452 904 2621 958 innuit
2640 907 2977 962 descensum.
3006 909 3285 965 Interiores
3308 927 3435 965 vero
3453 928 3575 981 par-

2006 1002 2084 1045 tes
2107 1001 2261 1045 terra:
2288 992 2416 1046 dicit
2446 1007 2670 1049 mortem
2697 1036 2711 1059 ,
2742 997 3035 1052 secundum
3065 998 3339 1055 hominum
3368 1004 3579 1070 opinio-

2004 1099 2123 1137 nem
2158 1084 2339 1139 :sicut
2379 1086 2539 1140 etiam
2592 1088 2801 1142 dicebat
2853 1088 3035 1152 Jacob,
3072 1089 3341 1151 Deducetis
3388 1095 3577 1146 senium

2001 1192 2164 1229 meum
2184 1193 2298 1230 cum
2327 1178 2501 1231 dolore
2524 1179 2593 1231 ad
2618 1179 2806 1249 inferos
2830 1181 2849 1250 (
2880 1181 3007 1237 Gen.
3032 1183 3119 1242 44.
3139 1183 3209 1237 ἳ9
3231 1184 3247 1250 )
3273 1201 3287 1246 ;
3320 1193 3373 1243 ct
3399 1200 3582 1239 rursus

2004 1268 2052 1319 iu
2087 1267 2320 1332 Psalmo,
2346 1268 2543 1323 Similis
2573 1288 2657 1324 ero
2698 1273 3110 1329 descendentibus
3130 1276 3183 1327 in
3211 1277 3375 1327 locum
3403 1275 3575 1341 (Psal.

2002 1355 2123 1415 142.
2148 1359 2239 1425 7);
2273 1356 2376 1412 hoc
2402 1367 2483 1412 est
2506 1400 2520 1423 ,
2550 1361 2793 1415 mortuis.
2827 1362 2934 1416 Cur
2969 1362 3109 1416 hunc
3155 1363 3329 1421 locum
3361 1364 3445 1417 hic
3474 1374 3580 1419 tra-

1998 1448 2140 1500 ctat?
2163 1463 2450 1516 quamnam
2478 1449 2607 1504 dicit
2646 1452 3043 1520 captivitatem?
3065 1455 3434 1524 Captivitatem
3465 1455 3579 1508 dia-

2000 1538 2104 1593 boli
2135 1556 2147 1591 :
2176 1548 2457 1604 tyranuum
2486 1543 2692 1609 accepit
2732 1544 3036 1611 captivum,
3068 1562 3260 1614 nempe
3307 1546 3575 1605 diabolum

1997 1638 2051 1683 ct
2103 1637 2327 1681 mortem
2352 1669 2368 1693 ,
2412 1639 2463 1683 et
2494 1633 2913 1689 exsecrationem
2943 1675 2957 1696 ,
2989 1644 3042 1686 et
3091 1647 3385 1703 peceatum.
3418 1636 3579 1689 Vides

1998 1718 2228 1787 prmdam
2259 1729 2312 1773 et
2339 1721 2547 1790 spolia?
2577 1721 2727 1786 Quod
2754 1734 2921 1777 autem
2950 1727 3173 1779 ascendit
3203 1728 3324 1795 quid
3354 1738 3446 1791 est,
3475 1728 3573 1780 nisi

1994 1810 2130 1878 quod
2156 1822 2200 1861 et
2228 1810 2525 1865 descendit?
2552 1813 2661 1867 Hoc
2700 1824 2780 1873 est
2808 1816 3061 1873 adversus
3088 1832 3202 1879 eos,
3233 1818 3322 1886 qui
3352 1818 3572 1871 Paulum

1996 1900 2402 1956 Sanamatenum
2429 1898 2741 1972 sequuntur.
2774 1906 2873 1972 Qui
2899 1907 3169 1968 descendit,
3196 1908 3303 1975 ipse
3324 1916 3393 1960 est
3420 1916 3466 1959 et
3490 1907 3577 1974 qui

1994 1992 2217 2045 ascendit
2260 2008 2413 2062 super
2454 2010 2625 2047 omnes
2666 1996 2818 2050 cados
2861 2006 2913 2047 ut
2942 1995 3241 2065 adimpleret
3272 1996 3440 2049 omnia
3472 1996 3569 2063 (a).

1994 2086 2072 2142 Ad
2114 2087 2426 2152 inferiores,
2459 2089 2627 2158 inquit
2651 2130 2664 2151 ,
2693 2101 2871 2160 partes
2902 2101 3060 2145 teme
3088 2090 3365 2145 descendit
3392 2130 3407 2153 ,
3456 2096 3576 2157 post

1994 2195 2111 2247 qua:
2158 2196 2262 2234 non
2308 2189 2431 2234 sunt
2457 2182 2576 2234 alia:
2607 2200 2619 2234 :
2650 2192 2703 2235 et
2744 2183 2984 2237 ascendit
3027 2198 3189 2250 super
3216 2182 3422 2243 omnia,
3456 2191 3575 2249 post

1993 2286 2109 2336 qttze
2142 2287 2243 2323 non
2291 2280 2373 2325 est
2416 2272 2611 2340 aliquid
2639 2272 2802 2326 aliud.
2838 2274 2947 2327 lIoe
2988 2282 3071 2327 est
3099 2273 3214 2340 ejus
3243 2271 3493 2325 ellicacim
3520 2280 3573 2324 et

1992 2360 2341 2424 dominatus;
2389 2379 2508 2416 nam
2543 2363 2654 2417 lucc
2697 2379 2908 2433 quoque
2954 2366 3133 2418 omnia
3181 2364 3308 2417 olim
3351 2363 3567 2431 impleta

1995 2453 2222 2509 l‘ileraut.
2255 2456 2343 2508 Η.
2368 2446 2434 2507 Et
2458 2456 2566 2522 ipse
2604 2456 2740 2509 dedit
2772 2458 3016 2524 quosdam
3057 2458 3255 2527 quidem
3292 2457 3571 2524 apostolatt.

1992 2543 2237 2611 quosdam
2258 2554 2423 2601 autem
2451 2545 2740 2612 prophetas,
2773 2548 2899 2598 alios
2929 2562 3041 2598 vero
3069 2547 3418 2615 evangelistas,
3443 2546 3572 2598 alios

1992 2644 2160 2687 autem
2210 2644 2432 2701 pastores
2480 2646 2525 2687 et
2564 2637 2827 2692 doctores.
2864 2636 2949 2695 12.
2991 2638 3042 2689 in
3091 2638 3569 2691 consummationem

1991 2735 2297 2789 sanctorum,
2329 2726 2381 2777 in
2421 2742 2548 2793 opus
2584 2727 2866 2787 ministerii,
2898 2727 2949 2778 in
2978 2727 3366 2793 aediﬁcationem
3391 2742 3573 2793 corpo-

1991 2816 2062 2867 ris
2107 2815 2312 2869 Christi.
2353 2816 2505 2884 Quod
2547 2818 2668 2870 alibi
2708 2818 2857 2879 dicit,
2888 2817 3108 2887 Pt-Optt'r
3155 2819 3291 2888 quod
3339 2827 3385 2871 et
3441 2817 3573 2871 Deus

1991 2907 2230 2961 exultavit
2256 2908 2401 2969 illum
2423 2908 2681 2980 (Philipp.
2702 2910 2756 2965 2.
2790 2909 2866 2981 9),
2900 2911 3001 2966 hoc
3048 2911 3132 2965 hic
3161 2926 3375 2981 quoque
3418 2911 3570 2975 dicit,

1996 3003 2095 3068 Qui
2123 3003 2398 3066 descendit,
2427 3003 2535 3072 ipse
2554 3013 2625 3057 est
2652 3014 2698 3056 et
2722 3005 2810 3072 qui
2834 3004 3077 3065 ascendit.
3106 3004 3255 3071 Quod
3283 3003 3575 3059 descende-

1992 3097 2062 3151 rit
2085 3095 2151 3150 ad
2180 3095 2457 3150 inferiores
2482 3107 2658 3165 partes
2686 3106 2861 3161 terrm,
2887 3097 3016 3150 nihil
3049 3098 3095 3151 ei
3124 3096 3315 3157 obfuit,
3350 3111 3447 3150 nec
3474 3095 3572 3148 im-

1993 3186 2159 3255 pediit
2179 3187 2465 3256 quominus
2485 3188 2794 3241 ascenderet
2826 3202 2983 3255 supra
3008 3188 3188 3241 cados.
3213 3186 3571 3254 Quamobrem

1995 3295 2101 3346 quo
2128 3280 2247 3348 quis
2276 3294 2335 3333 se
2377 3278 2711 3333 humiliorem
2746 3278 2959 3342 fecerit,
2989 3294 3055 3333 eo
3084 3281 3249 3348 magis
3276 3279 3571 3333 extollitur.

1993 3370 2140 3424 Sicut
2169 3371 2310 3424 enim
2346 3371 2397 3423 in
2425 3385 2557 3438 aqua
2582 3385 2686 3438 quo
2716 3369 2882 3439 magis
2914 3385 3031 3423 eam
3064 3368 3197 3423 infra
3220 3369 3575 3431 detuleris,ro

1993 3460 2159 3529 magis
2190 3460 2240 3513 iu
2269 3460 2432 3514 altum
2463 3459 2710 3521 eITcrtur;
2741 3468 2795 3512 et
2814 3474 2920 3527 quo
2946 3475 3010 3513 ex
3039 3460 3223 3527 majori
3253 3460 3424 3527 spatio
3452 3459 3569 3512 fue-

1995 3551 2067 3604 ris
2088 3551 2371 3619 jaculatus,
2401 3566 2466 3604 eo
2511 3551 2677 3619 magis
2702 3552 3039 3619 assequeris:
3072 3552 3138 3604 ita
3166 3552 3324 3605 etiam
3372 3552 3423 3605 in
3477 3551 3572 3603 Int-

1995 3642 2237 3697 militatc.
2268 3641 2371 3695 Sed
2403 3641 2612 3710 quando
2634 3641 2700 3695 de
2724 3626 2836 3694 Deo
2858 3642 3058 3695 dixeris
3083 3642 3444 3700 ascensioucs,
3475 3655 3571 3694 ne-

1993 3750 2143 3790 cesse
2164 3744 2239 3787 est
2269 3732 2497 3802 primum
2528 3734 2763 3802 cogitare
2789 3733 3104 3787 descensum
3125 3750 3139 3795 ;
3159 3732 3369 3798 quando
3395 3740 3570 3785 autem

1993 3824 2059 3878 de
2086 3824 2317 3887 homine,
2354 3839 2707 3893 nequaquam.
2746 3822 2945 3878 Deinde
2974 3824 3208 3878 ostendit
3254 3824 3413 3877 ctiatn
3455 3824 3577 3888 ejus

1996 3915 2378 3983 providentiam
2401 3926 2454 3970 et
2479 3916 2793 3983 sapientiam
2830 3933 2843 3969 :
2872 3916 3124 3985 dicitque,
3149 3917 3236 3983 qui
3266 3927 3370 3970 tam
3404 3915 3568 3969 multa

1996 4008 2137 4071 fecit,
2170 4018 2223 4062 et
2267 4008 2356 4077 qui
2391 4018 2590 4063 tantum
2625 4009 2814 4076 potuit.
2866 4020 2918 4063 ct
2962 4010 3027 4063 ad
3079 4010 3355 4064 inferiores
3403 4026 3572 4079 usque

1996 4109 2150 4152 terrm
2173 4110 2350 4167 partes
2373 4115 2466 4165 pro
2494 4099 2646 4153 nobis
2672 4099 3001 4155 descendere
3028 4116 3131 4153 non
3164 4102 3446 4163 reensavit,
3467 4117 3573 4154 non

1997 4200 2196 4247 temere
2224 4190 2347 4243 fecit
2373 4190 2773 4244 distributiones
2799 4191 3202 4246 charismatum.
3229 4191 3363 4243 Alibi
3397 4200 3571 4244 autem

1994 4280 2121 4333 dicit
2151 4280 2288 4349 quod
2314 4279 2411 4333 hoc
2436 4289 2683 4345 operatus
2700 4280 2769 4332 sit
2789 4279 3125 4347 Spiritus,sic
3148 4281 3329 4333 dicens
3354 4298 3367 4334 :
3393 4280 3454 4331 In
3476 4298 3574 4350 quo

1998 4372 2160 4439 posuit
2187 4387 2271 4424 vos
2302 4371 2524 4438 Spiritus
2562 4360 2769 4423 sanctus
2795 4371 3055 4440 episcopos
3096 4387 3266 4438 regere
3293 4371 3571 4422 Ecclesium

1998 4461 2204 4517 Domini
2233 4461 2370 4529 (Act.
2395 4461 2483 4514 20.
2513 4460 2606 4527 28)
2634 4478 2646 4513 :
2682 4460 2766 4513 hic
2809 4470 2984 4514 autem
3010 4461 3139 4514 dicit
3177 4460 3316 4527 quod
3365 4461 3530 4514 Filius
3556 4478 3570 4519 ;

1995 4554 2119 4606 alibi
2141 4552 2279 4621 quod
2311 4553 2448 4605 Betis
2473 4566 2488 4615 ;
2517 4560 2568 4604 et
2598 4566 2833 4616 rursum,
2876 4549 2992 4619 Ipse
3020 4550 3157 4603 dedit
3182 4548 3420 4605 Ecclesim
3448 4552 3575 4604 alios

1994 4644 2193 4710 quidem
2241 4643 2513 4711 apostolos,
2542 4642 2671 4699 alios
2698 4652 2863 4695 autem
2893 4642 3161 4711 prophetas
3188 4642 3205 4707 (
3239 4643 3289 4697 1.
3321 4643 3439 4697 Cor.
3485 4646 3567 4706 12,

1993 4735 2111 4805 28).
2142 4735 2195 4789 In
2221 4734 2456 4803 Epistula
2483 4744 2657 4787 autem
2687 4733 2753 4786 ad
2781 4732 3085 4787 Corinthios
3112 4734 3259 4798 dicit,
3297 4734 3401 4805 Ego
3424 4737 3576 4805 plau-

1996 4830 2116 4891 tavi,
2141 4827 2324 4897 Apollo
2376 4827 2587 4896 rigavit,
2622 4824 2757 4879 Deus
2809 4837 2975 4879 autem
3026 4827 3384 4881 incrementum
3439 4828 3579 4880 dedit

1971 4916 2083 4987 (Id.
2113 4920 2166 4973 3.
2197 4920 2250 4973 6.
2279 4917 2313 4973 8
2342 4917 2394 4983 );
2424 4928 2477 4971 et
2506 4932 2708 4982 rursus,
2754 4917 2853 4984 Qui
2879 4918 3074 4987 plantat
3115 4929 3281 4970 autem
3321 4928 3365 4970 et
3391 4918 3473 4986 qui
3504 4920 3573 4969 ri-

1994 5020 2079 5082 gat
2100 5026 2256 5065 unum
2282 5020 2436 5067 sunt:
2467 5009 2803 5078 unusquisque
2822 5018 2986 5062 autent
3014 5010 3272 5077 proprium
3300 5006 3577 5065 mercedem

2060 5183 2132 5247 (a)
2156 5184 2235 5234 De
2265 5182 2413 5247 Pauli
2441 5183 2741 5247 ngosatcni
2766 5184 2945 5247 haeresi
2980 5188 3055 5247 sat
3078 5179 3577 5247 di_versg_referuntur

1994 5260 2021 5295 a
2039 5241 2149 5307 serit
2171 5248 2356 5295 toribus
2380 5245 2741 5294 Ecclesiasticis
2762 5282 2775 5304 ,
2801 5246 3078 5307 Athanasio,
3104 5243 3344 5307 Eusebio:
3370 5241 3579 5307 Eplplia.

1995 5311 2091 5365 nio,
2106 5302 2157 5356 et
2182 5307 2668 5365 Philastrio.0uidam
2685 5302 2805 5355 vero
2827 5307 2991 5355 dicunt
3011 5303 3140 5351 illum
3165 5312 3216 5352 ut
3234 5310 3290 5365 et
3308 5302 3577 5352 Sabellium

2000 5364 2303 5419 identitatem
2325 5364 2547 5417 Patriset
2558 5367 2664 5417 Filii
2689 5374 2742 5417 et
2762 5368 2968 5429 Spiritus
2984 5374 3135 5429 sancti
3161 5364 3429 5429 induxisse.
3445 5365 3579 5429 Chri-

1997 5439 2123 5479 stum
2166 5442 2375 5491 negasse
2395 5428 2574 5491 (Deum
2617 5424 2940 5491 essedicitur
2963 5440 2990 5475 a
3014 5424 3328 5491 fl'hepdoreto
3353 5425 3436 5474 lib.
3461 5427 3492 5474 Ξ
3514 5428 3579 5475 de

1998 5487 2258 5541 llmreticis
2280 5490 2453 5539 fabulis
2472 5528 2485 5545 ,
2513 5498 2564 5538 et
2587 5488 2717 5538 clare
2746 5503 2771 5537 a
2796 5487 3078 5537 l’hilastrio.
3105 5488 3257 5546 Quam
3281 5491 3577 5537 sententiain

2000 5555 2075 5602 hic
2096 5560 2345 5614 oppugnat
2368 5551 2807 5614 Chrysostomusiet
2830 5550 2983 5614 carpit
3008 5562 3068 5597 ex
3110 5550 3187 5598 bis
3211 5548 3343 5597 Pauli
3369 5551 3535 5614 verbis
3555 5581 3571 5600 .

1998 5614 2083 5671 (mi
2105 5610 2369 5669 descendit,
2389 5610 2489 5674 ipse
2513 5618 2581 5661 est
2603 5617 2647 5660 et
2667 5612 2748 5674 qui
2771 5610 2985 5662 ascendit
3008 5624 3152 5674 super
3178 5623 3335 5661 otium
3354 5625 3411 5659 ru
3428 5612 3495 5658 tus
3529 5616 3579 5659 ut

1999 5674 2282 5733 adimplere!
2305 5672 2480 5721 (nimia.
