4080 6218
423 254 490 308 ΒΞ
1185 251 1243 306 S.
1284 244 1556 304 .lO.\N.\'lS
1593 233 2056 297 CHRY’SOSTOMI
2096 231 2406 288 ARCIIIEP.
2447 232 2968 290 CONSTANTINOP.
3610 232 3672 285 8i

426 370 635 440 accipiet
662 368 936 420 secundum
959 381 1103 418 suum
1127 350 1347 416 laborem
1376 358 1452 430 (2.
1479 355 1597 410 Cor.
1624 354 1676 408 5.
1713 352 1789 419 li).
1826 349 1899 402 Ita
1920 348 2008 440 hic

429 439 663 530 quoque.
694 458 829 523 Quid
871 457 1035 519 enim,
1069 455 1115 509 si
1144 453 1301 507 affers
1331 447 1539 503 minus?
1569 452 1770 499 tantum
1798 439 2004 504 accepi-

428 552 517 605 sti.
549 549 781 604 Primum
808 548 1099 617 apostolos;
1126 543 1179 598 hi
1207 541 1347 596 enim
1380 536 1646 591 habebant
1674 534 1850 588 omnia
1887 547 1900 582 :
1932 545 2009 581 se-

429 642 595 695 cundo
622 641 930 712 prophetas:
955 647 1108 693 erant
1136 634 1281 688 enim
1311 630 1470 699 aliqui
1506 629 1594 697 qui
1639 624 1860 694 apostoli
1889 621 2007 691 qni-

432 733 553 786 dem
584 747 690 785 non
720 740 869 784 erant
893 770 907 791 ,
934 736 1085 782 erant
1113 734 1289 779 autem
1322 721 1596 792 prophetae
1616 759 1631 781 ,
1660 725 1715 770 ut
1751 713 1963 784 Agabus
1993 728 2006 763 :

432 825 577 876 tertio
602 820 949 892 evangelistas,
981 822 1068 887 qui
1111 832 1214 870 non
1255 829 1440 868 omnes
1466 811 1686 866 obibant
1729 809 2006 877 regiones,

434 914 529 968 sed
566 910 1001 979 evangelizabant
1023 948 1039 971 ,
1066 917 1121 961 ιιι
1166 906 1401 961 Priscilla
1430 914 1481 958 et
1515 901 1698 971 Aquila
1728 918 1743 953 :
1776 897 2014 951 Pastores

432 1014 481 1057 et
507 1002 756 1063 doctores,
782 1014 1008 1069 quorum
1035 997 1155 1052 ﬁdei
1186 1003 1293 1050 tota
1323 1010 1454 1065 gens
1477 1003 1593 1046 erat
1621 990 1842 1046 credita.
1875 985 2013 1052 Quid

436 1090 598 1161 ergo?
626 1100 779 1146 erant
810 1098 1052 1159 pastores
1080 1097 1133 1141 et
1158 1087 1406 1141 doctores
1437 1083 1758 1138 inferiores?
1788 1080 2014 1134 Maxime

436 1180 648 1251 quidem
673 1221 691 1247 ,
719 1181 784 1233 iis
814 1179 903 1249 qui
932 1192 1119 1232 omnes
1152 1177 1372 1230 obibant
1396 1175 1640 1242 regiones
1665 1181 1718 1226 et
1743 1169 2015 1239 evangeli-

439 1273 702 1337 zautibns,
729 1271 761 1324 ii
792 1270 879 1338 qui
907 1269 1163 1323 sedebant
1197 1275 1251 1321 et
1291 1268 1341 1319 in
1379 1280 1486 1318 uno
1534 1263 1651 1316 loco
1678 1269 1830 1315 erant
1854 1274 2016 1313 oceu-

440 1364 573 1434 pati,
601 1373 656 1416 ttt
679 1361 993 1416 Timotheus
1019 1369 1073 1413 et
1102 1358 1271 1411 Titus.
1301 1356 1509 1423 Alioqui
1551 1362 1726 1407 autem
1768 1366 1868 1405 nec
1898 1350 2020 1402 hinc

443 1454 556 1507 ﬁeri
608 1462 779 1522 potest
807 1452 1068 1519 subjectio
1089 1463 1141 1503 et
1170 1447 1389 1502 honoris
1416 1445 1674 1515 prmlatio,
1701 1442 1794 1497 sed
1826 1458 1890 1496 ex
1917 1442 2021 1495 alia

443 1544 688 1612 epistola.
724 1541 843 1610 Ipse
892 1540 1049 1600 dedit,
1098 1537 1301 1606 inquit;
1344 1550 1412 1589 ne
1463 1532 1871 1588 contradixeris.
1922 1532 2025 1584 Aut

447 1632 799 1702 evangelistas
842 1630 989 1690 dicit,
1020 1641 1114 1680 eos
1156 1626 1247 1696 qui
1287 1624 1603 1693 scripSt-rint
1652 1621 2019 1690 Evongelium.

447 1724 527 1776 Ad
556 1721 1036 1775 consummationem
1063 1726 1355 1769 sanctorum
1382 1756 1397 1780 ,
1424 1715 1477 1768 in
1504 1730 1629 1783 Opus
1658 1710 1942 1775 ministerii,
1973 1710 2024 1761 in

447 1815 833 1884 adiﬁcatiouem
866 1812 1090 1879 corporis
1129 1808 1335 1863 Christi.

519 1910 571 1963 5.
618 1906 779 1961 Vides
846 1901 1266 1957 auctoritatem?
1323 1898 1693 1968 Unusquisque
1754 1893 2025 1957 :ediﬁeat,

452 1998 814 2066 unusquisque
847 1995 1052 2063 perlicit
1072 2002 1125 2047 et
1150 1999 1507 2053 consummat,
1539 1988 1902 2057 unusquisque
1925 1985 2028 2039 mi-

455 2091 662 2143 nistrat.
696 2088 782 2140 l3.
811 2084 981 2137 Donec
1007 2098 1331 2136 occurramus
1349 2121 1365 2146 ,
1399 2079 1569 2147 inquit
1591 2116 1607 2142 ,
1638 2094 1807 2130 omnes
1833 2077 1887 2129 in
1914 2078 2031 2128 uui-

454 2194 606 2237 tatem
628 2181 748 2250 ﬁdei
774 2189 819 2233 et
847 2179 1120 2249 agnitionis
1159 2176 1281 2229 Filii
1310 2175 1436 2239 Dei,
1464 2175 1515 2227 in
1543 2175 1702 2226 uirum
1733 2173 2030 2242 perfectum,

453 2276 507 2327 in
538 2289 823 2326 mensuram
853 2272 1015 2323 a‘tatis
1045 2269 1370 2337 plenitudinis
1411 2266 1619 2322 Christi.
1674 2265 1906 2321 [Elatem
1951 2264 2035 2318 hic

458 2365 587 2420 dicit
646 2364 929 2433 perfectam
985 2360 1330 2430 agnitionem.
1382 2357 1840 2424 Quemadmodum
1892 2357 2033 2409 enim

460 2460 540 2511 vir
589 2466 689 2511 stat
743 2456 929 2508 ﬁrmus
982 2468 1046 2507 ac
1095 2452 1316 2515 stabilis,
1360 2450 1509 2521 pueri
1548 2459 1724 2503 autem
1770 2449 2036 2503 mentibus

459 2547 949 2603 circumferuntur:
988 2546 1055 2597 ita
1110 2543 1272 2597 etiam
1330 2542 1382 2595 in
1429 2539 1693 2594 fidelibus.
1748 2538 1817 2592 In
1865 2538 2034 2591 unita-

461 2648 597 2701 tem,
656 2637 845 2706 inquit,
904 2635 1044 2702 ﬁdei.
1091 2634 1202 2688 Hoc
1227 2642 1330 2697 est,
1352 2631 1524 2685 donec
1568 2639 1838 2684 ostensum
1881 2629 2039 2682 fuerit

399 2718 403 2723 ’
465 2744 776 2803 nos‘omnes
819 2742 975 2780 unam
1010 2726 1205 2780 habere
1230 2724 1410 2777 ﬁdem.
1442 2723 1553 2777 Hoc
1579 2730 1663 2776 est
1689 2721 1831 2775 enim
1861 2721 2038 2774 unitas

467 2820 610 2885 ﬁdei,
639 2817 852 2888 quamlo
876 2831 1063 2869 omnes
1085 2829 1245 2869 unum
1277 2827 1483 2877 sumus,
1517 2812 1728 2881 quando
1749 2811 2040 2879 colligatio-

470 2927 594 2965 nem
627 2923 814 2962 omnes
841 2908 999 2961 simul
1025 2906 1386 2976 agnoscimus.
1406 2903 1583 2972 Usque
1610 2903 1674 2955 ad
1707 2902 1807 2955 hoc
1835 2912 2041 2969 tempus

468 3006 682 3067 operarl
721 3007 963 3068 oportet,
992 2997 1354 3067 si‘propterea
1404 2993 1652 3062 accepisti
1695 2993 1958 3046 charisma
1988 3000 2044 3045 ut

472 3093 604 3147 alios
644 3091 896 3146 mdifices.
930 3089 1057 3144 Vide
1089 3103 1156 3141 ne
1183 3089 1406 3156 teipsum
1427 3095 1635 3139 evertas
1661 3085 1749 3137 alii
1777 3084 2040 3141 invidens.

472 3184 611 3237 Deus
634 3195 684 3236 te
710 3181 1011 3242 honoravit,
1031 3190 1086 3235 et
1105 3180 1276 3248 posuit
1304 3178 1536 3231 utalium
1562 3175 1801 3245 perﬁcias
1831 3190 1892 3226 ac
1918 3189 2046 3226 con-

473 3290 731 3328 summes.
754 3273 885 3328 Nam
916 3282 969 3326 et
992 3272 1264 3341 apostolus
1284 3270 1334 3323 in
1361 3269 1457 3321 hoc
1479 3277 1611 3329 erat,
1633 3277 1685 3322 et
1710 3265 1963 3335 propheta
1994 3265 2044 3318 in

474 3368 573 3419 hoc
604 3374 737 3428 erat,
772 3364 1094 3433 proplietans
1139 3372 1192 3416 et
1234 3362 1580 3431 persuadens,
1619 3368 1673 3414 et
1721 3359 2043 3427 evangelista

474 3456 865 3521 evangelizans,
896 3464 950 3509 et
973 3464 1154 3524 pastor
1181 3466 1235 3508 et
1254 3453 1477 3506 dot-tor:
1508 3465 1694 3503 omnes
1725 3464 1883 3501 unum
1913 3463 2047 3517 opus

476 3555 840 3614 susceperant.
864 3545 941 3600 Ne
964 3544 1092 3598 tuihi
1115 3544 1254 3597 enim
1278 3543 1476 3596 dixeris
1493 3540 1843 3594 differentiam
1870 3538 2047 3592 t-hari-

474 3649 699 3690 smatum
734 3655 747 3690 :
774 3652 961 3691 clunes
993 3652 1154 3689 unum
1195 3651 1327 3703 opus
1363 3634 1646 3687 habebant.
1678 3633 1808 3686 Nam
1837 3632 2049 3701 quando

476 3742 663 3779 omnes
704 3727 949 3780 similiter
977 3726 1280 3786 credimus,
1321 3735 1447 3778 tunc
1477 3733 1559 3778 est
1598 3725 1791 3777 unitas.
1845 3725 2047 3778 Etenim

475 3816 615 3886 quod
643 3814 746 3869 hoc
765 3815 932 3868 virum
952 3815 1095 3867 dicat
1125 3814 1434 3883 perfectum.
1453 3823 1535 3867 est
1562 3815 1918 3882 perspicuum.
1954 3816 2050 3867 At-

475 3907 563 3972 qui
589 3904 715 3959 alibi
744 3919 841 3959 nos
870 3905 998 3959 dicit
1025 3905 1294 3972 parvulos,
1317 3906 1474 3957 etiam
1502 3920 1624 3958 cum
1662 3919 1846 3958 sunms
1875 3906 2048 3973 perfe-

476 3996 567 4059 cti,
609 3994 702 4049 sed
750 3994 853 4048 alio
897 4004 1163 4063 spectans.
1194 3994 1325 4047 Nam
1377 3994 1447 4047 ibi
1494 3995 1704 4063 quidem
1758 4010 1853 4049 nos
1902 4007 2053 4050 vorat

478 4086 724 4154 parvulos
750 4086 956 4141 ratione
983 4086 1160 4139 habita
1186 4086 1373 4139 futurae
1394 4088 1712 4155 cognitionis
1737 4106 1748 4140 :
1785 4104 1902 4141 nam
1930 4104 2049 4143 cum

479 4178 715 4243 dixisset,
751 4176 834 4231 Ea:
858 4188 1000 4248 parte
1026 4178 1394 4248 cognoscimus,
1424 4178 1700 4247 subjuuxit
1741 4178 1921 4241 etiam,
1954 4180 2054 4234 Per

475 4270 780 4340 aenigmata,
812 4279 867 4325 et
891 4286 1010 4340 qua:
1033 4279 1156 4325 sunt
1185 4269 1485 4339 huiusmodi
1515 4273 1591 4339 (1.
1611 4270 1729 4325 Cor.
1751 4272 1905 4328 45.9.
1926 4273 2016 4344 12)
2039 4291 2053 4329 :

480 4362 566 4416 hic
604 4373 779 4417 autem
825 4357 959 4417 dixit
1001 4364 1106 4416 alio
1151 4364 1463 4433 respiciens,
1496 4379 1688 4432 nempe
1733 4364 1799 4417 ad
1845 4365 2051 4421 facilem

480 4454 870 4522 prolapsiunem
898 4462 951 4507 et
972 4455 1318 4508 mutationem
1351 4472 1363 4505 :
1393 4456 1530 4509 sicut
1558 4456 1715 4509 etiam
1743 4457 1868 4510 dicit
1887 4458 2011 4511 alibi
2037 4475 2050 4511 :

484 4542 833 4612 Perfectorum
860 4554 1027 4597 autem
1074 4554 1145 4598 est
1186 4544 1379 4602 solidus
1425 4546 1564 4599 cibus
1593 4548 1610 4614 (
1645 4545 1799 4601 llebr.
1831 4548 1882 4601 5.
1916 4548 1983 4601 14
2011 4550 2050 4618 ).

484 4634 640 4686 Vides
680 4636 949 4704 quomodo
997 4636 1106 4690 illic
1146 4652 1357 4705 quoque
1404 4638 1533 4691 dicit
1580 4639 1886 4707 perfectos?
1920 4640 2054 4695 Vide

479 4723 745 4793 quomodo
775 4723 860 4777 hic
902 4726 1108 4778 vocavit
1151 4727 1413 4794 perfectos
1458 4742 1553 4796 per
1579 4744 1639 4781 ea
1674 4745 1793 4798 quae
1832 4730 2051 4799 subjun-

480 4824 694 4883 gunlur,
725 4815 814 4868 14.
849 4812 916 4868 Ut
951 4815 1066 4885 jam
1091 4831 1190 4868 non
1221 4817 1377 4869 simus
1404 4817 1629 4880 paruuli.
1659 4817 1783 4872 [huc
1832 4831 1906 4873 est
1933 4862 1947 4883 ,
1978 4822 2057 4874 in-

480 4907 611 4975 quit,
644 4921 912 4969 mensura,
937 4916 991 4960 ut
1019 4922 1245 4976 paucutn
1272 4908 1412 4977 quod
1435 4909 1741 4978 accepimus
1767 4917 1908 4965 omni
1938 4924 2056 4968 ειιι-

482 5000 569 5055 die
599 5000 927 5068 lirmiterque
969 5014 1033 5053 ac
1059 4998 1321 5054 stabiliter
1360 5001 1704 5058 retineamus.
1733 5002 1800 5058 Ut
1817 5006 1930 5075 jam
1955 5023 2055 5061 non

482 5094 722 5161 amplius.
755 5091 910 5155 Illud,
944 5090 1063 5144 Non
1092 5092 1332 5160 amplius,
1357 5092 1590 5146 ostendit
1619 5108 1713 5148 eos
1738 5095 2055 5164 jampridem

484 5182 552 5234 ita
578 5182 738 5237 fuisse
763 5183 1000 5245 affectos,
1031 5191 1084 5237 et
1110 5183 1341 5251 seipsum
1367 5184 1513 5251 ponit
1546 5185 1596 5237 in
1624 5185 1741 5239 loco
1771 5190 2059 5243 correctio-

484 5274 598 5335 nis,
627 5285 676 5327 et
706 5277 945 5347 corrigit.
981 5276 1267 5345 Propterea
1295 5276 1454 5340 dicit,
1488 5276 1590 5330 Tot
1638 5276 1854 5332 fuerunt
1881 5279 2009 5333 fabri
2038 5323 2054 5346 ,

483 5378 548 5417 ne
575 5363 854 5419 aediﬁcium
897 5368 1268 5432 labefactetur,
1297 5384 1363 5421 ne
1392 5370 1816 5435 circumferatur,
1851 5381 1907 5425 ιιι
1952 5375 2057 5428 sint

480 5451 684 5522 lapides
709 5454 844 5509 firmi
874 5467 929 5511 et
956 5460 1192 5513 stabiles.
1224 5459 1335 5514 lloc
1362 5460 1506 5515 enim
1535 5471 1617 5514 est
1648 5460 1882 5527 illormu,
1914 5480 2058 5519 nem-

481 5559 546 5611 pe
592 5543 847 5600 fluctuare
873 5588 885 5609 ,
918 5550 1170 5603 vacillare
1194 5593 1209 5615 ,
1248 5551 1578 5605 circumferri
1606 5562 1657 5605 et
1690 5552 1946 5608 labefieri.
1987 5556 2054 5614 Ut

466 5632 579 5699 jam
608 5652 705 5688 non
736 5636 890 5689 simus
921 5641 1136 5707 amplius
1168 5644 1387 5710 parvuli,
1415 5645 1736 5711 ﬂuctuantes,
1770 5659 1814 5700 et
1835 5651 2052 5702 circum-

2107 345 2330 414 feramur
2368 348 2505 399 omni
2553 357 2697 400 vento
2725 348 2965 401 doctrinm
2994 348 3045 401 in
3074 348 3294 416 nequitia
3320 347 3596 408 hominum,
3629 353 3681 401 in

2106 438 2292 490 astutia
2319 437 2388 489 ad
2416 438 2885 491 circumventionem
2910 439 3116 492 cribris.
3149 436 3218 491 Et
3248 439 3681 509 circumferuntur,

2110 527 2310 593 inquit,
2343 529 2480 580 omni
2527 538 2693 582 vento.
2740 529 3101 599 Prosequutus
3149 538 3233 583 est
3277 530 3639 599 metaphoram
3667 573 3680 596 ,

2109 619 2399 672 ostendens
2430 619 2480 672 in
2509 634 2614 689 quo
2645 620 2881 688 periculo
2904 630 3029 673 sunt
3053 621 3244 673 anima:
3273 635 3390 689 qua:
3420 621 3682 674 dubitant.

2114 708 2284 772 Omni,
2316 711 2507 779 inquit,
2538 718 2702 777 uento,
2735 711 2787 764 in
2817 713 3090 781 nequitiam
3116 713 3392 776 hominum,
3423 714 3475 765 in
3500 714 3688 765 astutia

2112 802 2178 853 ad
2224 802 2691 855 circumuentionem
2741 803 2943 857 erroris.
2984 808 3233 856 -κυειυται
3295 803 3543 857 dicuntur
3597 805 3689 873 qui

2114 900 2334 946 utuntur
2352 893 2488 945 talis.
2509 892 2666 947 Tales
2693 902 2816 947 sunt
2841 894 2928 962 qui
2961 903 3083 948 sunt
3108 892 3239 946 vafri
3268 903 3321 948 et
3342 894 3521 959 astuti,
3548 905 3693 962 post-

2114 997 2272 1051 quam
2300 983 2539 1050 ceperint
2567 982 2921 1051 simpliciores
2951 1001 2964 1034 :
2996 982 3070 1035 illi
3112 983 3254 1035 enim
3295 983 3471 1036 omnia
3520 993 3686 1037 trans-

2118 1083 2321 1143 ponunt
2343 1082 2397 1127 et
2428 1071 2774 1127 transferunt.
2815 1073 2911 1126 Hic
2939 1074 3097 1127 vitam
3140 1089 3352 1142 quoque
3380 1075 3570 1143 tetigit.
3601 1076 3690 1129 15.

2129 1162 2399 1219 Veritatem
2424 1173 2590 1216 autem
2619 1166 2856 1234 facientes
2881 1165 2932 1217 in
2962 1166 3186 1230 caritate,
3218 1181 3500 1219 crescamus
3526 1168 3579 1219 in
3604 1168 3696 1220 illo

2120 1273 2212 1325 per
2239 1257 2427 1317 omnia,
2455 1256 2541 1325 qui
2582 1267 2654 1308 est
2689 1264 2840 1322 caput
2879 1255 3130 1319 Christus,
3161 1256 3247 1310 16.
3276 1272 3339 1309 ea:
3374 1273 3473 1327 quo
3492 1299 3506 1321 ,
3539 1267 3697 1310 totum

2119 1364 2302 1419 corpus
2328 1356 2643 1417 compactura
2674 1357 2719 1401 et
2757 1364 3036 1402 connexum
3064 1366 3151 1417 per
3176 1366 3373 1403 onmem
3402 1351 3699 1418 juncturam

2121 1440 2613 1501 subministrationis,
2646 1440 2921 1492 secundum
2955 1440 3291 1509 operationem
3322 1441 3375 1493 in
3411 1458 3697 1494 mensuram

2123 1531 2518 1600 uniuscujusque
2560 1531 2804 1595 membri,
2852 1541 3174 1598 augmentum
3214 1533 3444 1600 corporis
3491 1534 3612 1603 facit
3647 1535 3699 1586 in

2125 1622 2510 1689 a’diﬁcationem
2554 1626 2636 1677 sui
2676 1626 2729 1677 in
2765 1623 2991 1676 caritate.
3027 1622 3264 1678 Obscure
3305 1624 3590 1679 admodum
3618 1637 3702 1681 est

2128 1711 2524 1780 interpretatus,
2562 1728 2628 1768 eo
2670 1714 2811 1783 quod
2842 1713 3069 1767 voluerit
3108 1715 3287 1769 omnia
3310 1716 3465 1769 simul
3499 1716 3698 1772 dicere.

2132 1804 2242 1858 lloc
2265 1811 2350 1857 est
2378 1814 2551 1859 autem
2575 1806 2714 1874 quod
2741 1806 2870 1859 dicit
2899 1823 2912 1857 :
2940 1806 3089 1860 Sicut
3118 1806 3334 1874 spiritus
3365 1808 3452 1876 qui
3479 1807 3706 1863 descen-

2129 1897 2206 1951 dit
2232 1912 2261 1950 a
2297 1897 2538 1961 cerebro,
2572 1898 2834 1953 sentiendi
2863 1899 3187 1964 facultatem,
3215 1915 3333 1970 qua:
3361 1910 3445 1954 est
3473 1915 3566 1969 per
3591 1917 3706 1956 ner-

2131 2004 2248 2054 vos,
2277 2004 2380 2042 non
2405 1989 2647 2043 absolute
2669 1989 2761 2043 dat
2786 1990 3057 2053 omnibus,
3088 1991 3181 2044 scd
3213 2006 3310 2060 pro
3331 1976 3703 2045 eativenientia

2106 2092 2187 2137 ‘et
2230 2082 2573 2152 preportione
2623 2082 3039 2153 uniuscujusque
3095 2083 3356 2146 membri;
3397 2084 3447 2137 ei
3492 2082 3705 2153 quidem

2133 2174 2274 2242 quod
2306 2174 2422 2241 plus
2446 2181 2620 2242 potest
2645 2175 2937 2237 suscipere,
2975 2174 3221 2242 amplius,
3252 2174 3423 2227 minus
3450 2182 3624 2228 autem
3657 2175 3705 2225 ei

2135 2265 2275 2334 quod
2299 2267 2506 2328 minus;
2538 2266 2638 2319 hoc
2661 2266 2801 2319 enim
2824 2276 2907 2319 est
2933 2266 3102 2328 radix,
3135 2279 3327 2333 nempe
3348 2265 3564 2334 spiritus
3589 2282 3602 2316 :
3631 2268 3708 2317 sic

2136 2358 2296 2411 etiam
2326 2356 2568 2411 Christus
2604 2373 2618 2408 :
2651 2357 2949 2411 anituabus‘
2974 2356 3117 2409 enim
3161 2364 3425 2423 tamquam
3457 2355 3709 2409 membris

2137 2450 2184 2503 ei
2212 2450 2480 2518 appensis.
2509 2449 2626 2515 ejus
2657 2447 2989 2517 providentia
3019 2456 3072 2501 et
3093 2446 3473 2502 charismatum
3509 2460 3709 2515 suppe-

2139 2539 2345 2604 ditatio,
2373 2550 2726 2608 congruenter
2750 2540 3077 2608 proportioni
3121 2548 3175 2594 et
3220 2540 3624 2599 convenientia,
3659 2540 3710 2591 in

2142 2645 2389 2685 mensura
2420 2629 2809 2684 incrementum
2852 2630 2973 2684 facit
3023 2629 3439 2697 uniuscujusque
3465 2626 3709 2681 membri.

2140 2721 2275 2790 Quid
2300 2730 2381 2776 est
2403 2730 2603 2786 autem,
2628 2720 2726 2775 Per
2743 2724 3035 2791 juncturam
3061 2720 3530 2776 subministrationis
3547 2719 3572 2771 .’
3605 2719 3714 2772 lloc

2141 2823 2243 2877 est,
2276 2829 2370 2881 per
2390 2827 2630 2868 sensum.
2648 2814 2740 2867 Ille
2768 2814 2910 2868 enim
2932 2814 3149 2883 spiritus
3169 2813 3256 2883 qui
3283 2814 3715 2866 subministratur

2144 2913 2197 2957 et
2247 2904 2619 2974 suppeditatur
2670 2904 2924 2959 membris
2975 2920 3004 2958 a
3055 2905 3249 2972 capite,
3306 2904 3713 2972 unumquodque

2147 2999 2441 3052 membrum
2493 3009 2712 3067 tangens
2766 3000 2835 3052 ita
2887 3007 3158 3067 operatur.
3191 2996 3260 3052 Ut
3307 2997 3350 3050 si
3393 2997 3510 3066 quis
3550 2996 3712 3059 dicat,

2144 3088 2349 3158 Corpus
2370 3089 2667 3157 suscipiens
2693 3088 3236 3142 subministrationem
3262 3102 3326 3141 ac
3345 3086 3719 3157 suppeditati...

2147 3195 2291 3241 nem,
2319 3188 2675 3247 eongrttenter
2705 3179 3029 3248 proportioni
3064 3177 3424 3231 membrorum
3459 3191 3576 3245 qum
3597 3186 3719 3230 sunt

2149 3269 2199 3322 in
2243 3270 2377 3338 ipso,
2412 3269 2482 3322 ita
2513 3270 2638 3322 facit
2674 3270 3059 3324 incrementum
3094 3286 3105 3320 :
3137 3277 3227 3322 aut
3254 3266 3447 3332 aliter,
3484 3266 3717 3322 Membra

2149 3371 2504 3429 congruenter
2551 3363 2874 3431 proportioni
2923 3378 3033 3415 sua:
3070 3376 3335 3416 mensura:
3378 3360 3717 3429 suscipientia

2148 3455 2670 3524 suppeditationem,
2716 3455 2794 3509 sic
2845 3464 3148 3524 augentur:
3181 3462 3273 3508 aut
3319 3455 3478 3509 etiam
3525 3454 3719 3515 aliter,

2151 3547 2381 3615 Spiritus
2407 3547 2636 3615 desuper
2657 3545 2866 3599 abunde
2906 3545 3152 3609 afﬂuens,
3187 3553 3240 3599 et
3280 3546 3455 3598 omnia
3486 3545 3720 3597 membra

2155 3648 2395 3706 tangens,
2420 3647 2475 3690 et
2494 3637 2858 3705 suppeditatus
2878 3647 2937 3690 ut
2963 3636 3326 3704 unusquisque
3354 3644 3528 3704 potest
3555 3635 3724 3687 suseio

2154 3743 2281 3799 pere
2302 3771 2315 3791 ,
2350 3729 2418 3782 ita
2448 3739 2688 3797 augetur.
2717 3728 2954 3794 Quanam
2985 3737 3160 3781 autem
3203 3727 3268 3780 de
3296 3741 3450 3779 causa
3483 3724 3681 3778 addidit
3709 3766 3723 3782 ,

2154 3818 2218 3873 In
2242 3821 2450 3872 caritate
2470 3822 2495 3872 ."
2521 3819 2658 3873 Fieri
2689 3820 2831 3872 enim
2861 3834 2969 3872 non
3011 3828 3185 3886 potest
3223 3827 3279 3871 ut
3317 3817 3470 3869 aliter
3507 3816 3729 3883 spiritus

2157 3912 2244 3964 ille
2269 3910 2575 3964 descendat.
2609 3910 2759 3964 Sicut
2786 3911 2951 3975 enim,
2976 3911 3020 3965 si
3048 3909 3329 3977 contigerit
3359 3916 3416 3962 ut
3444 3922 3633 3961 manus
3658 3910 3731 3959 sit

2154 4002 2333 4054 avulsa
2381 4016 2409 4052 a
2454 4014 2698 4068 corpore,
2731 4001 2950 4069 Spiritus
2995 4001 3083 4069 qui
3140 3999 3376 4069 procedit
3422 4013 3451 4051 a
3481 3996 3726 4054 cerebro,

2156 4108 2399 4161 quairens
2421 4091 2890 4157 continuationem,
2918 4106 3039 4144 cum
3071 4106 3175 4143 non
3199 4088 3480 4150 invenerit,
3508 4104 3612 4140 nou
3645 4101 3732 4138 ex.

2157 4182 2267 4237 silit
2289 4197 2319 4236 e
2341 4197 2586 4252 corpore,
2616 4191 2669 4236 et
2713 4196 2777 4236 eo
2804 4179 3078 4251 perforato
3119 4181 3231 4235 exit
3259 4180 3321 4233 ad
3352 4195 3563 4233 manum
3588 4196 3602 4241 ;
3635 4179 3730 4230 sed

2158 4274 2200 4328 si
2215 4275 2479 4344 jaceutem
2510 4289 2614 4327 non
2637 4274 2918 4339 invenerit,
2940 4289 3043 4327 non
3075 4272 3272 4342 tangit:
3303 4272 3371 4326 ita
3392 4271 3475 4324 hic
3497 4284 3728 4341 quoque,

2157 4367 2202 4421 si
2233 4381 2337 4421 non
2365 4367 2530 4421 simus
2563 4367 2794 4436 colligati
2821 4367 3061 4420 caritate.

2229 4461 2283 4515 4.
2328 4459 2604 4513 Humilitas
2638 4460 2706 4512 ad
2743 4461 2983 4512 unitatem
3010 4459 3236 4528 corporis
3280 4456 3519 4510 Ecclesia:
3557 4471 3733 4508 neces-

2158 4552 2312 4606 saria.
2340 4581 2412 4592 —-
2436 4552 2562 4606 ﬂare
2590 4562 2765 4607 autem
2793 4552 2968 4605 omnia
2999 4551 3066 4603 ab
3098 4565 3164 4605 eo
3207 4550 3344 4603 dicta
3390 4559 3513 4603 sunt
3540 4548 3737 4602 exhor-

2162 4644 2323 4698 tantia
2354 4643 2420 4697 ad
2445 4643 2823 4698 humilitatem.
2854 4642 2991 4709 Quid
3019 4642 3184 4707 enim,
3221 4642 3428 4711 inquit,
3459 4642 3503 4694 si
3536 4640 3619 4692 bic
3643 4649 3737 4693 aut

2162 4736 2250 4793 ille
2278 4738 2396 4806 plus
2444 4737 2671 4808 accipit?
2721 4737 2970 4792 eumdem
3012 4738 3222 4805 accepit
3259 4735 3526 4804 spiritum,
3557 4734 3643 4804 qui
3667 4749 3734 4787 ex

2161 4831 2350 4886 eodem
2379 4832 2554 4901 capite
2591 4831 2853 4885 emittitur
2874 4870 2890 4897 ,
2929 4830 3019 4897 qui
3051 4828 3298 4882 similiter
3325 4835 3577 4896 aperatur
3600 4866 3615 4890 ,
3646 4825 3739 4895 qui

2162 4922 2408 4976 similiter
2434 4922 2635 4991 tangit,
2669 4920 2768 4986 Qui
2807 4919 3147 4989 compingitur
3175 4927 3220 4972 et
3247 4920 3605 4989 conjungitur,
3635 4917 3740 4970 hoc

2160 5022 2279 5078 est,
2342 5013 2494 5078 cujus
2556 5027 2743 5080 magna
2807 5024 2935 5063 cura
2991 5012 3214 5079 geritur.
3262 5009 3376 5063 Non
3414 5010 3556 5064 enim
3601 5024 3738 5077 quo-

2164 5107 2571 5175 modomuuqne,
2603 5104 2699 5159 sed
2728 5104 3014 5158 adn‘iodum
3041 5103 3328 5158 artiﬁciose
3353 5117 3550 5172 corpus
3576 5102 3735 5156 situm

2163 5201 2465 5270 sitoportet
2496 5217 2509 5253 :
2542 5215 2661 5252 nam
2694 5199 2737 5252 si
2771 5214 2802 5251 e
2833 5200 2949 5253 loco
2975 5199 3267 5254 excesserit
3291 5239 3305 5263 ,
3356 5213 3463 5253 non
3512 5198 3737 5266 amplius

2164 5292 2322 5345 situm
2374 5300 2474 5344 est.
2524 5290 2699 5357 Quare
2731 5304 2834 5343 non
2880 5298 3094 5358 oportet
3135 5289 3308 5343 solum
3345 5299 3402 5343 ιιι
3438 5290 3509 5344 sit
3560 5288 3740 5342 uuilus

2164 5382 2373 5449 corpori
2402 5421 2415 5443 ,
2454 5380 2547 5435 sed
2594 5380 2753 5436 etiam
2800 5390 2857 5434 ιιι
2885 5395 3038 5434 suum
3070 5381 3242 5435 locum
3272 5390 3450 5436 teneat
3480 5397 3493 5433 :
3525 5379 3663 5448 quod
3690 5380 3738 5433 si

2163 5472 2588 5539 exsuperaveris,
2624 5486 2727 5526 non
2757 5487 2816 5526 es
2844 5472 3045 5539 uuitus,
3077 5487 3251 5543 neque
3294 5472 3538 5541 spiritum
3569 5472 3741 5525 susc‘o

2166 5565 2263 5631 pis.
2311 5564 2503 5617 Annon
2532 5563 2677 5617 vides
2724 5563 2775 5616 in
2820 5564 3021 5618 ossium
3069 5562 3591 5632 trauspositionihus,
3621 5578 3741 5625 qua:

2163 5656 2338 5724 aliquo
2367 5671 2492 5711 casu
2521 5657 2854 5727 contingunt,
2902 5657 3114 5727 quando
3158 5672 3219 5709 os
3264 5656 3380 5712 loco
3423 5670 3520 5709 suo
3569 5667 3744 5708 trans-
