4052 6214
326 255 405 313 85
1249 250 1317 307 IN
1355 252 1573 308 EPIST.
1616 249 1707 308 AD
1747 242 1987 303 EPIIES.
2029 243 2181 299 CAP.
2211 245 2297 301 IV.
2341 245 2571 301 IIUMIL.
2611 244 2699 300 XI.
3498 249 3565 303 ει

409 365 661 437 γ’.’ορᾷς
690 365 753 418 τὸ
778 365 1021 434 ἀξίωμα;
1055 366 1321 429 Ἕκαστος
1348 367 1638 436 οἰκοδομεῖ,
1670 366 1903 423 ἕκαστος

333 455 662 526 καταρτίςει
685 491 701 516 ,
755 453 987 517 ἕκαστος
1020 453 1281 507 διακονεῖ.
1314 454 1539 523 Μέχρις
1573 449 1647 509 οὗ
1684 468 1905 505 καταν-

332 549 628 613 τήσομεν,
664 546 832 613 φησὶν
851 582 866 606 ,
893 547 948 597 οἱ
986 544 1209 609 πάντες
1236 546 1323 610 εις
1356 544 1469 611 τὴν
1513 544 1767 610 ἑνότητα
1796 541 1908 605 τῆς

330 640 621 701 πίστεως,
656 634 878 703 καὶτῆς
901 633 1276 704 ἐπιγνώσεως
1304 634 1410 688 τοῦ
1444 634 1578 689 Υίοῦ
1598 632 1704 687 τοῦ
1734 630 1906 695 Θεοῦ,
1950 619 1956 647 ¹

335 729 429 792 εἰς
457 724 647 793 ἄνδρα
698 726 933 778 τέλειον
950 765 965 788 ,
989 727 1078 790 είς
1118 724 1341 793 μέτρον
1366 724 1604 791 ἡλικίας
1632 722 1737 776 τοῦ
1756 723 1908 785 πλη-

327 815 608 882 ρώματος
636 814 745 867 τοῦ
774 813 1054 881 Χριστοῦ.
1092 814 1340 868 Ἡλικίαν
1373 813 1609 868 ἐνταῦθά
1635 827 1769 881 φησι
1808 809 1906 879 τὴν

336 906 555 959 τελείαν
612 904 931 969 ἐπίγνωσιν.
977 905 1243 975 Καθάπερ
1284 905 1394 974 γάρ
1444 906 1472 957 ό
1522 903 1661 972 ἀνὴρ
1708 901 1907 970 ἕστηκε

339 996 597 1065 βεϐαίως,
632 996 680 1046 οἱ
710 994 766 1046 δὲ
802 995 988 1059 παῖδες
1008 994 1107 1057 τάς
1130 995 1334 1065 φρένας
1378 996 1789 1065 περιφέρονται,
1820 989 1909 1041 05-

339 1103 422 1137 τω
465 1087 563 1137 καὶ
626 1086 720 1136 ἐπὶ
773 1085 881 1137 τῶν
924 1085 1149 1138 πιστῶν.
1181 1087 1286 1150 Εις
1315 1083 1431 1149 τὴν
1448 1083 1724 1150 ἑνότητα,
1750 1082 1905 1149 φησὶ,

336 1177 451 1245 τῆς
474 1178 757 1241 πίστεως.
786 1175 1096 1240 Τουτέστιν,
1128 1176 1234 1239 ἐως
1270 1175 1336 1229 ἂν
1368 1173 1671 1244 δειχθῶμεν
1711 1172 1909 1233 πάντες

341 1270 471 1337 μίαν
517 1267 702 1319 πίστιν
747 1265 980 1335 ἔχοντες.
1032 1266 1201 1319 Τοῦτο
1252 1265 1360 1335 γάρ
1398 1267 1546 1316 ἐστιν
1589 1264 1775 1331 ἑνότης
1826 1261 1913 1312 πί-

339 1374 539 1419 στεως,
576 1357 704 1408 ὅταν
753 1356 956 1419 πάντες
990 1355 1048 1408 ἓν
1081 1350 1251 1425 ὦμεν,
1289 1356 1418 1408 ὅταν
1452 1354 1651 1415 πάντες
1706 1352 1911 1422 ὁμοίως

336 1448 434 1499 τὸν
466 1446 770 1515 σύνδεσμον
805 1446 1276 1514 ἐπιγινώσκωμεν.
1313 1445 1489 1513 Μέχρι
1522 1443 1644 1495 τότε
1679 1441 1909 1511 ἐργάζε-

340 1534 469 1585 σθαι
497 1532 624 1603 χρὴ,
659 1535 707 1586 εί
746 1533 834 1586 διὰ
870 1532 1027 1586 τοῦτο
1064 1534 1313 1603 χάρισμα
1351 1532 1564 1596 ἔλαϐες,
1598 1531 1688 1582 ἵνα
1718 1529 1912 1591 ἄλλους

338 1624 657 1694 οίκοδομῇς.
699 1625 872 1677 Βλέπε
931 1626 1004 1695 μὴ
1037 1628 1231 1677 σαυτὸν
1274 1622 1661 1694 καταστρέψῃς
1685 1664 1701 1687 ,
1740 1621 1912 1689 ἐτέρῳ

340 1715 581 1782 φθονῶν.
633 1714 894 1788 Ἰξτίμησέ
933 1731 993 1767 σε
1019 1717 1049 1767 ό
1071 1715 1223 1778 Θεὸς,
1252 1714 1345 1766 καὶ
1366 1711 1577 1777 ἔταξεν,
1606 1711 1747 1764 ὥστε
1781 1727 1911 1762 κατ-

339 1805 589 1874 αρτίζειν
633 1804 841 1873 ἕτερον.
900 1806 1009 1858 Καὶ
1062 1805 1170 1872 γάρ
1218 1806 1312 1857 καὶ
1347 1807 1375 1857 ό
1421 1803 1721 1867 ἀπόστολος
1773 1803 1912 1872 πρὸς

340 1896 521 1965 τούτῳ
571 1891 663 1966 ἦν,
710 1896 853 1949 καὶὸ
885 1897 1167 1966 προφήτης
1210 1895 1346 1965 πρὸς
1400 1894 1578 1965 τούτῳ
1606 1890 1675 1964 ἦν
1702 1911 1915 1964 προφη-

340 1986 521 2038 τεύων
548 1986 644 2038 καὶ
688 1984 912 2049 πείθων,
941 1985 1036 2037 καὶ
1077 1987 1105 2037 ὁ
1147 1985 1535 2055 εὐαγγελιστὴς
1562 1984 1912 2052 εὐαγγελιζό-

348 2092 536 2143 μενος,
578 2073 673 2127 καὶ
696 2076 726 2127 ό
761 2074 967 2145 ποιμὴν
1004 2074 1097 2127 καὶ
1142 2076 1171 2128 ό
1207 2075 1524 2138 διδάσκαλος
1559 2093 1573 2106 ·
1607 2075 1807 2138 πάντες
1856 2076 1915 2126 ἓν

344 2168 509 2235 ἔργον
535 2161 675 2234 ἦσαν
696 2165 1130 2235 άναδεδεγμένοι.
1160 2167 1252 2235 Μὴ
1273 2166 1382 2236 γάρ
1423 2183 1514 2237 μοι
1535 2165 1633 2235 τὴν
1651 2166 1916 2237 διαφορὰν

342 2256 458 2308 τῶν
482 2258 841 2328 χαρισμάτων
871 2254 984 2329 [85]
1007 2259 1194 2331 εῖπῃςο
1232 2257 1433 2322 πάντες
1461 2258 1518 2310 ἓν
1559 2257 1718 2328 ἔργον
1750 2253 1914 2327 εἶχον.

345 2348 528 2399 Ὅταν
590 2347 646 2399 δὲ
700 2348 902 2411 πάντες
945 2349 1143 2417 ὁμοίως
1180 2348 1544 2419 πιστεύωμεν,
1577 2349 1698 2403 τότε
1729 2350 1918 2415 ἑνότης

346 2437 519 2489 ἐστίν.
553 2436 676 2490 Ὀτι
694 2438 804 2509 γάρ
822 2438 981 2491 τοῦτο
1006 2438 1152 2507 λέγει
1168 2439 1335 2510 ἄνδρα
1366 2440 1587 2505 τέλειον,
1612 2441 1791 2512 δῆλον,
1814 2442 1920 2494 Καὶ

351 2528 464 2597 μὴν
510 2527 744 2597 ἀλλαχοῦ
775 2529 1003 2598 νηπίους
1047 2531 1193 2601 ἡμᾶς
1228 2548 1382 2601 φησι,
1416 2532 1529 2597 καὶ,
1577 2534 1704 2586 ὅταν
1726 2532 1920 2585 τέλειοι

346 2611 526 2687 ὦμεν,
566 2619 705 2671 άλλά
744 2620 878 2690 πρὸς
919 2619 1107 2690 ἕτερον
1130 2620 1294 2692 ὀρῶν.
1343 2622 1490 2674 Ἐκεῖ
1519 2623 1619 2692 μὲν
1647 2624 1755 2694 γὰρ
1781 2622 1919 2694 πρός

349 2707 454 2777 τὴν
482 2709 785 2778 μέλλουσαν
811 2710 1014 2778 γνῶσιν
1031 2712 1258 2780 νηπίους
1281 2713 1536 2767 ἐκάλεσεν
1560 2729 1573 2743 ·
1597 2714 1765 2768 εἰπὼν
1789 2715 1920 2786 γάρ,

363 2800 470 2852 Ἐκ
495 2800 721 2867 μέρους
744 2800 1138 2870 γινώσκομεν,
1165 2804 1414 2875 ἐπήγαγε
1443 2806 1537 2859 καὶ
1565 2805 1646 2869 τὸ,
1672 2808 1749 2857 Δι’
1786 2807 1924 2858 αίνι-

352 2889 611 2957 γμάτων,
645 2892 740 2943 καὶ
771 2892 872 2944 ὅσα
925 2892 1153 2946 τοιαῦτα
1176 2909 1191 2924 ⁶
1223 2894 1456 2948 ἐνταῦθα
1484 2896 1538 2947 δὲ
1572 2897 1705 2966 πρὸς
1738 2897 1924 2966 ἕτερον

355 2976 512 3042 εἷπε,
542 2980 676 3049 πρὸς
722 2982 781 3035 τὸ
810 2983 1236 3052 εύμετάπτωτον
1261 3001 1275 3014 ·
1304 2984 1492 3055 ὥσπερ
1540 2986 1633 3038 καὶ
1690 2985 1922 3054 ἀλλαχοῦ

357 3086 499 3139 φησι
524 3087 539 3100 ·
584 3068 832 3125 Τελείων
875 3071 946 3125 δὲ
975 3074 1014 3141 ἡ
1056 3076 1272 3141 στερεὰ
1314 3075 1522 3142 τροφή.
1576 3076 1738 3145 Ὁρᾷς
1770 3076 1927 3128 κάκεῖ

356 3160 602 3224 τελείους
632 3162 743 3227 πῶς
762 3180 929 3233 φησιν
953 3180 969 3230 ;
1002 3163 1146 3235 Ὅρα
1172 3167 1266 3217 καὶ
1289 3166 1403 3228 πῶς
1430 3166 1655 3219 ἐκάλεσε
1682 3166 1921 3230 τελείους

360 3249 595 3303 ἐνταῦθα
647 3250 735 3304 διὰ
769 3250 881 3303 τῶν
912 3254 1293 3323 ἐπαγομένων,
1322 3254 1524 3306 εἰπών’
1551 3256 1684 3308 Ἵνα
1717 3255 1926 3322 μηκέτι

361 3340 522 3409 ὦμεν
566 3342 792 3411 νήπιοι.
824 3344 967 3398 Δύτό
1011 3363 1143 3417 φησι
1174 3346 1235 3399 τὸ
1271 3347 1467 3419 μέτρον
1492 3348 1550 3401 τὸ
1582 3349 1761 3415 ὀλίγον
1790 3349 1925 3418 ὅπερ

364 3432 656 3503 ἐλάϐομεν,
695 3435 786 3487 ῖνα
840 3437 1160 3507 κατέχωμεν
1213 3438 1352 3507 μετὰ
1415 3439 1595 3506 πάσης
1654 3438 1925 3506 σπουδῆς.

366 3525 506 3592 μετὰ
527 3527 887 3596 στερρότητος
916 3530 1012 3580 καὶ
1034 3528 1395 3598 βεϐαιώσεως.
1432 3531 1556 3583 Ἵνα
1577 3550 1619 3598 μ
1631 3533 1808 3595 ηκέτι.
1833 3531 1924 3592 Τὸ,

361 3614 612 3681 Μηκέτι,
642 3616 882 3671 δείκνυσι
913 3619 1082 3673 πάλαι
1107 3620 1268 3673 τοῦτο
1299 3620 1587 3684 παθόντας,
1621 3622 1717 3673 καὶ
1748 3622 1929 3692 τίθησι

364 3706 459 3759 καὶ
484 3707 677 3760 ἐαυτὸν
701 3710 761 3760 ἐν
793 3710 944 3773 τάξει
971 3709 1326 3781 διορθώσεως,
1359 3712 1454 3763 καὶ¹
1486 3711 1813 3781 διορθοῦται.
1832 3714 1930 3764 Διά

363 3797 526 3850 τοῦτό
576 3814 736 3867 φησισ
768 3798 1031 3864 Τέκτονες
1061 3802 1301 3855 τοσοῦτοι
1340 3801 1651 3871 γεγόνασιν,
1683 3802 1771 3855 ῖνα
1793 3805 1825 3872 ἡ
1850 3804 1931 3854 ol-

364 3890 570 3959 κοδομὴ
639 3891 713 3961 μὴ
774 3891 1088 3959 σαλεύηται,
1121 3894 1206 3946 ἵνα
1258 3894 1333 3963 μὴ
1400 3895 1789 3965 περιφέρηται.
1844 3895 1933 3948 ἵνα

367 3984 680 4050 πεπηγότες
702 3976 835 4036 ὦσιν
879 3985 929 4036 οι
954 3982 1110 4037 λίθοι.
1164 3984 1417 4037 Ἑκείνων
1456 3985 1563 4057 γὰρ
1614 3985 1772 4038 τοῦτό
1807 3988 1953 4039 ἐστι’

368 4070 428 4123 τὸ
457 4072 901 4138 κλυδωνίζεσθαι,
943 4075 1004 4127 τὸ
1019 4074 1416 4147 περιφέρεσθαι
1448 4078 1540 4129 καὶ
1575 4076 1924 4131 σαλεύεσθαι.

368 4161 503 4214 Ἵνα
535 4162 750 4230 μηκέτι
775 4160 953 4230 ὦμεν,
984 4167 1134 4236 φησὶ,
1153 4166 1379 4232 νήπιοι,
1408 4166 1927 4235 κλυδωνιζόμενοι,

369 4255 464 4308 καί
481 4258 929 4326 περιφερόμενοι
953 4259 1127 4311 παντὶ
1143 4259 1339 4327 ἀνέμῳ
1358 4258 1467 4326 τῆς
1498 4259 1931 4331 διδασκαλίας,

366 4347 436 4399 ἐν
470 4345 551 4415 τῇ
577 4350 782 4416 κυϐείςι
807 4349 923 4403 τῶν
958 4350 1301 4418 ἀνθρώπων,
1328 4352 1396 4404 ἐν
1419 4351 1752 4420 πανουργίᾳ
1786 4354 1935 4419 πρὸς

368 4438 488 4505 τὴν
505 4442 828 4506 μεθοδείαν
858 4440 967 4509 τῆς
990 4441 1431 4508 ultimo—Kal
1461 4444 1932 4510 περιφερόμενοι,

371 4533 526 4600 φησι,
557 4532 737 4585 παντὶ
773 4533 989 4601 ἀνέμῳ.
1031 4534 1323 4604 Ἐπεξῆλθε
1375 4537 1439 4603 τῇ
1497 4536 1694 4605 τροπῇ,
1719 4534 1935 4598 δεικνὺς

386 4622 490 4685 τάς
536 4622 891 4686 δισταζούσας
917 4623 1092 4693 ψυχάς
1124 4625 1181 4675 ἐν
1205 4625 1300 4694 οἴῳ
1334 4622 1561 4693 κινδύνῳ
1594 4624 1719 4677 εἰσί.
1752 4624 1935 4677 Παντὶ

371 4713 591 4780 ἀνέμῳ,
628 4716 818 4784 φησὶν,
853 4715 922 4767 ἐν
953 4713 1026 4782 τῇ
1072 4716 1279 4781 κυϐείςι
1333 4713 1451 4766 τῶν
1480 4713 1827 4782 ἀνθρώπων,
1860 4716 1928 4768 ἐν

373 4805 708 4872 πανουργίᾳ
767 4807 915 4873 πρὸς
985 4803 1099 4872 τὴν
1136 4803 1452 4873 μεθοδείαν
1494 4802 1603 4870 τῆς
1664 4802 1927 4868 πλάνης.

375 4894 653 4946 κυϐευταί
724 4893 972 4960 λέγονται
1031 4895 1081 4945 οί
1135 4896 1247 4955 τοῖς
1304 4893 1519 4955 πεττοῖς
1574 4893 1927 4961 κεχρημένοι.

372 4982 618 5036 Τοιοῦτοί
667 4985 807 5036 είσιν
831 4984 881 5036 οι
931 4982 1265 5053 πανοῦργοι,
1297 4982 1517 5035 ἐπειδὰν
1542 4983 1939 5052 άφελεστέρους

370 5073 524 5136 τινὰς
554 5074 761 5127 λάϐωσι
796 5090 811 5104 ο
852 5075 1073 5145 καὶγὰρ
1094 5077 1288 5127 ἐκεῖνοι
1320 5074 1670 5142 μετατιθέασι
1717 5075 1810 5127 καὶ¹
1844 5092 1937 5144 μευ

366 5165 697 5235 τατρέρουσιν
726 5164 962 5218 ἅπαντα.
997 5164 1256 5218 Ἐνταῦθα
1284 5165 1379 5218 καὶ
1406 5164 1521 5233 βίου
1539 5164 1738 5235 ἥψατο.
1769 5164 1939 5230 Ἀλη-

348 5260 649 5323 ηθεύοντες
694 5256 784 5316 δὲ.
818 5258 981 5327 φησὶν
1008 5298 1022 5319 ,
1062 5257 1133 5309 ἑν
1162 5254 1360 5325 ἀγάπῃ
1382 5295 1397 5316 ,
1426 5255 1793 5323 αὐξήσωμεν
1848 5257 1939 5319 είς

367 5350 551 5402 αὐτὸν
614 5353 690 5403 τὰ
734 5346 950 5409 πάντα,
977 5345 1045 5410 ὅς
1076 5347 1246 5400 ἐστιν
1275 5348 1316 5415 ἠ
1337 5344 1568 5415 κεφαλὴ
1599 5348 1632 5399 ό
1661 5346 1934 5412 Χριστὸς,

368 5443 439 5507 ἐξ
470 5437 541 5497 οὗ
567 5440 693 5494 πᾶν
712 5440 778 5493 τὸ
808 5437 996 5506 σῶμα,
1018 5437 1136 5491 ἀπὸ
1162 5438 1267 5491 τοῦ
1300 5436 1574 5505 Χριστοῦ,
1603 5438 1757 5507 φησὶ,
1784 5450 1933 5490 συν-

369 5535 898 5601 αρμολογούμενον
930 5530 1025 5582 καὶ
1047 5528 1549 5599 συμϐιϐαζόμενον
1586 5528 1682 5582 διὰ
1734 5528 1937 5595 πάσης

368 5622 532 5691 ἀρῆς
566 5622 676 5692 τῆς
721 5621 1136 5690 ἐπιχορηγίας,
1162 5620 1287 5672 κατ’
1319 5618 1622 5687 ἐνέργειαι·
1648 5619 1717 5671 ἐν
1740 5618 1933 5685 μέτρῳ

2010 359 2148 425 ἐνὸς
2180 359 2437 413 ἑκάστου
2461 359 2701 428 μέλους,
2736 357 2851 425 τὴν
2880 358 3146 426 αὔξησιν
3163 360 3269 414 τοῦ
3288 364 3566 429 σώματος

2010 448 2257 502 ποιεῖται
2290 453 2375 514 εὶς
2414 448 2739 517 οίιιοδομὴν
2779 448 2994 502 ἑαυτοῦ
3014 449 3324 519 ἐνάγάπῃ.
3357 450 3569 521 Σφόδρα

2010 540 2236 608 ἀσαφῶς
2260 541 2573 610 ἡρμήνευσε
2600 580 2616 604 ,
2652 541 2729 611 τῷ
2761 540 2935 594 πάντα
2962 541 3095 610 όμοῦ
3123 541 3345 611 θελῆσαι
3371 544 3564 595 είπεῖν.

2014 631 2080 680 Ὃ
2128 629 2185 681 δέ
2226 647 2399 699 φησι,
2433 630 2593 683 τοῦτό
2634 634 2786 683 ἐστι’
2842 631 3105 703 Καθάπερ
3154 632 3211 684 τὸ
3263 631 3480 701 πνεῦμα
3510 632 3572 682 τὸ

2007 718 2115 770 ἀπὸ
2154 717 2247 769 τοῦ
2292 719 2593 786 ἐγκεφάλου
2660 720 3009 785 καταϐαῖνον,
3067 722 3128 773 τὺ
3174 723 3262 775 διά
3306 723 3412 776 τῶν
3456 726 3574 777 νεύ-

2012 825 2123 880 ρων
2152 807 2257 879 [τὸ]
2286 809 2603 879 αἰσθητικὸν
2631 812 2729 881 οὐχ
2751 812 2938 873 ἁπλῶς
2963 813 3145 865 δίδωσι
3178 816 3341 866 πᾶσιν
3377 853 3394 878 ,
3436 816 3573 868 ἀλλά

2010 898 2153 951 κατά
2211 899 2498 967 ἀναλογίαν
2558 902 2788 953 ἑκάστου
2849 902 3041 971 μέλους
3067 943 3083 967 ,
3144 902 3221 973 τῷ
3270 904 3369 974 μὲν
3415 906 3573 959 δυνα-

2014 989 2159 1059 μένῳ
2193 989 2352 1043 πλέον
2399 989 2669 1054 δέξασθαι,
2700 991 2882 1054 πλέον,
2913 993 2989 1063 τῷ
3016 993 3071 1046 δὲ
3097 994 3323 1059 ἐλάττω,
3356 995 3576 1051 ἔλαττον

2012 1083 2188 1153 (τοῦτο
2247 1084 2356 1153 γάρ
2409 1086 2603 1153 ἐστινὴ
2650 1084 2795 1153 ῥίζα,
2832 1085 2895 1137 τὸ
2936 1085 3207 1156 πνεύμων
3242 1086 3381 1139 οὕτω
3425 1088 3579 1142 καὶὸ

2012 1172 2247 1241 Χριστός
2281 1188 2294 1200 ·
2326 1174 2580 1242 καθάπερ
2604 1174 2713 1242 γάρ
2746 1173 2924 1241 μελῶν
2951 1174 3059 1226 τῶν
3082 1174 3268 1244 ψυχῶν
3306 1179 3383 1237 εις
3413 1175 3577 1229 αὑτὸν

2011 1262 2422 1333 ἀνηρτημένων,
2459 1266 2744 1336 ήπρόνοια
2797 1265 2962 1319 αὐτοῦ
3005 1268 3099 1319 καὶ
3148 1269 3181 1336 ἠ
3210 1270 3443 1338 χορηγία
3467 1268 3577 1321 τῶν

2014 1356 2365 1427 χαρισμάτων
2422 1357 2565 1409 κατά
2607 1358 2898 1426 ἀναλογίαν
2955 1360 3012 1411 ἐν
3075 1359 3257 1428 μέτρῳ
3311 1360 3409 1427 τὴν
3460 1359 3577 1421 ἐνὸς

2013 1446 2242 1498 ἑκάστου
2269 1446 2459 1516 μέλους
2484 1445 2709 1517 αὔξησιν
2730 1452 2985 1501 ποιεῖται.
3010 1449 3073 1500 Τί
3096 1449 3151 1501 δέ
3180 1448 3435 1512 ἐστι,Διὰ
3466 1447 3579 1517 τῆς

2013 1535 2173 1604 ἀρῆς
2210 1535 2320 1603 τῆς
2347 1538 2734 1606 ἐπιχορηγίας
2766 1555 2786 1602 ;
2824 1540 3106 1602 Τουτέστι,
3135 1540 3224 1592 διὰ
3255 1540 3355 1608 τῆς
3388 1540 3580 1610 αἰσθή-

2016 1641 2170 1687 σεως.
2203 1625 2275 1677 Τὸ
2323 1626 2433 1696 γὰρ
2484 1627 2697 1697 πνεῦμα
2762 1629 2939 1679 ἐκεῖνο
2970 1628 3029 1679 τὸ
3077 1629 3577 1698 ἐπιχορηγούμενον

2015 1717 2127 1777 τοῖς
2150 1715 2368 1785 μέλεσιν
2397 1715 2503 1768 άπὸ
2534 1717 2632 1787 τῆς
2678 1716 2942 1786 κεφαλῆς,
2963 1715 3080 1787 [85]
3118 1719 3346 1769 ἑκάστου
3383 1719 3580 1786 μέλους

2015 1804 2321 1872 ἁπτόμενον
2341 1803 2513 1866 οὕτως
2542 1806 2770 1875 ἐνεργεῖ.
2789 1805 2877 1867 Ὣς
2903 1803 2967 1856 ἄν
3003 1821 3085 1866 τις
3114 1806 3256 1856 εἴποι
3276 1821 3289 1835 ’
3323 1804 3395 1855 Τὸ
3424 1806 3579 1873 σῶμα

2016 1893 2546 1965 ἀντιλαμϐανόμενον
2586 1896 2683 1964 τῆς
2723 1894 3098 1966 ἐπιχορηγίας.
3125 1893 3264 1946 κατά
3289 1891 3579 1961 ἀναλογίαν

2017 1984 2127 2036 τῶν
2180 1987 2238 2036 ἐν
2283 1985 2433 2054 αύτῷ
2460 1985 2660 2054 μελῶν,
2681 1983 2825 2037 οὕτω
2846 1987 3083 2036 ποιεῖται
3111 1984 3209 2053 τὴν
3239 1982 3464 2052 αὔξησιν
3498 1999 3510 2013 ⁸
3546 1984 3578 2053 ἢ

2017 2076 2220 2145 ἐτέρως
2252 2090 2266 2103 ·
2303 2074 2385 2127 Τὰ
2438 2075 2572 2146 μέλη
2624 2077 2765 2128 κατά
2803 2075 2900 2145 τὴν
2938 2074 3229 2142 ἀναλογίαν
3253 2074 3347 2126 τοῦ
3381 2074 3580 2127 οἰκείου

2027 2166 2226 2235 μέτρου
2253 2165 2515 2235 δεχόμενα
2544 2166 2639 2236 τὴν
2664 2166 3045 2236 ἐπιχορηγίαν,
3071 2165 3243 2228 οὕτως
3276 2164 3519 2229 αὔξεται
3542 2163 3579 2236 ἢ

2019 2257 2115 2310 καὶ
2196 2258 2439 2328 ἑτέρως’
2487 2259 2560 2310 Τὸ
2634 2258 2849 2328 πνεῦμα
2905 2258 3110 2311 άνωθεν
3184 2258 3579 2328 ἐπιρρεόμενον

2021 2345 2303 2415 ἀφθόνως,
2353 2348 2448 2399 καὶ
2490 2349 2709 2400 πάντων
2753 2348 3059 2417 ἀπτόμενον
3105 2348 3212 2400 τῶν
3258 2347 3456 2418 μελῶν,
3481 2348 3576 2399 καὶ

2021 2437 2446 2508 χορηγούμενον,
2475 2437 2551 2498 ὠς
2583 2438 2814 2490 ἕκαστον
2851 2437 3075 2490 δύναται
3113 2438 3386 2503 δέξασθαι,
3413 2436 3583 2500 οὕτως

2023 2531 2263 2595 αύξεται.
2312 2533 2467 2594 Τίνος
2493 2531 2550 2583 δέ
2584 2530 2769 2583 ’ἐνεκεν
2795 2533 3153 2600 προσέθηκεν,
3211 2533 3307 2584 Ἐν
3343 2530 3586 2600 dy-dnn;

2023 2622 2096 2673 Οὐ
2129 2621 2237 2691 γὰρ
2257 2620 2429 2683 άλλως
2458 2620 2535 2672 ἔνι
2555 2619 2833 2673 κατελθεῖν
2854 2624 3028 2673 ἐκεῖνο
3073 2622 3133 2673 τὸ
3178 2622 3416 2691 πνεῦμα.
3442 2620 3588 2673 Καθ-

2024 2712 2165 2780 άπερ
2193 2713 2301 2783 γάρ
2327 2751 2341 2775 ,
2374 2714 2423 2765 εἰ
2452 2711 2603 2781 τύχοι
2626 2712 2744 2782 χεὶρ
2768 2711 3177 2765 ἀποσπασθεῖσα
3195 2712 3289 2764 τοῦ
3316 2712 3584 2781 σώματος,

2022 2801 2084 2852 τὺ
2108 2800 2318 2869 πνεῦμα
2361 2800 2421 2852 τὸ
2467 2800 2574 2853 ἀπὸ
2599 2800 2692 2853 105
2734 2802 3037 2868 ἐγκεφάλου
3066 2802 3164 2871 τὴν
3187 2802 3470 2870 συνέχειαν
3488 2801 3585 2869 ζη-

2025 2886 2171 2945 τοῦν.
2196 2889 2288 2940 καὶ
2314 2888 2388 2959 μὴ
2422 2888 2599 2958 εὐρὺν,
2635 2890 2734 2942 οὐκ
2765 2890 3045 2957 ἐξάλλεται
3078 2891 3173 2944 τοῦ
3199 2891 3467 2961 σώματος,
3494 2893 3589 2944 καλ⁵

2026 2975 2319 3045 διατρῆσαν
2378 2976 2514 3046 πρὸς
2568 2976 2665 3046 τὴν
2704 2980 2862 3047 χεῖρα
2915 2977 3215 3048 ἐξέρχεται,
3263 2980 3379 3033 ἀλλ’
3412 2980 3477 3033 ἂν
3513 2980 3588 3048 μὴ

2028 3068 2164 3140 εὕρῃ
2180 3069 2426 3139 κείμενον
2440 3082 2487 3135 ι,
2512 3070 2610 3140 οὐχ
2635 3069 2888 3123 ἅπτεται·
2917 3070 3059 3124 οὓτω
3088 3074 3181 3125 καί
3209 3073 3462 3138 ἐνταῦθα,
3493 3074 3590 3126 ἐάν

2031 3158 2105 3226 μὴ
2136 3151 2284 3226 ὦμεν
2314 3159 2379 3226 τῇ
2405 3158 2596 3229 ἀγάπῃ
2626 3157 2999 3227 συνδεδεμένοι
3034 3158 3084 3212 δ.

2098 3315 2157 3370 δ’.
2173 3317 2353 3369 Ταῦτα
2372 3316 2436 3385 δὴ
2468 3317 2641 3369 πάντα
2670 3317 2803 3389 πρὸς
2832 3317 3325 3388 ταπεινοφροσύνην
3348 3317 3496 3388 αύτῷ
3512 3319 3594 3371 εῖ-

2034 3424 2211 3476 ρηται.
2238 3408 2301 3458 Τί
2338 3407 2466 3476 γάρ,
2496 3407 2678 3474 φησὶν,
2713 3409 2761 3458 εί
2795 3407 2955 3460 πλέον
2988 3407 3252 3476 λαμϐάνει
3276 3410 3303 3461 ό
3326 3409 3500 3474 δεῖνα;
3531 3409 3593 3462 τὸ

2031 3498 2161 3551 αὐτὸ
2185 3496 2400 3566 πνεῦμα
2426 3497 2637 3560 ἐλαϐεν,
2663 3498 2771 3550 ἀπὸ
2790 3499 2888 3567 τῆς
2915 3499 3084 3568 αὐτῆς
3114 3499 3351 3569 κεφαλῆς
3384 3503 3513 3552 ἐκπε
3525 3519 3593 3569 μ-

2034 3590 2283 3659 πόμενον,
2301 3588 2495 3657 ὁμοίως
2513 3588 2785 3659 ἐνεργοῦν,
2814 3590 3012 3659 ὁμοίως
3028 3591 3352 3660 ἀπτόμενον,
3372 3594 3597 3659 Συναρ-

2027 3682 2472 3752 μολογούμενον
2480 3682 2576 3734 καὶ
2591 3679 3110 3751 συμϐιϐαζόμενον,
3122 3682 3382 3746 τουτέστι,
3400 3684 3597 3754 πολλῆς

2034 3771 2302 3824 ἀπολαῦον
2338 3772 2434 3841 τῆς
2457 3771 2791 3839 ἐπιμελείας.
2829 3774 2904 3825 Οὐ
2933 3773 3041 3841 γάρ
3063 3774 3268 3835 ἁπλῶς,
3300 3773 3436 3827 ἀλλά
3467 3776 3598 3843 σφό-

2033 3862 2131 3931 δρα
2161 3862 2418 3930 τεχνικῶς
2439 3862 2517 3914 δεῖ
2538 3862 2748 3914 κεῖσθαι
2778 3864 2839 3916 τ’»
2867 3863 3042 3933 σῶμα·
3074 3865 3170 3925 ὡς,
3196 3864 3288 3917 ἐὰν
3312 3866 3402 3917 τὸν
3433 3866 3597 3918 τόπον

2034 3953 2188 4023 ἐκϐῇ,
2235 3953 2419 4006 οὐκέτι
2448 3956 2639 4007 κεῖται.
2676 3956 2836 4007 Ὥστε
2862 3956 2959 4025 οὐχ
3003 3955 3239 4025 ἡνῶσθαι
3267 3955 3343 4025 τῷ
3385 3956 3596 4025 σώματι

2032 4047 2112 4098 δεῖ
2152 4046 2329 4117 μόνον,
2375 4046 2506 4098 ἀλλά
2538 4046 2630 4100 καὶ
2678 4046 2769 4098 τὸν
2811 4047 3005 4098 οἰκεῖον
3048 4048 3210 4099 τόπον
3255 4049 3489 4116 ἐπέχειν,
3521 4047 3597 4109 ὼς

2034 4138 2127 4188 ἐὰν
2155 4137 2416 4207 ύπερϐῇς,
2467 4136 2564 4206 οὐχ
2600 4136 2825 4205 ἦνωσαι,
2861 4136 2980 4189 ούδέ
3013 4137 3140 4207 δέχῃ
3174 4137 3232 4189 τὸ
3262 4138 3497 4205 πνεῦμα.
3527 4138 3596 4189 Ἢ

2035 4232 2131 4298 οὐχ
2159 4230 2287 4300 δρᾷς
2321 4230 2378 4281 ἐν
2411 4231 2528 4291 ταῖς
2573 4230 2677 4281 τῶν
2716 4228 2886 4280 ὀστῶν
2937 4229 3256 4297 μεταθέσεσι
3296 4232 3414 4289 ταῖς
3458 4228 3600 4280 κατά

2036 4339 2153 4372 τινα
2183 4320 2497 4389 περίστασιν
2525 4318 2973 4387 συμϐαινούσαις,
3007 4320 3134 4371 ὅταν
3178 4318 3264 4369 τὸν
3292 4319 3487 4369 οἰκεῖον
3508 4318 3599 4369 τό·

2036 4425 2135 4461 πον
2165 4408 2425 4477 ὑπερϐἀν,
2461 4408 2550 4459 τὸν
2582 4408 2764 4479 ἐτέρου
2790 4408 3012 4477 κατέχῃ,
3050 4406 3165 4468 πῶς
3194 4405 3271 4475 τῷ
3299 4404 3459 4456 παντὶ
3492 4403 3598 4455 σώ-

2041 4520 2166 4570 ματι
2204 4499 2538 4569 λυμαίνεται,
2591 4499 2684 4551 καὶ
2717 4497 2945 4550 θάνατον
2993 4497 3250 4558 πολλάκις
3282 4496 3598 4566 εἰργάσατο,

2038 4594 2149 4644 ἐστι
2175 4592 2230 4644 δέ
2259 4591 2393 4642 ὅπου
2418 4590 2510 4641 καὶ
2547 4588 2762 4653 ἀνάξιον
2789 4588 2986 4658 εὑρέθη
3025 4587 3208 4640 λοιπὸν
3245 4587 3338 4639 105
3375 4587 3599 4657 κατέχε-

2041 4686 2190 4749 σθαι;
2222 4682 2407 4735 πολλοὶ⁵
2434 4682 2542 4751 γὰρ
2574 4681 2829 4743 πολλάκις
2858 4680 2992 4732 αὐτὸ
3036 4680 3387 4748 ἐκκόψαντες,
3422 4679 3602 4733 διάκε-

2040 4795 2127 4829 νον
2161 4776 2249 4829 τὸν
2274 4775 2435 4827 τόπον
2474 4773 2756 4843 ἐποίησαν.
2808 4770 3088 4840 Πανταιχοῦ
3118 4771 3226 4841 γὰρ
3257 4773 3289 4842 η
3321 4769 3600 4836 πλεονεξία

2041 4868 2228 4921 κακόν.
2257 4866 2368 4920 Καὶ
2396 4865 2616 4918 ἐπὶτῶν
2654 4864 2928 4934 στοιχείων
2964 4864 3039 4927 δὲ,
3082 4864 3207 4916 ὅταν
3252 4863 3349 4933 τὴν
3391 4863 3598 4915 οίκείαν

2041 4958 2242 5027 ἀφέντα
2258 4957 2591 5027 συμμετρίαν
2615 4956 2900 5025 πλεονάσῃ,
2918 4954 2978 5007 τὸ
3000 4956 3104 5006 πάν
3123 4953 3184 5005 λυ
3193 4954 3455 5023 μαίνεται.
3472 4953 3513 5002 Τ
3516 4951 3605 5002 0-3-

2039 5053 2098 5106 τό
2136 5054 2253 5105 ἐστι
2281 5051 2342 5102 τὸ
2369 5049 3032 5118 Συναρμολογούμενον,
3054 5043 3149 5097 καὶ
3181 5039 3571 5111 συμόιὸαζόμε
3590 5073 3601 5081 -

2038 5163 2168 5201 νον.
2189 5146 2351 5199 Ὥστε
2374 5144 2597 5196 ἕκαστον
2618 5141 2708 5193 ἐπὶ
2728 5139 2827 5208 τῆς
2848 5139 3051 5199 οἰκείας
3081 5136 3257 5206 μένειν
3279 5132 3482 5202 χώρας,
3508 5134 3603 5184 καὶ

2043 5240 2117 5310 μὴ
2146 5240 2245 5308 τῆς
2274 5238 2462 5309 ἐτέρας
2494 5234 2584 5287 καὶ
2617 5233 2780 5302 μηδὲν
2809 5230 2957 5296 αὐτῷ
2991 5226 3369 5296 προσηκούσης
3390 5224 3602 5278 ἐπιϐαίη

2039 5351 2170 5399 νειν,
2205 5331 2451 5400 ἐννόησον
2475 5329 2594 5380 ὅσον
2623 5323 2755 5376 ἐστί.
2787 5323 2858 5375 Σὺ
2892 5321 2960 5373 τὰ
2993 5319 3124 5389 μέλη
3154 5316 3434 5381 συντιθεῖς,
3470 5317 3601 5369 ἐκεῑ‹

2106 5543 2419 5609 οΚειμένηνΪῖ
2912 5601 2922 5609 .
3041 5598 3063 5609 -
3202 5598 3212 5609 .

2104 5612 2131 5650 h
2162 5601 2296 5659 Unius
2315 5601 2489 5665 cddex,
2512 5602 2852 5664 συνδεδεμένοι,
2877 5601 2932 5648 τὸ
2955 5601 3136 5661 πνεῦμα
3157 5601 3359 5646 κάτεισι.
