4052 6214
378 258 448 318 85
1090 261 1149 318 S.
1190 259 1481 318 JOANNIS
1518 252 2014 317 CHRYSOSTOMI
2051 255 2374 321 ARCHIEP.
2413 259 2997 327 CONSTANTINOP.
3552 265 3629 320 86

376 387 468 436 νος
490 370 696 425 ἄνωθεν
722 373 1062 447 ὲπιχορηγεῖ.
1105 376 1370 448 Καθάπερ
1394 375 1502 449 γάρ
1524 374 1618 428 ἐπὶ
1639 370 1730 428 τοῦ
1760 371 1948 442 σῶμα·

380 466 471 526 τός
494 467 642 520 ἐστιν
674 467 881 539 ὄργανα
928 471 1150 529 τοιαῦτα
1196 471 1450 534 δεκτικά,
1494 468 1667 532 οῦτως
1706 467 1825 520 ἐστί
1860 466 1956 525 καὶ

383 562 476 615 ἐπὶ
507 561 602 616 τοῦ
636 564 968 639 πνεύματος,
997 566 1097 637 τῆς
1128 566 1284 639 ῥίζης
1310 566 1518 621 ἄνωθεν
1538 562 1704 637 οὔσης
1732 562 1914 631 πάσης
1933 577 1950 594 ⁸

380 651 492 710 οἷον
531 659 565 728 ἠ
600 659 818 732 καρδία,
860 662 954 716 τοῦ
999 665 1339 733 πνεύματοςο
1372 663 1432 718 τὸ
1471 658 1645 732 ἧπαρ,
1670 657 1765 713 τοῦ
1792 658 1957 728 αἷμα-

381 769 474 815 τος
496 768 509 783 '
536 754 565 805 ό
591 756 762 827 σπλὴν
782 798 796 820 ,
825 759 923 825 τῆς
950 759 1110 828 χολῆς
1139 761 1233 814 καὶ
1271 759 1406 813 ἄλλα
1448 759 1609 814 ἄλλου
1634 773 1649 787 ·
1681 756 1863 809 πάντα
1894 754 1952 807 δέ

2126 383 2189 435 ε’.
2204 376 2389 437 Ταῦτά
2405 396 2497 450 μοι
2522 377 2760 449 εἰρήσθω
2775 377 2912 447 πρὸς
2932 377 3057 440 τοὺς
3071 375 3379 448 ἀδιαφόρως
3393 375 3634 441 διδόντας

2055 473 2282 539 ἑαυτοὺς
2326 477 2443 539 τοῖς
2476 475 2719 545 σχίζουσι
2758 473 2858 544 τὴν
2902 473 3249 543 Ἐκκλησίαν.
3289 473 3350 525 Εἰ
3391 472 3490 542 μέν
3519 473 3637 541 γὰρ

2055 568 2152 622 καὶ
2170 568 2412 640 δόγματα
2436 570 2649 640 ἔχουσιν
2678 569 2915 634 ἐναντία,
2952 568 3050 623 καί
3073 568 3160 622 διά
3185 567 3345 622 τοῦτο
3375 568 3438 621 ού
3465 584 3637 636 προσ-

2055 663 2193 733 ῆκεν
2216 665 2446 728 ἐκείνοις
2475 664 2882 736 ἀναμίγνυσθαι
2899 681 2915 696 ’
2940 666 2990 719 εἰ
3016 664 3075 719 δὲ
3098 664 3167 719 τά
3190 663 3331 718 αὐτά
3357 664 3636 734 φρονοῦσι,

2058 761 2237 832 πολλῷ
2288 762 2507 832 μᾶλλον.
2553 762 2620 815 Τί
2648 762 2878 833 δήποτε;
2906 763 3031 815 Ὂτι
3073 762 3363 833 φιλαρχίας
3411 761 3558 814 ἐστὶν
3605 762 3639 833 ἡ

383 846 559 902 ταῦτα
584 850 692 903 ἀπὸ
723 849 816 904 τοῦ
848 854 1148 921 ὲΥπεεειεάλθυ
1178 854 1276 924 τὴν
1305 853 1483 907 αἰτίαν
1512 851 1623 922 ἔχει
1649 865 1661 878 ⁸
1696 849 1837 903 οὕτω
1862 846 1957 899 καὶ
2058 857 2233 918 νόσος.
2260 857 2377 911 Οὐκ
2406 859 2520 911 ἴστε
2559 857 2610 911 τί
2639 857 2971 911 πεπόνθασιν
2997 858 3048 910 οἰ
3079 858 3208 929 περὶ
3236 856 3380 929 Κορέ
3411 856 3507 909 καὶ
3536 859 3642 908 Δα-

382 944 412 995 ό
438 944 569 1009 Θεὸς
598 946 840 1017 ἐποίησε,
872 948 965 1002 τὸν
999 949 1283 1019 ἄνθρωπον
1317 948 1517 1017 σφόδρα
1547 945 1743 1015 τιμῶν,
1771 945 1866 998 καὶ
1893 942 1956 995 ού

387 1024 706 1108 βουλόμενος
750 1044 917 1097 αὑτοῦ
971 1046 1226 1113 ἀπέχειν,
1282 1046 1381 1114 τὴν
1424 1042 1522 1108 μέν
1570 1040 1748 1094 αἰτίαν
1799 1035 1961 1097 αὐτὸς

384 1132 854 1206 ἁναρτησάμενος,
875 1140 1172 1210 συνεργοὺς
1188 1140 1245 1192 δέ
1264 1137 1441 1209 ἐαυτῷ
1454 1137 1803 1205 καταστήσας
1825 1149 1840 1165 ’
1870 1131 1963 1185 καὶ

384 1229 475 1281 τὸν
500 1231 599 1302 μὲν
626 1234 822 1303 ἔθηκεν
844 1237 925 1299 εἰς
947 1237 1125 1299 τοῦτο,
1153 1237 1243 1289 τὸν
1268 1235 1323 1288 δέ
1352 1236 1430 1297 εἰς
1459 1234 1654 1288 ἐκεῖνο.
1684 1226 1807 1284 Οἷον
1832 1226 1967 1291 ἀπό-

387 1327 575 1392 στολος
602 1330 821 1398 ἀγγεῖον
842 1331 937 1385 τοῦ
964 1333 1217 1402 σώματός
1250 1332 1366 1384 ἐστι
1392 1330 1454 1382 τὸ
1481 1328 1858 1399 καιριώτερον,
1881 1324 1966 1376 δε-

388 1421 618 1493 κάμινος
653 1424 767 1497 [86]
803 1426 934 1497 παρ’
956 1426 1122 1480 αὐτοῦ
1151 1427 1220 1479 τά
1244 1428 1438 1480 πάντα.
1461 1426 1622 1476 Ὥστε
1655 1420 1845 1491 ῶσπερ
1879 1417 1968 1473 διά

392 1517 605 1586 φλεϐῶν
653 1524 749 1577 καὶ
787 1525 1085 1597 ἀρτηριῶν,
1125 1522 1222 1577 τοῦ
1266 1523 1424 1592 λόγου
1452 1521 1615 1590 λέγω,
1652 1521 1732 1582 εἰς
1764 1518 1971 1579 πάντας

390 1614 699 1687 διατρέχειν
736 1620 1000 1689 ποιεῖτὴν
1042 1619 1187 1693 ζωὴν
1207 1619 1306 1688 τὴν
1339 1615 1574 1673 αἰώνιον.
1606 1615 1664 1668 Ὀ
1686 1613 1971 1684 προφήτης

392 1710 647 1780 προλέγει
668 1712 735 1767 τὰ
768 1714 1049 1783 μέλλοντα,
1080 1713 1174 1768 καὶ
1199 1713 1362 1776 αὐτὸς
1382 1712 1449 1765 τά
1469 1710 1607 1763 αὐτὰ
1634 1703 1974 1762 κατασκευά-

393 1803 474 1869 ζει
489 1822 503 1836 ·
540 1808 634 1860 καὶ
657 1811 862 1873 ἐκεῖνος
886 1810 985 1880 μὲν
1007 1809 1286 1881 συντίθησι
1311 1810 1379 1865 τά
1398 1808 1532 1863 ὀστᾶ
1555 1822 1568 1836 °
1604 1803 1769 1867 αὐτὸς
1794 1802 1854 1855 δέ
1876 1800 1975 1855 αύ-

392 1901 504 1959 τοῖς
531 1898 675 1974 ζωὴν
711 1906 956 1976 χορηγεῖ,
998 1905 1155 1975 Πρὸς
1195 1902 1598 1972 καταρτισμὸν
1622 1898 1738 1954 τῶν
1766 1898 1970 1968 ἁγίων,

393 1996 482 2060 εἰς
510 1996 689 2066 ἔργον
714 1999 1041 2066 διακονίας.
1074 2000 1139 2053 Ἡ
1166 2000 1357 2071 ἀγάπη
1396 1996 1755 2065 ἀνοικοδομεῖ,
1787 1993 1884 2049 καὶ
1913 1991 1975 2045 τὸ

397 2093 795 2159 συγκολλᾶσθαι
815 2098 1065 2167 ἀλλήλοις
1082 2098 1176 2157 καί
1194 2094 1615 2166 συμπήγνυσθαι
1628 2092 1721 2147 καὶ
1743 2086 1978 2163 ἁρμόζε-

398 2189 543 2257 σθαι,
581 2192 741 2246 τοῦτο
777 2198 940 2249 ποιεῖ.
981 2196 1044 2249 Εἰ
1072 2196 1252 2249 τοίνυν
1286 2192 1587 2264 βουλόμεθα
1612 2189 1707 2245 τοῦ
1735 2187 1978 2258 πνεύμα-

396 2300 489 2347 τος
514 2286 807 2341 ἀπολαύειν
851 2289 947 2342 τοῦ
991 2290 1099 2351 ἀπὸ
1128 2290 1227 2359 τῆς
1256 2288 1520 2358 κεφαλῆς,
1565 2284 1809 2357 ἀλλήλων
1839 2281 1978 2353 ἐχώει

402 2379 562 2447 μεθα.
598 2381 703 2436 Δύο
738 2384 847 2453 γάρ
875 2386 984 2443 εἱσι
1012 2384 1306 2455 διαιρέσεις
1332 2383 1441 2438 ἀπὸ
1470 2382 1567 2436 τοῦ
1601 2382 1852 2451 σώματος
1881 2376 1978 2439 τοῦ

400 2476 857 2548 ἐκκλησιαστικοῦ
878 2496 892 2513 ·
918 2480 1016 2551 μία
1042 2480 1161 2552 μὲν,
1194 2482 1321 2534 ὅταν
1338 2477 1599 2550 ψύξωμεν
1616 2476 1714 2548 τὴν
1738 2475 1977 2545 ἀγάπην.

400 2569 627 2641 δευτέρα
653 2572 731 2637 δέ,
754 2574 884 2627 ὅταν
911 2573 1109 2639 ἀνάξια
1130 2572 1224 2627 τοῦ
1248 2573 1422 2626 τελεῖν
1444 2573 1523 2636 εἰς
1549 2572 1722 2625 ἐκεῖνο
1740 2569 1801 2622 τὸ
1820 2568 1981 2638 σῶμα

401 2666 764 2738 τολμήσωμεν
786 2686 801 2701 ο
839 2670 1114 2742 ἑκατέρως
1140 2669 1249 2738 γάρ
1286 2664 1592 2738 χωρίζομεν
1626 2664 1849 2727 ἐαυτοίις
1884 2663 1979 2716 τοῦ

404 2759 789 2833 πληρώματος.
818 2765 880 2817 Εἰ
930 2765 987 2818 δὲ
1019 2764 1112 2818 καὶ
1151 2764 1344 2827 ἀλλους
1370 2764 1450 2821 εἰς
1481 2760 1544 2815 τὸ
1568 2760 1870 2829 οἰκοδομεῖν
1893 2775 1982 2810 τε·

403 2852 670 2923 τάγμεθα,
719 2858 769 2909 οί
812 2856 888 2928 μὴ
927 2855 1372 2927 οἰκοδομοῦντες,
1412 2852 1549 2906 ἀλλά
1588 2852 1682 2905 καὶ
1720 2851 1982 2922 πρότερον

408 2948 701 3018 σχίζοντες,
729 2951 782 3004 τί
814 2951 915 3006 οὐκ
950 2950 1017 3005 ἀν
1047 2950 1306 3016 πάθοιεν;
1340 2948 1506 3001 Οὐδὲν
1544 2946 1717 3009 οῦτως
1756 2947 1983 3015 Ἐκκλη-

408 3043 528 3098 σίαν
562 3045 853 3118 δυνήσεται
897 3045 1149 3117 διαιρεῖν,
1197 3044 1273 3108 ὡς
1309 3040 1570 3113 φιλαρχία
1593 3057 1608 3072 ·
1646 3039 1798 3093 ούδέν
1841 3039 1985 3093 οῦτω

407 3139 698 3208 παροξύνει
735 3142 826 3194 τὸν
852 3140 1007 3205 Θεὸν,
1046 3140 1123 3206 ὡς
1156 3138 1217 3193 τὸ
1255 3136 1583 3207 Ἐκκλησίαν
1626 3135 1983 3205 διαιρεθῆναι.

407 3235 528 3288 Κάν
558 3237 726 3308 μυρία
746 3230 895 3307 ὧμεν
917 3237 1282 3308 ἐργασάμενοι
1305 3233 1466 3298 καλά,
1493 3233 1602 3286 τῶν
1623 3231 1683 3284 τὸ
1709 3230 1867 3301 σῶμα
1893 3230 1987 3282 αύ-

407 3331 501 3385 τοῦ
529 3332 888 3405 διατεμόντων
927 3335 1028 3388 ούκ
1058 3333 1316 3388 ἐλάττονα
1352 3330 1595 3403 δώσομεν
1635 3328 1816 3398 δίκην,
1839 3327 1887 3380 οἰ
1924 3325 1987 3379 τδ

410 3425 687 3499 πλήρωμα
718 3428 1150 3501 κατατέμνοντες
1179 3427 1240 3481 τὸ
1266 3424 1737 3497 ἐκκλησιαστικόν.
1782 3423 1988 3476 Ἐκεῖνο

412 3524 510 3592 μὲν
538 3525 647 3598 γάρ
666 3527 758 3583 ἐπὶ
785 3525 1080 3598 κέρδειτῆς
1117 3524 1441 3596 οἰκουμένης
1458 3523 1695 3590 ἐγένετο,
1727 3523 1776 3576 εί
1796 3519 1890 3578 καὶ
1913 3518 1988 3590 μὴ

412 3622 520 3678 ἀπὸ
544 3621 784 3685 διανοίας
827 3620 1081 3692 τοιαύτης
1104 3638 1120 3653 ο
1146 3618 1303 3677 τοῦτο
1347 3619 1405 3673 δέ
1450 3618 1603 3675 οὐδὲν
1647 3615 1886 3685 οὐδαμοῦ
1928 3614 1990 3667 τὸ

412 3720 682 3791 χρήσιμον
737 3717 874 3788 ἔχει,
921 3716 1058 3773 ἀλλά
1113 3716 1282 3788 πολλὴ
1333 3717 1368 3787 ἡ
1417 3713 1611 3785 βλάϐη.
1674 3712 1858 3771 Ταῦτά
1901 3728 1990 3781 μοι

414 3817 535 3888 οὐχὶ
577 3816 714 3886 πρὸς
752 3815 877 3880 τοὺς
908 3816 1174 3887 ἄρχοντας
1220 3815 1433 3885 εἴρηται
1492 3814 1672 3882 μόνον.
1723 3809 1858 3864 ἀλλά
1897 3810 1992 3862 καὶ

418 3915 553 3985 πρὸς
581 3914 708 3977 τοὺς
738 3913 1093 3983 ἀρχομένους.
1126 3911 1290 3982 Ἀνὴρ
1306 3910 1364 3963 δέ
1384 3927 1467 3973 τις
1496 3909 1651 3978 ἆγιος
1677 3902 1799 3961 εἶπέ
1826 3925 1879 3961 τι
1904 3908 1992 3962 δο-

416 4011 547 4066 κοῦν
577 4004 718 4063 εἶναι
746 4008 1036 4079 τολμηρὸν,
1076 4007 1214 4078 πλὴν
1245 4006 1361 4059 ἀλλ’
1400 4005 1549 4087 ὅμως
1576 4002 1897 4074 ἐφθέγξατο.
1927 4004 1992 4056 Τί

416 4108 482 4180 δὴ
509 4107 668 4162 τοῦτό
695 4108 873 4168 ἐστινς
924 4104 1060 4159 Οὺδέ
1097 4103 1397 4174 μαρτυρίου
1426 4096 1569 4173 αἷμα
1600 4100 1803 4171 ταύτην
1826 4100 1993 4181 δύνα-

421 4205 548 4260 σθαι
569 4203 871 4273 ἐξαλείφειν
892 4202 991 4274 τὴν
1019 4199 1293 4272 ἁμαρτίαν
1318 4199 1538 4271 ἔφησεν.
1574 4199 1712 4251 Εἰπέ
1741 4198 1851 4267 γάρ
1883 4215 1993 4266 μοι,

419 4299 564 4364 τίνος
584 4299 771 4353 ἐνεκεν
794 4298 1119 4369 μαρτυρεῖςς
1141 4295 1202 4348 οὐ
1224 4294 1312 4348 διὰ
1332 4296 1431 4366 τὴν
1447 4291 1602 4359 δόξαν
1620 4293 1712 4347 τοῦ
1730 4291 1994 4364 Χριστοῦς

434 4394 493 4448 Ὀ
528 4394 707 4448 τοίνυν
742 4394 841 4465 τὴν
879 4393 1057 4463 ψυχὴν
1096 4391 1392 4463 προέμενος
1424 4390 1563 4462 ὑπὲρ
1601 4388 1698 4444 τοῦ
1736 4387 1997 4460 Χριστοῦ,

424 4488 544 4553 πῶς
576 4490 675 4561 τὴν
730 4472 1059 4559 Ἐκκλησίαν
1098 4484 1321 4557 πορθεῖς
1343 4527 1360 4550 ,
1411 4484 1553 4556 ὑπὲρ
1578 4479 1646 4556 ἦς
1679 4482 1779 4551 τὴν
1821 4481 1998 4553 ψυχὴν

427 4587 707 4656 προήκατο
747 4588 776 4640 ὁ
808 4584 1071 4657 Χριστόςς
1107 4584 1316 4641 Ἄκουε,
1338 4580 1433 4636 τοῦ
1471 4580 1686 4636 Παύλου
1727 4579 1998 4648 λέγοντος,

426 4681 510 4734 ὅτι
560 4683 681 4735 οὐκ
723 4681 842 4750 εἰμί
898 4680 1073 4746 ἄξιος
1103 4676 1419 4734 καλεῖσθαι
1472 4678 1852 4742 ἀπόστολος,
1911 4674 2001 4729 ὅτι

429 4773 644 4837 ἐδίωξα
675 4773 790 4842 τὴν
829 4773 1203 4839 Ἐκκλησίαν
1233 4772 1341 4826 τοῦ
1376 4771 1524 4826 Θεοῦ
1544 4811 1560 4834 ,
1608 4772 1702 4825 καὶ
1737 4770 2002 4843 ἐπόρθουν

431 4872 625 4944 αὑτήν.
664 4868 779 4931 Οὐκ
806 4866 953 4921 ἐστιν
997 4866 1136 4945 αῦτη
1182 4868 1417 4923 ἐλάττων
1442 4869 1476 4939 η
1507 4867 1677 4939 βλάϐη
1710 4869 1808 4939 τῆς
1855 4865 2004 4935 παρά

434 4964 665 5038 ἐχθρῶν,
699 4962 834 5018 ἀλλά
879 4963 1015 5017 πολὺ
1053 4964 1275 5035 μείζων.
1335 4963 1550 5035 Ἐκείνη
1599 4963 1700 5034 μὲν
1746 4962 1857 5035 γάρ
1908 4963 2004 5016 καὶ

430 5060 817 5133 λαμπροτέραν
833 5059 1001 5132 αὐτὴν
1021 5060 1333 5130 ἐργάζεται,
1350 5057 1488 5132 αῦτη
1503 5058 1560 5113 δέ
1572 5058 1740 5130 αὐτὴν
1752 5058 1847 5113 καί
1860 5058 2008 5129 παρά

436 5160 547 5222 τοῖς
571 5157 785 5230 ἐχθροῖς
817 5153 1189 5226 καταισχύνει,
1214 5155 1342 5209 ὅταν
1369 5154 1475 5207 ύπδ
1499 5153 1607 5208 τῶν
1631 5152 1775 5211 ἰδίων
1803 5151 2007 5207 τέκνων

439 5257 567 5311 πολε
574 5258 764 5329 μῆται.
796 5255 956 5325 Μέγα
975 5257 1082 5326 γάρ
1099 5254 1297 5325 δεῖγμα
1319 5254 1534 5325 ἀπάτης
1555 5249 1692 5308 εἶναι
1713 5253 1863 5307 δοκεῖ
1879 5254 2008 5325 παρ’

441 5356 621 5419 αὐτοῖς
643 5355 705 5410 τὸ
719 5358 847 5421 τοὺς
863 5354 1217 5428 γεννηθέντας
1237 5356 1294 5409 ἐν
1312 5354 1449 5425 αὐτῇ
1465 5350 1560 5406 καὶ
1578 5352 1901 5423 τραφέντας,
1917 5352 2012 5406 καί⁸

441 5470 511 5507 τα
540 5452 824 5524 ἀπόρρητα
856 5456 1028 5529 αὐτῆς
1060 5454 1442 5527 μεμαθηκότας
1485 5452 1749 5526 ἀκριϐῶς,
1790 5453 2011 5518 τούτους

445 5548 942 5627 μεταϐαλλομένους
997 5554 1254 5627 ἐξαίφνης
1305 5553 1374 5609 τὰ
1439 5553 1547 5609 τῶν
1584 5552 1794 5626 ἐχθρῶν
1844 5552 2012 5627 αὐτὴν

444 5648 794 5707 διατίθεσθαι.

2065 953 2162 1008 θάν
2190 954 2282 1006 καί⁸
2315 953 2575 1026 Ἀϐειρὼν
2594 973 2608 1021 ;
2624 952 2734 1026 ἆρα
2753 955 2906 1009 αύτοί
2936 954 3107 1024 μόνοι,
3124 953 3315 1024 ούχίδέ
3332 953 3424 1007 καὶ
3446 955 3497 1006 οἰ
3522 950 3642 1025 [87]

2065 1047 2184 1117 μετ’
2212 1046 2392 1099 αὐτῶν
2410 1066 2424 1112 ;
2443 1047 2507 1101 Τί
2527 1048 2705 1117 λέγεις
2725 1067 2740 1110 ς
2762 1051 2795 1121 ή
2816 1048 2953 1121 αὐτὴ
2972 1048 3155 1112 πίστις
3176 1048 3346 1112 ἐστὶν,
3368 1047 3647 1119 όρθόδοξοί

2064 1144 2169 1195 εἰσι
2207 1146 2466 1198 κάκεῖνοι.
2491 1143 2648 1207 Τίνος
2684 1141 2777 1201 οὖν
2812 1145 3002 1201 ἕνεκεν
3032 1147 3133 1200 οὐκ
3166 1147 3271 1199 εἰσί
3309 1145 3429 1221 μεθ’
3450 1146 3645 1219 mum:

2067 1235 2173 1308 Εἷς
2185 1243 2418 1311 Κύριος,
2433 1244 2543 1313 μία
2566 1245 2792 1310 πίστις,
2815 1243 3236 1315 ἓνβάπτισμα.
3251 1244 3400 1299 Εἰτά
3417 1243 3648 1298 ἐκείνοιν

2068 1336 2250 1401 καλῶς
2266 1338 2494 1407 γίνεται,
2524 1340 2591 1393 τά
2622 1339 2866 1411 ἡμέτερα
2885 1341 3071 1405 κακῶς
3098 1357 3112 1371 ο
3142 1342 3191 1394 εἰ
3216 1339 3271 1393 δέ
3300 1340 3369 1393 τά
3395 1339 3648 1410 ἡμέτερα

2068 1431 2282 1501 καλῶς,
2320 1434 2389 1489 τὰ
2412 1435 2634 1489 ἐκείνων
2659 1436 2864 1500 κακῶς.
2886 1437 3125 1505 Νήπιοι,
3159 1438 3313 1506 φησὶ,
3347 1434 3652 1492 ulvam“

2078 1528 2312 1598 ζόμενοι
2352 1531 2452 1584 καί
2486 1534 2932 1602 περιφερόμενοι
2963 1534 3141 1589 παντί
3175 1532 3393 1601 ἀνέμῳ.
3427 1532 3652 1602 Ἀρκεῖν

2068 1625 2227 1682 τοῦτο
2254 1629 2497 1699 ἡγεῖσθε,
2521 1630 2641 1686 εἰπέ
2672 1648 2787 1701 μοι,
2804 1631 2864 1685 τὸ
2884 1630 3087 1699 λέγειν,
3116 1631 3197 1684 ὅτι
3223 1628 3489 1700 όρθόδοξοί
3511 1631 3649 1687 εἰσι,

2068 1723 2139 1777 τά
2164 1723 2266 1792 τῆς
2288 1725 2621 1795 χειροτονίας
2650 1725 2707 1779 δὲ
2735 1726 2941 1797 οἴχεται
2962 1727 3057 1781 καί
3076 1727 3355 1791 ἀπόλωλες
3382 1724 3491 1777 Καὶ
3509 1722 3564 1776 τί
3588 1720 3653 1777 τὺ
3700 1776 3705 1781 .

2070 1817 2259 1886 ὄφελος
2274 1819 2383 1875 τῶν
2405 1821 2602 1885 ἄλλων,
2626 1822 2829 1893 ταύτης
2860 1823 2962 1875 οὐκ
2983 1821 3367 1894 ἡκριϐωμένης
3389 1837 3406 1885 ;
3434 1819 3651 1887 Ὥσπερ

2072 1910 2181 1984 γὰρ
2216 1911 2359 1984 ὑπὲρ
2380 1913 2484 1984 τῆς
2528 1914 2784 1979 πίστεως,
2825 1915 2968 1970 οὕτω
3007 1917 3101 1972 καὶ
3128 1915 3269 1986 ύπέρ
3305 1913 3510 1984 ταύτης
3539 1910 3655 1979 μά-

2072 2007 2264 2077 χεσθαι
2291 2009 2419 2081 χρή.
2463 2010 2635 2074 Ἐπεὶ,
2661 2013 2710 2065 εἰ
2743 2012 2904 2065 παντί
2940 2012 3118 2078 ἔξεστι
3143 2009 3382 2081 πληροῦν
3406 2008 3505 2071 τὰς
3529 2008 3653 2077 χεῖ·
3693 1988 3699 2007 ί

2079 2117 2178 2173 ρας
2200 2104 2388 2169 αὐτοῦ,
2415 2106 2557 2160 κατά
2581 2108 2709 2170 τοὺς
2740 2109 3024 2173 παλαιοὺς,
3053 2111 3150 2164 καί⁸
3179 2107 3340 2176 ἱερεῖς
3376 2101 3653 2172 γίνεσθαι,

2080 2194 2394 2266 παρίτωσαν
2420 2199 2641 2262 πάντες,
2672 2199 2793 2270 εἰκῆ
2817 2200 2877 2252 τὸ
2897 2199 3280 2269 θυσιαστήριον
3303 2194 3655 2266 ᾠκοδόμηται

2075 2288 2254 2357 τοῦτο,
2298 2292 2423 2361 είκῆ
2450 2292 2511 2345 τδ
2549 2293 2821 2365 πλήρωμα
2850 2294 2951 2363 τῆς
2990 2292 3338 2364 Ἐκκλησίας,
3380 2290 3503 2359 εἰκῆ
3541 2287 3657 2338 τῶν

2080 2385 2272 2459 ἰεριων
2311 2390 2341 2442 ό
2367 2389 2636 2462 ἀριθμός’
2692 2390 2973 2460 ἀνέλωμεν
3019 2388 3161 2443 αύτά
3206 2387 3300 2441 καὶ
3328 2383 3660 2455 διαφθείρω-

2082 2499 2201 2554 μεν.
2258 2484 2351 2555 Μὴ
2390 2485 2631 2553 γένοιτο,
2678 2487 2862 2558 φησίν.
2903 2486 3091 2557 Ὑμεῖς
3126 2483 3268 2538 αύτά
3301 2483 3523 2542 ποιεῖτε,
3560 2482 3659 2532 καί

2081 2595 2240 2650 φατε,
2264 2580 2356 2652 Μὴ
2385 2581 2594 2650 γένοιτο
2615 2598 2630 2649 ;
2654 2583 2772 2645 πῶς
2810 2582 3009 2650 λέγεις,
3044 2580 3135 2650 Μὴ
3162 2579 3395 2651 γένοιτο,
3424 2575 3659 2645 γενομέ-

2080 2692 2186 2730 νων
2214 2676 2426 2743 αύτῶν;
2460 2676 2603 2745 Ἐγὼ
2630 2677 2771 2747 λέγω
2790 2677 2887 2731 καὶ
2922 2676 3291 2749 μαρτύρομαι,
3320 2674 3380 2726 ού
3401 2673 3462 2725 τὸ
3484 2673 3657 2741 ἐμαυ-

2081 2766 2174 2819 τοῦ
2204 2767 2444 2829 σκοπῶν,
2477 2767 2612 2822 ἀλλά
2641 2768 2740 2840 τὴν
2760 2767 3032 2839 ὑμετέραν
3065 2765 3340 2838 σωτηρίαν
3361 2780 3375 2794 ·
3408 2765 3458 2816 εἰ
3486 2763 3544 2815 δέ
3570 2779 3659 2826 τις

2082 2858 2419 2931 ἀδιαφοροίη,
2465 2860 2625 2925 αὐτὸς
2662 2860 2729 2914 ἂν
2761 2859 2928 2929 εἰδείη
2959 2876 2975 2891 ο
3020 2860 3068 2913 εἰ
3098 2859 3157 2913 δέ
3203 2875 3309 2911 τινι
3343 2854 3547 2910 τούτων
3594 2854 3659 2906 ού

2087 2955 2259 3026 μέλει,
2306 2956 2422 3010 ἀλλ’
2465 2958 2597 3027 ημῖν
2648 2957 2799 3027 μέλει
2825 2972 2841 2988 ο
3077 2954 3412 3025 ἐφύτευσα,
3466 2950 3658 3020 φησὶν.

2060 3052 2403 3120 ·Ἀπολ.ῖὼς
2445 3054 2748 3114 ἐπότισεν,
2789 3052 2928 3108 ἀλλ’
2971 3054 3005 3106 ό
3048 3050 3193 3117 Θεὸς
3233 3048 3479 3118 ηὔξανε.
3519 3045 3662 3107 ,Πῶς

2083 3149 2301 3221 οἴσομεν
2328 3149 2419 3203 τὸν
2443 3150 2594 3222 παρά
2613 3149 2721 3203 τῶν
2748 3148 3016 3226 Ἑλλήνων
3033 3146 3277 3221 γέλωτας
3304 3137 3363 3200 Εἰ
3387 3143 3496 3214 γάρ
3515 3140 3662 3210 ὑπὲρ

2085 3244 2192 3298 τῶν
2223 3244 2489 3315 αἱρέσεων
2530 3245 2853 3314 ἐγκαλοῦσιν
2889 3246 3044 3315 ἡμῖν,
3082 3242 3221 3312 ὺπέρ
3251 3240 3456 3297 τούτων
3481 3236 3534 3290 τί
3557 3237 3662 3292 οὐκ

2086 3339 2332 3411 ἐροῦσιν;
2370 3342 2434 3396 Εἰ
2457 3341 2527 3395 τά
2552 3342 2690 3397 αύτά
2714 3341 2979 3411 δόγματα,
3033 3341 3081 3394 εἰ
3105 3336 3176 3393 τά
3199 3337 3337 3391 αύτά
3359 3337 3660 3404 μυστήρια,

2086 3436 2231 3501 τίνος
2248 3436 2432 3491 ἕνεκεν
2454 3437 2638 3508 ἐτερος
2672 3437 2855 3508 ἄρχων
2878 3437 3043 3513 ἑτέρα
3076 3432 3371 3504 Ἐκκλησία
3389 3428 3658 3498 ἐπιπηδᾷς

2099 3532 2314 3605 Ὁρᾶτε,
2348 3533 2532 3604 φησιν,
2555 3534 2636 3587 ὅτι
2668 3532 2846 3587 πάντα
2872 3529 3176 3597 κενοδοξίας
3208 3528 3566 3597 πεπλήρωται
3591 3524 3665 3576 τά

2088 3630 2461 3696 Χριστιανῶν,
2495 3631 2589 3686 καὶ
2621 3630 2882 3702 φιλαρχία
2909 3628 3041 3700 παρ’
3077 3628 3259 3691 αὐτοῖς
3296 3623 3390 3679 καὶ
3447 3622 3630 3690 ἀπάτη
3650 3661 3665 3686 ,

2089 3727 2374 3797 γύμνωσον
2393 3727 2590 3791 αὐτοὺς
2635 3725 2729 3780 τοῦ
2771 3725 3023 3796 πλήθους,
3056 3725 3208 3794 φησί,
3251 3722 3350 3793 τὴν
3389 3720 3542 3773 νόσον
3574 3719 3668 3779 έκ-

2091 3824 2285 3892 κοψον,
2341 3824 2434 3875 τοῦ
2485 3822 2643 3893 ὄχλου
2678 3821 2779 3894 τὴν
2814 3820 3137 3892 διαφθορὰν,
3180 3820 3275 3872 καὶ
3325 3816 3480 3871 οὐδέν
3532 3816 3666 3868 εἰσι.

2096 3916 2355 3972 Βούλεσθε
2380 3919 2518 3977 εἴπω
2541 3917 2579 3975 ἃ
2600 3918 2849 3989 περὶτῆς
2872 3917 3077 3979 πόλεως
3098 3916 3313 3983 λέγουσι
3339 3912 3438 3983 τῆς
3463 3909 3682 3982 ήμετέ-.

2095 4031 2230 4086 ραςς
2262 4013 2379 4077 πῶς
2407 4015 2557 4085 ἡμᾶς
2585 4016 2665 4078 εἰς
2690 4012 2940 4067 εὐκολίαν
2968 4011 3382 4075 διαϐάλλουσιν;
3424 4007 3666 4073 Ἔξεστι,

2095 4113 2248 4182 φησί,
2289 4111 2453 4164 παντὶ
2472 4110 2552 4182 τῷ
2591 4110 2897 4182 βουλομένῳ
2927 4108 3106 4179 εὑρεῖν
3133 4106 3259 4168 τοὺς
3287 4102 3667 4173 πειθομένους,

2094 4208 2192 4261 καί.
2217 4208 2316 4261 οὐκ
2343 4208 2408 4262 ἀν
2438 4224 2569 4262 ποτε
2598 4208 2893 4279 ἀπορήσειε
2924 4205 3149 4260 τούτων.
3183 4204 3249 4256 Ὢ
3276 4201 3370 4255 τοῦ
3405 4199 3669 4269 γέλωτοςί

2096 4303 2267 4358 ταῦτα
2318 4304 2491 4376 πόσης
2526 4304 2822 4375 αἰσχύνης;
2866 4301 3032 4356 Ἀλλά
3082 4302 3174 4354 καὶ
3236 4297 3425 4369 ἔτερος
3470 4294 3670 4363 γέλως,

2099 4399 2260 4471 ἑτέρα
2286 4398 2515 4471 αἰσχύνη
2531 4416 2546 4432 ·
2577 4400 2677 4453 Ἀν
2703 4416 2847 4460 τινες
2872 4397 3095 4460 ἁλόντες
3118 4396 3243 4465 παρ’
3275 4394 3404 4465 ἡμῖν
3433 4392 3528 4444 ἐπὶ
3560 4393 3674 4455 τοῖς

2100 4496 2431 4568 αἰσχίστοις,
2503 4494 2768 4567 μέλλωσιν
2819 4492 3100 4565 ἐπιτιμίου
3151 4490 3439 4561 τυγχάνειν
3502 4486 3671 4549 τινὸς,

2100 4594 2267 4659 πολὺς
2311 4594 2340 4646 ὁ
2377 4592 2600 4666 τρόμος,
2636 4590 2801 4655 πολὺς
2830 4591 2860 4644 ὁ
2891 4590 3054 4659 φόϐος
3080 4585 3343 4643 πάντοθεν
3366 4603 3381 4617 ο
3413 4584 3509 4657 Μὴ
3533 4585 3675 4637 ἀπο-

2101 4690 2359 4762 πηδήσῃ,
2436 4688 2605 4759 φησὶ,
2668 4686 2744 4760 μὴ
2788 4685 2908 4758 μετ’
2966 4685 3191 4739 ἐκείνων
3241 4686 3360 4754 στῇ.
3435 4682 3673 4750 Ἀποπη-

2101 4786 2241 4859 δήσῃ
2283 4784 2381 4856 μὲν
2430 4783 2540 4857 γάρ
2583 4782 2841 4855 μυριάκις
2882 4783 2913 4836 ό
2950 4779 3211 4843 τοιοῦτος,
3258 4780 3351 4833 καί
3379 4777 3519 4832 ἔστω
3555 4775 3674 4845 μετ’

2104 4884 2350 4948 ἐκείνων,
2381 4882 2501 4955 ούχί
2545 4880 2657 4935 τῶν
2693 4878 3093 4957 ἡμαρτηκότων
3123 4877 3265 4947 λέγω
3287 4892 3302 4906 ·
3355 4873 3469 4928 ἀλλ’
3512 4873 3564 4925 εἰ
3590 4888 3677 4935 τις

2103 4978 2487 5050 ἀναμάρτητος
2510 4976 2587 5032 ὢν
2610 4975 2888 5047 τυγχάνοι,
2921 4976 3015 5028 καί
3046 4972 3294 5045 βούλεται
3324 4967 3675 5043 μεταθέσθαι,

2110 5074 2444 5146 μεταθέσθω.
2487 5073 2659 5143 Ἀλγῶ
2691 5073 2790 5143 μὲν
2822 5071 2931 5142 γὰρ
2955 5070 3050 5125 καὶ
3075 5070 3344 5139 κόπτομαι
3371 5068 3465 5122 καὶ
3486 5064 3678 5135 ὀδύρο-

2111 5188 2209 5241 μαι
2248 5171 2343 5226 καί
2383 5167 2831 5243 διαπρίομαιιτά
2876 5165 3192 5236 σπλάγχνα,
3229 5164 3306 5228 ῶς
3342 5164 3544 5218 οἰκείου
3583 5162 3681 5232 μέ-

2111 5266 2238 5331 λους
2282 5263 2752 5337 ἀποστερούμενος
2766 5280 2781 5294 ο
2822 5262 2964 5334 πλὴν
2984 5262 3098 5316 ἀλλ’
3117 5261 3217 5332 οὐχ
3237 5259 3412 5324 οὕτως
3433 5257 3586 5328 ἀλγῶ
3603 5256 3682 5320 ὡς

2111 5361 2515 5433 ἀναγκάζεσθαί
2541 5359 2708 5428 “ﬁni
2733 5360 2826 5414 τὸν
2857 5358 3022 5429 φόϐον
3043 5356 3255 5422 τοῦτον,
3279 5353 3389 5409 τῶν
3412 5351 3490 5426 μὴ
3510 5366 3678 5425 προσ-

2111 5461 2353 5535 ηκόντων
2384 5462 2577 5531 ποιεῖν.

2175 5663 2202 5691 ι
2229 5650 2367 5701 Unus
2397 5649 2552 5701 codex
2575 5654 2629 5696 et
2646 5656 2801 5708 marg.
2824 5640 2998 5703 σπῆι..
3023 5643 3104 5691 καὶ
3126 5637 3462 5706 διαπυρσῦμαι.
