4080 6218
378 327 450 384 85
1295 317 1361 373 IN
1398 313 1613 374 EPIST.
1660 312 1750 369 AD
1790 308 1986 367 EPllE!

2095 308 2231 366 IAP.
2273 311 2359 368 iV.
2405 312 2631 371 HOMIL.
2676 314 2767 371 XI.
3593 316 3663 377 86

378 450 547 504 misso
572 445 740 501 alium
771 450 939 509 tenet,
969 438 1240 513 quomodo
1278 448 1447 494 totum
1482 448 1677 505 corpus
1721 430 1890 497 lmdil,
1910 436 1971 484 et

379 556 524 611 szrpe
554 547 781 594 mortem
806 535 987 601 aﬂ'ert,
1013 543 1067 591 et
1090 548 1234 605 saepe
1263 533 1424 588 etiam
1456 530 1523 586 de
1551 537 1748 586 caetero
1772 528 1962 583 inven-

383 644 494 686 tum
520 639 601 685 est
635 630 908 697 indignum
931 625 1072 696 quod
1099 622 1434 679 retineatur?
1460 620 1614 676 multi
1652 620 1796 675 enim
1821 633 1968 688 stepe

383 737 456 777 eo
493 720 697 784 exciso,
749 719 925 772 locum
980 717 1222 770 fecerunt
1272 729 1522 769 vacuum.
1564 711 1791 780 Semper
1824 709 1968 765 enim

384 814 583 867 uratum
612 821 694 865 est
727 811 800 875 id,
834 810 976 880 quod
1018 809 1301 864 redundat.
1332 808 1397 863 Et
1439 807 1491 861 in
1520 805 1806 860 elementis
1833 818 1968 872 quo-

382 919 487 973 que
525 903 742 972 quando
780 917 876 956 sua
906 902 1090 956 relicta
1132 900 1442 972 symmetria
1471 899 1591 969 plus
1612 912 1768 966 quam
1813 895 1971 950 decet

384 994 796 1060 abundaverint,
844 993 1175 1047 universitati
1221 992 1512 1061 perniciem
1562 989 1811 1044 all‘eruut.
1860 989 1974 1043 lloc

383 1095 469 1139 est
496 1100 618 1141 esse
647 1095 981 1154 compactura
1013 1093 1065 1139 et
1095 1098 1418 1139 connexum.
1440 1081 1615 1148 Quare
1637 1081 1975 1151 unumquod-

386 1193 492 1247 que
529 1177 584 1232 iu
613 1193 713 1232 suo
759 1177 879 1231 loco
910 1190 1147 1238 manere,
1195 1188 1295 1229 nec
1339 1173 1391 1227 iu
1438 1172 1665 1227 alterum
1710 1172 1973 1228 excedere

386 1285 491 1324 non
526 1269 962 1333 convenientem,
1008 1274 1263 1336 quantum
1292 1265 1363 1320 sit
1391 1266 1588 1335 cogita.
1622 1264 1702 1320 'l‘u
1732 1263 1971 1318 membra

385 1361 701 1429 componis;
728 1359 821 1413 ille
858 1358 1092 1428 desuper
1120 1356 1493 1412 subministrat
1535 1372 1600 1412 ac
1644 1356 1967 1427 suppeditat.

385 1453 453 1509 Ut
480 1453 624 1506 enim
655 1452 708 1504 in
730 1463 964 1520 corpore
989 1457 1113 1503 sunt
1151 1448 1413 1517 ejusmodi
1455 1448 1809 1503 instrumenta
1850 1457 1972 1517 apta

385 1542 451 1597 ad
476 1541 880 1610 suscipiendum
904 1581 919 1605 ,
946 1539 1014 1592 ita
1042 1539 1201 1593 etiam
1234 1539 1287 1592 in
1314 1537 1504 1606 spiritu
1524 1578 1541 1603 ,
1573 1552 1694 1593 cum
1724 1539 1795 1592 sit
1813 1537 1975 1593 desu-

340 1648 351 1659 ·
387 1649 485 1704 per
510 1634 762 1686 universa
794 1631 946 1684 radix
979 1647 993 1683 :
1028 1637 1085 1683 ut
1112 1644 1206 1683 cor
1233 1639 1316 1682 est
1343 1628 1497 1682 radix
1540 1628 1782 1699 spiritus,
1822 1629 1976 1696 jecur

386 1724 684 1794 sanguinis,
719 1723 826 1776 lien
877 1722 1000 1775 bilis
1025 1762 1042 1785 ,
1082 1729 1136 1775 et
1173 1720 1278 1774 alia
1322 1720 1547 1774 alterius
1581 1734 1596 1773 :
1629 1719 1743 1773 lucc
1794 1727 1974 1774 autem

388 1817 570 1869 omnia
612 1814 813 1868 habent
856 1826 1073 1867 causam
1112 1827 1139 1863 a
1189 1811 1450 1866 cerebro:
1477 1810 1556 1879 sic
1596 1812 1736 1866 Deus
1763 1826 1977 1881 quoque

388 1909 543 1973 fecit,
591 1907 861 1960 hominem
903 1905 1059 1960 valde
1114 1904 1405 1973 bonorans,
1451 1913 1505 1960 et
1565 1905 1754 1960 nolens
1795 1905 1864 1960 ab
1910 1919 1976 1960 eo

388 2000 606 2063 abesse,
641 2007 699 2050 ut
725 1998 809 2066 qui
835 1998 945 2065 ipse
975 1996 1189 2066 quidem
1216 2011 1436 2051 causam
1473 2011 1502 2051 a
1530 2011 1589 2052 se
1618 1997 1851 2066 pendere
1878 2011 1975 2051 vo-

389 2091 584 2154 luerit,
628 2089 729 2143 sibi
776 2098 951 2142 autem
997 2088 1271 2157 adjutores
1308 2088 1684 2154 constituerit;
1733 2096 1790 2143 et
1830 2087 1975 2142 illum

386 2182 605 2251 quidem
637 2181 704 2234 ad
735 2180 855 2243 hoc,
889 2179 1034 2235 hunc
1059 2194 1186 2234 vero
1215 2180 1279 2234 ad
1324 2178 1453 2233 illud
1495 2179 1751 2249 posuerit.
1779 2179 1978 2234 Exem-

389 2274 460 2342 pli
490 2288 651 2327 causa
684 2272 959 2341 apostolus
988 2281 1071 2326 est
1108 2285 1203 2325 vas
1230 2271 1468 2326 omnium
1516 2272 1757 2339 Corporis
1786 2272 1980 2341 praeci-

390 2380 574 2434 puum,
601 2365 672 2419 ab
702 2365 824 2433 ipso
874 2365 1053 2419 omnia
1093 2364 1383 2434 accipiens.
1435 2364 1977 2431 Quamobrem‘tam-

392 2472 547 2525 quam
579 2471 679 2526 per
708 2471 875 2510 venas
901 2468 953 2511 et
982 2457 1224 2523 arterias,
1257 2458 1406 2513 verbi
1448 2457 1689 2527 inquam,
1737 2456 1868 2513 facit
1913 2457 1981 2512 ad

392 2564 580 2603 omnes
628 2562 855 2603 currere
896 2549 1060 2601 vitam
1107 2557 1381 2603 aeternam.
1424 2549 1697 2619 Propheta
1743 2547 1983 2619 prtedicit

398 2640 594 2702 futura,
624 2648 682 2694 et
724 2640 840 2708 ipse
892 2639 1079 2694 eadem
1119 2640 1368 2696 adstruit.
1401 2638 1465 2696 Et
1493 2640 1582 2695 ille
1622 2640 1838 2711 quidem
1860 2655 1983 2695 ossa

393 2733 667 2801 componit
691 2747 708 2796 ;
738 2732 854 2802 ipse
881 2733 960 2786 eis
982 2731 1142 2786 vitam
1169 2733 1497 2803 suppeditat.
1525 2733 1607 2789 Ad
1628 2735 1984 2806 perfectionem

396 2834 709 2891 sanctorum,
729 2825 798 2878 ad
823 2841 950 2896 apus
974 2825 1260 2880 ministerii.
1290 2827 1498 2883 Caritas
1533 2828 1761 2883 aedificat
1785 2837 1839 2884 et
1869 2827 1984 2883 effi-

397 2920 470 2973 cit
497 2928 556 2972 ut
584 2919 730 2973 inter
759 2932 821 2973 se
848 2919 1305 2987 conglutiueutur,
1334 2921 1747 2989 compingantur
1771 2929 1827 2974 et
1854 2935 1985 2975 con-

395 3013 709 3082 jungantur.
739 3010 799 3066 Si
824 3011 1071 3066 volumus
1097 3027 1227 3082 ergo
1257 3012 1357 3066 frui
1384 3011 1576 3081 spiritu
1620 3013 1708 3081 qui
1749 3011 1989 3081 procedit

400 3120 432 3156 a
475 3103 671 3172 capite,
700 3103 838 3156 alter
880 3103 1036 3157 alteri
1087 3102 1479 3157 adhmreamus.
1524 3102 1659 3157 Nam
1703 3102 1823 3157 dua:
1863 3110 1990 3156 sunt

401 3198 695 3254 divisiones
753 3213 782 3251 a
838 3212 1065 3266 corpore
1127 3197 1526 3262 ecclesiastico;
1581 3212 1683 3251 una
1728 3194 1985 3265 quidem,

406 3288 616 3359 quando
648 3287 1020 3343 refrixerimus
1052 3287 1103 3341 in
1128 3288 1351 3343 caritate
1376 3304 1390 3354 ;
1418 3286 1650 3342 secunda
1680 3296 1857 3341 autem
1884 3300 1988 3355 qua

403 3380 519 3434 ausi
548 3378 812 3433 fuerimus
851 3393 914 3433 ea
954 3378 1162 3445 facere,
1190 3393 1311 3448 quze
1339 3388 1464 3433 sunt
1492 3377 1705 3448 indigna
1740 3385 1799 3432 ut
1821 3379 1990 3434 simus

402 3474 454 3528 in
477 3473 569 3528 illo
589 3488 823 3543 corpore
852 3488 866 3537 ;
894 3482 1122 3541 utroque
1156 3472 1297 3526 enim
1328 3471 1490 3526 modo
1534 3486 1633 3526 nos
1677 3485 1991 3541 separamus

401 3581 432 3619 a
457 3565 615 3634 pleno
639 3565 738 3620 illo
767 3574 1055 3620 conventu.
1086 3563 1240 3630 Quod
1271 3565 1314 3619 si
1335 3564 1582 3620 collocati
1612 3579 1676 3619 ac
1712 3566 1989 3621 constituti

403 3669 588 3712 sumus
613 3665 673 3710 ut
693 3656 828 3710 alios
859 3655 925 3710 ad
955 3656 1055 3710 hoc
1085 3656 1431 3723 aediﬁcenius,
1452 3656 1539 3726 qui
1570 3656 1715 3726 prius
1741 3657 1993 3712 scindunt

402 3748 529 3817 quid
558 3762 665 3800 non
694 3746 1010 3816 patientur?
1034 3746 1173 3801 Nihil
1197 3746 1492 3803 Ecclesiam
1523 3763 1673 3818 teque
1704 3756 1879 3817 potest
1912 3749 1992 3803 di-

403 3838 612 3903 videre,
645 3848 702 3891 ut
726 3839 946 3893 ambitio
974 3848 1027 3894 et
1068 3854 1222 3893 amor
1248 3839 1454 3907 imperii
1495 3849 1546 3894 et
1574 3839 1797 3910 gerendi
1829 3841 1993 3910 mugi-

403 3938 605 3983 stratus
632 3928 651 3983 ἐ
677 3929 810 3982 nihil
839 3930 1005 3985 Deum
1034 3946 1185 4000 teque
1214 3930 1387 3984 irritat
1412 3939 1571 4001 atque
1608 3931 1833 3985 divisam
1873 3946 1993 3986 esse

407 4020 727 4075 Ecclesium.
782 4021 999 4076 Etiamsi
1053 4021 1189 4077 bona
1236 4022 1523 4077 fecerimus
1563 4022 1988 4091 innumerabilia,

409 4128 514 4166 non
569 4113 832 4177 minores,
879 4128 1037 4183 quam
1091 4114 1182 4182 qui
1236 4113 1354 4184 ejus
1404 4128 1600 4183 corpus
1645 4113 1992 4179 discindunt,

410 4219 597 4271 pinnas
626 4203 897 4269 dabimus,
927 4206 1016 4275 qui
1050 4205 1264 4275 plenum
1310 4206 1729 4261 ecclesiasticum
1755 4219 1995 4261 conven-

409 4308 520 4351 tum
548 4298 974 4352 conscindimus.
1002 4298 1136 4353 Nam
1170 4298 1299 4353 illud
1331 4299 1548 4369 quidem
1581 4299 1778 4354 factum
1820 4309 1903 4353 est
1929 4298 1993 4351 ad

408 4388 619 4442 lucrum
643 4388 794 4443 orbis
820 4397 1106 4454 terrarum,
1147 4391 1245 4445 etsi
1277 4406 1381 4444 non
1410 4406 1475 4445 eo
1500 4393 1680 4444 animo
1713 4408 1725 4443 :
1753 4391 1855 4445 hoc
1902 4405 2000 4444 au-

409 4489 518 4533 tem
536 4479 738 4533 nullam
768 4494 990 4551 usquam
1012 4480 1171 4537 habet
1194 4483 1496 4544 utilitatem.
1521 4483 1614 4537 sed
1640 4498 1703 4537 ex
1731 4497 1796 4537 eo
1816 4482 1998 4536 damni

408 4580 492 4625 est
520 4571 833 4641 plurimum.
866 4573 990 4628 Haec
1018 4589 1049 4627 a
1079 4589 1164 4629 me
1192 4574 1331 4630 dicta
1382 4585 1507 4630 sunt
1554 4591 1659 4629 non
1709 4576 1881 4629 solum
1923 4576 1987 4628 ad

410 4678 505 4715 eos
531 4662 623 4731 qui
652 4673 847 4733 gerunt
872 4666 1235 4734 magistratus,
1285 4668 1378 4721 sed
1416 4668 1574 4720 etiam
1602 4665 1667 4719 ad
1696 4681 1790 4721 eos
1817 4667 1905 4737 qui
1935 4668 2004 4722 ab

412 4754 520 4808 illis
549 4765 836 4825 reguntur.
872 4756 1015 4812 Dixit
1043 4767 1221 4813 autem
1252 4760 1332 4813 vir
1358 4760 1573 4829 quidam
1604 4771 1822 4815 sanctus
1843 4760 1994 4830 quid-

411 4846 561 4908 dam,
589 4846 733 4917 quod
768 4864 1009 4918 magnam
1041 4866 1151 4920 pne
1178 4866 1236 4906 se
1267 4851 1367 4907 fert
1393 4853 1804 4916 audaciam,sed
1825 4862 2002 4907 tamen

413 4947 496 4990 est
526 4938 847 5007 eloquutus.‘
869 4940 1006 5005 Quid
1040 4941 1139 4995 hoc
1169 4951 1252 4997 est
1276 4953 1452 4997 autem
1477 4943 1500 4995 ?
1524 4943 1666 5000 Dixit
1695 4959 1762 4998 ne
1784 4943 2004 5012 sangui-

415 5045 540 5084 nem
566 5030 788 5100 quidem
831 5032 1071 5104 martyrii
1120 5048 1279 5103 posse
1324 5035 1505 5089 delere
1555 5037 1657 5091 hoc
1701 5046 2001 5106 peccaturo.

415 5119 549 5173 Nam
577 5121 662 5176 dic
707 5122 862 5185 mihi,
894 5139 1178 5193 quamuam
1209 5126 1277 5179 ob
1302 5140 1518 5182 causam
1548 5142 1609 5182 es
1635 5128 1872 5200 martyr?
1909 5144 2008 5183 an-

417 5226 527 5264 non
562 5226 783 5280 propter
806 5212 1006 5267 Christi
1034 5214 1305 5283 gloriam?
1334 5217 1434 5283 Qui
1482 5232 1581 5286 pro
1625 5217 1841 5273 Christo
1884 5221 2005 5274 ani—

420 5322 565 5359 niam
600 5308 847 5377 posuisti,
903 5310 1030 5378 quid
1087 5311 1357 5380 pupularis
1403 5312 1725 5377 Ecclesium,
1771 5328 1870 5382 pro
1901 5329 2004 5385 qua

416 5401 667 5455 Christus
694 5417 845 5456 suam
874 5402 1108 5471 profudit
1157 5395 1435 5458 ani'mam?
1474 5406 1613 5459 Audi
1660 5405 1880 5460 Paulum
1927 5406 2007 5460 di-

416 5504 655 5554 centem,
691 5492 814 5546 Non
841 5511 951 5547 sunt
980 5494 1164 5564 dignus
1203 5499 1370 5549 vocari
1396 5497 1659 5562 apostolus
1680 5539 1695 5563 ,
1723 5498 1817 5566 qui.
1837 5513 2007 5567 perse-

414 5595 604 5651 quutus
622 5600 736 5636 sum
770 5582 1050 5637 Ecclesium
1075 5583 1174 5639 Dei
1197 5584 1244 5658 (i
1261 5627 1274 5639 .
1303 5586 1422 5643 Cor.
1450 5587 1535 5641 15.
1562 5586 1641 5655 9),
1664 5595 1718 5642 et
1744 5602 1859 5643 eam
1891 5603 2009 5642 sum

415 5673 795 5743 depopulatus.
819 5674 935 5730 Non
965 5685 1048 5732 est
1073 5677 1174 5732 hoc
1200 5678 1377 5734 minus
1402 5677 1659 5734 damnum
1685 5695 1843 5751 quam
1863 5681 2004 5751 quod

413 5766 644 5822 adertur
695 5768 765 5821 ab
816 5767 1067 5837 inimicis,
1113 5770 1206 5825 sed
1251 5772 1420 5825 multo
1472 5772 1665 5844 majus.
1718 5773 1849 5830 Nam
1881 5774 2009 5830 illud

782 5865 1047 5926 PATBOL.
1088 5866 1205 5927 Gn.
1252 5866 1445 5938 LXII.

2078 428 2293 499 quidem
2316 445 2437 485 eam
2467 431 2631 487 efficit
2654 431 2972 500 clariorem;
3000 432 3103 488 hoc
3131 442 3309 489 autent
3333 432 3499 489 etiam
3520 432 3662 503 apud

2080 523 2326 580 inimicos
2350 540 2471 578 eam
2501 525 2700 594 probro
2731 540 2795 581 ac
2816 524 3083 581 dedecore
3108 526 3273 580 afficit
3290 566 3306 589 ,
3335 523 3552 596 quando
3575 525 3660 579 sui

2074 617 2169 671 filii
2197 632 2316 673 eam
2342 617 2485 674 bello
2514 629 2790 690 appetunt.
2824 618 3050 676 Videtur
3079 619 3223 675 enim
3264 632 3516 689 magnum
3541 630 3663 671 esse

2080 709 2280 766 fraudis
2308 710 2562 766 indicium
2585 710 2726 781 apud
2755 724 2875 776 eos,
2907 710 3048 782 quod
3075 708 3167 782 qui
3213 710 3265 764 iu
3312 724 3372 764 ea
3401 717 3525 762 sunt
3551 707 3663 762 nati

2079 813 2134 858 et
2156 804 2366 859 educati
2415 813 2470 858 et
2506 804 2622 873 ejus
2667 819 2862 860 arcana
2912 816 3106 861 exacte
3158 802 3481 866 didicerunt,
3515 800 3551 856 ii
3576 815 3664 855 re-

2080 905 2242 965 pente
2267 897 2476 962 mutati,
2508 908 2777 968 tamquam
2807 898 3007 953 inimici
3035 896 3089 951 in
3111 911 3232 952 eam
3263 898 3370 950 sint
3390 894 3584 949 allecti.

2152 989 2204 1043 5.
2250 988 2373 1043 lla-c
2393 1004 2421 1042 a
2453 1005 2538 1044 me
2563 989 2703 1045 dicta
2745 990 2853 1045 sint
2892 989 2960 1045 ad
2999 1003 3113 1056 eos,
3144 989 3231 1057 qui
3263 1002 3324 1042 se
3348 986 3554 1041 dedunt
3582 984 3668 1039 iu-

2080 1077 2486 1134 discritniuatim
2526 1080 2614 1146 iis,
2656 1080 2749 1151 qui
2776 1080 3028 1136 scindunt
3078 1079 3397 1134 Ecclesium.
3442 1076 3575 1132 Nam
3614 1075 3663 1130 si

2081 1170 2328 1240 dogmata
2359 1171 2575 1241 quidem
2604 1171 2802 1227 habent
2853 1171 3143 1236 contraria,
3177 1169 3260 1225 vel
3292 1177 3513 1241 propter
3559 1165 3664 1222 hoc

2082 1260 2257 1330 ipsum
2279 1275 2386 1316 non
2416 1262 2773 1318 conveniebat
2794 1277 2918 1318 cum
2951 1262 3056 1317 illis
3078 1261 3292 1317 misceri
3322 1282 3336 1317 :
3368 1261 3451 1315 sin
3482 1267 3661 1314 autem

2082 1353 2269 1409 eadem
2296 1355 2555 1421 sentiunt,
2584 1355 2755 1410 multo
2802 1355 2991 1423 magis.
3030 1353 3246 1422 Quare?
3286 1350 3550 1421 Quoniam
3579 1355 3665 1405 est

2082 1448 2302 1502 morbus
2330 1448 2637 1502 ambitionis
2661 1457 2716 1503 et
2739 1448 2938 1502 amoris
2967 1446 3174 1517 imperii
3217 1455 3273 1501 et
3297 1445 3660 1516 magistratus.

2081 1540 2311 1596 Nescitis
2331 1541 2456 1611 quid
2476 1543 2615 1612 passi
2636 1542 2933 1605 suntCore,
2958 1541 3164 1596 Datban
3185 1548 3240 1596 et
3260 1538 3462 1594 Abiron
3484 1536 3508 1590 ?
3538 1549 3665 1589 num

2084 1635 2182 1703 ipsi
2215 1635 2361 1690 soli?
2386 1650 2564 1689 annon
2591 1636 2751 1691 etiam
2782 1636 2819 1690 ii
2846 1636 2936 1706 qui
2975 1644 3132 1691 erant
3174 1650 3296 1690 cum
3326 1634 3456 1705 ipsis
3475 1637 3500 1688 2
3528 1630 3665 1702 Quid

2084 1727 2254 1782 dicis?
2283 1727 2469 1783 eadem
2500 1738 2584 1782 est
2615 1728 2768 1793 fides,
2812 1728 2886 1782 illi
2927 1742 3140 1797 quoque
3182 1736 3308 1781 sunt
3345 1724 3667 1781 orthodoxi?

2084 1835 2181 1875 cur
2226 1834 2355 1892 ergo
2406 1836 2510 1874 non
2551 1829 2675 1875 sunt
2723 1819 3044 1874 nobiscum?
3071 1817 3219 1873 Unus
3257 1816 3536 1880 Dominus,
3563 1830 3670 1868 una

2084 1911 2233 1980 ﬁdes,
2256 1927 2410 1964 unum
2455 1910 2721 1981 baptisma.
2772 1909 2828 1966 Si
2879 1925 2964 1965 res
3006 1909 3219 1964 illorum
3252 1914 3397 1962 recte
3428 1906 3665 1971 habent,

2086 2013 2286 2059 nostrae
2314 2008 2485 2073 male;
2517 2007 2563 2062 si
2600 2023 2689 2063 res
2733 2016 2930 2062 nostrae
2957 2007 3115 2071 bene,
3149 2019 3236 2060 res
3264 2004 3474 2058 illorum
3500 1999 3665 2056 male.

2088 2095 2322 2164 Parvuli,
2342 2098 2532 2169 inquit,
2554 2101 2877 2170 ﬂuctuantes,
2901 2109 2947 2153 et
2973 2099 3059 2169 qui
3085 2097 3511 2167 circumferuntur
3530 2095 3671 2150 omni

2088 2200 2254 2243 vento.
2280 2190 2703 2257 Existimatisne.
2729 2207 2931 2262 quaeso,
2961 2189 3209 2247 sufficere
3228 2191 3273 2245 si
3289 2190 3500 2245 dicatur
3526 2188 3668 2259 quod

2088 2280 2196 2334 sint
2224 2280 2508 2337 orthodoxi
2533 2322 2548 2347 ,
2580 2291 2763 2353 pereat
2790 2293 2969 2337 autem
3014 2293 3068 2338 et
3099 2282 3328 2337 intereat
3356 2279 3671 2336 ordinatio?

2093 2370 2156 2425 Et
2177 2371 2301 2440 quid
2330 2381 2556 2441 prosunt
2601 2373 2728 2436 alia.
2761 2373 2804 2428 si
2831 2389 2895 2429 ea
2937 2389 3041 2428 non
3085 2374 3154 2428 sit
3202 2382 3390 2430 exacta
3431 2381 3485 2428 et
3510 2386 3673 2426 accu-

2093 2378 2156 2425 b‘t
2177 2378 2301 2440 quid
2330 2381 2556 2441 prosunt
2601 2378 2728 2436 alia.
2761 2378 2804 2428 si
2831 2389 2895 2429 ea
2937 2389 3041 2428 non
3085 2378 3154 2428 sit
3202 2382 3390 2430 exacta
3431 2381 3485 2428 et
3510 2386 3673 2426 scen-

2091 2470 2204 2517 rata
2226 2463 2248 2516 ’ἒ
2272 2462 2423 2518 Sicut
2449 2464 2591 2519 enim
2620 2480 2717 2535 pro
2748 2464 2873 2529 fide,
2901 2466 2972 2521 ita
2998 2467 3162 2521 etiam
3193 2481 3290 2535 pro
3318 2465 3417 2520 hac
3432 2378 3719 2551 pugnau-/

2089 2551 2215 2607 dum
2237 2562 2340 2608 est.
2365 2551 2499 2608 Nam
2528 2553 2575 2608 si
2604 2554 2819 2610 cuilibet
2870 2556 2996 2610 licet
3037 2569 3162 2609 suas
3195 2554 3418 2624 implere
3458 2562 3697 2621 manus;

2092 2651 2151 2698 ut
2192 2643 2440 2699 dicebant
2485 2652 2717 2711 veteres,
2774 2654 2829 2700 et
2877 2644 2992 2701 fieri
3040 2646 3367 2714 sacerdotes,
3416 2646 3676 2702 accedant

2093 2750 2321 2791 omnes:
2351 2734 2547 2791 frustra
2587 2735 2688 2792 fuit
2728 2735 2846 2791 haec
2892 2752 2985 2791 ara
3031 2736 3313 2801 aedificata.
3367 2738 3564 2793 frustra
3590 2746 3677 2795 est

2095 2827 2285 2898 plenus
2312 2827 2565 2883 Ecclesiae
2593 2839 2915 2893 conventus,
2972 2827 3166 2883 fruszra
3215 2838 3297 2883 est
3335 2829 3672 2884 sacerdotum

2096 2933 2348 2976 numerus
2381 2938 2395 2974 :
2426 2935 2488 2976 ea
2517 2920 2584 2976 de
2610 2921 2786 2976 medio
2814 2921 3061 2976 tollamus
3087 2930 3141 2976 et
3168 2920 3468 2991 perdamus.
3496 2921 3670 2986 Absit,
3762 2944 3763 2947 η

2095 3010 2284 3083 inquit.
2321 3009 2431 3067 Vos
2456 3012 2568 3067 haec
2594 3012 2707 3083 ipsa
2746 3012 2960 3078 facitis;
2993 3022 3049 3068 et
3085 3012 3282 3078 dicitis,
3327 3012 3514 3068 Absit?
3542 3027 3678 3084 quo-

2095 3104 2257 3159 modo
2281 3103 2438 3171 dicis,
2482 3104 2658 3170 Absit,
2706 3119 2827 3160 cum
2874 3106 2986 3175 ipsa
3038 3106 3170 3160 facta
3200 3104 3350 3160 sint?
3398 3104 3514 3175 Ego
3561 3104 3677 3159 haec

2095 3195 2217 3249 dico
2244 3204 2298 3250 et
2324 3194 2600 3260 testificor,
2632 3211 2737 3251 non
2767 3207 3015 3265 spectans
3042 3195 3094 3250 id
3123 3195 3261 3266 quod
3286 3210 3401 3251 mea
3428 3195 3674 3258 interest,

2096 3286 2190 3343 sed
2217 3299 2450 3343 vestram
2480 3288 2708 3343 salutem
2738 3305 2751 3340 :
2780 3288 2823 3342 si
2868 3287 2989 3357 quis
3026 3287 3098 3342 sit
3136 3287 3223 3358 qui
3251 3296 3394 3356 putet
3426 3286 3559 3341 nihil
3586 3302 3675 3341 reo

2096 3380 2259 3443 ferre,
2288 3380 2401 3448 ipse
2422 3380 2652 3446 viderit;
2685 3381 2728 3434 si
2755 3380 2841 3435 cui
2865 3390 3042 3435 autem
3065 3395 3128 3435 ex
3156 3380 3237 3435 bis
3267 3395 3372 3435 non
3402 3388 3487 3436 est
3506 3394 3676 3446 curae,

2097 3479 2152 3524 at
2178 3470 2332 3525 nobis
2353 3480 2436 3526 est
2470 3488 2483 3524 :
2517 3470 2624 3540 Ego
2654 3470 2900 3540 plantavi,
2931 3471 3119 3539 inquit,
3155 3471 3338 3541 Apollo
3356 3473 3557 3542 rigavit,
3584 3473 3674 3526 sed

2067 3637 2072 3640 _
2098 3561 2239 3616 Deus
2268 3561 2407 3615 dedit
2432 3563 2795 3616 incrementum
2842 3564 2916 3635 (l.
2946 3561 3067 3618 Cor.
3091 3563 3145 3619 5.
3188 3562 3266 3634 6).
3296 3564 3576 3630 Quomodo
3604 3562 3682 3619 fc-

2100 3668 2280 3709 rcmus
2308 3653 2618 3709 Grrecorutn
2650 3652 2815 3708 risum
2845 3664 2898 3708 et
2925 3654 3211 3709 ludibrium
3237 3656 3260 3708 ’ἔ
3291 3655 3421 3710 Nam
3449 3657 3493 3710 si
3524 3657 3678 3710 nobis

2098 3745 2310 3801 crimini
2359 3746 2490 3801 dant
2538 3746 2794 3813 haereses,
2841 3747 3024 3803 dehis
3066 3747 3192 3817 quid
3235 3763 3341 3802 non
3372 3747 3594 3805 dicent?
3623 3747 3695 3802 Si

2099 3839 2288 3895 eadem
2314 3848 2440 3894 sunt
2468 3838 2740 3908 dogmata,
2765 3839 2809 3895 si
2836 3838 3025 3895 eadem
3056 3838 3331 3910 mysteria,
3361 3854 3590 3909 quanam
3615 3839 3682 3895 de

2100 3948 2260 3988 causa
2290 3933 2428 3987 alius
2457 3942 2637 3988 rector
2682 3932 2841 3987 aliam
2872 3932 3077 3987 invadit
3104 3929 3444 3988 Ecclesiam?
3471 3932 3680 3999 Videte,

2102 4025 2369 4095 inquiunt,
2401 4022 2543 4095 quod
2570 4039 2658 4079 res
2680 4038 2874 4080 omnes
2897 4023 3323 4080 Cbrisuauorum
3351 4025 3525 4095 plena:
3555 4033 3683 4079 sunt

2104 4119 2250 4173 inani
2270 4118 2482 4189 gloria?
2510 4118 2653 4189 quod
2674 4119 2898 4173 ambitio
2924 4117 3063 4188 apud
3088 4132 3203 4183 eos,
3239 4115 3381 4172 fraus
3406 4127 3462 4172 et
3477 4117 3632 4171 dolus
3661 4117 3687 4168 ?

2102 4209 2293 4264 Adime
2318 4210 2419 4276 eis,
2435 4209 2700 4281 inquiunt,
2722 4209 3134 4274 multitudinem,
3149 4208 3401 4264 exscinde
3415 4207 3682 4272 morbum,

2103 4311 2159 4356 et
2184 4303 2352 4357 turba:
2389 4302 2811 4372 corruptionem,
2867 4309 2922 4355 et
2959 4299 3093 4355 nihil
3122 4308 3266 4353 sunt.
3307 4297 3481 4354 Vultis
3508 4298 3682 4353 dicam

2103 4406 2223 4462 quae
2248 4390 2430 4446 dicunt
2457 4391 2523 4444 de
2549 4399 2731 4445 nostra
2761 4389 3018 4445 civitate?
3043 4388 3312 4458 quomodo
3335 4403 3433 4443 nos
3459 4399 3687 4458 arguunt

2104 4482 2172 4538 de
2204 4481 2369 4537 nimia
2390 4481 2687 4537 facilitate?
2709 4482 2873 4548 Licet,
2911 4481 3170 4552 inquiunt,
3189 4480 3358 4534 cuivis
3379 4480 3575 4535 volenti
3608 4481 3688 4534 in-

2105 4575 2290 4629 venire
2310 4574 2398 4644 qui
2429 4573 2850 4643 persuadeautur
2876 4582 2929 4627 et
2949 4572 3207 4636 credant;
3236 4585 3335 4625 nec
3362 4572 3394 4625 ii
3428 4585 3680 4640 umquam

2107 4666 2393 4722 defuerint.
2423 4664 2467 4721 Ο
2490 4681 2600 4722 rem
2633 4664 2944 4720 ridiculam!
2986 4664 3263 4730 Quodnam
3290 4675 3372 4719 est
3400 4667 3500 4720 hoc
3525 4662 3691 4719 dede-

2110 4761 2245 4815 cus?
2270 4759 2374 4816 Sed
2403 4767 2485 4815 est
2513 4759 2656 4814 aliud
2707 4774 2920 4829 quoque
2959 4759 3265 4825 ridiculum,
3295 4768 3348 4813 et
3390 4758 3533 4814 aliud
3562 4773 3690 4828 pro-

2114 4852 2266 4906 brum
2317 4867 2381 4907 ac
2408 4851 2662 4907 dedecus.
2712 4851 2889 4923 Siqui
2917 4868 2981 4908 ex
3027 4852 3183 4908 nobis
3229 4853 3459 4908 convicti
3509 4866 3687 4906 rerum

2115 4943 2569 5014 turpissimarum,
2600 4943 2709 4999 sint
2732 4942 2964 5014 aliquam
2993 4958 3206 5015 poenam
3232 4942 3428 5008 daturi,
3462 4954 3686 5009 magnus

2112 5044 2197 5091 est
2243 5044 2465 5104 tremor,
2496 5050 2718 5106 magnus
2746 5037 2984 5106 undique
3012 5050 3193 5106 pavor,
3244 5034 3322 5089 Ne
3348 5032 3571 5096 resiliat,
3605 5031 3690 5084 in-

2114 5131 2249 5199 quit,
2297 5139 2348 5183 et
2397 5129 2680 5195 desciscat,
2715 5145 2783 5185 ne
2809 5140 2916 5185 stet
2957 5145 3079 5184 cum
3113 5129 3237 5183 illis.
3271 5127 3459 5181 Millies
3491 5124 3695 5179 resiliat

2113 5236 2178 5277 ac
2222 5220 2437 5276 deficiat
2483 5228 2534 5275 et
2588 5221 2805 5277 sitcum
2832 5221 2958 5284 illis,
2983 5237 3087 5274 non
3116 5218 3259 5282 dico,
3290 5217 3333 5271 si
3361 5216 3480 5287 quis
3524 5217 3594 5272 sit
3622 5233 3691 5272 ex

2117 5315 2181 5369 iis
2222 5314 2313 5385 qui
2355 5302 2670 5385 peccaruut,
2713 5314 2807 5369 sed
2852 5313 2952 5369 etsi
3003 5314 3122 5381 quis
3165 5311 3235 5364 sit
3286 5310 3418 5364 nulli
3472 5320 3691 5381 peccato

2117 5408 2382 5462 obnoxius
2412 5418 2467 5462 et
2489 5408 2601 5461 vult
2633 5406 2887 5471 deficere,
2917 5404 3148 5460 deﬁciat.
3177 5402 3308 5457 Nam
3344 5416 3445 5474 ego
3474 5404 3689 5473 quidem

2116 5500 2272 5554 doleo
2303 5508 2357 5554 et
2385 5498 2559 5553 deﬂeo
2601 5506 2656 5553 et
2695 5497 2891 5568 plango
2916 5505 2970 5551 et
3010 5496 3308 5552 visceribus
3346 5494 3608 5562 dissecor,
3637 5503 3695 5551 ut

2115 5593 2204 5662 qui
2237 5592 2417 5661 priver
2466 5590 2681 5661 proprio
2735 5589 3011 5655 membro;
3056 5591 3151 5645 sed
3182 5605 3286 5644 non
3335 5588 3409 5643 ita
3458 5587 3616 5644 doleo
3645 5597 3700 5640 ut

2120 5692 2338 5755 propter
2380 5693 2580 5741 metum
2633 5699 2796 5755 cogar
2838 5681 3037 5757 aliquid
3085 5682 3263 5740 facere
3306 5679 3447 5735 haud
3494 5693 3695 5736 conve-

2122 5778 2294 5835 uicus.

3246 5862 3288 5925 δ
3354 5884 3361 5893 .
