4080 6218
364 322 433 377 ω
1116 300 1174 354 s.
1214 290 1490 357 103Nle
1524 277 1997 344 cnnvsosrom
2028 248 2336 334 Attamen.
2373 270 2908 330 CONSTANTINOP.
3574 256 3644 311 ss

437 433 827 505 Chrysostomus
868 421 1111 480 doctrinm
1145 415 1281 472 verbi
1324 412 1617 484 prwfectus.
1664 397 1950 505 Ecclesium

370 493 597 583 scindere
623 538 723 577 non
747 516 914 574 minus
930 522 1003 570 est
1034 510 1223 566 malum
1251 519 1402 575 quam
1431 497 1651 555 incidere
1687 494 1741 547 in
1787 493 1947 544 Ita’re-

368 620 484 673 sint.
515 644 588 657 -—
613 612 732 669 Non
764 608 1107 665 dominamur
1136 606 1328 662 vestra:
1368 589 1514 652 fidei.
1544 604 1578 644 ο
1614 584 1821 646 dilecti,
1854 594 1952 635 nec

368 705 572 763 domini
619 715 770 758 more
797 699 914 754 htec
941 696 1266 763 imperamus
1294 702 1308 741 :
1336 680 1597 739 doctrinae
1636 675 1785 733 verbi
1816 689 1951 744 pra:-

369 801 491 858 fecti
517 811 704 855 sumus
735 812 748 849 :
780 806 886 848 non
930 796 1018 844 est
1059 793 1237 839 autem
1284 777 1442 835 nobis
1472 771 1757 830 mandatus
1783 765 1947 836 magi-

370 901 591 957 stratus,
644 901 744 943 nec
767 884 890 939 data
930 876 1260 935 auctoritas:
1293 866 1722 926 consiliariorum
1763 863 1953 913 admo-

370 984 610 1042 twntium
644 981 818 1034 locqu
847 983 1111 1030 tenemus.
1154 962 1502 1023 Consiliarius
1530 957 1661 1014 dicit
1696 968 1816 1026 qua
1840 967 1870 1007 a
1897 966 1957 1007 se

372 1075 686 1147 procedunt,
735 1087 840 1126 non
880 1065 1252 1123 necessitatem
1303 1058 1536 1114 efferens
1563 1050 1791 1108 auditori
1820 1046 1955 1115 ;sed

373 1140 426 1227 in
452 1170 575 1240 ejus
601 1171 866 1237 potestate
888 1160 1106 1215 dimittit
1134 1150 1457 1210 tit-facienda
1489 1148 1787 1218 eligatquze
1813 1140 1956 1196 dicta

373 1232 500 1316 sunt
525 1277 538 1313 :
566 1232 739 1327 culpae
761 1263 874 1308 tum
896 1251 1069 1305 solum
1099 1254 1184 1302 est
1213 1242 1498 1305 olmoxius,
1543 1239 1588 1293 si
1622 1252 1727 1291 non
1759 1232 1959 1288 dixerit

374 1368 494 1424 qua:
521 1352 570 1408 ei
598 1323 722 1407 sunt
741 1344 1048 1404 commissa.
1077 1339 1207 1395 Ideo
1226 1336 1340 1392 haec
1369 1333 1615 1391 dicimus,
1649 1328 1765 1383 haec
1788 1323 1958 1394 loqui-

376 1415 516 1511 mur,
565 1458 634 1498 ne
682 1439 773 1495 illo
817 1437 906 1493 die
955 1435 1116 1490 liceat
1164 1427 1318 1485 vobis
1360 1425 1558 1487 dicere,
1608 1419 1778 1476 Nemo
1806 1415 1959 1471 nobis

374 1508 528 1602 dixit,
552 1549 712 1590 nemo
737 1527 1013 1601 explicuit,
1044 1521 1430 1595 ignoravimus,
1449 1515 1651 1571 nullum
1681 1508 1957 1567 existima-

374 1633 549 1686 vimus
595 1640 716 1683 esse
763 1629 1064 1694 peccatum.
1092 1616 1383 1685 Propterea
1429 1608 1552 1663 dico
1579 1614 1636 1661 et
1666 1608 1956 1675 protestor,

379 1720 673 1778 Ecclesium
723 1713 972 1771 scindere
1005 1724 1110 1764 non
1154 1706 1332 1760 minus
1374 1715 1496 1758 esse
1544 1697 1768 1760 malum,
1800 1708 1958 1765 quam

379 1813 616 1870 incidere
645 1808 698 1865 in
727 1803 997 1862 haeresim.
1028 1800 1123 1855 Dic
1143 1795 1348 1857 mihi,si
1376 1792 1495 1864 quis
1517 1790 1677 1845 alicui
1692 1788 1802 1858 regi
1827 1785 1961 1840 sub-

372 1908 568 1973 iectus,
612 1900 679 1955 ad
724 1897 885 1952 alium
931 1891 1146 1964 quidem
1196 1901 1303 1942 non
1341 1881 1620 1947 defecerit,
1679 1892 1853 1948 neque
1902 1888 1963 1930 se

378 1969 535 2052 alicui
566 1991 677 2062 regi
702 1984 988 2049 dediderit,
1018 1980 1111 2037 sed
1144 1979 1287 2034 illius
1311 1981 1583 2044 acceptam
1612 1978 1667 2025 et
1691 1969 1961 2024 detentam

378 2057 666 2159 purpuram
696 2096 725 2135 a
748 2078 908 2135 ﬁbula
941 2085 1105 2130 totam
1136 2068 1435 2131 demiserit,
1468 2074 1523 2120 et
1554 2064 1606 2119 in
1653 2061 1818 2117 multa
1853 2057 1963 2113 fra-

378 2149 593 2249 gmenta
621 2169 934 2240 disruperit,
978 2180 1047 2219 an
1081 2162 1260 2218 minus
1286 2157 1539 2229 punietur
1581 2168 1741 2225 quam
1777 2150 1866 2221 qui
1896 2149 1963 2204 ad

379 2242 609 2324 alterum
657 2255 1013 2317 defecerunt?
1040 2251 1178 2322 Quid
1224 2264 1374 2315 vero,
1429 2247 1473 2301 si
1513 2246 1733 2315 insuper
1790 2242 1964 2312 ipsum

380 2369 593 2428 quoque
641 2364 824 2421 regem
871 2346 1056 2417 jugulo
1118 2342 1513 2423 apprehensum
1566 2334 1963 2396 interemisset,

382 2422 722 2505 membratim
742 2440 1054 2506 discerpens
1083 2422 1200 2504 ejus
1226 2444 1444 2501 corpus,
1491 2440 1750 2499 quasnam
1781 2438 1967 2494 poenas

383 2537 618 2594 dedisset
646 2546 747 2603 pro
770 2527 1021 2586 meritis?
1048 2524 1105 2580 Si
1125 2532 1305 2578 autem
1331 2520 1419 2592 qui
1443 2519 1553 2589 regi
1579 2531 1840 2574 conservo
1869 2529 1970 2570 suo

387 2630 488 2683 hoc
514 2626 719 2687 fecerit,
749 2620 953 2694 majora
983 2617 1111 2672 fecit
1139 2630 1297 2685 quam
1332 2620 1388 2667 ut
1411 2626 1545 2682 quas
1593 2623 1690 2679 par
1729 2617 1815 2664 est
1840 2606 1971 2662 dare

386 2721 556 2793 possit
584 2713 927 2788 pmrras;qui
952 2710 1227 2768 Christum
1273 2706 1484 2778 jugulat
1528 2712 1584 2760 et
1634 2701 1970 2758 membratim

386 2811 625 2872 dilaniat,
654 2822 812 2878 quam
862 2819 968 2860 non
1016 2800 1311 2858 merebitur
1353 2794 1696 2869 gehennam?
1740 2794 1969 2861 hancne,

387 2903 539 2971 cujus
592 2907 716 2955 sunt
756 2898 1031 2952 intentatze
1061 2889 1261 2948 minae?
1292 2890 1403 2959 Ego
1426 2887 1640 2959 quidem
1670 2900 1775 2940 non
1825 2883 1971 2939 arbi-

390 3004 526 3056 tror,
571 2990 665 3046 sed
713 2988 872 3043 aliam
923 2987 1079 3055 longe
1132 2981 1454 3052 graviorem.
1501 2977 1672 3033 Dicite
1713 2984 1975 3047 quotquot

389 3085 589 3141 adesus
632 3084 650 3155 (
681 3097 800 3136 nam
831 3094 1022 3147 magna
1048 3092 1114 3133 ex
1137 3085 1287 3146 parte
1316 3074 1417 3130 hoc
1446 3082 1529 3130 est
1560 3072 1814 3127 delictum
1859 3086 1975 3126 mu-

300 3222 309 3229 .
393 3173 662 3245 lierum),
719 3169 1031 3227 absentibus
1078 3175 1294 3222 narrate
1348 3164 1453 3219 hoc
1502 3161 1830 3232 exemplum,
1883 3176 1976 3217 eas

396 3275 616 3323 terrete.
661 3264 719 3320 Si
769 3264 859 3334 qui
903 3261 1214 3318 existimant
1245 3274 1333 3313 me
1356 3256 1546 3312 dolore
1575 3254 1795 3310 allicere
1821 3263 1877 3310 et
1899 3255 1977 3309 sic

395 3358 603 3424 ulcisci,
623 3357 793 3411 sciant
823 3368 881 3408 se
911 3352 1025 3408 haec
1054 3351 1246 3407 frustra
1301 3348 1498 3405 facere.
1540 3346 1673 3402 Nam
1702 3347 1746 3402 si
1774 3360 1872 3401 nos
1897 3345 1977 3399 vis

396 3447 601 3513 ulcisci,
630 3460 731 3516 ego
757 3444 849 3499 tibi
876 3442 948 3498 do
993 3441 1236 3508 modum,
1284 3454 1391 3511 quo
1431 3438 1637 3509 absque
1665 3436 1861 3493 damno
1889 3446 1981 3492 tuo

398 3541 583 3598 ulcisci
612 3539 821 3610 possis;
852 3539 960 3593 imo
989 3551 1118 3592 vero
1164 3550 1272 3590 non
1313 3535 1516 3605 absque
1555 3532 1753 3588 damno
1799 3529 1981 3586 ulcisci

400 3635 521 3704 quis
550 3641 748 3703 potest,
793 3640 849 3684 at
893 3628 1086 3683 saltem
1127 3641 1249 3681 cum
1297 3624 1490 3680 minori
1525 3622 1826 3692 :colapltos
1851 3618 1982 3675 mihi

403 3726 657 3796 impinge,
686 3736 926 3792 eonspue
953 3721 1005 3774 in
1033 3718 1246 3789 publico
1274 3730 1587 3780 occurrens,
1615 3725 1670 3770 et
1696 3715 1875 3784 plagas
1906 3712 1987 3766 in-

405 3816 563 3887 llige..

475 3904 533 3964 6.
570 3900 848 3959 llorrescis
895 3900 1008 3955 haec
1050 3898 1319 3954 audiens?
1364 3895 1642 3952 llorrescis
1686 3893 1730 3948 si
1774 3892 1985 3952 dixero,

406 3994 675 4066 Colaphos
717 3992 848 4048 mihi
892 3992 1127 4061 impinge
1167 4006 1181 4042 :
1211 3997 1266 4045 et
1294 3987 1575 4043 Dominum
1607 3995 1753 4041 tuum
1782 3983 1987 4040 discer-

411 4087 514 4157 pis,
561 4098 663 4142 nec
701 4082 1020 4140 horrescis?
1068 4079 1307 4136 membra
1350 4077 1561 4133 Domini
1607 4076 1893 4141 dilaceras,
1938 4083 1993 4129 et

410 4194 518 4235 non
543 4175 951 4234 contremiscis?
972 4173 1210 4230 Ecclesia
1232 4181 1318 4228 est
1340 4169 1530 4226 domus
1557 4177 1804 4241 paterna,
1826 4183 1993 4223 unum

413 4283 630 4341 corpus,
660 4277 716 4325 et
742 4281 880 4324 unus
902 4266 1145 4337 spiritus.
1182 4262 1288 4320 Sed
1315 4262 1397 4318 vis
1424 4276 1511 4319 me
1538 4260 1722 4315 ulcisci
1748 4260 1772 4311 *ε
1802 4257 1883 4313 Ad
1911 4271 1997 4312 me

415 4378 584 4435 usque
623 4361 881 4418 consiste.
931 4359 1039 4415 Cur
1074 4374 1173 4430 pro
1219 4371 1308 4412 me
1350 4353 1623 4410 Christum
1669 4348 1998 4406 ulcisceris?

416 4457 526 4513 imo
550 4471 647 4512 cur
672 4454 930 4511 adversus
955 4452 1136 4507 clavos
1161 4448 1443 4506 culcitras?
1472 4448 1647 4515 Atque
1672 4443 1857 4499 ulcisci
1884 4440 2002 4511 qui-

418 4546 541 4604 dem
579 4562 842 4618 nusquam
869 4555 952 4601 est
988 4546 1185 4600 bonum
1216 4556 1315 4597 nec
1345 4540 1632 4595 honestum
1664 4537 1878 4603 ;altero
1903 4550 2001 4589 au-

422 4644 531 4692 tem
565 4634 814 4706 iujuriam
844 4634 1092 4698 faciente,
1133 4632 1363 4687 alterum
1401 4626 1722 4684 contumelia
1762 4624 2001 4689 allicere,

423 4735 510 4784 est
529 4726 686 4798 longe
714 4725 949 4796 gravius.
983 4724 1179 4795 lnjuria
1209 4737 1268 4778 es
1295 4737 1322 4775 a
1353 4720 1511 4777 nobis
1535 4718 1758 4774 allectus
1782 4717 1805 4771 ‘t
1827 4732 1923 4771 cur
1952 4714 2005 4770 ei

425 4833 487 4876 es
528 4817 788 4874 molestus
837 4816 924 4885 qui
981 4813 1073 4869 tibi
1123 4828 1229 4869 non
1274 4812 1399 4868 fecit
1454 4806 1738 4878 iniuriam?
1786 4806 1889 4862 hoc
1924 4815 2009 4861 est

431 4922 687 4969 extremas
717 4908 960 4965 insaniae.
1004 4906 1117 4962 Non
1166 4921 1261 4977 per
1305 4904 1530 4958 ironiam
1570 4901 1692 4956 dico
1718 4898 1860 4969 quod
1889 4913 2007 4952 sum

429 5004 693 5072 dicturus,
722 5016 894 5073 neque
925 5009 1163 5063 temere,
1195 4996 1288 5053 sed
1318 4997 1387 5050 ita
1420 5004 1479 5050 ut
1504 4993 1679 5050 sentio
1704 4999 1758 5047 et
1781 5004 1900 5045 sum
1936 4988 2012 5043 af-

430 5093 853 5154 fectus:vcllem
899 5103 1333 5160 unumquemque
1380 5100 1563 5141 eorum
1604 5083 1695 5153 qui
1737 5080 2011 5136 vobiscum

2057 390 2110 446 in
2148 405 2247 447 nos
2289 390 2529 446 ulcerato
2555 395 2683 443 sunt
2721 385 2938 449 animo,
2968 390 3024 438 et
3051 376 3207 436 nobis
3249 374 3391 432 male
3419 371 3638 432 volunt,

2055 493 2110 541 et
2135 493 2353 555 propter
2376 482 2521 537 hunc
2542 495 2698 536 suum
2726 477 2891 535 animi
2907 474 3150 531 dolorem
3181 471 3390 542 seipsos
3418 463 3637 530 laedunt,

2054 584 2114 633 et
2138 576 2245 632 alio
2271 575 2489 640 vadunt,
2517 572 2672 628 nobis
2698 571 2750 626 in
2783 571 2895 640 ipsa
2927 567 3062 623 l'aeie
3087 566 3271 637 plagas
3296 558 3561 632 inﬂigere,
3587 569 3641 613 et

2058 670 2287 723 nudatos
2309 665 2490 736 ﬂagris
2518 662 2728 720 caedere
2747 662 2861 718 sive
2884 661 3006 730 jure
3034 657 3149 712 sive
3175 654 3368 726 injuria
3392 666 3635 715 accuser,

2057 768 2112 814 et
2141 758 2272 814 iram
2321 758 2375 812 in
2406 771 2503 812 nos
2531 755 2821 810 immittere
2859 750 3036 823 potius
3073 762 3232 819 quam
3262 760 3323 801 ea
3353 759 3473 816 qua
3497 758 3638 799 nunc

2059 850 2258 905 audent
2296 848 2491 904 facere.
2524 847 2579 905 Si
2630 847 2731 902 hoc
2776 845 2927 900 fieret
2956 883 2972 910 ,
3018 841 3149 897 nihil
3189 846 3335 895 esset
3368 836 3637 893 hominem

2060 940 2211 996 nihili
2239 949 2294 996 et
2322 939 2523 994 nullius
2550 935 2921 993 aestimationis
2963 934 3076 989 haec
3103 930 3235 1003 pati.
3269 929 3517 999 Alioquin
3545 942 3641 981 an-

2062 1039 2167 1086 tem
2203 1044 2303 1101 ego
2358 1028 2551 1099 injuria
2589 1037 2645 1083 et
2670 1024 2993 1091 contumelia
3031 1022 3254 1078 allectus
3284 1020 3451 1075 Deum
3479 1033 3636 1088 roga-

2061 1138 2209 1191 rem,
2259 1130 2314 1177 et
2356 1129 2532 1176 vestra
2578 1127 2800 1190 peccata
2839 1115 3139 1172 remitteret
3179 1130 3194 1166 :
3237 1126 3342 1167 non
3387 1109 3636 1180 quoniam

2062 1224 2263 1271 tantam
2292 1213 2464 1269 habeo
2492 1211 2766 1274 ﬁduciam,
2791 1209 2887 1265 sed
2917 1207 3169 1275 quoniam
3197 1205 3285 1275 qui
3311 1212 3395 1259 est
3419 1203 3639 1257 allectus

2063 1306 2276 1376 injuria,
2298 1303 2510 1375 quando
2543 1312 2696 1373 rogat
2728 1316 2826 1372 pro
2849 1314 2916 1355 eo
2941 1300 3028 1369 qui
3060 1296 3189 1352 fecit
3217 1294 3486 1365 injuriam,
3519 1308 3637 1347 ma-

2060 1413 2217 1469 gnam
2248 1396 2408 1451 habet
2453 1393 2723 1448 ﬁduciam.
2755 1392 2818 1447 Si
2855 1392 2906 1445 in
2936 1390 3211 1449 hominem,
3245 1387 3436 1457 inquit,
3463 1401 3641 1455 pecca-

2062 1491 2186 1544 verit
2208 1488 2480 1559 quispiam,
2527 1484 2739 1541 orabunt
2784 1501 2875 1553 pro
2916 1484 3028 1552 ipso
3067 1482 3160 1550 (l.
3192 1480 3318 1550 Reg.
3342 1480 3396 1533 2.
3420 1478 3491 1534 25
3515 1477 3555 1548 ).
3582 1477 3639 1532 Si

2063 1591 2243 1637 autem
2273 1596 2378 1634 non
2420 1592 2633 1649 possem
2659 1591 2778 1646 ego,
2815 1574 2949 1630 alios
2975 1581 3191 1627 sanctos
3220 1585 3520 1643 quaererem
3539 1609 3555 1631 ,
3586 1576 3641 1623 et

2063 1686 2332 1745 rogarem,
2366 1680 2420 1726 et
2446 1669 2550 1725 hoc
2575 1667 2872 1723 efficerent.
2902 1664 3053 1719 Nunc
3081 1671 3259 1717 autem
3295 1674 3452 1731 quem
3482 1673 3640 1729 roga-

2064 1767 2242 1823 bimus
2263 1805 2281 1832 ,
2314 1765 2423 1819 Deo
2447 1778 2478 1815 a
2519 1761 2673 1817 nobis
2703 1759 2897 1815 allecto
2937 1754 3259 1812 contumelia
3288 1754 3312 1808 ?
3350 1752 3480 1807 Vide
3509 1752 3642 1807 inte-

2064 1859 2399 1932 qualitatem.
2420 1856 2495 1911 Ex
2514 1856 2580 1910 iis
2595 1854 2760 1919 enim,
2783 1852 2872 1923 qui
2895 1851 3012 1906 haec
3028 1849 3225 1904 iaciunt
3250 1848 3302 1903 in
3330 1846 3642 1909 Ecclesium,

2067 1953 2157 2008 alii
2197 1949 2410 2021 quidem
2461 1955 2554 2002 aut
2592 1958 2880 2014 numquam
2925 1940 3205 2007 accedunt,
3245 1946 3341 1993 aut
3380 1937 3547 1994 semel
3592 1937 3645 1992 in

2066 2059 2227 2107 anno,
2259 2050 2314 2098 et
2334 2051 2458 2096 tunc
2480 2048 2684 2094 temere
2703 2046 2759 2091 et
2783 2032 3283 2105 quomodocumque
3310 2048 3324 2086 :
3352 2029 3441 2085 alii
3468 2037 3644 2084 autem

2069 2134 2400 2207 frequentius
2428 2130 2669 2202 quidem,
2699 2128 2793 2183 sed
2825 2126 2925 2196 ipsi
2965 2138 3179 2196 quoque
3208 2131 3410 2177 temere
3431 2129 3487 2175 et
3514 2119 3647 2176 levi-

2070 2240 2151 2285 ter
2176 2227 2506 2282 disserentes
2529 2263 2544 2289 ,
2590 2229 2645 2275 et
2687 2219 2756 2275 de
2784 2217 2953 2273 nihilo
2991 2222 3254 2285 nugantes
3296 2230 3310 2267 :
3351 2210 3438 2265 alii
3468 2217 3648 2266 autem

2068 2321 2159 2391 qui
2207 2317 2457 2373 videntur
2482 2312 2627 2369 serio
2663 2324 2824 2383 agere
2846 2351 2862 2375 ,
2899 2308 2951 2362 hi
2978 2314 3104 2362 sunt
3131 2304 3219 2376 qui
3247 2300 3374 2359 sunt
3401 2310 3650 2356 auctores

2071 2411 2226 2481 hujus
2250 2405 2589 2465 calamitatis.
2608 2402 2661 2460 Si
2686 2416 2814 2472 ergo
2839 2414 2934 2455 vos
2953 2411 3165 2470 quoque
3186 2402 3405 2466 propter
3421 2408 3482 2448 ea
3510 2393 3651 2447 serio

2070 2502 2228 2574 agitis
2268 2510 2325 2556 et
2354 2496 2585 2553 studium
2616 2503 2853 2548 vestrum
2901 2487 3119 2560 ponitis,
3164 2485 3332 2541 satius
3369 2493 3516 2539 esset
3558 2497 3654 2535 vos

2072 2595 2359 2651 collocatos
2401 2604 2521 2646 esse
2548 2603 2669 2643 cum
2707 2582 3100 2655 negligentibus
3129 2597 3143 2634 :
3174 2579 3284 2634 imo
3322 2592 3450 2634 vero
3486 2576 3653 2631 satius

2074 2693 2250 2749 esset,
2271 2697 2446 2753 neque
2474 2680 2592 2735 illos
2625 2692 2747 2734 esse
2777 2675 3130 2746 negligentes,
3160 2685 3335 2741 neque
3363 2684 3458 2722 vos
3481 2667 3651 2731 tales;

2076 2793 2183 2833 non
2230 2793 2328 2833 vos
2360 2773 2483 2829 dico
2507 2771 2596 2843 qui
2641 2769 2841 2825 adestis
2863 2808 2881 2835 ,
2909 2766 3005 2822 sed
3042 2764 3164 2820 illos
3203 2763 3293 2833 qui
3322 2760 3569 2817 resiliunt
3592 2773 3657 2814 ac

2074 2872 2399 2927 desciscunt.
2431 2865 2508 2921 Ea
2545 2878 2638 2920 res
2683 2870 2767 2918 est
2794 2857 3139 2914 adulterium.
3187 2854 3243 2910 Si
3282 2867 3413 2923 ergo
3448 2851 3564 2907 haec
3589 2851 3657 2905 de

2077 2964 2183 3018 illis
2210 2960 2313 3017 dici
2345 2972 2451 3014 non
2490 2952 2729 3011 admittis
2749 2992 2764 3019 ,
2787 2965 2916 3021 ergo
2957 2961 3057 3004 nec
3096 2945 3164 3002 de
3203 2945 3358 3000 nobis
3388 2960 3402 2997 :
3432 2957 3553 2997 nam
3589 2958 3657 2997 ex

2075 3052 2287 3110 duobus
2310 3049 2539 3105 alterum
2572 3045 2770 3099 factum
2796 3054 2919 3097 esse
2944 3045 3159 3110 oportet
3182 3045 3380 3106 praeter
3403 3033 3568 3103 leges.
3598 3030 3655 3086 Si

2079 3146 2195 3201 haec
2221 3155 2351 3213 ergo
2375 3140 2443 3195 de
2471 3136 2627 3193 nobis
2651 3150 2747 3190 vos
2768 3128 3130 3203 suspicamini,
3162 3126 3335 3198 parati
3365 3138 3550 3180 sumus
3573 3138 3664 3179 cc-

2080 3236 2209 3292 dere
2237 3230 2454 3304 regendi
2477 3241 2671 3285 munus
2698 3226 2782 3283 cui
2809 3222 3042 3287 voletis;
3072 3218 3233 3277 modo
3258 3234 3362 3273 una
3386 3218 3454 3272 sit
3483 3216 3664 3272 Eccle-

2082 3329 2161 3383 sia
2194 3345 2208 3383 :
2234 3325 2278 3380 si
2311 3338 2409 3379 nos
2434 3331 2614 3377 autem
2642 3317 2877 3389 legitime
2903 3312 3068 3370 creati
3094 3323 3317 3374 sumus,
3348 3305 3664 3380 persuadete

2087 3427 2145 3474 ut
2185 3416 2519 3485 deponantur
2559 3409 2648 3480 qui
2689 3405 2847 3462 sedes
2877 3412 3073 3475 praeter
3112 3400 3256 3468 leges
3290 3395 3664 3454 ascenderunt.

2086 3509 2212 3565 llaec
2233 3484 2366 3567 dixi,
2394 3518 2500 3557 non
2527 3508 2793 3566 tamquam
2824 3496 3112 3565 imperans,
3132 3490 3224 3546 sed
3250 3503 3344 3545 vos
3373 3495 3516 3543 tutos
3542 3484 3665 3541 red-

2089 3601 2222 3657 dens
2248 3607 2303 3653 et
2325 3594 2485 3651 certis
2509 3590 2754 3648 muniens
2780 3584 3065 3659 praesidiis.
3093 3582 3356 3652 Quoniam
3379 3579 3668 3650 unusquis-

2090 3707 2194 3765 que
2215 3689 2378 3746 habet
2403 3693 2634 3749 zetatem,
2663 3689 2717 3738 et
2748 3680 2817 3737 de
2842 3678 2910 3734 iis
2928 3691 3049 3748 quae
3076 3674 3242 3745 gessit
3260 3682 3345 3728 est
3369 3670 3672 3727 redditurus

2095 3785 2359 3843 rationem
2383 3824 2400 3847 ,
2430 3794 2562 3851 rogo
2592 3790 2662 3832 ne
2691 3772 2944 3829 universo
2969 3771 3022 3824 in
3048 3783 3149 3823 nos
3177 3765 3425 3836 conjecto
3445 3805 3462 3831 ,
3484 3762 3673 3819 existi-

2094 3877 2253 3934 metis
2271 3888 2368 3930 vos
2393 3873 2538 3943 ipsos
2563 3883 2668 3923 non
2696 3879 2819 3923 esse
2854 3861 3047 3919 rationi
3072 3857 3362 3917 reddenda:
3388 3854 3671 3918 obnoxios,

2098 3987 2165 4027 ne
2192 3982 2289 4025 vos
2311 3976 2513 4022 temere
2534 3960 2866 4031 decipientes
2897 3952 3182 4026 plangatis.
3205 3946 3512 4005 Reddemus
3531 3944 3676 4001 enim

2098 4062 2361 4120 rationem
2390 4071 2488 4127 pro
2516 4052 2711 4108 vestris
2734 4047 3037 4112 animabus,
3074 4043 3170 4099 sed
3199 4037 3413 4112 quando
3434 4036 3678 4105 delique-
3775 4085 3778 4089 .

2100 4156 2286 4219 rimus,
2317 4124 2532 4221 quando
2560 4158 2666 4200 non
2691 4137 3061 4212 rogaverimus
3082 4175 3099 4201 ,
3125 4129 3340 4204 quando
3363 4142 3467 4184 non
3495 4124 3680 4181 admo—

2102 4215 2395 4307 nuerimus,
2423 4237 2639 4313 quando
2663 4250 2769 4290 non
2797 4230 3058 4287 fuerimus
3086 4222 3391 4297 protestati.
3420 4219 3548 4275 Post
3565 4215 3683 4271 haec

2104 4349 2304 4403 autem,
2331 4309 2612 4390 concedite
2641 4335 2698 4381 ut
2721 4338 2820 4395 ego
2845 4332 3058 4392 quoque
3085 4315 3287 4380 dicam,
3321 4309 3549 4365 Mundus
3571 4322 3684 4362 sunt

2105 4451 2138 4488 a
2166 4427 2414 4501 sanguine
2444 4421 2667 4479 omnium
2690 4416 2836 4486 (Act.
2869 4413 2961 4468 20.
2993 4409 3066 4466 26
3086 4409 3127 4478 ),
3155 4415 3232 4473 et,
3260 4403 3498 4458 Animam
3523 4414 3688 4453 meam

2107 4492 2337 4582 liberabit
2363 4516 2501 4571 Deus
2526 4513 2617 4587 (2.
2648 4508 2786 4564 Tim.
2817 4506 2872 4562 4.
2917 4502 2986 4559 18
3006 4501 3053 4573 ).
3080 4498 3249 4555 Dicite
3272 4510 3394 4566 qua:
3428 4492 3607 4557 vultis,
3635 4498 3691 4543 et

2108 4620 2303 4691 justam
2330 4582 2551 4667 causam
2575 4611 2795 4676 propter
2821 4612 2979 4670 quam
3009 4590 3262 4650 reccditis
3286 4596 3341 4643 et
3365 4582 3690 4645 desciscitis,

2111 4674 2167 4768 et
2195 4723 2293 4781 ego
2316 4674 2675 4774 respondebo.
2704 4692 2809 4752 Sed
2832 4707 2936 4747 non
2962 4685 3178 4745 dicetis.
3208 4680 3318 4738 Vos
3345 4691 3561 4750 quoque
3583 4674 3693 4745 jam

2114 4771 2256 4877 rogi;
2281 4810 2339 4856 ut
2372 4771 2591 4854 strenue
2619 4786 2858 4850 instetis,
2889 4793 2948 4837 ut
2974 4775 3244 4837 reducatis
3270 4788 3364 4830 eos
3393 4771 3482 4842 qui
3514 4782 3695 4869 reces—

2116 4856 2302 4956 se:unt
2327 4910 2341 4947 :
2367 4898 2424 4944 ut
2447 4884 2730 4943 unanimes
2749 4875 3037 4949 gratiarum
3064 4870 3332 4924 actionem
3361 4864 3473 4919 Deo
3495 4856 3701 4916 emitto.

2120 5002 2259 5044 mus.
2289 4977 2551 5051 Quoniam
2573 4980 2656 5029 est
2680 4969 2728 5024 ei
2753 4965 2921 5040 gloria
2942 4964 2996 5019 in
3024 4959 3243 5018 saecula.
3271 4959 3464 5013 Amen.

3671 5152 3709 5167 an

1075 5170 2989 5222 ____________________—_—

1820 5242 2161 5303 HOMILIA
2202 5234 2350 5299 XII.

440 5384 567 5443 CAP.
596 5387 647 5440 4.
683 5400 732 5437 v.
760 5386 845 5439 Π.
882 5382 991 5437 Hoc
1016 5380 1170 5452 igitur
1205 5376 1316 5429 dico
1341 5382 1388 5427 et
1426 5370 1665 5437 testiﬁcor
1695 5370 1746 5421 in
1781 5364 2014 5431 Domino,

511 5486 566 5529 nt
603 5474 717 5545 jam
755 5491 856 5527 non
884 5471 1187 5533 ambuletis,
1217 5468 1345 5523 sicut
1386 5473 1433 5520 et
1465 5471 1640 5533 gentes
1668 5456 1929 5513 ambulant
1964 5456 2018 5510 in

512 5568 732 5625 uanitate
776 5580 951 5619 sensus
996 5564 1075 5616 sui
1099 5603 1114 5627 ,
1165 5558 1377 5615 tenebris
1422 5555 1744 5610 obscuratum
1787 5549 2022 5604 habentes

513 5658 846 5714 intellectum.

516 5754 565 5806 l.
612 5753 897 5807 Doctoretn
922 5754 1139 5818 oportet
1169 5746 1449 5800 instituere
1473 5750 1529 5798 et
1554 5740 1786 5811 dirigere
1815 5735 2026 5791 animos

2124 5355 2525 5428 discipulorum,
2558 5361 2663 5402 non
2696 5342 2869 5398 solum
2894 5331 3226 5394 consulendo
3248 5340 3300 5385 et
3326 5322 3591 5385 docendo,
3613 5320 3711 5376 sed

2124 5465 2178 5512 ct
2207 5411 2460 5509 terrendo
2485 5411 2541 5497 et
2568 5440 2681 5494 Deo
2710 5430 2988 5489 tradendo.
3016 5426 3149 5482 Nam
3189 5420 3442 5493 quoniam
3485 5428 3605 5485 quae
3643 5411 3715 5512 ξιξ»

2130 5538 2437 5601 hominibus
2462 5532 2714 5588 dicuntur
2756 5533 3026 5593 tamquam
3070 5533 3098 5570 a
3136 5511 3431 5574 conservis,
3461 5522 3567 5562 non
3598 5501 3716 5558 suf-

2358 5625 2424 5682 ad
2453 5617 2774 5692 tangendam
2805 5613 3063 5672 animam,
3089 5617 3311 5662 necesse
3338 5608 3422 5655 est
3450 5596 3716 5663 reliquum

2136 5684 2365 5786 homine
2392 5684 2625 5775 tradere.
2658 5710 2769 5768 Hoc
2805 5720 2933 5777 ergo
2964 5700 3160 5759 Paulus
3182 5708 3393 5771 quoque
3413 5690 3557 5746 facit.
3585 5684 3718 5742 Nam
