4052 6214
503 358 579 414 8')
1423 361 1486 418 IN
1526 362 1743 421 EPIST.
1786 367 1876 421 AD
1917 367 2156 428 EPIIES.

504 490 630 529 cum
659 474 726 528 de
748 473 1051 531 humilitate
1077 473 1418 532 disseruisset
1444 487 1498 532 et
1527 477 1595 533 de
1626 479 1843 546 unione,
1872 491 1926 537 et
1951 483 2092 553 quod

509 580 617 618 non
649 573 894 632 Oporteat
920 564 1150 620 alterum
1179 575 1364 620 contra
1387 567 1613 622 alterum
1648 570 1944 641 insurgere,
1969 573 2092 628 andi

503 655 635 724 quid
667 656 807 709 dicat
836 671 850 709 :
887 654 1003 708 Hoc
1030 673 1147 726 ergo
1178 656 1292 710 dico
1319 668 1366 710 et
1396 659 1636 728 testiﬁcor
1674 662 1727 714 in
1767 661 2006 726 Domino,
2038 675 2094 718 ut

492 752 612 816 jam
634 765 734 801 non
763 748 1033 802 ambuletis
1062 749 1191 801 sicut
1217 758 1263 802 et
1293 759 1462 817 gentes
1487 751 1765 806 ambulant.
1793 753 1908 808 Non
1936 755 2089 823 dixit,

503 839 621 894 Non
649 840 880 910 amplius
906 840 1192 894 ambuletis
1221 841 1360 894 sicut
1393 843 1680 898 ambulalis
1711 860 1726 908 ;
1761 845 1920 901 nimis
1948 847 2088 901 enim

503 933 765 1002 pungitea
803 935 1008 998 oratio;
1041 934 1134 988 sed
1167 933 1394 1002 idipsum
1423 936 1637 1003 quidem
1666 938 2000 1008 signiﬁcavit,
2020 941 2088 995 ab

497 1025 619 1077 aliis
638 1034 816 1078 autem
841 1024 992 1078 duxit
1013 1027 1336 1095 exemplum.
1370 1028 1537 1082 Porro
1558 1029 1623 1083 ad
1645 1030 2086 1088 Thessalonicen-

498 1131 586 1168 ses
615 1131 832 1185 quoque
859 1119 1120 1182 scribens,
1157 1117 1258 1172 hoc
1301 1118 1428 1172 facit
1455 1119 1641 1175 dicens
1675 1138 1688 1172 :
1733 1121 1850 1176 Non
1882 1124 1933 1177 in
1963 1142 2082 1193 pas-

493 1208 638 1260 sione
663 1209 896 1262 desiderii
927 1209 1057 1262 sicut
1087 1219 1132 1261 et
1157 1220 1351 1263 caztera:
1375 1221 1544 1282 gentes
1571 1214 1589 1282 (
1619 1215 1668 1268 i.
1697 1213 1877 1269 Thess.
1908 1217 1958 1270 4.
1984 1217 2081 1287 5).

495 1301 580 1354 Ab
618 1301 855 1366 illorum,
889 1301 1080 1372 inquit,
1111 1302 1447 1372 dogmatibus
1472 1304 1767 1360 dissentitis
1795 1324 1810 1372 ;
1848 1309 1942 1362 sed
1980 1308 2082 1365 hoc

493 1404 665 1450 totum
696 1397 788 1452 Dei
831 1416 843 1449 :
879 1412 978 1467 ego
1007 1406 1183 1452 autem
1225 1414 1287 1452 ea
1335 1413 1518 1468 qutero
1545 1415 1664 1468 qua:
1695 1416 1726 1455 a
1766 1401 1917 1456 vobis
1956 1414 2081 1458 sunt

494 1489 819 1554 praestanda,
864 1490 1050 1555 vitam,
1095 1499 1150 1544 et
1191 1490 1299 1544 Deo
1331 1502 1709 1560 congruentem
1758 1493 2077 1550 ambulatio-

492 1595 614 1632 nem
641 1597 655 1633 :
691 1580 792 1634 hoc
819 1590 903 1635 est
932 1590 1192 1635 vestrum.
1219 1582 1434 1636 Testem
1457 1591 1634 1639 autem
1663 1587 1876 1656 appello
1900 1589 2078 1644 Domi-

490 1687 617 1724 num
662 1687 846 1727 eorum
890 1689 1010 1744 qua:
1043 1688 1072 1727 a
1103 1690 1187 1729 me
1213 1674 1351 1730 dicta
1381 1686 1526 1742 sunt,
1564 1678 1705 1747 quod
1735 1695 1840 1734 non
1887 1683 2074 1738 reticui

490 1777 590 1817 nec
637 1765 952 1831 suppressi,
1000 1765 1094 1820 sed
1154 1765 1266 1820 dixi
1314 1768 1762 1836 quemadmodum
1817 1784 2066 1842 oporteat

484 1853 784 1910 ambulare.
812 1856 880 1910 In
912 1859 1151 1921 vanitate,
1200 1859 1392 1929 inquit,
1432 1878 1608 1916 sensus
1650 1863 1898 1932 ipsorum.
1936 1866 2072 1934 Quid

483 1955 569 2000 est
588 1962 780 2002 sensus
796 1963 888 2002 seu
909 1950 1105 2004 mentis
1130 1951 1375 2005 vanitas?
1396 1951 1604 2007 Versari
1628 1953 1680 2008 in
1712 1957 1873 2010 rebus
1900 1959 2069 2012 vanis.

484 2042 742 2104 Qua‘natn
773 2050 952 2096 autem
983 2052 1106 2096 sunt
1130 2058 1286 2109 vana,
1317 2045 1416 2098 nisi
1441 2048 1616 2100 omnia
1647 2050 1924 2117 praesentia
1956 2052 2071 2108 tde

483 2131 675 2199 quibus
721 2132 851 2186 dicit
896 2134 1264 2198 Ecclesiastes,
1310 2135 1518 2190 Vanitas
1568 2141 1871 2206 vanitatum,
1899 2143 2070 2197 omnia

483 2226 677 2277 vanitas
704 2224 899 2293 (Eccle.
928 2226 977 2280 l.
1003 2226 1084 2296 2).
1117 2226 1220 2281 Sed
1247 2226 1686 2298 dicetquispiam,
1710 2230 1766 2286 Si
1788 2242 1911 2287 sunt
1933 2247 2065 2288 vana

479 2324 536 2368 ct
558 2316 783 2380 vanitas,
808 2333 1036 2388 quanam
1059 2318 1126 2372 de
1155 2333 1313 2373 causa
1338 2320 1473 2375 facta
1503 2324 1673 2377 sunt?
1698 2325 1742 2378 si
1769 2326 1858 2380 Dei
1880 2342 2062 2396 opera,

478 2408 747 2475 quomodo
777 2418 902 2463 sunt
927 2410 1099 2464 vana?
1123 2419 1178 2465 et
1205 2412 1369 2465 multa
1391 2412 1458 2467 de
1481 2413 1562 2468 his
1589 2415 1750 2470 verba
1780 2416 1930 2472 fiunt.
1959 2419 2063 2474 Sed

477 2499 622 2565 audi,
651 2515 683 2552 ο
705 2500 920 2556 dilecte.
949 2501 1065 2556 Non
1093 2504 1189 2558 Dei
1211 2517 1373 2574 opera
1401 2504 1537 2559 dixit
1563 2522 1721 2573 vana,
1749 2510 1888 2565 absit
1913 2527 1925 2564 :
1952 2528 2057 2566 non

474 2601 559 2644 est
597 2591 791 2646 caelum
835 2607 1066 2659 vanum,
1118 2609 1291 2664 neque
1335 2603 1477 2649 terra
1521 2612 1698 2662 vana;
1737 2599 1877 2656 absit
1909 2619 1922 2654 :
1957 2619 2062 2657 non

475 2683 588 2746 sol,
625 2699 725 2739 nec
753 2687 876 2739 luna
896 2727 911 2750 ,
949 2700 1046 2740 nec
1072 2694 1247 2752 astra,
1277 2702 1379 2743 nec
1404 2702 1599 2758 corpus
1635 2700 1877 2746 nostrum
1907 2711 1921 2748 :
1946 2693 2064 2750 hrrc

473 2773 618 2826 enim
646 2775 830 2828 omnia
860 2784 986 2830 sunt
1011 2777 1165 2832 valde
1193 2777 1331 2832 bona
1366 2796 1379 2831 :
1407 2779 1500 2832 sed
1541 2780 1665 2849 quid
1698 2791 1780 2836 est.
1816 2799 2010 2837 vanmn
2038 2785 2062 2838 ?

472 2863 769 2918 Audiamus
817 2866 990 2935 ipsum
1040 2867 1418 2924 Ecclesiastem
1465 2871 1769 2940 dicentem,
1821 2873 2061 2931 Plantavi

475 2955 596 3008 mihi
624 2957 812 3020 vineas,
843 2958 942 3025 feci
972 2959 1097 3012 mihi
1120 2971 1349 3015 cantores
1373 2971 1422 3016 et
1447 2966 1766 3031 cantatrices,
1800 2968 1898 3037 feci
1935 2969 2059 3023 mihi

478 3045 694 3113 piscinas
738 3065 988 3118 aquarum
1026 3066 1045 3104 .·
1075 3055 1275 3119 [uerunt
1317 3053 1442 3106 mihi
1488 3071 1662 3125 greges
1704 3065 1751 3110 et
1792 3073 2017 3114 armenta
2039 3101 2054 3124 ,

471 3138 610 3206 coegi
647 3145 829 3192 a‘nrnm
859 3150 904 3193 et
935 3151 1201 3211 argentum
1229 3159 1248 3207 ;
1287 3151 1334 3195 et
1365 3144 1466 3196 vidi
1502 3145 1639 3212 quod
1663 3149 1834 3202 omnia
1863 3151 2056 3204 vanitas

471 3232 488 3293 (
517 3227 681 3282 Hrcle.
711 3229 764 3282 2.
795 3233 848 3285 5.
882 3247 1017 3301 seqq.
1047 3233 1098 3299 );
1141 3241 1196 3286 et
1240 3249 1422 3288 rursus
1444 3275 1460 3300 ,
1503 3233 1708 3290 Vanitas
1745 3241 2050 3307 vanitatum,

468 3320 635 3370 anmiu
661 3321 877 3374 sanitas.
904 3321 1040 3375 Audi
1059 3324 1219 3377 etiam
1251 3327 1564 3392 prophetam
1589 3326 1851 3384 dicentem
1880 3348 1892 3384 :
1925 3331 2054 3386 Tlte-

467 3410 709 3473 saurizat,
755 3421 801 3462 et
839 3411 1040 3480 ignorat
1063 3413 1146 3465 cui
1171 3415 1493 3484 congregabit
1524 3431 1583 3469 ea
1612 3426 1629 3488 (
1655 3416 1800 3472 Psnl.
1837 3421 1927 3476 58.
1957 3423 2048 3492 7).

468 3497 572 3550 llac
593 3502 807 3554 ratione
828 3503 1035 3556 vanitas
1059 3504 1348 3558 vanitatum
1373 3506 1626 3574 prmclara
1648 3508 1891 3578 aediﬁcia,
1917 3514 2050 3568 mul-

468 3597 573 3641 tum
620 3607 813 3644 aurum
873 3600 929 3646 et
972 3594 1382 3658 circumﬂuens,
1429 3612 1616 3666 greges
1659 3602 2045 3670 mancipiorum

463 3683 690 3750 superbe
739 3684 791 3735 in
839 3683 958 3738 foro
988 3685 1328 3748 incedentes.
1362 3686 1530 3742 fastus
1556 3698 1610 3743 et
1631 3691 1799 3760 gloria
1847 3694 2043 3759 inanis,

463 3790 477 3818 ‹
499 3782 515 3823 t
539 3774 700 3827 elatio
727 3776 922 3829 mentis
946 3785 999 3828 et
1034 3778 1356 3846 arrogantia.
1392 3778 1518 3834 Htec
1544 3780 1686 3834 enim
1715 3783 1892 3837 omnia
1921 3795 2046 3840 sunt

463 3878 590 3916 vana
623 3882 636 3917 :
673 3881 780 3918 non
811 3867 955 3918 enim
987 3882 1016 3920 a
1050 3867 1160 3921 Deo
1190 3867 1325 3922 facta
1366 3877 1510 3933 sunt,
1551 3871 1645 3925 sed
1680 3887 1710 3926 a
1741 3872 1895 3929 nobis
1919 3886 2044 3931 sunt

460 3956 731 4012 fabricata.
755 3957 863 4012 Cur
887 3971 1067 4014 autem
1107 3974 1242 4014 vana
1270 3961 1572 4027 ?Quoniam
1602 3964 1806 4019 nullum
1843 3965 2042 4024 habent

458 4046 653 4103 bonum
688 4048 872 4104 ﬁnem.

524 4138 772 4194 Pecunia:
807 4157 983 4207 vana,
1023 4142 1067 4196 si
1095 4154 1457 4198 consumantur
1483 4147 1552 4199 ad
1580 4147 1807 4203 delicias.
1837 4179 1908 4190 —
1936 4151 2037 4206 Pe-

454 4230 623 4285 cuniae
649 4240 777 4285 sunt
809 4247 980 4296 vanae,
1015 4234 1226 4302 quando
1267 4245 1654 4290 consumuntur
1688 4238 1740 4292 in
1773 4239 2034 4307 delicias;

456 4336 560 4374 non
590 4332 716 4376 sunt
742 4331 922 4377 autem
964 4341 1156 4390 vanas,
1187 4327 1403 4395 quando
1429 4328 1809 4399 disperguntur
1841 4348 2039 4403 paupe-

455 4412 618 4466 ribus.
662 4413 888 4481 Quando
929 4426 1104 4470 sutem
1149 4431 1243 4472 eas
1271 4423 1664 4490 consumpseris
1700 4427 1750 4477 in
1791 4423 2033 4493 delicias,

455 4501 725 4558 videamus
751 4505 994 4574 quisnam
1015 4508 1080 4560 sit
1106 4522 1290 4562 earum
1313 4508 1465 4563 ﬁnis:
1488 4511 1750 4581 pinguedo
1772 4516 2032 4583 corporis,

455 4603 653 4658 ructus,
702 4594 882 4659 ﬂatus,
930 4597 1216 4653 multitudo
1261 4603 1536 4668 stercoris,
1578 4606 1815 4674 crapula,
1859 4609 2034 4663 carnis

456 4683 707 4739 mollities
727 4727 752 4750 ,.
770 4687 1024 4756 calorque
1051 4697 1106 4743 et
1143 4689 1445 4746 dissolutio.
1475 4691 1544 4748 Ut
1578 4695 1620 4748 si
1651 4697 1770 4765 quis
1795 4697 2034 4754 infundat

452 4775 502 4829 in
546 4776 749 4831 dolium
791 4778 1118 4848 perforatum
1141 4823 1156 4846 ,
1191 4797 1324 4838 vane
1354 4785 1560 4841 laborat
1591 4805 1604 4840 :
1634 4789 1702 4842 ita
1741 4791 1900 4846 etiam
1940 4794 2030 4861 qui

450 4866 591 4936 degit
622 4868 674 4921 in
706 4867 938 4934 deliciis,
972 4869 1204 4925 infundit
1231 4871 1282 4926 in
1309 4873 1510 4929 dolium
1540 4877 1887 4946 perforatum.
1922 4882 2029 4937 Va-

450 4974 572 5014 num
599 4960 734 5015 alias
763 4962 961 5016 dicitur
986 4964 1126 5033 quod
1158 4976 1524 5035 exspectatum
1553 4980 1636 5024 est
1659 4973 1873 5042 quidem
1915 4974 2030 5032 fore

449 5059 502 5102 ut
538 5051 587 5104 in
631 5051 840 5107 honore
879 5063 1104 5109 essetet
1133 5057 1337 5124 pretio,
1369 5073 1475 5112 non
1512 5059 1610 5115 fuit
1635 5072 1812 5118 autem
1843 5082 1856 5119 :
1885 5070 2026 5138 quod

445 5140 602 5194 etiam
632 5141 823 5196 dicunt
850 5142 1008 5196 inane
1034 5151 1089 5198 et
1117 5158 1240 5212 spes
1265 5145 1452 5202 inanes
1473 5189 1488 5214 ,
1521 5160 1575 5203 et
1605 5150 1656 5204 id
1685 5153 1826 5221 quod
1857 5156 1915 5210 ﬁt
1946 5167 2026 5214 te-

446 5247 588 5286 mere
627 5242 682 5287 et
728 5233 1146 5290 inconsiderate.
1192 5235 1260 5290 Et
1302 5238 1523 5293 omnino
1563 5241 1789 5300 dicimus
1831 5261 2024 5303 vanum

443 5324 694 5394 quidquid
724 5324 789 5379 ad
820 5325 953 5379 nihil
981 5335 1062 5380 est
1094 5327 1241 5382 utile.
1273 5327 1560 5386 Videamus
1584 5351 1710 5405 ergo
1738 5351 1913 5393 annon
1937 5357 2026 5397 res

444 5413 686 5469 humana:
711 5418 819 5469 sint
839 5416 1124 5484 ejusmodi.
1153 5417 1380 5475 Edamus
1400 5433 1444 5474 et
1467 5422 1692 5480 bibamus
1719 5443 1739 5492 ;
1763 5446 1876 5485 cras
1892 5434 2022 5486 enim

440 5508 710 5559 moriemur
739 5509 818 5576 (ι.
853 5506 973 5561 Cor.
1007 5508 1094 5563 15.
1129 5508 1241 5582 52).
1273 5511 1402 5579 Quis
1423 5523 1506 5568 est
1533 5520 2020 5592 ergo,dic,qttteso,

439 5595 558 5649 ﬁnis
584 5597 608 5649 τ
639 5598 948 5668 Cori-optio.
984 5596 1270 5654 lnduamur
1304 5609 1359 5656 et
1398 5605 1705 5673 vestiantur,
1737 5618 1790 5664 et
1815 5613 1932 5682 quis
1959 5612 2020 5668 ﬁ-

437 5686 569 5740 nis?
610 5687 775 5741 Nihil.
822 5688 946 5743 llaec
989 5689 1161 5746 (irasci
1202 5693 1416 5762 quidam
1465 5708 1590 5753 sunt
1636 5702 2017 5776 philosophati,

435 5777 534 5836 sed
572 5793 711 5834 vane
752 5788 808 5835 et
855 5777 1052 5837 frustra
1086 5798 1098 5836 :
1135 5783 1295 5840 vitam
1346 5796 1680 5848 ostcntaruut
1727 5794 1919 5853 duram.
1963 5809 2016 5856 ct

2197 373 2350 430 CAP.
2397 377 2484 432 IV.
2529 379 2762 441 llOMlL.
2806 386 2921 442 XII.
3717 415 3786 466 90

2203 501 2468 558 asperam,
2487 496 2582 551 sed
2611 506 2812 557 temere
2832 513 2887 558 et
2903 503 3316 583 inconsiderate,
3343 532 3446 572 non
3463 521 3528 574 ad
3555 523 3784 592 aliquem

2203 578 2363 636 ﬁnem
2392 588 2714 656 aspicientes
2743 595 2928 652 utilem
2947 640 2961 664 ,
2990 601 3084 656 sed
3110 605 3176 658 ad
3211 578 3422 664 inanem
3451 578 3698 680 gloriam,
3731 630 3782 672 et

2199 668 2457 730 honorem
2489 683 2576 748 qui
2602 681 2829 739 habetur
2849 703 2876 740 a
2901 691 3103 746 multis.
3131 696 3265 762 Quid
3298 708 3585 778 esgautem
3613 705 3784 761 honor

2197 766 2287 832 qui
2319 765 2544 824 habetur
2565 789 2593 826 a
2622 777 2804 833 multis
2830 781 2853 834 τ
2876 780 3040 838 Nihil.
3069 785 3198 842 Nam
3228 791 3272 845 si
3303 792 3334 844 ii
3365 765 3526 850 etiam
3556 811 3784 866 pereunt

2195 870 2225 910 a
2247 859 2440 926 quibus
2464 862 2691 921 habetur
2715 869 2905 938 honor,
2939 876 3109 932 multo
3137 883 3305 952 magis
3333 884 3525 942 honor.
3556 859 3658 954 Qui
3687 892 3778 946 alii

2197 958 2418 1014 praestat
2445 951 2723 1018 honorem.
2749 961 2849 1016 sibi
2874 966 3020 1033 prius
3036 968 3191 1025 debet
3211 951 3465 1040 praestare
3491 997 3504 1033 :
3531 951 3775 1037 si—autem

2193 1037 2293 1092 sibi
2341 1057 2448 1096 non
2496 1057 2746 1117 pra-stat,
2787 1057 3058 1123 quomodo
3099 1037 3375 1130 praestabit
3401 1068 3598 1125 alteri?
3625 1072 3776 1129 Nunc

2191 1139 2372 1187 autem
2395 1134 2650 1193 honorem
2669 1146 2956 1210 quaerimus
2971 1150 3040 1204 ab
3058 1152 3362 1223 infamibus,
3381 1159 3450 1215 ab
3472 1162 3774 1220 hominibus

2191 1221 2403 1291 vilibus,
2448 1229 2672 1297 abjectis
2701 1243 2755 1289 et
2782 1237 3170 1307 ignominiosis.
3202 1221 3511 1329 Cuiusmodi
3537 1270 3666 1326 ergo
3690 1267 3775 1312 est

2190 1310 2276 1368 hic
2302 1313 2474 1371 bonor
2501 1319 2524 1373 2

2257 1406 2308 1459 2.
2353 1406 2499 1479 Ignis
2546 1413 2842 1473 adoratores
2889 1423 3284 1496 redarguuntur.
3314 1433 3574 1492 -—Vides
3627 1440 3768 1510 quod

2183 1495 2290 1552 sint
2320 1501 2495 1554 omnia
2538 1509 2743 1563 vanitas
2771 1513 3066 1570 vanitatum
3093 1521 3117 1572 ἲ
3145 1520 3276 1576 ldeo
3302 1522 3544 1592 dicebat,
3578 1495 3658 1583 In.
3679 1549 3768 1585 va-

2185 1589 2341 1644 nitate
2357 1595 2536 1649 mentis
2555 1613 2682 1652 suae.
2713 1601 2816 1658 Sed
2838 1619 2904 1659 an
2932 1623 3117 1664 eorum
3145 1613 3332 1684 religio
3358 1632 3464 1672 non
3488 1629 3571 1676 est
3601 1622 3767 1678 talis?

2182 1679 2318 1746 Quid
2343 1687 2562 1740 autem?
2589 1702 2767 1747 annon
2796 1694 2934 1766 ligna
2958 1709 3008 1754 et
3033 1679 3545 1771 lapidesadorantur
3564 1712 3587 1766 ?
3605 1713 3767 1772 Fecit

2181 1773 2335 1830 nobis
2364 1777 2531 1833 solem
2575 1781 2753 1839 lucere
2798 1802 2892 1856 pro
2923 1790 3137 1847 lucerna
3168 1813 3184 1847 :
3219 1799 3339 1867 quis
3389 1817 3542 1858 suam
3577 1804 3765 1862 adorat

2181 1863 2452 1923 lucernam
2484 1871 2507 1923 ?
2550 1872 2640 1928 Sol
2689 1877 2891 1944 pnebet
2917 1881 3132 1951 lucem;
3162 1863 3257 1942 sed
3285 1892 3497 1958 quando
3522 1895 3613 1950 ille
3653 1912 3760 1954 non

2178 1966 2384 2025 potest,
2419 1962 2634 2020 lucerna
2666 1979 2842 2038 potest
2873 1993 2887 2028 :
2919 1989 3016 2029 cur
3053 1994 3182 2049 ergo
3213 1997 3320 2037 non
3347 1985 3541 2043 adoras
3584 1988 3760 2046 lucer-

2177 2064 2299 2104 nam
2331 2053 2560 2122 ?Cerle,
2590 2059 2781 2130 inquit,
2809 2065 2978 2120 adoro
3006 2069 3202 2140 ignem.
3232 2075 3277 2131 Ο
3302 2091 3414 2132 rem
3441 2080 3718 2138 ridiculam
3742 2085 3756 2139 !

2175 2150 2378 2200 tantum
2403 2149 2678 2219 probrum,
2710 2166 2763 2210 et
2801 2172 2905 2212 non
2937 2162 3210 2219 erubescis
3239 2167 3262 2220 τ’
3291 2168 3368 2224 Εη
3401 2187 3587 2228 rursus
3616 2176 3752 2232 alte-

2171 2249 2312 2293 rum.
2341 2237 2450 2294 Cur
2472 2243 2612 2311 quod
2643 2246 2896 2304 adoratur
2921 2254 3256 2324 exstinguis?
3288 2273 3386 2316 cur
3415 2263 3592 2330 perdis
3613 2267 3637 2320 ‘t
3661 2282 3757 2322 cur

2170 2325 2330 2381 dettm
2365 2337 2511 2386 tuum
2544 2334 2625 2388 de'
2643 2337 2821 2392 medio
2851 2341 2991 2396 tollis
3021 2345 3044 2398 ?
3082 2361 3178 2401 cur
3209 2363 3313 2404 non
3359 2352 3494 2408 sinis
3537 2355 3752 2412 domum

2171 2425 2314 2473 tuam
2345 2436 2412 2476 eo
2437 2437 2559 2478 esse
2597 2428 2850 2496 repletam
2884 2433 2906 2485 ?
2932 2434 3062 2489 Nam
3093 2438 3138 2491 si
3172 2440 3307 2510 ignis
3333 2453 3415 2500 est
3445 2445 3598 2512 deus,
3627 2464 3751 2504 cor-

2171 2511 2283 2577 pori
2313 2520 2403 2566 tuo
2431 2515 2801 2586 admoveatur,
2829 2539 2933 2578 non
2958 2525 3123 2583 fundo
3151 2531 3272 2586 ollae
3299 2543 3353 2590 et
3379 2535 3566 2592 lebetis
3591 2539 3750 2596 deum

2166 2602 2417 2671 subjicias
2444 2625 2458 2660 ε
2489 2607 2734 2665 introduc
2764 2612 2816 2667 in
2839 2617 3026 2672 cellam
3055 2625 3389 2690 penuariam,
3423 2628 3670 2688 introduc
3699 2634 3749 2688 in

2167 2702 2344 2748 vestes
2368 2697 2590 2752 sericas.
2622 2701 2700 2756 'l'u
2730 2715 2908 2760 autem
2940 2723 3043 2762 non
3074 2713 3245 2766 solum
3279 2731 3385 2770 non
3414 2719 3708 2776 introducis
3733 2763 3748 2789 ,

2164 2787 2260 2842 sed
2304 2790 2463 2845 etiam
2513 2794 2557 2848 si
2603 2810 2728 2850 casu
2766 2799 2946 2869 aliquo
2984 2802 3144 2858 fuerit
3173 2805 3482 2877 ingressus,
3513 2816 3749 2887 undique

2163 2895 2285 2936 eum
2326 2883 2514 2952 abigis,
2549 2902 2734 2945 omnes
2763 2892 3013 2962 advocas,
3046 2907 3099 2952 et
3129 2900 3352 2968 perinde
3389 2913 3548 2975 atque
3578 2908 3621 2962 si
3662 2883 3744 2964 ξιιμ

2160 2987 2342 3043 gressa
2383 2976 2454 3030 sit
2493 2976 2604 3034 fera
2650 2981 2824 3052 aliqua
2847 3025 2862 3050 ,
2895 2987 2965 3042 ita
2995 2999 3049 3044 et
3080 2989 3177 3046 fles
3217 3001 3273 3047 et
3316 2995 3622 3066 ingemiscis
3643 3041 3657 3063 ,
3687 3011 3745 3056 et

2163 3061 2299 3120 hanc
2343 3081 2454 3121 rem
2499 3085 2657 3126 vocas
2695 3074 3056 3134 calamitatem
3087 3081 3379 3153 ingentem,
3429 3088 3569 3157 quod
3614 3090 3744 3146 deos

2161 3162 2281 3211 tuus
2309 3158 2470 3212 adsit.
2499 3160 2680 3217 Habeo
2705 3179 2834 3234 ergo
2859 3168 3050 3234 Deum,
3075 3181 3128 3227 et
3157 3177 3333 3229 omnia
3373 3178 3510 3233 facio
3537 3189 3594 3234 ut
3618 3199 3741 3236 eum

2159 3256 2374 3314 pectore
2401 3266 2522 3306 meo
2557 3257 2904 3324 complectar,
2936 3270 2991 3316 et
3027 3278 3200 3319 meam
3229 3269 3488 3326 existimo
3515 3273 3740 3328 felicita-

2159 3346 2288 3405 tem,
2336 3356 2441 3396 nou
2481 3346 2695 3412 quando
2720 3348 2937 3406 domum
2967 3369 3141 3410 meam
3173 3358 3374 3427 invisit,
3403 3363 3498 3418 sed
3526 3366 3739 3435 quando

2153 3443 2277 3484 eum
2311 3441 2521 3488 traxero
2555 3437 2623 3491 ad
2653 3452 2747 3493 cor
2781 3458 2978 3498 meum.
3022 3447 3100 3502 Tu
3143 3466 3356 3521 quoque
3383 3456 3535 3512 trahe
3561 3458 3736 3527 ignem

2153 3521 2220 3576 ad
2247 3537 2342 3578 cor
2369 3535 2538 3580 tuum.
2569 3528 2691 3584 Haec
2729 3543 2856 3587 sunt
2883 3536 3106 3593 ridicula
3136 3549 3192 3596 et
3226 3545 3452 3599 vanitas.
3484 3521 3623 3617 Ignis
3650 3565 3737 3604 res

2153 3611 2288 3668 bona
2311 3623 2392 3670 est
2421 3617 2486 3671 ad
2511 3633 2686 3688 usum,
2717 3639 2823 3678 non
2854 3625 2920 3681 ad
2947 3628 3353 3702 adoratiouem;
3384 3637 3449 3690 ad
3490 3639 3731 3696 ministe-

2150 3704 2287 3758 rium
2316 3715 2372 3761 et
2399 3710 2696 3778 servitium,
2739 3723 2796 3770 et
2821 3726 2877 3772 ut
2904 3719 3032 3774 mihi
3069 3725 3302 3793 serviat,
3352 3743 3458 3782 non
3487 3730 3620 3784 utin
3646 3747 3732 3788 me

2149 3793 2388 3852 obtineat
2418 3799 2698 3870 imperium
2732 3816 2789 3862 et
2815 3808 3148 3869 dominatum
3197 3834 3211 3872 :
3259 3818 3350 3875 ille
3391 3831 3614 3892 propter
3642 3840 3729 3881 me
3787 3831 3806 3851 ‘

2149 3885 2318 3943 factus
2341 3899 2444 3958 est,
2480 3909 2582 3949 non
2611 3911 2712 3968 ego
2740 3911 2961 3971 prepter
3002 3905 3194 3976 ipsum.
3222 3909 3277 3965 Si
3311 3885 3728 3986 ignem-adoras,

2145 3993 2242 4034 cur
2262 3980 2372 4050 ipse
2384 3984 2599 4053 quidem
2621 3989 2770 4058 jaces
2791 3993 2844 4047 in
2873 3995 3030 4064 lecto,
3048 4012 3221 4070 coquo
3239 3980 3418 4060 autem
3442 4015 3530 4062 tuo
3550 4007 3728 4076 jubes,

2145 4072 2215 4124 sit
2245 4087 2409 4142 prope
2448 4076 2606 4133 deum
2639 4089 2784 4137 tuum
2817 4085 2841 4139 ?
2881 4085 3002 4156 Ipse
3023 4101 3192 4145 artem
3224 4095 3438 4166 suscipe
3477 4099 3732 4167 coquina-

2145 4161 2300 4228 riam,
2330 4175 2386 4220 et
2412 4167 2582 4235 pistor
2607 4171 2847 4237 efficere,
2889 4186 2980 4231 aut
3008 4179 3052 4233 si
3080 4185 3270 4247 mavis,
3304 4161 3454 4240 faber
3481 4161 3726 4244 (erarius.

2143 4252 2282 4307 Nihil
2328 4266 2412 4310 est
2456 4260 2598 4313 enim
2645 4261 2729 4316 bis
2773 4266 2982 4321 artibus
3011 4268 3411 4340 bonorabilius,
3443 4290 3564 4331 cum
3590 4279 3724 4336 deus

2144 4350 2263 4397 tuus
2292 4360 2384 4399 eas
2403 4346 2598 4403 invisat
2623 4361 2678 4405 et
2700 4367 2882 4408 earum
2905 4372 3087 4414 curam
3113 4371 3282 4429 gerat.
3309 4366 3445 4432 Quid
3470 4371 3723 4437 probrum

2139 4448 2202 4486 ac
2231 4434 2465 4491 dedecus
2507 4441 2780 4499 existimas
2809 4455 3000 4515 artem,
3043 4451 3133 4506 ubi
3172 4453 3305 4510 deus
3346 4434 3578 4517 tuus‘est
3605 4465 3711 4520 fre-

2139 4527 2351 4594 quens?
2372 4544 2467 4584 cur
2491 4533 2662 4588 servis
2688 4537 2931 4604 mandas,
2963 4541 3076 4612 ipse
3101 4555 3276 4601 autem
3306 4565 3411 4604 non
3441 4553 3723 4625 dignaris?

2139 4615 2282 4671 Bona
2305 4632 2390 4674 res
2409 4630 2491 4676 est
2517 4623 2672 4694 ignis,
2699 4629 2949 4697 quoniam
2974 4632 3096 4690 boni
3125 4646 3206 4693 est
3237 4642 3464 4710 opiﬁcis,
3495 4615 3590 4702 sed
3613 4665 3719 4706 non

2137 4705 2272 4762 deus
2303 4725 2317 4763 :
2346 4725 2482 4779 opus
2510 4715 2652 4768 enim
2682 4717 2800 4785 Dei,
2833 4736 2936 4776 non
2966 4723 3100 4781 deus
3129 4740 3212 4784 est
3250 4705 3566 4804 appellatus.
3599 4739 3713 4796 Non

2136 4797 2285 4854 vides
2311 4801 2426 4870 ejus
2455 4805 2799 4872 petulantiam
2830 4812 2854 4863 Ἰ
2881 4819 3150 4884 quomodo
3174 4797 3387 4891 quando
3411 4828 3600 4883 domos
3624 4846 3719 4899 ap-

2135 4892 2503 4962 prehenderit,
2533 4913 2792 4971 nusquam
2818 4919 2878 4960 se
2894 4907 3068 4977 sistat,
3089 4912 3182 4968 sed
3203 4915 3248 4968 si
3265 4917 3437 4987 aliqua
3460 4892 3713 4989 tenuerit,

2135 4983 2313 5038 omnia
2341 4985 2539 5056 diruat,
2571 5000 2626 5046 et
2650 4993 2749 5048 nisi
2781 4995 3052 5056 fabrorum
3080 5012 3172 5058 aut
3198 5006 3498 5076 aliquorum
3527 5026 3717 5067 manus

2134 5077 2364 5131 furorem
2407 5079 2524 5148 ejus
2566 5084 2954 5154 exstinxerint,
2993 5096 3108 5148 ‘non
3148 5096 3350 5152 amicos
3391 5110 3569 5167 norit,
3601 5115 3713 5161 non

2134 5168 2342 5238 hostes,
2375 5172 2468 5226 sed
2497 5175 2744 5233 omnibus
2773 5180 3021 5238 similiter
3063 5187 3272 5242 utitur?
3299 5189 3516 5248 Hicciue
3557 5195 3711 5263 deus,

2133 5276 2233 5315 nec
2272 5278 2366 5318 vos
2408 5265 2613 5333 pudet?
2649 5269 2728 5325 Re
2757 5287 2881 5328 vera
2930 5276 3152 5344 pulchre
3192 5279 3344 5346 dixit,
3386 5283 3456 5340 In
3494 5289 3716 5344 uanitate

2131 5353 2312 5406 mentis
2331 5370 2456 5407 suat.
2485 5356 2556 5411 At
2583 5359 2663 5413 sol
2689 5370 2810 5429 est,
2836 5365 3034 5434 inquit,
3068 5366 3220 5423 deus.
3255 5369 3350 5428 Dic
3371 5376 3499 5430 mihi
3521 5419 3534 5441 ,
3568 5381 3713 5436 unde

2132 5438 2182 5492 id
2223 5451 2280 5495 et
2314 5445 2528 5508 quare?
2565 5446 2827 5514 Quoniam
2871 5454 3095 5510 inultam
3139 5461 3334 5518 emittit
3376 5438 3564 5524 lucem.
3605 5472 3710 5526 Sed

2130 5546 2234 5585 non
2268 5534 2415 5598 vides
2436 5551 2558 5591 eum
2583 5539 2777 5596 vincia
2811 5544 3060 5615 nubibus,
3091 5560 3145 5606 et
3182 5555 3386 5613 servire
3406 5563 3710 5620 necessitati

2129 5627 2353 5689 naturae,
2385 5633 2440 5678 et
2467 5625 2699 5685 deﬁcere
2720 5641 2774 5686 et
2795 5633 3050 5693 abscondi
3077 5656 3104 5693 a
3133 5643 3254 5699 luna
3285 5655 3339 5701 et
3363 5649 3710 5724 nube?atqui

2127 5713 2297 5770 nubes
2321 5727 2404 5771 est
2419 5718 2536 5774 sole
2562 5720 2896 5793 imbecillior,
2914 5729 3010 5784 sed
3033 5739 3207 5790 tamen
3231 5751 3375 5806 saepe
3396 5740 3447 5795 in
3474 5757 3596 5797 eum
3613 5713 3709 5800 ob-

2127 5803 2266 5862 tinet
2280 5805 2640 5882 dominatum;
2661 5822 2714 5871 et
2737 5813 2840 5874 hoc
2860 5825 2942 5875 est
2963 5834 3095 5892 opus
3124 5823 3218 5882 Dci
3243 5803 3539 5900 sapientius.
3564 5833 3708 5888 Deus
