4080 6218
329 371 388 426 ω
1054 359 1109 414 s.
1149 354 1423 414 JO.\NN:S
1443 347 1924 408 'CllRYSOSTOMI
1967 347 2281 402 AltClllEP.
2319 311 2849 402 consrsmt'xor.
3539 338 3609 394 92

329 487 492 543 debet
519 500 639 540 esse
671 482 817 538 omni
839 495 905 536 ex
935 489 1083 548 parte
1117 474 1410 534 sufficiens,
1449 471 1535 526 hic
1571 484 1700 525 vero
1737 467 1916 522 multis

332 576 532 646 indiget
562 594 575 628 :
607 575 707 628 hoc
731 583 907 628 autem
932 586 1037 624 non
1056 576 1138 621 est
1164 567 1275 620 Dei.
1300 567 1437 617 Aere
1463 561 1605 616 enim
1631 560 1826 630 indiget
1851 557 1916 612 ad

334 669 644 734 incendunt,
677 680 849 734 eoque
879 661 1095 723 subtili;
1130 673 1250 712 nam
1283 656 1370 725 qui
1403 663 1486 709 est
1506 653 1659 706 valde
1680 664 1912 714 crassus,

333 776 439 815 non
468 759 595 814 sinit
619 755 844 812 transire
865 751 1067 806 radium
1095 769 1108 804 :
1139 763 1274 817 aqua
1292 747 1456 800 etiam
1481 743 1700 813 indiget,
1726 753 1781 798 et
1807 743 1914 795 alio

334 852 474 924 quod
501 867 621 908 eum
650 849 922 904 contineat
953 859 1018 898 ne
1049 841 1348 896 comburat.
1377 838 1508 894 Nam
1539 837 1639 892 nisi
1670 836 1843 890 fontes
1865 843 1918 889 et

335 945 484 999 lacus
519 951 573 996 et
602 939 743 994 ﬂuvii
773 947 826 990 et
872 935 1039 988 maria
1083 941 1136 988 et
1179 942 1374 986 caztera
1418 929 1596 984 omnia
1637 926 1916 980 humorem

334 1034 618 1104 quemdam
663 1031 1051 1085 constituerent
1102 1041 1197 1096 per
1240 1039 1496 1093 vaporum
1541 1021 1915 1082 emissionem,

335 1127 464 1180 nihil
483 1133 686 1180 vetaret
702 1121 988 1192 quominus
1005 1121 1182 1173 omnia
1204 1119 1558 1187 ignoscerent.
1585 1113 1747 1167 Vides
1768 1127 1916 1180 ergo,

337 1216 526 1284 inquit,
553 1215 693 1285 quod
720 1214 854 1268 deus
875 1213 982 1266 sit?
1009 1212 1051 1265 0
1079 1209 1370 1263 insaniam!
1405 1222 1437 1260 ο
1463 1221 1572 1258 rem
1600 1202 1915 1258 ridiculam!

335 1306 595 1372 Quoniam
626 1315 821 1375 potest,
857 1301 1045 1371 inquit,
1079 1300 1291 1361 laedere,
1319 1298 1451 1351 deus
1484 1305 1583 1349 est.
1619 1293 1776 1363 Atqui
1801 1308 1921 1363 pro-

337 1408 456 1466 pter
487 1397 587 1451 hoc
616 1411 720 1449 non
753 1404 837 1450 est
861 1394 1022 1456 deus,
1058 1391 1177 1462 quia
1220 1390 1271 1444 in
1302 1391 1365 1442 iis
1385 1430 1399 1452 ,
1439 1387 1492 1440 in
1522 1386 1714 1456 quibus
1744 1383 1879 1436 Iasdil
1904 1423 1919 1445 ,

340 1491 487 1545 nullo
518 1489 754 1559 indiget;
801 1490 852 1542 in
884 1487 1074 1556 quibus
1107 1493 1282 1537 atttem
1314 1481 1551 1550 prodest,
1587 1477 1772 1532 multis
1805 1476 1922 1529 aliis

341 1582 502 1636 habet
538 1596 710 1650 Opus:
741 1596 771 1634 a
805 1580 913 1634 Deo
955 1588 1134 1632 autem
1179 1576 1371 1630 laedere
1401 1573 1613 1642 quidem
1643 1580 1726 1624 est
1751 1583 1924 1624 remo-

341 1685 487 1738 tum,
523 1674 775 1742 prodesse
815 1681 992 1726 autem
1035 1679 1116 1724 est
1159 1667 1276 1736 ejus
1309 1664 1601 1733 proprium.
1632 1660 1765 1715 Cum
1796 1674 1925 1728 etgo

341 1767 410 1819 sit
437 1765 486 1819 id
504 1764 644 1835 quod
667 1773 748 1818 est
771 1762 1122 1824 contrarium,
1147 1756 1414 1827 quomodo
1435 1755 1606 1810 deus?
1637 1753 1748 1807 Non
1777 1751 1925 1804 vides

339 1856 480 1925 quod
508 1863 764 1910 venenata
805 1855 1088 1922 pharmaca
1129 1866 1248 1919 quae
1291 1857 1516 1904 mortem
1561 1842 1789 1900 afferunt
1829 1845 1923 1897 lac-

341 1948 494 2010 dunt,
519 1955 572 2000 et
604 1945 751 1998 nullo
775 1943 1041 2012 indigent;
1074 1941 1288 2011 quando
1312 1947 1488 1993 autem
1512 1947 1762 2008 prosunt,
1789 1935 1926 1989 mul-

343 2041 410 2094 tis
438 2039 631 2108 egent?
662 2038 883 2106 Propter
912 2045 962 2091 te
990 2051 1117 2105 ergo
1145 2043 1226 2088 est
1257 2033 1397 2097 talis,
1429 2041 1482 2085 et
1510 2028 1730 2099 pulcher
1755 2037 1807 2081 et
1835 2027 1925 2080 im-

343 2129 568 2185 becillus
593 2148 606 2183 :
634 2127 874 2198 pulclter,
905 2137 960 2181 ttt
982 2139 1240 2195 agnoscas
1264 2123 1578 2178 Dominum:
1605 2119 1923 2183 imbecillus,

345 2241 412 2277 ne
439 2239 556 2276 eum
587 2222 736 2276 dicas
761 2236 880 2278 esse
906 2221 1203 2274 dominum.
1235 2219 1304 2272 At
1335 2217 1520 2280 nutrit,
1554 2213 1745 2283 inquit,
1779 2212 1928 2278 plalt-

346 2326 426 2370 tas
452 2325 506 2368 et
533 2313 777 2368 semina?
806 2312 942 2380 Quid
974 2327 1121 2375 vero,
1156 2325 1282 2364 ntun
1314 2309 1435 2362 ideo
1459 2308 1684 2374 'quoque
1720 2314 1927 2358 stercus

345 2417 428 2460 est
453 2406 625 2461 deus?
657 2421 778 2459 nam
811 2404 938 2459 illud
969 2419 1181 2473 quoque
1211 2403 1395 2456 nutrit.
1437 2400 1544 2454 Cur
1580 2415 1684 2452 non
1716 2398 1928 2451 additur

347 2498 472 2560 falx,
503 2507 556 2552 et
585 2512 774 2552 manus
803 2495 1084 2565 agricolae?
1111 2493 1344 2549 Ostende
1368 2492 1499 2548 mihi
1529 2492 1695 2546 solem
1724 2490 1928 2544 nutrire

347 2589 541 2653 solum,
569 2600 624 2643 et
652 2605 756 2644 non
781 2604 939 2658 egere
962 2602 1133 2655 neque
1162 2595 1323 2650 terra,
1359 2601 1457 2639 uec
1485 2599 1642 2653 aqua,
1668 2597 1767 2636 nec
1791 2582 1930 2650 agri-

346 2682 601 2735 cultura:
647 2679 740 2735 sed
783 2680 1049 2750 jaciantur
1096 2678 1340 2742 semina,
1392 2687 1444 2731 et
1492 2676 1732 2731 immiSSo
1781 2674 1929 2728 radio

346 2773 594 2828 ostendat
620 2773 814 2841 spicas.
855 2771 912 2827 Si
950 2781 1128 2824 autem
1161 2786 1267 2824 non
1313 2778 1398 2823 est
1441 2767 1558 2835 ejus
1596 2767 1794 2830 solius,
1833 2766 1926 2820 sed

347 2865 505 2919 etiam
535 2865 780 2918 imbrium
802 2904 818 2929 ,
851 2879 948 2918 cur
976 2879 1078 2917 non
1108 2877 1244 2931 aqua
1273 2876 1486 2932 quoque
1511 2868 1592 2913 est
1619 2859 1790 2913 deus?
1823 2858 1928 2912 Sed

302 2958 323 2974 "
352 2959 584 3030 nondum
609 2958 676 3012 de
699 2957 802 3012 hoc
828 2957 1022 3026 agitur.
1045 2957 1155 3009 Cur
1176 2970 1278 3008 non
1303 2953 1462 3006 etiam
1491 2961 1632 3006 terra
1655 2959 1739 3005 est
1765 2953 1929 3004 deus?

347 3067 444 3105 cur
474 3067 580 3105 non
619 3061 673 3104 et
712 3059 955 3110 stercus,
1003 3057 1057 3102 et
1097 3045 1238 3116 ligo?
1271 3045 1392 3098 llmc
1421 3059 1549 3112 ergo
1586 3043 1762 3097 omnia
1786 3086 1799 3108 ,
1844 3043 1931 3097 die

351 3141 502 3208 mihi,
533 3140 908 3196 ador-abimus?
938 3138 982 3194 Ο
1008 3153 1173 3209 nugas
1201 3148 1255 3192 ct
1282 3136 1542 3205 ineptias!
1577 3136 1735 3205 Atqui
1764 3136 1932 3204 magis

350 3233 468 3286 sine
495 3233 608 3287 sole
645 3233 802 3287 fuerit
839 3231 1015 3300 Spica,
1045 3244 1206 3299 quam
1251 3228 1367 3282 sine
1407 3236 1546 3281 terra
1595 3236 1650 3281 et
1677 3243 1808 3294 aqua
1831 3268 1846 3290 ,
1877 3237 1934 3280 et

355 3325 547 3393 plantae
572 3331 624 3376 et
661 3322 763 3376 alia
801 3322 982 3376 omnia
1021 3320 1286 3376 similiter.
1337 3319 1520 3388 Itaque
1564 3319 1609 3372 si
1658 3327 1797 3372 terra
1826 3334 1930 3371 non

351 3415 452 3480 sit,
493 3417 623 3470 nihil
655 3416 843 3469 horum
882 3413 1208 3484 apparuerit.
1237 3411 1293 3468 Si
1330 3411 1452 3481 quis
1481 3421 1662 3464 autem
1701 3412 1751 3464 in
1781 3422 1932 3480 tegu-

354 3509 484 3573 lam,
511 3518 569 3562 ut
594 3507 789 3562 faciunt
817 3507 970 3578 pueri
997 3516 1052 3562 et
1080 3506 1334 3561 mulieres
1353 3547 1368 3570 ,
1401 3516 1538 3560 terra
1571 3506 1806 3559 immissa
1835 3505 1935 3558 sub

357 3609 518 3667 tecto,
551 3617 670 3655 eam
702 3601 938 3670 posuerit
977 3600 1143 3653 nmlto
1170 3607 1410 3654 stercore
1439 3600 1731 3667 repletam,
1763 3599 1932 3651 imbe-

351 3693 505 3748 cillas
530 3695 744 3764 quidem
766 3735 780 3755 ,
817 3696 1022 3762 plantas
1051 3703 1228 3745 tamen
1260 3691 1387 3744 edit.
1423 3691 1602 3759 Itaque
1645 3701 1785 3745 terra
1816 3691 1937 3759 plus

273 3803 282 3812 ο
355 3784 562 3839 confert
591 3795 644 3838 et
671 3795 876 3838 stercus
898 3825 910 3845 ,
941 3795 994 3837 et
1019 3797 1080 3835 ea
1108 3782 1297 3852 magis,
1327 3797 1484 3849 quam
1517 3781 1658 3834 illmn
1681 3821 1696 3843 ,
1727 3789 1938 3847 Oportet

357 3875 601 3931 adorare.
629 3875 774 3944 Opus
798 3873 957 3928 habet
981 3872 1114 3926 cado
1134 3889 1198 3925 ne
1223 3881 1432 3934 noceat,
1454 3887 1589 3939 opus
1613 3871 1769 3924 habet
1789 3885 1933 3934 aere,

357 3981 493 4036 opus
519 3967 677 4022 habet
707 3966 788 4018 his
819 3965 988 4034 aquis,
1018 3971 1282 4032 tamquam
1306 3960 1620 4030 quibusdam
1655 3961 1815 4015 frenis
1843 3975 1934 4014 co-

361 4057 669 4112 hibentibus
728 4057 844 4125 ejus
905 4055 1092 4109 virium
1148 4054 1438 4117 ferociam,
1495 4066 1594 4105 nec
1642 4051 1938 4106 sinentibus

358 4165 574 4204 onmem
603 4149 654 4203 in
684 4158 884 4218 partem
908 4146 1154 4202 emittere
1179 4144 1384 4198 radium
1412 4153 1678 4212 tamquam
1709 4143 1936 4198 ferocem

359 4257 578 4310 equum.
616 4242 706 4295 Dic
737 4253 864 4294 vero
890 4237 1042 4302 mihi,
1071 4237 1283 4291 ubinam
1309 4245 1393 4289 est
1421 4235 1464 4287 is
1488 4236 1682 4288 noctu?
1707 4250 1939 4304 quonam

359 4333 496 4388 deus
524 4346 584 4387 es
610 4346 830 4401 peregre
871 4329 1176 4400 profectus?
1217 4345 1320 4382 non
1364 4335 1447 4381 est
1488 4328 1630 4381 enim
1677 4329 1779 4381 hoc
1813 4327 1940 4392 dei,

362 4441 556 4496 nempe
581 4425 777 4481 includi
808 4435 860 4477 et
888 4423 1116 4478 termino
1141 4421 1401 4475 contineri
1424 4435 1438 4481 ;
1475 4421 1573 4474 hoc
1600 4420 1743 4473 enim
1769 4420 1942 4474 solum

361 4532 648 4586 corporum
679 4525 780 4571 est.
813 4515 917 4570 Sed
943 4523 1027 4569 est
1054 4513 1295 4584 quaidam
1316 4552 1331 4578 ,
1367 4511 1562 4582 inquit,
1609 4513 1660 4565 in
1706 4513 1820 4581 ipso
1851 4527 1946 4581 po-

365 4618 549 4668 testas,
580 4619 632 4661 et
663 4616 924 4661 movetur.
954 4606 1070 4675 Ipsa
1085 4619 1211 4672 ergo
1223 4615 1475 4674 potestas,
1503 4604 1588 4659 dic
1614 4604 1762 4668 mihi,
1792 4615 1945 4660 estne

366 4698 542 4753 deus?
584 4711 682 4750 cur
725 4712 852 4764 ergo
898 4697 1008 4763 ipsa
1053 4705 1205 4764 eget,
1253 4705 1308 4748 et
1356 4696 1529 4765 ignem
1565 4711 1669 4749 non
1698 4696 1945 4751 cohibet?

369 4803 553 4844 rursus
587 4788 728 4842 enim
751 4786 940 4839 eodem
971 4785 1107 4838 redit
1135 4787 1326 4839 oratio.
1352 4786 1487 4852 Quid
1519 4802 1645 4840 vero
1672 4787 1758 4840 illa
1791 4799 1945 4856 pole-

370 4881 518 4936 slas?
543 4889 695 4935 estne
735 4877 1071 4939 illmuinens,
1111 4891 1178 4929 an
1210 4891 1306 4944 per
1341 4891 1462 4930 eum
1495 4877 1753 4930 illuminat
1795 4879 1906 4948 ipsa
1927 4920 1944 4944 ,

372 4973 571 5028 nullius
618 4969 810 5026 horum
856 4967 1156 5036 particeps?
1201 4967 1291 5022 Sol
1331 4983 1460 5037 ergo
1507 4979 1589 5024 est
1630 4986 1691 5026 ea
1753 4972 1943 5041 major.

374 5062 660 5133 Quousque
687 5057 1044 5132 labyrinthum
1069 5059 1512 5127 circuntagimus?

448 5156 502 5210 3.
534 5154 669 5219 Quid
702 5169 828 5208 vero
853 5166 1018 5221 aqua,
1049 5166 1152 5204 non
1187 5150 1297 5217 ipsa
1322 5165 1530 5219 quoque
1556 5151 1689 5207 deus
1717 5155 1838 5209 est?
1867 5155 1949 5208 in-

370 5249 580 5318 quiunt.
605 5249 719 5303 Hoc
755 5261 966 5317 quoque
989 5257 1175 5300 rursus
1203 5253 1287 5297 est
1311 5243 1589 5299 ridiculum
1621 5261 1725 5300 non
1759 5261 1951 5302 vacans

377 5339 739 5393 contentione.
773 5337 958 5391 Nonne
1005 5344 1116 5399 est,
1162 5331 1364 5402 inquit,
1407 5334 1570 5400 deus,
1609 5351 1715 5404 quo
1739 5335 1807 5390 ad
1845 5347 1949 5390 tam

378 5430 539 5485 multa
573 5429 806 5480 utimur?
832 5429 897 5482 Et
933 5427 1002 5482 de
1039 5439 1182 5481 terra
1224 5440 1408 5479 rursus
1449 5425 1709 5482 similiter.
1744 5428 1950 5483 Revera

376 5523 444 5579 In
473 5521 698 5577 vanitate
746 5521 924 5572 utentis
952 5535 1090 5583 sua,
1119 5519 1439 5572 obscuratum
1481 5519 1713 5574 habentes
1752 5521 1952 5574 intelle-

377 5628 534 5672 ctum.
557 5613 664 5670 Sed
692 5611 804 5665 hare
826 5626 966 5664 nunc
985 5610 1109 5664 dicit
1135 5610 1204 5666 de
1225 5612 1330 5664 vita
1357 5629 1370 5664 :
1402 5611 1716 5667 Scortantur
1735 5624 1784 5668 et
1807 5614 1953 5668 adul-

379 5709 512 5762 teria
542 5705 830 5760 admittunt
870 5700 1059 5756 Grteci.
1105 5702 1293 5755 .‘llerito
1329 5721 1340 5753 :
1377 5719 1495 5757 nam
1527 5706 1616 5774 qui
1665 5707 1796 5759 tales
1825 5708 1954 5760 deos

377 5799 478 5858 sibi
511 5796 854 5863 describunt,
899 5802 1315 5850 coascntaneum
1358 5805 1441 5849 est
1485 5807 1577 5852 eos
1625 5797 1736 5852 haec
1777 5800 1949 5853 omnia

2028 465 2206 524 facere
2236 487 2250 523 :
2281 479 2335 523 et
2377 469 2421 523 si
2469 471 2738 539 potuerint
2784 471 3054 526 hominum
3103 472 3290 527 oculos
3333 471 3607 541 effugere,

2025 558 2198 612 nullus
2227 569 2305 613 est
2336 560 2424 629 qui
2455 561 2525 614 sit
2564 575 2658 615 eos
2685 560 3038 616 cobibiturus.
3071 561 3209 631 Quid
3237 563 3380 618 enim
3415 567 3611 632 poterit

2024 647 2075 700 id
2115 649 2252 715 quod
2295 649 2491 705 dicitur
2527 649 2596 706 de
2626 652 3058 718 resurrectione,
3093 668 3214 708 cum
3259 655 3338 707 eis
3370 654 3610 708 videatur

2024 738 2229 793 fabula?
2259 743 2323 795 At
2348 743 2486 812 quod
2516 742 2710 796 dicitur
2729 742 2797 798 de
2827 743 2892 796 iis
2917 745 3002 813 qui
3031 755 3154 799 sunt
3180 745 3320 814 apud
3353 745 3551 799 inferos
3581 749 3605 798 ’ἐ

2023 829 2126 884 Sed
2156 830 2271 885 haec
2298 811 2510 902 quoque
2539 845 2662 888 sunt
2693 834 2888 888 fabnhe
2914 811 3077 890 :Vvidc
3099 811 3276 890 aute—iii
3318 837 3606 906 cogitatum

2022 923 2339 976 satanicnm.
2367 924 2589 990 Quando
2620 925 2726 979 illis
2750 925 2949 980 dicitur
2967 927 3097 980 deos
3117 941 3237 982 esse
3261 937 3607 994 scortatores,

2025 1029 2127 1066 non
2157 1014 2340 1068 dicunt
2366 1031 2486 1069 esse
2514 1015 2741 1081 falmlas,
2775 1018 2866 1070 sed
2894 1018 3117 1072 credunt
3147 1037 3160 1072 :
3191 1019 3404 1089 quando
3431 1029 3606 1073 autem

2025 1108 2311 1174 loqmmtur
2337 1107 2404 1160 de
2445 1107 2737 1176 supplicio,
2779 1107 2950 1173 Sunt,
2985 1110 3264 1179 inquiunt,
3312 1119 3510 1178 poene,
3556 1119 3614 1163 et

2023 1198 2200 1248 onmia
2231 1197 2558 1262 fabulantur,
2590 1208 2645 1252 ut
2674 1199 2826 1253 home
2853 1199 2977 1254 vitae
3003 1210 3173 1255 status
3201 1202 3343 1256 omni
3371 1217 3434 1257 ex
3461 1210 3610 1272 parte

2024 1297 2318 1342 evertatur.

2098 1379 2286 1433 Contra
2329 1385 2488 1452 fatum
2527 1393 2574 1436 et
2603 1384 3077 1454 metempsychosin.
3107 1416 3178 1425 ——
3204 1386 3272 1440 At
3309 1385 3608 1456 philosophi

2027 1471 2366 1539 invenerunt,
2401 1473 2592 1543 ittquit,
2625 1475 2877 1545 quiddam
2905 1475 3065 1544 plane
3091 1477 3422 1545 pra-clarum,
3452 1487 3505 1532 et
3528 1477 3612 1532 his

2029 1565 2218 1618 melius
2259 1580 2323 1620 ac
2368 1569 2730 1635 pra'stautius.
2769 1567 3085 1634 Quomodo?
3115 1569 3204 1638 qui
3245 1568 3408 1623 fatutu
3451 1570 3607 1624 indu-

2027 1666 2174 1721 cunt,
2206 1667 2259 1711 et
2283 1657 2469 1711 dicunt
2499 1659 2679 1713 omnia
2710 1660 2851 1713 nulla
2873 1661 2986 1730 geri
3017 1660 3372 1729 providentia,
3401 1671 3455 1716 et
3481 1662 3611 1715 nihil

2027 1750 2274 1817 cuiquam
2304 1765 2424 1802 esse
2463 1766 2605 1804 curae.
2624 1791 2640 1817 ,
2684 1751 2776 1805 sed
2805 1761 3054 1806 constare
3081 1753 3258 1806 omnia
3285 1768 3350 1807 ex
3380 1754 3610 1808 atomis?

2027 1843 2122 1896 sed
2170 1842 2259 1912 qui
2304 1841 2488 1896 dicunt
2532 1843 2689 1898 deum
2736 1859 2855 1898 esse
2897 1844 3132 1913 corpus?
3173 1843 3276 1900 Sed
3323 1846 3482 1916 quis?
3525 1845 3634 1910 die,

2027 1950 2212 2003 quaeso
2239 1952 2254 1988 :
2283 1936 2372 2005 qui
2402 1936 2661 1991 humanas
2689 1938 2896 1991 animas
2919 1937 3118 1992 faciunt
3146 1953 3265 1993 esse
3291 1939 3528 1999 caninas,
3557 1947 3612 1992 et

2029 2027 2354 2095 persuadent
2399 2027 2705 2082 hominibus
2749 2029 2888 2098 quod
2935 2029 3150 2099 quidam
3190 2031 3476 2100 aliquando
3517 2031 3614 2085 fuit

2029 2120 2198 2182 cauis,
2231 2131 2286 2174 et
2313 2121 2398 2175 leo
2423 2129 2476 2175 et
2502 2121 2704 2190 piscis?
2729 2121 3020 2190 Quousque
3044 2136 3151 2176 non
3174 2123 3397 2178 cessatis
3426 2123 3611 2192 nugari

2031 2223 2265 2267 mentem
2290 2205 2545 2268 habentes
2571 2214 2948 2268 obscuratam?
2975 2229 3094 2268 nam
3119 2225 3175 2268 ut
3201 2215 3290 2284 qui
3320 2215 3426 2269 sint
3451 2215 3501 2268 in
3531 2226 3611 2271 te-

2029 2305 2230 2370 nebris,
2249 2305 2427 2358 omnia
2445 2313 2494 2359 et
2513 2305 2696 2359 dicunt
2711 2313 2763 2359 et
2781 2305 2997 2369 faciunt,
3025 2315 3128 2358 tam
3149 2321 3268 2374 qua:
3283 2304 3349 2360 ad
3367 2305 3611 2375 dogmata

2031 2397 2486 2466 pertinentquam
2515 2413 2636 2466 qua:
2663 2396 2728 2450 ad
2763 2398 2948 2450 vitam.
2998 2397 3196 2451 Eorum
3241 2397 3382 2452 enim
3408 2413 3526 2468 qua:
3561 2398 3612 2451 in

2031 2486 2211 2540 tnedio
2241 2487 2340 2539 sita
2369 2495 2495 2540 sunt
2525 2486 2657 2540 nihil
2687 2487 2828 2540 videt
2852 2487 2898 2540 is
2924 2487 3013 2556 qui
3047 2495 3130 2542 est
3157 2487 3506 2541 circumfusus
3533 2498 3613 2542 te-

2033 2577 2232 2640 nebris,
2263 2576 2356 2632 sed
2384 2592 2547 2646 saepe,
2573 2577 2686 2631 viso
2714 2578 2856 2642 fune,
2888 2578 3160 2632 existimat
3184 2589 3374 2648 sponte
3399 2588 3611 2648 enatum

2031 2676 2334 2738 serpentem
2364 2685 2378 2720 :
2409 2645 2596 2722 rursus
2615 2684 2644 2722 a
2683 2682 2810 2737 sepe
2838 2677 3100 2734 retentus,
3133 2645 3282 2738 putat
3305 2678 3398 2724 aut
3417 2645 3614 2723 dzerho—

2032 2777 2156 2815 nem
2183 2762 2412 2830 aliquem
2439 2769 2531 2814 aut
2561 2760 2829 2815 hominem
2857 2776 2980 2815 eum
3013 2761 3279 2827 retinere;
3308 2760 3614 2830 multusque

2031 2863 2113 2908 est
2142 2855 2398 2907 tumultus
2419 2894 2434 2918 ,
2479 2853 2644 2907 multa
2676 2854 3029 2922 perturbatio.
3064 2853 3342 2923 Ejusmodi
3371 2855 3612 2924 qttrcdam

2031 2945 2407 3000 extimescunt.
2452 2943 2753 3008 Tintebunt,
2804 2944 3009 3014 inquit,
3056 2944 3142 2998 ubi
3184 2961 3284 2998 non
3329 2945 3421 2998 erit
3469 2945 3608 2998 timor

2034 3037 2210 3108 (Paul.
2242 3036 2330 3092 52.
2361 3035 2415 3105 6)
2444 3053 2457 3090 :
2490 3052 2610 3106 qute
2633 3037 2755 3106 jure
2792 3046 2971 3091 autem
3002 3037 3280 3100 timentur,
3325 3052 3430 3091 non
3477 3037 3616 3092 exti-

2035 3139 2277 3184 mescnnt
2305 3146 2318 3182 :
2348 3129 2441 3183 sed
2473 3131 2610 3182 sicut
2641 3129 2869 3184 infantes
2897 3129 3085 3198 geStati
3114 3143 3145 3182 a
3175 3129 3471 3184 nutricibus
3499 3145 3616 3184 ma-

2035 3237 2137 3276 nus
2165 3221 2380 3290 quidem
2422 3220 2472 3274 in
2507 3220 2682 3290 ignem
2722 3238 2787 3275 ex
2839 3221 3130 3292 improviso
3169 3232 3221 3276 et
3261 3222 3311 3276 in
3345 3223 3616 3276 lucernam

2034 3313 2288 3367 audacter
2315 3311 2629 3376 immittunt,
2662 3311 2832 3364 virum
2863 3322 3040 3366 autem
3070 3326 3229 3367 sacco
3257 3312 3496 3366 indutum
3524 3328 3617 3366 ex-

2037 3407 2322 3460 timescunt
2353 3421 2367 3457 :
2398 3405 2476 3458 sic
2507 3403 2593 3456 isti
2623 3417 2838 3473 quoque
2865 3403 3059 3470 Grzeci,
3093 3414 3148 3458 ut
3174 3404 3263 3474 qui
3293 3404 3400 3458 sint
3431 3419 3616 3458 revera

2037 3499 2300 3560 infantes,
2351 3498 2489 3551 sicut
2513 3497 2672 3550 etiam
2704 3497 2919 3565 quidam
2951 3496 3085 3551 dixit
3111 3497 3251 3565 apttd
3277 3513 3400 3563 eos,
3443 3497 3616 3552 Gra'ci

2037 3607 2250 3652 semper
2282 3591 2457 3660 pueri,
2488 3590 2677 3643 timent
2700 3589 2913 3658 quidem
2943 3605 3062 3659 qme
3088 3605 3193 3642 non
3224 3599 3349 3646 sunt
3376 3601 3614 3659 peccata,

2040 3697 2095 3736 ιιι
2117 3681 2304 3736 sordes
2327 3680 2590 3751 corporis,
2620 3681 2814 3735 mortui
2849 3681 3028 3745 funus,
3058 3682 3256 3748 cubile,
3287 3681 3496 3736 dierum
3525 3682 3620 3736 ob-

2037 3775 2389 3840 servationes,
2412 3784 2465 3828 ct
2489 3791 2607 3843 qua:
2633 3787 2754 3829 sunt
2779 3774 3080 3840 bnjusmodi
3103 3791 3118 3840 ;
3151 3790 3270 3846 quae
3295 3784 3472 3830 autem
3495 3783 3619 3830 sunt

2040 3881 2161 3920 vere
2185 3875 2430 3934 peccata,
2464 3865 2810 3934 praedicatus,
2843 3866 3192 3932 adulterium,
3220 3868 3494 3929 scortatio,
3527 3881 3619 3919 eo-

2039 3975 2156 4013 rum
2187 3960 2382 4012 nullam
2403 3960 2597 4013 habent
2619 3961 2898 4014 rationem.
2919 3961 3023 4014 Sed
3043 3962 3238 4015 videris
3259 3962 3470 4032 quidem
3495 3976 3617 4015 eum

2040 4066 2067 4104 a
2098 4052 2290 4104 mortui
2319 4061 2568 4105 contactu
2598 4051 2794 4117 lavari,
2825 4068 2855 4105 a
2888 4055 3110 4108 mortuis
3152 4065 3328 4109 autem
3372 4054 3620 4124 cperibus

2042 4157 2411 4211 nequaquam;
2443 4153 2496 4196 et
2525 4158 2621 4210 pro
2658 4145 2895 4212 pecuniis
2923 4145 3137 4214 quidem
3172 4147 3392 4199 multum
3424 4161 3622 4215 ponere

2042 4236 2298 4300 studium,
2326 4235 2631 4289 existimare
2657 4248 2832 4289 autem
2858 4252 2964 4290 uno
2985 4238 3126 4306 gallo
3150 4247 3310 4291 totam
3335 4253 3453 4291 esse
3475 4252 3621 4291 com-

2045 4328 2270 4397 pesitam
2320 4328 2464 4381 litem
2510 4343 2572 4381 ac
2619 4329 3040 4384 controversiam
3089 4346 3104 4382 :
3151 4331 3288 4383 adeo
3339 4329 3621 4384 obscurata

2046 4433 2224 4478 mente
2245 4431 2390 4478 sunt.
2411 4423 2590 4476 Multis
2613 4423 2908 4476 terroribus
2933 4423 3083 4492 plena
3103 4434 3184 4478 est
3204 4439 3390 4478 eorum
3412 4423 3623 4476 anima:

2048 4523 2106 4568 ut
2151 4525 2310 4583 puta,
2363 4514 2447 4567 hic
2487 4523 2579 4566 aut
2627 4513 2717 4567 ille
2760 4514 2963 4582 prinms
3009 4513 3140 4567 mihi
3192 4515 3426 4569 occurrit
3467 4513 3627 4567 domo

2047 4605 2294 4667 exeunti;
2325 4605 2544 4658 omnino
2571 4605 2880 4674 contingere
2907 4615 3122 4674 Oportet
3151 4606 3288 4660 mala
3320 4605 3630 4659 innumera-

2048 4695 2195 4750 bilia.
2222 4693 2375 4749 Nunc
2417 4708 2604 4748 servus
2632 4693 2993 4749 exsecrandus
3036 4694 3172 4748 dans
3215 4694 3343 4748 mihi
3379 4694 3590 4749 calceos
3613 4735 3628 4758 ,

2051 4788 2279 4858 primum
2312 4787 2546 4856 porrexit
2595 4797 2797 4855 partem
2839 4786 3146 4850 sinistram;
3195 4803 3385 4858 graves
3423 4786 3627 4857 signifi-

2049 4889 2238 4934 cantur
2265 4880 2627 4943 calamitates,
2661 4889 2714 4932 ct
2743 4879 3104 4933 contumeliae.
3155 4880 3264 4949 Ego
3305 4882 3418 4948 ipse
3447 4880 3631 4932 exiens

2051 4973 2268 5026 sinistro
2296 4972 2456 5040 priori
2487 4971 2721 5038 processi
2755 4972 2888 5040 pede
2912 4988 2926 5035 ;
2960 4970 3059 5026 hoc
3077 4984 3290 5041 quoque
3319 4981 3402 5024 est
3420 4972 3630 5040 signum

2052 5063 2433 5117 calamitatum.
2465 5061 2530 5115 Et
2573 5061 2686 5116 haec
2713 5062 2926 5132 quidem
2956 5062 3100 5116 domi
3133 5073 3256 5116 sunt
3283 5063 3419 5117 mala
3447 5081 3460 5116 :
3491 5063 3632 5116 foras

2054 5168 2230 5212 autem
2259 5169 2475 5225 egresso
2515 5154 2706 5209 dexter
2733 5155 2864 5208 mihi
2891 5156 3077 5209 oculus
3119 5155 3323 5210 inferne
3349 5156 3502 5219 salit;
3535 5155 3634 5208 hoc

2054 5257 2136 5302 est
2174 5247 2424 5301 indicium
2471 5245 2849 5316 lacrymarnm.
2891 5245 3141 5299 Mulieres
3181 5260 3394 5313 quoque
3423 5244 3635 5314 quando

2057 5344 2248 5393 sonant
2271 5335 2461 5390 calami
2488 5334 2553 5388 ad
2594 5343 2816 5388 texturae
2843 5342 2988 5388 recta
3030 5335 3169 5404 ligna
3200 5335 3366 5399 allisi,
3400 5335 3480 5389 vel
3513 5349 3633 5386 cum

2057 5429 2185 5495 ipsa;
2234 5429 2442 5496 pectine
2485 5425 2888 5491 discriminant,
2935 5425 3035 5480 hoc
3081 5440 3177 5494 pro
3220 5427 3375 5495 signo
3417 5426 3633 5480 habent.

2060 5521 2263 5575 Rursus
2287 5519 2502 5590 quando
2530 5519 2843 5588 subtegmen
2882 5518 3092 5587 pectine
3124 5520 3434 5574 concutiunt
3455 5558 3468 5581 ,
3501 5527 3554 5572 et
3585 5516 3636 5570 id

2059 5612 2258 5667 faciunt
2282 5612 2650 5666 vehementius
2673 5627 2687 5674 ;
2721 5609 2915 5665 deinde
2935 5611 3024 5680 qui
3050 5620 3174 5666 sunt
3193 5625 3421 5678 superne
3447 5609 3636 5663 calami

2059 5705 2128 5758 ob
2160 5705 2422 5757 intonsum
2453 5703 2612 5756 ictum
2645 5701 2810 5756 edunt
2835 5701 3137 5770 strepitum,
3169 5701 3306 5755 allisi
3333 5700 3402 5753 ad
3435 5709 3637 5753 rectum

2060 5806 2281 5853 textura:
2309 5795 2526 5866 lignum,
2561 5795 2658 5850 hoc
2688 5793 2882 5850 habent
2915 5809 3010 5866 pro
3038 5794 3189 5864 signo
3220 5812 3232 5850 :
3271 5793 3448 5850 etalia
3481 5793 3638 5849 innu-
