4052 6214
436 321 506 377 σι
1333 327 1399 384 IN
1438 328 1655 386 LPIST.
1694 332 1787 386 Al)
1828 332 2072 391 EPHES.
2108 336 2259 393 CAP.
2302 338 2390 395 IV.
2439 338 2670 395 HOMIL.
2712 340 2825 398 XII.

441 431 561 502 οὐχ
596 432 750 503 δρᾷς,
785 433 869 487 δτι
897 433 964 488 τά
993 434 1294 508 δηλητήρια
1326 438 1594 510 φάρμακα
1625 442 2018 510 καταϐλάπτει,

441 512 543 567 καὶ
569 514 786 579 οὐδενὸς
813 516 1005 582 δεῖται,
1032 519 1163 572 ὅταν
1202 519 1261 573 δὲ
1296 520 1503 593 ὠφελῇ,
1536 523 1782 589 πολλῶν;
1834 527 1933 579 Διά
1964 526 2024 579 σὲ

441 596 626 679 τοίνυν
655 597 774 653 ἐστὶ
806 599 1071 666 τοιοῦτος,
1111 602 1207 656 καὶ
1241 604 1403 667 καλὸς
1432 607 1526 659 καὶ
1561 606 1794 679 ἀσθενής
1816 625 1830 638 ’
1862 609 2024 672 καλὸς

443 678 567 763 μεν,
598 679 687 732 ῖνα
712 682 1085 755 ὲπιγινὼσκῃς
1111 685 1203 739 τὸν
1228 688 1505 757 Δεσπότην
1528 705 1543 720 ·
1566 689 1799 763 ἀσθενὴς
1825 691 1903 757 δὲ,
1934 692 2021 746 ἵνα

444 761 522 833 μὴ
544 764 821 834 Δεσπότην
853 766 1015 819 αὑτὸν
1043 763 1180 821 εἶναι
1213 767 1399 841 λέγῃς.
1438 769 1595 825 Ἀλλά
1621 761 1832 843 τρέφει,
1862 774 2020 845 φησὶ,

439 845 511 898 τά
536 846 682 916 φυτά
705 848 801 901 καὶ
824 847 895 901 τά
918 850 1230 922 σπέρματα.
1262 852 1327 904 Τί
1352 850 1448 907 οῦν
1474 853 1551 926 μὴ
1571 855 1723 926 παρά
1749 855 1907 910 τοῦτο
1927 856 2021 910 καὶ

438 931 474 999 ἡ
509 931 715 1001 κόπρος
763 932 922 999 θεός;
971 934 1067 987 καὶ
1108 936 1217 1006 γὰρ
1260 936 1353 990 καὶ
1380 938 1563 1010 εκείνη
1596 941 1810 1010 τρέφει.
1844 940 1909 993 Τί
1945 940 2019 1011 μὴ

437 1015 593 1084 παρά
614 1013 771 1069 τοῦτο
791 1016 887 1069 καὶ
912 1016 975 1070 τὸ
998 1016 1283 1088 δρέπανον,
1315 1019 1409 1072 καὶ
1433 1022 1488 1073 αί
1510 1020 1605 1075 τοῦ
1642 1021 1887 1094 γεωργοῦ
1910 1026 2017 1093 χεῖ-

438 1114 568 1168 ρες;
602 1100 787 1167 Δεῖξόν
827 1118 920 1171 μοι
955 1101 1117 1171 μόνον
1155 1103 1423 1174 τρέφοντα
1457 1104 1549 1158 τὸν
1580 1105 1751 1176 ἥλιον,
1787 1107 1879 1160 καὶ
1914 1125 2018 1178 μη-

374 1188 375 1191 ‘
434 1182 588 1245 δενὸς
612 1183 893 1253 δεόμενον,
923 1185 1062 1254 μήτε
1087 1184 1211 1254 γῆς,
1248 1187 1387 1256 μήτε
1424 1185 1637 1251 ὓδατος,
1671 1189 1809 1258 μήτε
1843 1204 2016 1260 γεωρ-

433 1264 562 1331 γίας
582 1282 597 1299 ο
631 1265 772 1321 ἀλλά
800 1266 1078 1335 βαλλέσθω
1116 1267 1186 1321 τά
1221 1268 1536 1339 σπέρματα,
1571 1272 1669 1324 καὶ
1694 1270 1793 1342 τὴν
1822 1273 2015 1326 ἀκτῖνα

429 1347 595 1415 ἀφεὶς
620 1348 886 1403 δεικνύτω
914 1349 1043 1413 τοὺς
1071 1350 1371 1420 ἀστάχυας.
1408 1353 1471 1406 Et
1505 1353 1562 1406 δὲ
1596 1355 1695 1408 οὐκ
1720 1354 1885 1409 αὐτοῦ
1916 1356 2013 1426 μό-

427 1447 550 1495 νου,
589 1432 727 1487 ἀλλά
780 1435 876 1489 καὶ
914 1433 1024 1487 τῶν
1064 1434 1234 1488 ὑετῶν
1276 1437 1412 1500 ἔστι,
1461 1437 1552 1492 διά
1596 1437 1649 1491 τί
1691 1438 1766 1510 μὴ
1817 1438 1910 1492 καὶ
1954 1438 2015 1492 τὸ

431 1514 582 1587 ὕδωρ
610 1516 767 1581 θεός;
809 1516 973 1570 Ἀλλά
1007 1519 1175 1590 μήπω
1199 1520 1329 1589 περὶ
1358 1519 1570 1574 τούτου.
1612 1521 1711 1575 Διά
1731 1520 1785 1575 τί
1815 1521 1890 1593 μὴ
1918 1521 2013 1575 καὶ

431 1601 465 1668 ἡ
488 1599 564 1668 γῆ
592 1599 751 1667 θεόςς
784 1599 873 1654 διὰ
901 1601 956 1653 τί
983 1601 1059 1673 μὴ
1090 1602 1243 1675 καὶὴ
1275 1602 1501 1674 κόπρος.
1526 1604 1621 1657 και
1650 1603 1925 1675 ἡδίκελλα
1943 1617 2009 1667 -ς

428 1684 618 1738 Πάντα
663 1682 781 1750 06v,
818 1685 943 1739 εἰπέ
993 1703 1119 1755 μοι,
1159 1687 1641 1757 προσκυνήσομεν;
1690 1682 1754 1740 Ὦ
1778 1687 1876 1758 τῆς
1916 1687 2013 1756 λη-

431 1767 662 1838 ρωδίαςί
696 1768 891 1823 Καίτοι
926 1768 1127 1838 μᾶλλον
1152 1769 1283 1824 ἄνευ
1316 1769 1468 1840 ἡλίου
1501 1769 1714 1838 γένοιτο
1745 1769 2006 1840 ἄσταχυς,

429 1852 461 1919 ἢ
480 1850 613 1906 ἄνευ
641 1853 749 1922 γῆς
762 1854 860 1907 καὶ
889 1852 1102 1917 ὕδατος,
1120 1853 1217 1906 καὶ
1234 1852 1377 1921 φυτά
1402 1854 1501 1907 καὶ
1518 1852 1589 1906 τὰ
1608 1853 1743 1909 ἀλλα
1768 1853 2004 1910 ᾶπαντα.

429 1934 541 2002 Γῆς
560 1933 663 2005 μὲν
677 1930 773 1990 οῦν
787 1937 888 1990 οὐκ
907 1935 1097 2007 οὔσης,
1114 1936 1215 1990 οὐκ
1232 1936 1299 1991 ἀν
1324 1952 1456 1990 ποτε
1472 1935 1680 1990 τούτων
1698 1954 1750 1990 τι
1772 1936 1968 2007 φανείη
1989 1952 2005 1968 ·

426 2019 479 2069 εί
504 2015 566 2070 δέ
608 2034 694 2082 τις
727 2018 787 2072 ἐν
832 2019 1106 2090 κεραμίῳ,
1149 2014 1240 2072 οἷα
1268 2018 1338 2072 τά
1365 2018 1557 2074 παιδία
1585 2017 1801 2073 ποιοῦσι
1828 2020 1924 2073 καὶ
1949 2019 2005 2073 αῖ

430 2102 711 2167 γυναῖκες,
752 2103 858 2173 γῆν
895 2101 1312 2173 ἑναποθέμενος,
1346 2100 1452 2156 ὑπὸ
1479 2101 1571 2156 τὸν
1602 2101 1798 2172 ὄροφον
1834 2101 2005 2156 κατά-

430 2183 598 2246 θοιτο,
640 2183 886 2257 κέραμον
938 2185 1223 2257 ἐμπλήσας
1266 2184 1474 2256 κόπρου
1527 2181 1752 2255 πολλῆς,
1805 2183 2004 2255 ἀσθενῆ

430 2266 551 2336 μὲν,
594 2266 904 2321 ἀναδίδοται
937 2267 995 2322 δὲ
1033 2268 1181 2338 ὅμως
1221 2266 1290 2321 τά
1321 2266 1485 2337 φυτά.
1534 2268 1697 2321 Ὥστε
1735 2267 1936 2321 πλείων
1966 2268 2001 2337 ἡ

428 2351 576 2422 παρὰ
605 2350 709 2421 τῆς
740 2350 845 2421 γῆς
874 2351 970 2404 καὶ
1006 2351 1107 2420 τῆς
1132 2352 1338 2422 κόπρου
1372 2350 1670 2419 συντέλεια,
1713 2349 2005 2405 καὶταῦτα

428 2433 543 2506 [93]
570 2434 777 2505 μᾶλλον
801 2434 1010 2488 ἐκείνου
1037 2434 1143 2506 χρὴ
1170 2437 1517 2506 προσκυνεῖν.
1540 2434 1786 2507 Οὐρανοῦ
1808 2436 2001 2499 δεῖται,

422 2516 583 2589 ἀέρος
623 2517 819 2575 δεῖται.
869 2516 1082 2570 ὑδάτων
1119 2516 1290 2571 δεῖται
1316 2516 1544 2582 τούτων,
1585 2518 1726 2572 ῶστε
1759 2518 1835 2589 μὴ
1876 2517 2002 2588 βλά-

422 2616 581 2675 πτειν
608 2598 864 2672 καθάπερ
898 2599 1130 2670 χαλινῶν
1177 2599 1522 2669 κατεχόντων
1560 2600 1723 2654 αὐτοῦ
1764 2600 1862 2670 τὴν
1902 2601 2003 2670 τῆς

421 2682 706 2753 δυνάμεως
756 2683 1079 2755 ἀγριότητα,
1141 2684 1237 2737 καὶ
1288 2683 1390 2737 οὐκ
1444 2681 1658 2737 ὲὼντων
1709 2684 2001 2751 ἐπαφεῖναι

422 2765 702 2837 πανταχοῦ
749 2766 847 2837 τὴν
890 2767 1108 2830 ἀκτῖνα,
1155 2765 1346 2836 ῶσπερ
1395 2768 1518 2820 τινά
1573 2766 1738 2819 ῖππον
1785 2764 1999 2836 ἄγριον.

422 2849 556 2903 Εἰπὲ
582 2848 651 2918 δή
684 2866 797 2920 μοι,
828 2848 932 2903 ποῦ
959 2850 1093 2920 ἡμῖν
1126 2849 1277 2903 ἐστιν
1303 2841 1459 2913 οὗτος
1490 2849 1630 2903 κατά
1665 2849 1766 2921 τὴν
1792 2848 1999 2915 νύκτας

421 2933 526 2987 ποῦ
544 2935 574 2987 ὁ
595 2933 718 2997 θεὸς
738 2933 969 3004 ἀποδεδή
979 2948 1185 3003 μηκεν;
1211 2932 1273 2985 οὐ
1295 2932 1405 3004 γάρ
1431 2931 1554 2987 θεοῦ
1575 2932 1736 2987 τοῦτο
1757 2932 1821 2987 τό
1843 2950 2001 3005 περι·

420 3016 696 3070 κλείεσθαι
745 3016 842 3070 καὶ
892 3014 1261 3086 περατοῦσθαι
1301 3032 1316 3046 °
1373 3016 1645 3085 σωμάτων
1685 3016 1795 3088 γάρ
1831 3017 2001 3082 δντως

418 3100 581 3155 τοῦτο
620 3099 801 3172 μόνον.
852 3098 1016 3154 Ἀλλά
1056 3099 1149 3152 καὶ
1180 3099 1412 3169 δύναμίς
1438 3101 1523 3165 τίς
1553 3101 1704 3156 ἐστιν
1740 3104 1799 3156 ἐν
1828 3101 1997 3173 αὐτῷ,

418 3185 576 3255 φησὶ,
617 3184 715 3237 καὶ
747 3185 1000 3236 κινεῖται.
1038 3181 1186 3253 Δῦτη
1230 3179 1323 3238 οὖν
1370 3185 1685 3257 ἡδύναμις,
1726 3186 1849 3241 είπὲ
1886 3204 1999 3258 μοι,

418 3268 573 3334 θεός;
617 3267 671 3319 τί
702 3263 796 3320 οὖν
827 3264 970 3335 αῦτη
1018 3265 1214 3329 δεῖται,
1251 3267 1346 3320 καὶ
1395 3268 1471 3339 μὴ
1511 3270 1730 3341 κατέχει
1758 3272 1821 3324 τὸ
1846 3270 1997 3341 πῦρ;

419 3353 582 3406 πάλιν
606 3351 717 3422 γάρ
745 3353 775 3404 ό
793 3350 956 3414 αὐτός
990 3367 1079 3421 μοι
1105 3349 1286 3418 λόγος.
1310 3350 1376 3402 Τί
1395 3351 1451 3405 δὲ
1471 3353 1505 3422 ἡ
1532 3352 1761 3425 δύναμις
1781 3355 1998 3425 ὲκείνη;

420 3439 723 3507 φωτιστικὴ
764 3433 893 3507 τί[ς]
935 3436 1103 3498 ἐστιν,
1146 3433 1301 3504 ἢδιά
1340 3435 1530 3489 τούτου
1582 3438 1829 3506 φωτίζει,
1861 3438 1999 3508 αὐτὴ

420 3521 725 3591 μετέχουσα
746 3519 951 3572 τούτων
992 3518 1254 3588 μηδενός;
1289 3518 1497 3573 Οὐκοῦν
1532 3519 1732 3589 μείζων
1758 3521 1931 3593 αὐτῆς
1970 3522 2002 3575 ό

416 3608 587 3677 ἥλιος.
625 3604 804 3676 Μέχρι
834 3598 985 3667 τίνος
1010 3603 1364 3674 ἀνελίττομεν
1393 3604 1750 3676 λαϐύρινθον;

487 3721 640 3790 γ’.Τί
659 3721 718 3775 δὲ
736 3723 797 3776 τὸ
827 3721 976 3791 ὕδωρ
998 3740 1014 3788 ;
1055 3722 1177 3792 οὐχὶ
1198 3721 1291 3776 καὶ
1313 3722 1444 3775 αύτδ
1474 3723 1614 3786 Θεὸς,
1639 3724 1772 3791 φασί
1792 3741 1806 3790 ;
1830 3725 1999 3781 Τοῦτο

416 3807 589 3870 δντως
623 3805 859 3874 γέλωτος
886 3806 1049 3860 πάλιν
1089 3805 1413 3875 φιλονείκου.
1455 3805 1591 3875 Οὐχὶ
1629 3805 1771 3871 θεὸς,
1811 3811 1996 3880 φησὶν,

415 3884 463 3958 ᾧ
490 3890 628 3961 πρὸς
649 3889 887 3944 τοσαῦτα
913 3888 1261 3961 κεχρήμεθας
1297 3889 1405 3943 Καὶ
1436 3888 1680 3960 περὶτῆς
1708 3891 1813 3962 γῆς
1835 3892 1998 3947 πάλιν

415 3975 639 4044 ὁμοίως.
680 3976 910 4037 Ὄντως,
962 3974 1058 4027 Ἐν
1081 3973 1429 4042 ματαιότητι
1468 3972 1576 4027 τοῦ
1603 3974 1748 4041 νοὸς
1775 3975 1992 4040 αὐτῶν,

416 4056 843 4128 ἐσκοτωμένοι
875 4056 993 4123 τὴν
1015 4055 1308 4112 διάνοιαν.
1345 4055 1506 4109 Ἀλλά
1529 4058 1661 4129 περὶ
1685 4057 1802 4126 βίου
1825 4056 1997 4112 ταῦτά

414 4158 551 4211 φησι
579 4141 678 4194 νῦν
701 4156 716 4172 ·
743 4140 1073 4212 Πορνεύουσι
1114 4141 1209 4193 καὶ
1237 4137 1577 4210 μοιχεύουσιν
1602 4139 1880 4210 Ἕλληνες.
1905 4142 1997 4196 EE-

417 4226 594 4289 χέτως
609 4241 625 4256 ο
646 4225 700 4278 οι
718 4224 827 4294 γὰρ
849 4222 1126 4286 τοιούτους
1144 4223 1557 4294 ὑπογράφοντες
1580 4223 1794 4286 ἑαυτοῖς
1816 4222 1993 4290 θεοὺς,

415 4306 600 4361 πάντα
623 4306 937 4369 ἀκολούθως
965 4305 1289 4377 ἐργάζονται
1308 4323 1323 4338 ·
1354 4305 1456 4359 κάν
1482 4307 1612 4365 τοὺς
1647 4305 1754 4359 τῶν
1784 4306 1994 4377 ἀνθρὼ-

416 4409 537 4446 πων
571 4390 843 4461 δυνηθῶσι
884 4388 1069 4443 λαθεῖν
1100 4387 1435 4457 ὀφθαλμοὺς,
1470 4387 1645 4450 οὐδεὶς
1688 4388 1718 4441 ὁ
1748 4387 1995 4454 καθέξων

412 4473 635 4538 αὐτούς.
669 4473 735 4527 Τί
763 4473 872 4543 γάρ
900 4472 1189 4541 δυνήσεται
1213 4471 1242 4523 ὁ
1277 4469 1405 4540 περὶ
1432 4469 1783 4535 ἀναστάσεως
1813 4472 1992 4540 λόγος,

416 4557 587 4629 μῦθος
611 4557 797 4620 αὐτοῖς
830 4550 970 4609 εἶναι
1001 4553 1205 4619 δοκῶν;
1253 4553 1413 4606 Ἀλλά
1447 4570 1514 4606 πε
1524 4553 1579 4625 ρὶ
1602 4553 1713 4608 τῶν
1742 4556 1800 4607 ὲν
1824 4554 1988 4626 ᾇδου;

431 4641 594 4695 Ἀλλά
629 4641 726 4694 καὶ
753 4639 927 4694 ταῦτα
953 4638 1114 4711 μῦθοι
1140 4656 1154 4670 ·
1193 4638 1287 4691 καὶ
1315 4636 1413 4691 θέα
1439 4637 1541 4708 τὴν
1575 4640 1872 4710 σατανικὴν
1900 4639 1990 4693 ἐν·

416 4742 589 4780 νοιαν.
623 4724 795 4777 Ὅταν
835 4723 936 4792 μὲν
978 4721 1208 4788 λέγωσιν
1242 4719 1425 4784 αὐτοῖς
1453 4719 1609 4784 θεοὺς
1648 4720 1898 4793 πόρνους,
1928 4721 1990 4797 οῦ

415 4824 584 4877 φασιν
608 4803 751 4861 εἶναι
779 4804 1002 4875 μύθους,
1029 4802 1163 4856 ἀλλά
1179 4802 1495 4856 πείθονται·
1519 4802 1646 4856 ὃταν
1673 4804 1730 4857 δὲ
1757 4805 1884 4874 περὶ
1909 4822 1993 4857 κο-

416 4892 627 4954 λάσεως
649 4887 1031 4956 διαλέγωνται,
1056 4884 1307 4957 Ποιηταὶ,
1326 4886 1515 4955 φασὶν,
1544 4887 1675 4951 εἰσὶ,
1697 4887 1791 4939 καὶ
1815 4887 1992 4940 πάντα

421 4973 765 5043 μυθεύουσιν,
803 4973 891 5025 ἵνα
928 4968 1189 5024 πάντοθεν
1226 4969 1597 5040 ἀνατρέπηται
1624 4968 1726 5040 τῆς
1761 4968 1992 5034 εὐζωῖας

417 5060 454 5127 ἡ
491 5056 844 5118 κατάστασις.
1444 5116 1461 5127 ι
1965 5087 1968 5090 ~

500 5166 638 5220 Ἀλλ’
662 5167 713 5220 of.
745 5165 1048 5237 φιλόσοφοι,
1075 5166 1262 5235 φησὶν,
1293 5163 1518 5234 ἑφεῦρόν
1545 5181 1600 5217 τι
1629 5164 1827 5233 σεμνὸν
1853 5163 1989 5217 πάν-

420 5267 545 5314 τως,
573 5251 667 5304 καὶ
708 5250 917 5304 τούτων
944 5251 1208 5321 κρεῖττον.
1249 5248 1371 5312 Πῶς
1398 5266 1412 5313 ;
1442 5249 1489 5301 οί
1514 5248 1611 5317 τὴν
1649 5247 1989 5318 εἱμαρμένην

420 5335 822 5403 ἐπεισάγοντες,
844 5334 939 5388 καὶ
955 5334 1262 5404 ἀπρονόητα
1281 5328 1419 5386 εἶναι
1434 5331 1681 5399 λέγοντες
1696 5331 1763 5384 τά
1788 5332 1987 5398 πάντα,

419 5418 516 5471 καὶ
572 5418 765 5489 μηδενὶ
798 5415 984 5486 μέλειν
1011 5417 1037 5456 ι»
1071 5414 1319 5485 μηδενὸς,
1351 5414 1466 5468 ἀλλ’
1495 5411 1555 5478 ἐξ
1587 5413 1806 5484 ἀτόμων
1862 5431 1985 5468 συνι-

419 5502 674 5566 εστάναι;
697 5500 816 5555 ἀλλ’
842 5499 1021 5569 ἕτεροι
1037 5498 1087 5552 οἱ
1104 5497 1264 5568 σῶμα
1278 5500 1369 5552 τόν
1386 5497 1517 5553 Θεὸν
1536 5496 1778 5563 εἰπόντες
1793 5514 1808 5567 ;
1827 5498 1985 5555 Ἀλλά

488 5686 506 5706 ⁸
523 5683 724 5741 Quidam
748 5695 865 5730 nm.
896 5678 1078 5731 habent
1099 5682 1241 5743 μακε)
1251 5681 1330 5731 λαε

479 5743 510 5785 δ
532 5747 614 5795 Sic
637 5759 753 5796 mss.
783 5744 935 5804 Ediu,
957 5744 1156 5805 μέλλειν,
1182 5743 1311 5793 male

2125 446 2290 514 τίνες,
2325 451 2446 505 είπέ
2496 469 2618 524 μοις
2657 454 2708 506 οἱ
2742 455 2839 518 τάς
2871 456 3219 527 ἀνθρωπίνας
3258 456 3437 529 ψυχάς
3479 462 3696 527 κυνείας

2125 531 2429 598 ποιοῦντες,
2468 536 2565 589 καὶ
2599 537 2725 600 τοὺς
2766 537 3089 610 ἀνθρώπους
3137 540 3436 603 πείθοντες,
3475 544 3558 595 ὅτι
3604 548 3697 599 καὶ

2124 611 2271 698 κύων
2312 615 2532 684 ἐγένετό
2569 619 2701 672 ποτέ
2737 636 2840 684 τις.
2872 622 2966 675 καὶ
2999 622 3137 676 λέων
3165 624 3261 676 καὶ
3291 623 3479 694 ίχθύς;
3515 626 3695 698 Μέχρι

2123 694 2266 759 τίνος
2313 697 2376 751 06
2423 698 2663 755 παύεσθε
2698 701 3013 773 ληροῦντες,
3046 705 3424 777 ὲσκοτισμὲνοι
3468 710 3536 778 τῇ
3581 694 3697 763 δια-

2121 780 2269 850 νοίᾳς
2315 782 2569 855 καθάπερ
2602 785 2712 856 γάρ
2752 786 2906 852 δντες
2933 790 2991 843 ἐν
3042 790 3221 861 σκότῳ
3262 791 3440 846 πάντα
3471 794 3565 846 καὶ
3608 792 3698 846 λί-

2122 864 2403 941 γουσικαὶ
2431 866 2750 936 πράττουσι,
2795 871 2891 923 καὶ
2934 870 3004 923 τά
3031 871 3160 941 περὶ
3187 871 3471 941 δογμάτων
3501 872 3597 926 καὶ
3624 874 3694 926 τά

2122 941 2250 1011 περὶ
2278 940 2413 1012 βίου.
2447 944 2613 997 Οὐδὲν
2639 945 2746 1018 γάρ
2774 948 2877 1021 ὁρᾷ
2904 948 3011 1002 τῶν
3040 940 3115 1001 ὲν
3135 940 3603 1020 μέσῳίκειμένων,
3635 951 3693 1015 ὃς

2119 1025 2268 1077 ἐστιν
2321 1026 2726 1098 ὲσκοτισμένος,
2767 1030 2902 1084 ἀλλά
2951 1032 3183 1101 σχοινίον
3237 1033 3496 1097 πολλάκις
3543 1034 3689 1099 ίδὼν,
3750 1024 3754 1029 θ

2117 1105 2241 1175 ὅφιν
2286 1108 2537 1175 ἐνόμισεν
2567 1110 2875 1181 αὐτόματον
2897 1129 2912 1143 ο
2959 1113 3065 1166 ὑπὸ
3101 1115 3357 1185 φραγμοῦ
3399 1116 3562 1170 πάλιν
3600 1135 3692 1171 κα-

2116 1188 2419 1260 τασχεθεὶς,
2450 1191 2700 1262 ἐνόμισεν
2730 1193 3017 1265 ἄνθρωπόν
3052 1213 3176 1249 τινα
3205 1197 3238 1263 ἢ
3278 1197 3505 1268 δαίμονα
3557 1216 3691 1253 κατ-

2115 1268 2261 1353 έχειν
2287 1272 2448 1327 αὐτόν
2471 1289 2485 1302 θ
2518 1273 2614 1327 καὶ
2640 1273 2807 1339 πολὺς
2836 1277 2866 1328 ό
2896 1276 3145 1348 θόρυδος,
3178 1277 3349 1350 πολλὴ
3385 1281 3421 1350 ἡ
3451 1282 3688 1353 ταραχή.

2115 1351 2353 1408 Τοιαῦτά
2381 1374 2503 1409 τινα
2530 1357 2821 1427 φοϐοῦνται
2839 1376 2853 1390 ·
2886 1359 3360 1428 Φοϐηθήσονται,
3401 1351 3556 1431 φησῖ,
3584 1351 3691 1433 φό-

2112 1437 2239 1503 ϐον,
2268 1433 2343 1494 οὗ
2374 1441 2485 1494 οὐκ
2506 1435 2586 1510 ἦν
2612 1442 2798 1510 φόϐος
2815 1458 2830 1472 σ
2856 1442 2926 1496 τά
2950 1442 3008 1497 δὲ
3033 1443 3159 1509 ἀξια
3186 1444 3352 1514 φόϐου
3374 1445 3432 1497 o6
3469 1445 3584 1517 194]
3607 1447 3691 1500 δε-

2112 1518 2374 1575 δοίκασιν.
2432 1522 2593 1577 Ἀλλά
2633 1523 2887 1597 καθάπερ
2930 1525 3000 1581 τά
3050 1526 3238 1580 παιδία
3284 1526 3364 1599 τῷ
3410 1527 3508 1598 μὲν
3555 1522 3687 1600 πυρὶ

2111 1601 2211 1667 τὰς
2251 1606 2441 1673 χεῖρας
2487 1606 2875 1678 ἀπρονοήτως,
2921 1609 3016 1664 καὶ
3055 1609 3133 1680 τῷ
3173 1609 3352 1680 λύχνῳ
3399 1610 3687 1682 τολμηρῶς

2111 1684 2411 1755 ὲπαφιᾶσιν
2451 1688 2556 1742 ὑπὸ
2580 1688 2689 1743 τῶν
2723 1690 2921 1745 τιτθῶν
2955 1691 3353 1763 βασταζόμενα,
3386 1693 3590 1748 σάκκον
3626 1694 3684 1749 δὲ

2108 1767 2277 1839 ἄνδρα
2302 1768 2651 1843 ἐνδεδυμένον
2678 1772 2966 1843 φοϐοῦνται
2993 1791 3007 1806 ·
3043 1772 3186 1829 οῦτω
3232 1775 3298 1847 δὴ
3335 1776 3431 1828 καλ⁵
3458 1768 3605 1830 οὗτοι
3630 1776 3681 1831 οί

2111 1849 2410 1922 Ἕλληνες,
2462 1854 2712 1927 καθάπερ
2763 1855 2933 1918 ὅντως
2968 1856 3056 1910 ἀεὶ
3102 1856 3291 1910 παιδία
3323 1857 3422 1925 (ὡς
3465 1858 3561 1912 καί
3596 1875 3683 1924 τις

2107 1932 2216 1988 τῶν
2230 1935 2360 2005 παρ’
2376 1936 2561 2002 αὐτοῖς
2578 1934 2750 1992 εἶπεν
2773 1940 3072 2007 "Euan;
3091 1940 3184 1995 ἀεὶ
3206 1939 3460 2010 παῖδες),
3483 1941 3556 1994 τά
3583 1942 3682 2011 μὲν

2107 2016 2207 2070 οὐκ
2235 2016 2365 2071 ὄντα
2394 2020 2765 2091 ἁμαρτήματα
2795 2020 3118 2087 δεδοίκασιν,
3152 2015 3265 2079 οἷον
3295 2022 3468 2094 ῥύπον
3494 2021 3682 2091 σῶμα·

2105 2114 2218 2167 τος,
2264 2100 2446 2172 κῆδος,
2495 2101 2669 2172 λέχος,
2706 2104 2801 2160 καὶ
2841 2103 3064 2177 ἡμερῶν
3109 2105 3545 2178 παρατηρήσεις,
3586 2106 3683 2161 καὶ

2104 2181 2205 2238 ὅσα
2225 2183 2448 2240 τοιαῦτα
2469 2202 2482 2215 ·
2507 2185 2543 2240 ἃ
2561 2185 2619 2240 δέ
2644 2187 2792 2240 ἐστιν
2812 2186 2983 2251 ὅντως
3000 2184 3395 2258 ἁμαρτήματα,
3422 2187 3687 2259 παιδερσι.

2107 2267 2250 2333 στία,
2280 2269 2515 2341 μοιχεία,
2548 2271 2797 2343 πορνεία,
2831 2271 3037 2325 τούτων
3062 2271 3182 2324 οὐδὲ
3210 2270 3368 2341 λόγον
3391 2282 3414 2312 α
3440 2273 3677 2342 ἔχουσιν.

2117 2350 2255 2404 Ἀλλ’
2287 2351 2416 2417 ῐδοις
2450 2352 2516 2409 ἂν
2542 2354 2703 2407 αὐτόν
2731 2353 2840 2407 ἀπὸ
2870 2353 2969 2425 μὲν
3003 2352 3197 2423 νεκροῦ
3227 2353 3542 2424 λουόμενον,
3570 2355 3682 2410 ἀπὸ

2103 2430 2161 2484 δὲ
2187 2433 2397 2505 νεκρῶν
2428 2434 2624 2506 ἔργων,
2656 2436 2839 2489 οὐκέτι
2858 2451 2871 2466 ⁸
2908 2436 3005 2490 καί⁵
3031 2436 3332 2507 χρημάτων
3365 2437 3464 2507 μὲν
3488 2436 3680 2492 ἕνεκεν

2105 2515 2307 2587 πολλὴν
2347 2517 2672 2588 ποιούμενον
2718 2517 2978 2589 σπουδὴν,
3006 2519 3101 2589 ,ἑνὶ
3144 2519 3204 2572 δὲ
3255 2520 3579 2592 ἀλεκτρυόνι
3618 2522 3681 2575 τὸ

2102 2599 2213 2652 πᾶν
2235 2597 2577 2654 διαλελύσθαι
2610 2597 2900 2670 νομίζοντα
2924 2619 2938 2633 ι
2964 2599 3139 2664 οὕτως
3167 2603 3546 2673 ὲσκστισμένοι
3572 2603 3681 2657 είσῒ⁵

2101 2683 2166 2752 τῇ
2198 2681 2426 2751 διανοίᾳ.
2454 2680 2674 2734 Πολλῶν
2698 2681 2968 2751 δειμάτων
3002 2682 3190 2745 αὐτοῖς
3218 2685 3252 2755 ἡ
3281 2683 3429 2755 ψυχὴ
3467 2685 3667 2756 μεστή.

2100 2758 2233 2831 οἷον,
2262 2763 2322 2818 Ὀ
2348 2763 2501 2819 δεῖνά
2518 2781 2610 2835 μοι
2640 2765 2855 2837 πρῶτος
2886 2765 3130 2835 ἐνέτυχε,
3158 2767 3555 2837 φησὶν,ὲξιόντι
3577 2766 3678 2836 τῆς

2100 2847 2277 2911 οίκίας
2300 2863 2315 2877 ’
2347 2847 2566 2912 πάντως
2597 2848 2769 2921 μυρία
2810 2848 2894 2904 δεῖ
2940 2848 3086 2902 κακά
3123 2851 3447 2920 συμπεσεῖν.
3491 2849 3607 2904 Νῦν
3650 2851 3679 2902 ό

2099 2929 2318 3002 οίκέτης
2366 2932 2396 2985 ό
2445 2930 2642 3002 μιαρός
2689 2931 2759 2985 τά
2801 2931 3128 3003 ὑποδήματα
3173 2931 3469 2996 ἐπιδιδοὺς,
3524 2931 3675 3000 πρῶ-

2099 3029 2190 3066 τον
2246 3012 2416 3088 ὤρεξε
2477 3014 2539 3068 τὸ
2594 3015 2920 3087 ἀριστερόν·
2981 3015 3262 3087 συμφοραὶ
3317 3013 3521 3080 δειναὶ,
3582 3014 3678 3068 καὶ

2101 3095 2306 3168 ῦδρεις.
2332 3096 2473 3167 Ἐγὼ
2485 3098 2646 3163 αὐτὸς
2664 3096 2845 3163 ἐξιὼν,
2864 3097 2943 3170 τῷ
2961 3098 3238 3171 ἀριστερῷ
3251 3098 3504 3172 προτέρῳ
3518 3097 3678 3172 προῦ-

2100 3178 2203 3250 6ην
2231 3179 2388 3233 ποδί·
2419 3179 2700 3235 καὶτοῦτο
2736 3170 3034 3252 συμφορῶν
3069 3170 3317 3250 σημεῖον.
3358 3170 3483 3235 Καὶτ
3502 3170 3675 3233 ταῦτα

2103 3262 2203 3333 μὲν
2239 3264 2368 3333 περὶ
2397 3263 2498 3331 τὴν
2544 3263 2722 3317 οἰκίαν
2751 3263 2822 3317 τά
2862 3263 3010 3318 κακά
3035 3280 3051 3294 ο
3097 3262 3203 3330 ἔξω
3243 3263 3301 3316 δὲ
3349 3262 3619 3331 ἐξελθόντι
3647 3268 3675 3316 ὁ

2098 3344 2377 3417 ὀφθαλμός
2412 3362 2503 3416 μοι
2537 3347 2566 3400 ό
2600 3344 2774 3410 δεξιός
2812 3344 3057 3401 κάτωθεν
3092 3344 3342 3416 ἀναπηδᾷ
3365 3362 3381 3378 ·
3421 3344 3672 3419 δακρύων

2099 3426 2257 3482 τοῦτο
2301 3428 2623 3500 τεκμήριον.
2649 3428 2761 3482 Καὶ
2793 3430 2850 3482 αι
2882 3430 3143 3496 γυναῖκες
3172 3428 3253 3494 δὲ,
3279 3429 3407 3484 ὅταν
3433 3429 3669 3501 τῷίστὸ-

2099 3509 2222 3564 ποδι
2256 3510 2769 3582 προσαρασσόμενοι
2796 3510 3062 3581 κροτῶσιν
3104 3512 3155 3563 οί
3186 3510 3443 3582 κάλαμοι,
3478 3512 3512 3582 ἡ
3542 3511 3670 3564 ὅταν

2099 3592 2263 3648 αὐταὶ
2288 3592 2368 3665 τῷ
2392 3593 2545 3647 κτενὶ
2567 3592 2839 3656 σπαθῶσι,
2876 3596 3102 3664 σημεῖον
3139 3594 3235 3648 καὶ
3266 3595 3423 3648 τοῦτο
3455 3596 3673 3648 ποιοῦν-

2096 3693 2208 3730 ται.
2241 3676 2411 3730 Πάλιν
2435 3677 2564 3731 ὅταν
2604 3676 2705 3747 τὴν
2733 3676 2941 3749 κρόκην
2968 3677 3049 3749 τῷ
3078 3677 3226 3732 κτενὶ
3268 3677 3673 3749 κατακρούωσι,

2099 3758 2195 3813 καὶ
2233 3758 2585 3831 σφοδρότερον
2629 3757 2788 3814 τοῦτο
2825 3758 3189 3830 ἐργάζωνται,
3220 3753 3343 3814 εἶτα
3376 3760 3427 3813 σί
3463 3758 3673 3814 ἀνωθεν

2098 3841 2336 3914 κάλαμοι
2377 3841 2485 3896 ὑπὸ
2522 3842 2623 3912 τῆς
2663 3842 2879 3896 ὲντόνου
2928 3842 3145 3914 πληγῆς
3208 3841 3446 3914 κροτῶσι
3504 3859 3673 3914 προσ-

2096 3924 2459 3997 αρασσόμενοι
2488 3923 2569 3996 τῷ
2604 3925 2861 3991 ῖστόποδι,
2905 3927 3133 3997 σημεῖον
3162 3923 3438 3981 καὶτοῦτο
3460 3924 3676 3981 ποιοῦν·-

2096 4023 2217 4060 ται·
2246 4006 2340 4059 καὶ
2374 4007 2545 4079 μυρία
2586 4007 2751 4079 ἕτερα
2783 4007 3019 4076 γέλωτος
3046 4006 3197 4075 ἄξια.
3225 4008 3347 4064 Κᾶν
3379 4008 3501 4074 ὄνος
3542 4009 3672 4064 ἀνα-

2096 4089 2294 4162 κράξῃ,
2333 4088 2437 4144 κάν
2467 4089 2799 4163 ἀλεκτρυὼν,
2836 4090 2940 4145 κᾶν
2981 4090 3166 4163 πτάρῃ
3211 4108 3316 4156 τις,
3351 4089 3454 4146 κάν
3492 4090 3671 4145 ὁτιοῦν

2096 4172 2302 4244 συμϐῇ,
2350 4173 2603 4245 καθάπερ
2636 4173 2853 4244 μυρίοις
2901 4172 3180 4243 δεδεμένοι
3209 4172 3450 4243 δεσμοῖς,
3488 4173 3668 4248 ὅπερά

2093 4255 2252 4327 ἔφην,
2292 4256 2546 4328 καθάπερ
2588 4258 2646 4310 ἐν
2700 4255 2877 4327 σκότῳ
2907 4256 3286 4326 κατεχόμενοι,
3335 4255 3513 4308 πάντα
3547 4256 3672 4308 6110-

2094 4338 2372 4403 πτεύουσι,
2397 4341 2490 4392 καὶ.
2515 4338 2725 4408 μυρίων
2743 4337 2881 4390 είσὶν
2899 4337 3247 4408 ἀνδραπόδων
3270 4335 3664 4409 δουλικώτεροι.

2108 4420 2267 4474 Ἀλλά
2319 4422 2394 4491 μὴ
2427 4423 2524 4473 καὶ
2570 4421 2732 4491 ἡμεῖς
2756 4436 2771 4451 ο
2808 4418 2947 4474 ἀλλά
2980 4419 3200 4475 πάντων
3245 4419 3453 4473 τούτων
3497 4434 3666 4474 κατα-

2094 4502 2440 4572 γελάσαντες,
2459 4503 2556 4557 άτε
2575 4504 2633 4555 εν
2654 4501 2795 4571 φωτὶ
2823 4501 3044 4568 ζῶντες,
3077 4502 3172 4556 καὶ
3198 4502 3259 4555 ὲν
3284 4499 3498 4571 οὐρανῷ
3520 4499 3670 4555 πολι-

2095 4585 2395 4657 τευόμενοι,
2420 4586 2516 4641 καὶ
2538 4584 2673 4657 πρὸς
2699 4585 2800 4657 τὴν
2828 4585 2934 4657 γῆν
2957 4585 3110 4638 οὐδὲν
3140 4583 3356 4655 ἔχοντες
3386 4582 3585 4649 κοινδν,
3609 4583 3669 4636 ἓν

2095 4668 2256 4739 μόνον
2280 4668 2545 4740 ἡγώμεθα
2575 4663 2715 4722 εῖναι
2758 4667 2989 4740 φοϐερὸν
3018 4666 3117 4738 τὴν
3144 4666 3442 4739 ἁμαρτίαν,
3473 4668 3569 4723 καὶ
3607 4668 3669 4721 τὸ

2092 4749 2460 4822 προσκροῦσαι
2484 4749 2624 4822 Θεῷ.
2641 4748 2843 4804 Τούτου
2864 4750 2920 4803 δὲ
2938 4751 3039 4804 οὐκ
3064 4749 3238 4816 ὄντος,
3259 4749 3477 4806 πάντων
3500 4766 3666 4807 κατα-

2092 4834 2409 4905 γελάσωμεν
2439 4833 2547 4887 τῶν
2580 4833 2776 4898 ἀλλων,
2813 4833 2911 4888 καὶ
2940 4832 3034 4887 τοῦ
3058 4832 3232 4887 ταῦτα
3266 4832 3668 4901 εἰσενεγκόντος

2090 4916 2359 4971 διαδόλου.
2401 4916 2576 4987 ’Υπὲρ
2609 4916 2674 4989 δὴ
2704 4916 2912 4970 τούτων
2950 4916 3364 4989 εὐχαριστῶμεν
3397 4914 3475 4984 τῷ
3505 4914 3624 4985 Θεῷ
3646 4930 3660 4945 ·

2093 4999 2503 5070 σπουδάσωμεν,
2532 4999 2801 5070 μηδέποτε
2826 5001 2961 5070 μήτε
2986 5000 3142 5053 αὐτοὶ
3169 5001 3346 5074 ταύτῃ
3366 4997 3565 5052 ἁλῶναι
3593 4999 3660 5068 τῇ

2091 5080 2325 5153 δουλεία,
2369 5082 2463 5135 καὶ
2492 5083 2546 5136 εί
2571 5099 2654 5145 τις
2687 5082 2819 5152 ἡμῖν
2847 5081 2955 5135 τῶν
2980 5082 3150 5150 φίλων
3180 5081 3408 5138 ἑάλωκε.
3436 5077 3662 5149 διαρρή-

2092 5162 2271 5245 ξωμεν
2308 5163 2472 5218 αὐτοῦ
2518 5164 2588 5219 τά
2619 5163 2815 5234 δεσμά,
2859 5163 3218 5235 ἀποδύσωμεν
3253 5162 3416 5216 αὑτὸν
3439 5162 3540 5233 τῆς
3569 5178 3663 5234 χα-

2088 5248 2408 5319 λεπωτάτης
2445 5250 2538 5302 καὶ
2576 5247 2985 5317 καταγελάστου
3032 5245 3237 5315 ταύτης
3268 5245 3515 5319 εἱρκτῆς,
3564 5245 3656 5298 εῦ-

2088 5330 2247 5385 λυτον
2278 5318 2441 5386 αὐτόν
2463 5329 2826 5401 ἑργασώμεθα
2852 5330 2989 5399 πρὸς
3011 5329 3104 5381 τὸν
3126 5327 3326 5398 δρόμον
3346 5328 3436 5382 τὸν
3457 5318 3543 5393 είς
3565 5328 3658 5382 τὸν

2087 5412 2341 5483 οὐρανὸν,
2380 5413 2451 5467 τά
2496 5412 2671 5484 πτερά
2731 5410 3040 5483 βαρούμενα
3089 5408 3507 5481 ἀνσρθώσωμεν,
3560 5411 3657 5466 καὶ

2089 5494 2203 5566 βίου
2231 5496 2322 5550 καὶ
2340 5495 2607 5565 δόγματος
2629 5494 2812 5547 ἕνεκεν
2833 5492 3173 5563 διδάσκωμεν
3195 5493 3519 5565 φιλοσοφεῖν.
3548 5492 3655 5549 Εὑ-

2150 5682 2174 5742 9
2201 5680 2349 5742 Marg.
2374 5679 2546 5742 SaviAlq
2571 5678 2742 5742 οὐδένα
2773 5674 2877 5742 λόγ.

2151 5740 2185 5783 ἃ
2211 5740 2405 5804 Legem
2428 5740 2566 5804 jubet
2587 5740 2820 5804 Danaus,
2841 5740 2923 5791 ναι
2946 5742 3083 5805 ὅπερ.
