4080 6218
318 366 394 422 π
1256 353 1317 410 IN
1363 353 1577 410 EPIST.
1620 353 1712 407 AD
1754 351 1994 408 EPllES.
2035 351 2189 406 car.
2234 354 2321 409 ιν.
2366 354 2590 410 HontL.
2636 355 2775 412 xut.
3546 370 3612 425 9,

323 479 600 538 inerahilia
646 477 805 547 digna
835 486 954 546 quze
1003 471 1299 526 rideantur.
1348 469 1488 523 Etsi
1520 469 1702 523 asinus
1743 466 1917 521 excla-

322 572 577 635 snaverit,
603 579 659 623 et
687 569 731 621 si
758 566 950 637 gallus,
981 573 1034 618 et
1061 563 1105 617 si
1135 562 1255 632 quis
1283 560 1634 622 sternutavit,
1659 567 1713 613 et
1744 556 1918 626 quod-

323 665 408 718 vis
437 662 614 724 aliud,
647 670 918 729 tamquam
959 656 1140 711 decies
1182 652 1327 707 mille
1357 652 1517 706 vincti
1554 650 1815 711 vinculis,
1864 659 1919 701 nt

325 756 435 809 dixi
462 796 479 820 ,
509 764 777 822 tamquam
805 750 895 819 qui
928 756 1210 802 teneantur
1237 746 1288 798 iu
1329 743 1581 806 tenebris,
1613 741 1792 794 omnia
1824 741 1918 792 ha-

328 851 458 901 bent
483 855 751 915 suspecta,
785 851 834 896 et
860 848 986 894 sunt
1015 839 1184 908 magis
1211 838 1432 891 seniles
1459 850 1619 905 quam
1642 835 1917 886 innumera

330 936 618 1005 mancipia.
647 932 757 988 Sed
803 946 870 987 ne
910 945 1009 985 nos
1037 944 1248 999 quoque
1288 926 1361 980 ita
1393 939 1611 995 agamus
1630 965 1645 988 ,
1674 924 1769 977 sed
1799 939 1919 977 cum

326 1032 445 1084 lucc
473 1029 651 1082 omnia
679 1025 1029 1090 irriserimus,
1062 1022 1229 1092 utvqni
1262 1022 1502 1075 vivamus
1531 1019 1584 1073 in
1614 1018 1755 1083 lucc,
1785 1026 1837 1071 et
1870 1019 1922 1070 in

326 1124 462 1176 caelo
489 1134 790 1183 versemur,
819 1128 874 1172 et
899 1131 1019 1172 cum
1046 1125 1183 1169 terra
1217 1112 1344 1166 nihil
1374 1111 1662 1165 habeamus
1683 1123 1924 1163 comnm-

330 1228 436 1273 ne,
469 1227 632 1265 unum
662 1209 1034 1264 existimemus
1056 1220 1175 1260 esse
1205 1203 1440 1258 terribile
1466 1243 1480 1268 ,
1510 1214 1704 1269 nempe
1731 1213 1922 1268 pecea-

329 1314 442 1357 tum
466 1312 521 1357 et
550 1302 718 1355 Deum
745 1299 1042 1355 oﬂendere.
1074 1295 1226 1363 Quod
1256 1295 1302 1349 si
1334 1295 1436 1348 hoc
1466 1309 1570 1346 non
1598 1293 1698 1356 sit,
1742 1292 1920 1344 omnia

327 1398 433 1451 alia
460 1395 785 1450 irrideamus
806 1433 821 1455 ,
850 1400 907 1445 et
927 1390 1198 1446 diabolum
1228 1387 1316 1457 qui
1349 1387 1462 1440 lucc
1493 1383 1689 1439 intulit.
1713 1382 1817 1435 Pro
1842 1382 1924 1434 his

332 1490 443 1545 Deo
470 1502 693 1557 agamus
733 1486 962 1555 gratias;
995 1481 1227 1536 studium
1273 1492 1536 1551 ponanms
1576 1492 1642 1531 ne
1672 1489 1922 1543 umquam

331 1583 423 1636 tali
455 1580 736 1649 expiamur
771 1576 1065 1639 servitute;
1094 1582 1149 1628 et
1191 1573 1234 1627 si
1264 1572 1384 1643 quis
1415 1586 1477 1624 ex
1509 1567 1695 1623 amicis
1727 1565 1923 1620 nostris

2028 479 2212 535 captus
2254 469 2443 535 fuerit,
2481 474 2687 527 vincula
2720 475 2832 545 ejus
2867 478 3252 550 perfringantns
3277 524 3291 548 ,
3328 485 3611 545 liberemus

2027 575 2148 612 enm
2178 560 2244 614 ab
2266 561 2368 615 hoc
2389 565 2704 631 gravissinm
2728 576 2779 620 et
2808 568 3031 625 ridiculo
3056 588 3295 637 carcere.
3329 578 3612 636 reddamus

2027 665 2146 703 eum
2170 653 2474 719 expeditum
2501 655 2564 708 ad
2594 660 2915 714 currendum
2946 662 2998 716 in
3024 666 3232 730 car-lum,
3268 684 3465 736 pennas
3491 688 3614 742 gra-

2028 748 2178 794 vatas
2223 743 2491 811 erigamus
2523 763 2535 799 :
2570 759 2789 817 pt‘Opter
2818 753 2980 807 vitam
3023 764 3076 810 et
3104 756 3293 827 dogma
3329 763 3612 819 doceamus

2031 833 2411 903 philosophari.
2445 839 2551 891 lleo
2576 842 2771 910 gratias
2790 859 3009 914 agamus
3032 864 3127 916 pro
3152 852 3419 919 omnibus,
3456 871 3609 925 roge-

2030 941 2144 978 mus
2183 940 2341 987 enm.
2388 945 2455 983 ne
2498 948 2595 1013 ιιρε
2636 948 2991 1003 appareamus
3038 940 3235 1012 indigni
3276 945 3419 999 dono
3460 948 3614 1002 nobis

2028 1016 2152 1069 dato
2182 1034 2194 1070 :
2236 1028 2290 1073 et
2322 1021 2419 1089 ipsi
2450 1037 2572 1076 cum
2606 1024 2686 1079 his
2717 1038 2897 1082 nostra
2939 1033 3247 1088 Studeamus
3287 1036 3478 1092 afferre
3499 1081 3512 1099 ,
3559 1050 3612 1094 ut

2028 1107 2315 1164 doceamus
2344 1130 2446 1165 non
2493 1116 2662 1170 solum
2695 1118 2934 1176 dicentes
2956 1165 2970 1187 ,
3013 1124 3106 1178 sed
3145 1126 3304 1180 etiam
3340 1129 3612 1185 facientes.

2028 1198 2104 1252 Ita
2132 1202 2275 1254 enim
2305 1205 2599 1270 poterimus
2625 1213 2836 1280 assequi
2862 1213 2996 1267 bona
3025 1217 3431 1273 innumerabilia
3461 1239 3615 1291 :qme

2028 1288 2183 1344 detur
2210 1294 2362 1347 nobis
2393 1298 2640 1353 onmihns
2668 1304 2922 1373 consequi
2949 1348 2963 1371 ,
3012 1322 3105 1375 per
3130 1311 3355 1376 gratiam
3382 1321 3437 1367 et
3466 1288 3616 1367 boni-

2029 1380 2281 1448 gnitatem
2312 1383 2520 1441 Domini
2564 1393 2729 1446 nostri
2759 1393 2885 1449 Jesu
2926 1396 3152 1463 Christi,
3185 1403 3269 1455 cui
3310 1417 3428 1456 cum
3459 1403 3615 1460 Patre

2029 1483 2083 1527 et
2128 1474 2325 1544 Spiritu
2365 1491 2551 1536 sancto
2591 1485 2779 1553 gloria,
2825 1490 3127 1559 imperimn,
3173 1494 3365 1562 honor,
3397 1512 3536 1552 nunc
3563 1507 3617 1553 et

2036 1580 2272 1635 semper,
2307 1580 2361 1623 et
2391 1572 2441 1625 in
2472 1576 2666 1630 szecula
2695 1582 3034 1635 saeculorum.
3067 1586 3261 1641 Amen.

350 1683 3149 1717 MK

1730 1742 2077 1805 HOMlLIA
2124 1745 2297 1808 xm.
2364 1736 2375 1743 ’

329 1906 469 1962 CAP.
496 1907 554 1961 4.
584 1921 638 1957 v.
670 1876 760 1959 i7.
796 1902 900 1956 Hoc
931 1903 1087 1972 igitur
1113 1901 1227 1954 dico
1253 1910 1300 1954 ct
1328 1899 1565 1966 testiﬁcor
1600 1910 1652 1946 ut
1683 1893 1926 1957 Domino,

414 2007 471 2051 at
491 1998 604 2067 jam
634 2012 736 2048 non
762 1994 1024 2047 ambuletis
1044 2033 1060 2056 ,
1110 1992 1236 2046 sicut
1277 2001 1323 2044 et
1365 2000 1536 2059 gentes
1567 1987 1829 2041 ambulant
1874 1989 1924 2037 in

416 2091 640 2144 parcitate
660 2105 832 2143 sensus
858 2088 963 2151 sui,
994 2087 1078 2141 18.
1108 2084 1321 2139 tenebris
1343 2083 1665 2137 obscuratum
1689 2080 1927 2132 habentes

409 2181 746 2245 intellectum,
777 2179 987 2233 alienati
1011 2195 1043 2230 a
1064 2178 1168 2229 sita
1192 2174 1284 2228 Dei
1315 2192 1402 2243 per
1429 2171 1791 2243 ignorantiam,
1815 2184 1928 2239 qua:

410 2283 484 2328 est
512 2274 566 2327 in
587 2274 692 2328 illis
725 2282 932 2342 prapter
958 2270 1230 2324 cwcitatem
1255 2267 1421 2320 cordis
1442 2266 1692 2335 ipsorum,
1726 2262 1809 2316 19.
1840 2261 1928 2329 qui

411 2365 739 2433 desperantes
789 2362 1083 2431 semetipsos
1128 2358 1446 2413 tradiderunt
1494 2354 1827 2424 itttpttdicititt?
1874 2353 1927 2406 in

412 2456 755 2525 operationem
783 2453 1120 2506 immunditiaz
1146 2452 1310 2505 omnis
1336 2450 1388 2502 in
1410 2449 1643 2503 avaritia.

411 2549 462 2602 1.
503 2548 632 2603 Haec
659 2548 800 2603 dicta
835 2554 961 2600 sunt
989 2561 1093 2600 non
1122 2544 1297 2599 solum
1328 2542 1575 2615 Ephesiis
1600 2558 1614 2607 ;
1656 2542 1751 2596 sed
1774 2540 1928 2595 vobis

412 2656 552 2710 nque
591 2655 735 2695 nunc
762 2639 1014 2695 dicuntur
1035 2677 1052 2703 ,
1082 2646 1136 2692 et
1165 2651 1272 2690 non
1301 2650 1332 2689 a
1362 2634 1517 2689 nobis
1542 2676 1557 2701 ,
1590 2636 1681 2689 sed
1710 2634 1868 2688 etiam
1897 2647 1928 2687 a

412 2657 552 2710 nque
591 2657 735 2695 nunc
762 2657 1014 2695 atcuutur
1035 2677 1052 2703 ,
1082 2657 1136 2692 et
1166 2657 1272 2690 non
1301 2657 1332 2689 a
1362 2657 1517 2689 tionis
1542 2676 1557 2701 ,
1590 2657 1681 2689 seu
1710 2657 1868 2688 euam
1897 2657 1927 2687 ει

328 2657 536 2799 tum,
578 2732 689 2787 imo
730 2747 831 2786 nec
859 2746 889 2785 a
919 2731 1072 2784 nobis
1093 2771 1110 2796 ,
1159 2743 1257 2783 nec
1286 2743 1314 2780 a
1344 2726 1511 2780 Paulo
1531 2766 1547 2789 ,
1579 2725 1673 2779 sed
1702 2741 1731 2779 a
1758 2724 1927 2795 gratia

333 2825 590 2895 Spiritus.
618 2826 912 2894 Tamquam
932 2838 1061 2894 ergo
1084 2824 1199 2891 ipso
1220 2821 1336 2876 lucc
1357 2821 1566 2875 dicente
1594 2834 1691 2872 nos
1718 2826 1931 2888 oportet

332 2917 502 2971 afﬁci.
536 2916 674 2970 Audi
721 2923 898 2969 autem
939 2915 1062 2985 quid
1092 2914 1275 2970 dicat:
1302 2912 1415 2967 Hoc
1452 2913 1609 2983 igitur
1634 2912 1748 2965 diro
1774 2921 1820 2965 et
1851 2921 1929 2965 te-

333 3011 541 3079 stiﬁcor
564 3012 617 3064 in
646 3009 901 3076 Domina,
934 3018 990 3063 ut
1015 3011 1125 3078 jam
1160 3025 1264 3062 non
1289 3008 1556 3061 ambuletis
1583 3008 1707 3060 sicut
1737 3016 1931 3060 canet-te

333 3112 517 3173 gentes
539 3102 798 3157 ambulant
825 3104 879 3156 in
907 3102 1125 3156 vanitate
1153 3118 1329 3156 sensus
1349 3101 1432 3155 sui
1455 3143 1470 3167 ,
1505 3100 1719 3154 tenebris
1744 3100 1929 3153 obscu.

333 3206 511 3249 ratum
534 3196 771 3250 habentes
796 3197 1122 3260 intellectum,
1149 3195 1359 3248 alienati
1375 3211 1407 3247 α
1428 3194 1529 3248 vita
1558 3193 1651 3247 Dei
1672 3210 1761 3263 per
1785 3193 1932 3264 igno-

334 3289 583 3352 rantiam,
610 3303 726 3359 quae
749 3297 823 3341 est
842 3288 896 3342 in
917 3288 1041 3357 ipsis
1066 3296 1274 3356 prapter
1294 3287 1570 3340 ciuitatem
1596 3286 1767 3340 cordis
1791 3287 1931 3356 ipso-

334 3396 476 3433 rum.
516 3379 573 3433 Si
600 3387 686 3434 est
708 3395 838 3447 ergo
870 3379 1167 3447 ignorantia
1195 3419 1210 3443 ,
1241 3377 1285 3432 si
1317 3378 1609 3433 excmcatio
1629 3417 1644 3442 ,
1692 3392 1790 3431 cur
1817 3377 1927 3431 cri-

336 3471 615 3524 minaris?
644 3485 767 3524 nam
800 3486 921 3525 cum
953 3470 1042 3539 qui
1076 3470 1326 3539 ignorat,
1362 3484 1466 3523 non
1515 3470 1655 3523 male
1689 3470 1795 3537 pati
1829 3482 1930 3522 nec

334 3561 585 3615 accusari
613 3576 826 3631 aequum
854 3569 936 3615 est
954 3600 970 3626 ,
1021 3560 1115 3637 sed
1143 3560 1354 3616 discere
1383 3577 1504 3631 quae
1545 3561 1779 3631 ignorat.
1822 3559 1927 3615 Sed

338 3650 465 3706 vide
495 3650 773 3720 quomodo
800 3666 894 3706 eos
934 3653 1112 3706 statim
1157 3651 1392 3708 excludit
1431 3669 1461 3707 a
1493 3654 1665 3707 venia.
1711 3653 1810 3718 Qui
1844 3652 1932 3705 de—

338 3755 608 3814 sperantes
633 3745 924 3816 semetipsos
966 3745 1280 3800 tradiderunt
1309 3747 1641 3815 impudicitia:
1665 3747 1720 3800 in
1747 3761 1931 3816 opera-

339 3840 536 3890 tionem
578 3837 909 3891 innnundititz
932 3839 1096 3891 omnis
1123 3838 1175 3891 in
1217 3839 1450 3891 avaritia.
1493 3838 1583 3894 20.
1638 3837 1738 3892 Vos
1763 3851 1931 3892 autent

340 3944 447 3982 non
472 3927 547 3981 ita
572 3928 821 3982 didicistis
844 3926 1121 3983 Christum.
1164 3928 1264 3984 Hic
1292 3930 1527 3984 ostendit
1552 3944 1739 3985 eorum
1770 3932 1929 3985 vitam

341 4017 515 4072 fuisse
539 4032 756 4072 causam
785 4019 1163 4074 exczecationis
1194 4036 1209 4073 :
1244 4020 1355 4074 vita
1384 4032 1561 4075 autem
1592 4031 1708 4075 orta
1756 4031 1838 4077 est
1866 4039 1931 4078 ex

342 4126 535 4165 eorum
563 4111 811 4165 socordia
850 4120 907 4167 et
948 4111 1259 4166 indolentia.
1306 4111 1409 4178 Qui
1433 4129 1548 4165 cum
1572 4155 1588 4179 ,
1637 4114 1841 4184 inquit,
1872 4115 1935 4168 de

343 4219 400 4256 se
424 4205 777 4272 desperassent
798 4213 847 4258 et
876 4204 1102 4257 animum
1146 4203 1533 4273 despondissent
1558 4244 1572 4269 ,
1603 4206 1795 4275 seipsos
1824 4216 1934 4259 tra-

344 4294 611 4347 diderunt.
653 4294 879 4362 Quando
921 4310 1050 4365 ergo
1095 4295 1290 4358 audis,
1334 4295 1498 4350 Deum
1528 4309 1623 4349 eos
1654 4297 1936 4353 tradidisse

345 4386 401 4439 in
434 4386 724 4456 reprobum
745 4401 962 4441 sensum
992 4388 1011 4457 (
1036 4385 1186 4441 Rom.
1220 4387 1272 4440 1.
1296 4386 1389 4457 25)
1420 4427 1434 4451 ,
1470 4387 1751 4443 recordare
1780 4388 1936 4459 hujus

346 4478 501 4532 verbi
527 4479 673 4548 quod
702 4478 912 4549 seipsos
943 4480 1296 4535 tradiderunt.
1333 4480 1388 4533 Si
1416 4480 1559 4535 enim
1588 4484 1795 4551 seipsos
1823 4492 1934 4536 tra-

347 4569 637 4633 diderunt,
689 4571 961 4641 quomodo
994 4572 1135 4626 Dens
1184 4570 1445 4626 tradidit?
1486 4571 1531 4625 si
1574 4583 1751 4627 autem
1801 4574 1941 4627 Deus

346 4679 447 4719 eos
488 4662 749 4729 tradidit,
794 4662 1065 4732 quomodo
1105 4665 1312 4733 seipsos
1357 4661 1728 4718 tradiderunt?
1779 4664 1937 4719 Vides

348 4770 469 4809 eam
498 4771 622 4824 qua:
652 4769 777 4810 esse
805 4754 1015 4809 videtur
1040 4754 1444 4824 repugnantiam
1468 4755 1493 4809 Ἰ
1524 4754 1756 4809 Tradidit
1782 4771 1931 4826 ergo,

351 4847 492 4901 idem
520 4857 606 4902 at
631 4847 777 4916 quod
809 4847 1089 4915 permisit,
1122 4847 1202 4901 vel
1231 4847 1520 4901 concessit.
1565 4846 1728 4901 Vides
1757 4847 1896 4917 quod
1919 4888 1936 4915 ,

351 4940 441 4992 ubi
470 4955 578 4994 non
606 4951 694 4994 est
722 4940 826 4993 vita
860 4954 989 5008 pura
1018 4980 1033 5003 ,
1067 4939 1136 4994 ibi
1168 4939 1348 4994 talium
1386 4956 1600 5011 quoque
1627 4942 1937 5012 dogmatum

348 5039 435 5084 est
461 5032 881 5102 argumentum?
912 5029 1092 5085 Omnis
1114 5071 1130 5096 ,
1161 5031 1369 5100 inquit,
1398 5033 1484 5103 qui
1509 5032 1641 5086 male
1664 5034 1792 5104 agit,
1832 5034 1942 5088 odit

354 5122 537 5187 lucem,
566 5131 612 5176 et
639 5140 745 5177 non
770 5124 904 5176 venit
929 5123 1000 5176 ad
1024 5124 1184 5177 lucent
1212 5122 1392 5197 (Joan.
1427 5126 1479 5180 ὃ.
1513 5124 1628 5197 20).
1662 5126 1943 5191 Quomodo

356 5215 501 5268 cnim
531 5225 711 5284 posset
738 5216 1033 5286 ﬂagitiosus
1076 5224 1131 5271 et
1158 5216 1398 5287 impurus
1422 5258 1437 5281 ,
1481 5226 1535 5272 et
1572 5216 1663 5289 qui
1703 5218 1942 5272 omnium

357 5305 641 5361 mulierum
672 5305 998 5376 corporibus
1026 5310 1196 5377 magis
1224 5308 1484 5377 polluitur
1510 5319 1563 5365 et
1591 5310 1900 5379 inquinatur
1925 5351 1941 5378 ,

355 5412 519 5467 quam
547 5399 696 5468 porci
723 5399 816 5468 qui
845 5399 900 5452 in
930 5413 1091 5455 caeno
1160 5397 1480 5465 volutantur,
1519 5410 1573 5455 et
1598 5412 1741 5456 amat
1782 5417 1934 5471 pecu-

357 5491 498 5543 niam
526 5530 541 5552 .
570 5500 626 5545 et
665 5492 1036 5560 temperantiie
1069 5505 1132 5545 ac
1162 5492 1440 5546 modestiae
1468 5490 1947 5566 nihilomninoap-

356 5581 525 5647 petit,
560 5580 701 5636 hanc
738 5582 898 5636 vitam
929 5583 1253 5652 suscipere?
1284 5583 1429 5639 lianc
1455 5626 1469 5649 ,
1502 5583 1671 5655 inquit
1697 5628 1713 5652 ,
1743 5597 1945 5643 statue-

357 5681 479 5725 rant
505 5672 901 5742 operationem.
925 5672 1055 5730 Inde
1077 5683 1161 5728 est
1187 5677 1503 5742 esencatio,
1528 5675 1651 5732 inde
1675 5687 1758 5733 est
1776 5679 1949 5748 caligo

362 5764 576 5819 uentis.
621 5763 853 5823 Possunt
893 5780 1011 5821 esse
1057 5766 1293 5822 tenebrae
1338 5767 1549 5826 etiamsi
1591 5769 1680 5826 lux
1731 5770 1944 5839 luceat,

2035 1893 2525 1989 quandoimbecilli
2554 1915 2679 1960 sunt
2720 1909 2858 1963 oculi
2890 1927 2905 1964 :
2941 1911 3074 1967 finiit
3102 1923 3282 1971 autem
3314 1918 3564 1980 imbecilli
3595 1965 3611 1989 ,

2032 1992 2120 2037 aut
2168 1987 2427 2043 malorum
2463 1990 2743 2050 ltumormn
2787 1999 3022 2068 afﬂuxu,
3069 2017 3158 2058 aut
3202 2006 3374 2064 ﬂuxus
3414 1987 3611 2066 redune

2032 2072 2234 2130 dantia.
2269 2078 2344 2132 Ita
2377 2081 2462 2136 hic
2489 2100 2704 2155 quoque
2735 2106 2749 2141 :
2782 2093 2996 2160 quando
3027 2097 3224 2152 multus
3255 2100 3485 2169 impetus
3523 2121 3609 2158 re-

2033 2179 2183 2265 rum,
2229 2186 2348 2239 qute
2397 2174 2463 2228 ad
2513 2177 2650 2233 hanc
2681 2180 2841 2236 vitam
2870 2187 3171 2254 pertinent,
3225 2191 3459 2249 obruerit
3492 2211 3613 2265 per-

2033 2262 2296 2331 Spicacem
2322 2270 2517 2323 mentis
2539 2283 2734 2330 nostra:
2755 2276 3084 2349 facultatem,
3101 2300 3163 2339 ea
3178 2295 3259 2341 est
3276 2287 3327 2342 in
3355 2262 3609 2348 tenebris:

2034 2362 2088 2406 et
2119 2355 2255 2410 sicut
2291 2358 2342 2411 in
2371 2359 2637 2429 profundo
2660 2365 2901 2433 jacentes
2934 2372 2984 2426 in
3014 2389 3151 2445 aqua
3175 2419 3187 2439 ,
3223 2380 3393 2447 solem
3430 2382 3610 2438 videre

2035 2459 2140 2498 non
2180 2451 2542 2545 potuerimus,
2592 2457 2757 2513 tnulta
2799 2476 2935 2532 aqua
2984 2467 3147 2521 veluti
3195 2471 3425 2538 quodatn
3465 2486 3617 2545 septo

2034 2550 2266 2606 superne
2316 2541 2562 2610 imposita
2608 2561 2621 2596 :
2672 2548 2743 2603 ita
2787 2552 2838 2606 in
2886 2558 3084 2612 mentis
3129 2562 3296 2616 oculis
3335 2563 3395 2620 ﬁt
3441 2541 3619 2623 cordis

2035 2632 2323 2685 exemeatio
2347 2673 2362 2698 ,
2416 2638 2631 2705 quando
2661 2642 2839 2699 nullus
2885 2647 3045 2702 timor
3072 2652 3305 2708 animam
3354 2662 3614 2715 concutit.

2035 2718 2158 2813 l‘Von
2181 2732 2275 2788 est,
2306 2725 2497 2796 inquit,
2528 2730 2680 2785 timor
2711 2732 2807 2787 Dei
2828 2748 2942 2790 ante
2964 2740 3137 2795 oculos
3163 2745 3301 2812 ejus;
3326 2758 3381 2801 et
3410 2765 3616 2813 rursus,

2038 2810 2180 2866 Dixit
2207 2815 2449 2887 insipiens
2491 2821 2544 2873 in
2572 2825 2726 2879 corde
2752 2843 2864 2889 suo,
2896 2845 2995 2882 non
3026 2841 3097 2885 est
3141 2810 3281 2889 Deus
3307 2837 3326 2909 (
3356 2837 3497 2894 Psal.
3528 2810 3613 2898 i5.

2035 2907 2089 2961 5.
2131 2908 2225 2979 1).
2267 2911 2379 3004 Non
2409 2915 2627 2973 aliunde
2655 2931 2837 2977 autem
2889 2925 2946 2979 fit
2992 2907 3322 2997 excarcatie,
3358 2950 3514 3004 quam
3552 2952 3617 2990 ex

2036 3012 2226 3054 sensus
2253 3002 2459 3060 defectu
2495 3025 2506 3061 :
2543 3008 2645 3065 hoc
2671 3014 2815 3068 enim
2863 3028 3073 3076 meatus
3102 3022 3351 3079 obstruit.
3375 3002 3618 3095 ‘Qnando

2036 3093 2178 3186 enim
2201 3106 2450 3152 eoncreta
2467 3100 2699 3159 deﬂuxio
2718 3105 2770 3159 in
2796 3124 2957 3164 unum
2985 3112 3159 3168 locum
3185 3093 3616 3186 cogiturﬁnem-

2035 3182 2191 3238 brum
2224 3190 2279 3241 tit
2310 3201 2577 3246 mortuum
2609 3204 2664 3249 et
2689 3212 2850 3253 sensu
2878 3200 3214 3267 destitutum;
3248 3182 3300 3264 et
3328 3211 3441 3268 sive
3467 3228 3619 3269 usse-

2035 3276 2111 3331 ris
2135 3319 2150 3343 ,
2195 3280 2307 3335 sive
2334 3287 2572 3341 secueris
2597 3328 2611 3351 ,
2647 3289 2761 3344 sive
2787 3293 2998 3361 quidvis
3027 3276 3219 3355 feceris
3242 3343 3254 3364 ,
3290 3318 3394 3356 non
3428 3309 3612 3362 sentit.

2037 3364 2108 3420 ita
2160 3372 2318 3424 etiam
2349 3373 2540 3463 illiqui
2587 3392 2645 3432 se
2692 3383 2861 3437 semel
2909 3385 3173 3443 dederunt
3218 3391 3605 3463 impudicitiae,

2036 3462 2244 3516 etiamsi
2274 3452 2449 3521 insta?
2479 3468 2612 3537 ignis
2640 3514 2653 3536 ,
2706 3475 2914 3531 etiamsi
2944 3478 3110 3534 instar
3150 3483 3277 3538 ferri
3319 3489 3615 3544 orationem

2036 3551 2115 3605 eis
2140 3553 2423 3622 applicaris
2444 3599 2457 3621 ,
2502 3560 2634 3614 nihil
2665 3577 2759 3618 eos
2788 3569 2991 3636 tangit,
3045 3571 3176 3626 nihil
3206 3574 3271 3627 ad
3299 3591 3392 3630 eos
3425 3594 3617 3648 perve-

2039 3646 2117 3701 nit
2146 3665 2159 3699 :
2190 3658 2270 3703 est
2309 3651 2449 3705 enim
2483 3654 2636 3722 plane
2665 3667 2935 3715 mortuum
2968 3678 3156 3720 eorum
3189 3646 3490 3723 membrum
3515 3711 3530 3735 ,
3559 3684 3619 3726 et

2039 3739 2143 3795 nisi
2163 3742 2247 3817 eis
2267 3744 2533 3801 ademeris
2554 3762 2743 3806 sensus
2768 3755 3110 3823 vacuitatem,
3142 3768 3196 3813 ut
3223 3763 3463 3817 membra
3491 3779 3619 3820 sana

2042 3843 2247 3904 tangas,
2280 3834 2475 3890 frustra
2510 3839 2636 3894 facis
2679 3844 2879 3900 omnia.
2912 3845 2978 3901 In
3002 3851 3239 3917 avaritia,
3292 3853 3483 3924 inquit.
3526 3856 3623 3911 Hic

2041 3927 2270 3982 maxime
2292 3927 2507 3985 abstulit
2526 3946 2710 3988 eorum
2730 3939 3132 3996 excusationem
3160 3951 3213 3997 et
3234 3942 3620 4006 defensionem.

2043 4017 2260 4073 Licehat
2302 4021 2445 4075 enim
2473 4022 2588 4090 eis,
2637 4027 2682 4080 si
2724 4029 3053 4096 voluissent,
3107 4050 3278 4105 neque
3321 4053 3441 4093 esse
3478 4041 3623 4096 avari

2045 4124 2217 4179 neque
2243 4111 2494 4178 impudici
2528 4130 2703 4186 neque
2729 4121 2899 4174 ventri
2933 4122 3212 4194 indulgere
3239 4168 3252 4187 ,
3284 4139 3337 4181 et
3363 4145 3491 4186 suas
3515 4148 3620 4187 ex—

2044 4202 2188 4270 plere
2221 4205 2543 4272 cupiditates
2588 4210 2773 4278 eisque
2815 4212 2916 4267 frui
2948 4231 2962 4267 :
2993 4214 3185 4270 licebat
3232 4228 3288 4274 et
3336 4223 3576 4289 pecunia:
3606 4266 3620 4287 ,

2048 4295 2239 4346 licebat
2260 4302 2313 4346 et
2334 4297 2623 4366 voluptatis
2650 4312 2703 4355 et
2725 4302 3032 4359 deliciarum
3059 4307 3332 4364 moderate
3354 4328 3474 4369 esse
3500 4330 3623 4384 par-

2046 4386 2234 4455 ticipes
2260 4403 2273 4451 ;
2307 4389 2399 4444 sed
2424 4392 2673 4459 quoniam
2699 4394 2763 4447 iis
2793 4396 3143 4454 immoderate
3172 4401 3251 4456 nsi
3275 4414 3420 4472 sunt,
3448 4407 3625 4462 omnia

2043 4492 2419 4549 corruperunt.
2449 4481 2515 4538 In
2540 4486 2882 4555 operationem
2911 4491 3279 4561 immunditite,
3308 4497 3498 4567 inquit.
3529 4499 3625 4554 Vi-

2043 4569 2141 4625 des
2166 4573 2434 4641 quomodo
2461 4589 2555 4629 eos
2582 4576 2754 4645 privat
2787 4580 2935 4633 venia
2963 4622 2976 4645 ,
3007 4582 3193 4638 dicens
3217 4626 3231 4650 ,
3268 4584 3624 4658 Operationeni

2044 4660 2380 4718 immunditiis
2400 4665 2425 4719 Ρ
2449 4665 2563 4721 Non
2593 4683 2720 4723 casu
2744 4711 2756 4735 ,
2791 4671 2959 4740 inquit
2984 4715 2998 4736 ,
3031 4674 3161 4745 lapsi
3191 4691 3504 4748 peccarnnt;
3527 4683 3622 4738 sed

2048 4756 2226 4823 gravia
2257 4755 2369 4811 haec
2395 4756 2506 4827 ipsa
2530 4758 2769 4814 fecerunt
2792 4801 2807 4829 ,
2841 4771 2895 4817 et
2921 4780 2981 4819 ea
3006 4782 3062 4820 re
3091 4770 3344 4827 meditata
3370 4775 3451 4829 usi
3478 4784 3623 4831 sunt.

2048 4847 2105 4902 In
2137 4849 2281 4903 omni
2311 4849 2670 4906 immnnditia.
3621 4904 3625 4911 .

2119 4939 2455 4996 Immunditia
2474 4944 2596 5012 quid
2614 4946 2698 4999 sit.
2727 4977 2797 4987 -—
2821 4948 3161 5008 lnnnunditia
3183 4956 3357 5010 omnis
3378 4966 3461 5012 est
3477 4958 3631 5014 adul-

2050 5033 2262 5099 terium,
2299 5037 2574 5102 scortatio,
2608 5038 2895 5107 paedicatns
2919 5083 2934 5108 ,
2971 5043 3167 5099 invidia
3188 5087 3203 5111 ,
3236 5048 3412 5101 omnis
3466 5049 3631 5105 libido

2049 5138 2104 5182 et
2134 5128 2564 5197 intemperantia.
2625 5129 2725 5185 Vos
2753 5143 2919 5187 autem
2948 5151 3048 5189 non
3079 5137 3151 5190 ita
3194 5139 3437 5193 didicistis
3486 5142 3633 5195 Chrio

2050 5228 2182 5272 stunt
2202 5234 2221 5272 ε
2240 5217 2329 5272 21.
2362 5220 2406 5273 si
2430 5230 2595 5275 tamen
2612 5221 2756 5275 illum
2774 5225 3006 5291 audistis,
3030 5236 3077 5280 et
3101 5228 3151 5281 in
3177 5230 3287 5297 ipso
3311 5229 3471 5284 cdocti
3492 5236 3622 5297 estis,

2052 5310 2182 5364 sicut
2207 5320 2281 5365 est
2302 5312 2484 5366 veritas
2503 5315 2557 5366 in
2589 5313 2737 5368 Jesu.
2766 5316 2919 5383 Illud,
2946 5318 3008 5372 Si
3026 5329 3191 5372 tamen
3221 5320 3368 5375 illum
3395 5326 3629 5391 audistis,

2054 5417 2160 5456 non
2189 5412 2272 5457 est
2299 5401 2611 5471 dubitantis,
2642 5406 2734 5461 sed
2761 5406 2922 5460 etiam
2947 5408 3103 5463 valde
3128 5409 3465 5481 aflirtnantis;
3489 5417 3626 5472 sicut
3667 5417 3670 5421 ’

2054 5494 2217 5549 etiam
2264 5495 2393 5551 dicit
2418 5499 2541 5550 alibi
2576 5514 2589 5548 :
2623 5497 2686 5553 Si
2726 5510 2892 5553 tamen
2926 5502 3128 5571 justum
3162 5514 3233 5559 est
3278 5508 3416 5577 apud
3466 5508 3630 5564 Dcnnt

2054 5586 2263 5639 reddere
2288 5588 2665 5641 retributionem
2693 5589 2753 5643 iis
2796 5591 2883 5658 qui
2911 5606 2997 5645 vos
3040 5593 3284 5650 tribulam
3314 5600 3331 5668 (
3358 5598 3409 5653 Ξ.
3455 5599 3630 5656 Thess.

2059 5680 2108 5734 1.
2143 5678 2235 5748 6).
2295 5679 2348 5734 ω
2377 5689 2497 5746 est,
2548 5679 2663 5735 Non
2710 5682 2761 5735 in
2813 5682 2896 5737 his
2938 5683 3204 5742 Christum
3249 5688 3530 5746 didicistis.
3574 5692 3635 5746 Si

2059 5781 2222 5825 tamen
2254 5770 2397 5829 illum
2423 5772 2635 5829 audistis
2662 5812 2679 5843 ,
2727 5782 2772 5831 et
2801 5775 2851 5829 in
2877 5775 2986 5847 ipso
3018 5777 3180 5833 edocti
3211 5779 3326 5834 estis
3351 5819 3366 5847 ,
3407 5781 3537 5836 sicut
3565 5794 3636 5838 est
