4080 6218
487 304 558 359 95
1221 304 1277 360 S.
1317 304 1593 362 JOANNIS
1632 304 2102 365 CHRYSOSTOMI
2144 311 2460 373 ARCIIIEP.
2494 319 3025 383 CONSTANTINOP.
3685 342 3755 399 96

477 426 660 482 veritas
710 424 761 478 in
800 420 1000 479 Christo
1039 419 1198 488 Jcsu,
1247 420 1338 475 εἰ.
1370 421 1619 490 deponere
1652 437 1738 476 vos
1777 424 2054 478 secundum

478 518 745 589 pristinam
789 514 1216 569 conversationem
1256 500 1465 565 veterem
1507 512 1781 568 hominem.
1823 515 1936 570 Hoc
1974 526 2058 572 est

479 624 604 680 ergo
618 607 891 663 Christum
923 604 1196 670 didicisse,
1239 613 1385 658 recte
1425 605 1626 659 vivere.
1653 605 1753 672 Qui
1782 606 1926 661 enim
1951 607 2052 662 im-

478 700 645 770 probe
673 699 840 761 vivit,
869 697 1032 750 [lcum
1071 696 1293 763 ignorat,
1325 703 1377 747 et
1408 696 1476 748 ah
1506 710 1571 749 eo
1595 696 1886 765 ignoratur.
1917 698 2055 754 Audi

477 793 614 846 enim
637 791 807 859 ipsum
831 788 955 841 alibi
984 787 1277 839 dicentem:
1306 784 1466 839 Deum
1490 789 1796 856 conﬁtentur
1814 806 1868 844 se
1885 806 2049 855 nosse,

472 883 620 952 [actis
648 888 831 951 negant
859 887 1046 931 autem.
1079 876 1229 931 Sicut
1272 887 1344 930 est
1385 879 1565 931 veritas
1605 880 1657 932 in
1685 879 1812 935 Jesu
1836 921 1852 947 ,
1896 882 2054 951 depo-

472 988 590 1025 nere
620 987 702 1024 vos
728 966 1004 1023 secundum
1045 967 1313 1037 pristinam
1356 970 1782 1024 conversationem
1834 981 2050 1027 veterem

471 1062 721 1114 hominem
747 1057 882 1127 (Tit.
914 1060 964 1112 l.
998 1057 1105 1127 13).
1134 1058 1249 1112 lloc
1273 1070 1386 1124 est,
1420 1075 1524 1113 non
1549 1060 1630 1114 his
1657 1062 2050 1118 conditionibus

470 1162 675 1220 pactum
705 1158 1027 1204 conventum
1058 1148 1250 1203 fecisti.
1294 1149 1424 1202 Nam
1451 1165 1570 1219 qua:
1605 1162 1730 1204 sunt
1759 1152 1898 1221 apud
1926 1168 2045 1218 nos,

467 1258 572 1295 non
619 1249 746 1294 sunt
769 1238 1010 1303 vanitas,
1043 1239 1134 1292 sed
1185 1239 1380 1293 veritas
1411 1256 1423 1291 :
1457 1240 1594 1292 sicut
1634 1238 1882 1309 dogmata
1919 1251 2043 1298 sunt

466 1348 612 1398 vera,
646 1332 717 1385 ita
747 1339 800 1385 et
826 1330 953 1383 vita.
994 1330 1208 1383 Vanitas
1236 1329 1379 1383 enim
1407 1337 1489 1383 cst
1520 1340 1793 1397 peccatum
1818 1340 1872 1386 et
1897 1347 2046 1388 men-

466 1424 710 1486 dacium;
760 1422 864 1474 vita
904 1429 1083 1473 autem
1131 1430 1274 1473 recta
1316 1426 1399 1472 est
1439 1420 1637 1473 veritas
1667 1437 1681 1474 :
1712 1420 1871 1475 habet
1900 1423 2043 1478 enim

465 1529 714 1583 titagnmn
744 1513 900 1565 tinem
928 1525 943 1573 ;
970 1509 1377 1577 intemperantia
1424 1524 1552 1562 vero
1581 1511 1630 1562 in
1661 1509 1790 1565 nihil
1825 1510 2040 1568 desinit.

468 1606 567 1670 Qui
607 1602 947 1671 corrumpitur
973 1642 987 1665 ,
1018 1600 1227 1669 inquit,
1273 1600 1547 1654 secundum
1575 1600 1827 1655 desideria
1857 1606 2044 1659 erroris

463 1698 560 1750 sui.
585 1697 734 1752 Sicut
754 1696 871 1763 ejus
895 1692 1215 1762 cupiditates
1234 1699 1289 1747 et
1312 1692 1574 1748 desideria
1599 1707 2038 1766 corrumpuntur,

463 1790 531 1842 ita
562 1789 672 1853 ipse
696 1800 928 1857 quoque.
1830 1806 1833 1810 ι

533 1881 586 1933 2.
628 1876 909 1944 Quomodo
932 1891 1062 1945 ergo
1091 1885 1511 1945 corrumpuntur
1537 1878 1653 1946 ejus
1678 1878 2041 1949 cupiditates?

461 1968 628 2024 Morte
655 1970 933 2023 solvuntur
952 1968 1153 2021 omnia.
1185 1967 1319 2021 Audi
1348 1966 1490 2021 enim
1519 1968 1831 2038 prephetam
1859 1970 2042 2024 dicen-

459 2072 564 2115 tem
593 2077 606 2113 :
632 2057 699 2112 In
719 2059 811 2111 illa
830 2058 913 2111 die
933 2058 1161 2129 peribunt
1183 2073 1355 2111 ontnes
1379 2058 1706 2128 cogitationes
1730 2060 1840 2130 ejus
1862 2058 2036 2129 (Psat.

459 2152 576 2207 “5.
611 2150 689 2219 ι).
732 2149 842 2204 Nec
891 2159 1065 2202 morte
1104 2149 1215 2201 sola
1241 2189 1257 2215 ,
1305 2147 1402 2202 sed
1431 2149 1592 2203 etiam
1639 2149 1820 2204 multis
1871 2151 2033 2206 aliis:

466 2252 524 2293 ιιι
553 2252 672 2309 pttta
702 2280 715 2302 ,
751 2237 1089 2308 pulchritudo
1109 2278 1126 2304 ,
1155 2252 1276 2292 cum
1303 2236 1581 2293 advenerit
1609 2238 1832 2295 morbus
1860 2249 1915 2293 et
1940 2255 2030 2296 se-

456 2342 664 2396 nectus,
695 2331 975 2395 abscedit,
1002 2330 1239 2388 moritur
1265 2340 1320 2384 et
1346 2330 1529 2385 interit
1556 2345 1571 2383 :
1605 2331 1768 2385 robur
1794 2334 2038 2401 corporis

456 2441 639 2480 rursus
673 2423 860 2479 iisdem
903 2422 1132 2477 concidit
1168 2439 1181 2475 :
1222 2420 1429 2477 delicia:
1472 2422 1602 2490 ipsa:
1647 2439 1752 2477 non
1791 2424 2036 2480 eamdem

454 2518 668 2588 quidem
693 2517 893 2573 habent
914 2517 1236 2586 voluptatem
1268 2516 1318 2569 in
1347 2525 1623 2572 senectute
1652 2533 1666 2571 :
1698 2516 1857 2586 idque
1884 2518 2036 2572 nobis

456 2620 540 2665 cst
572 2610 907 2680 perspicuum
937 2625 1001 2664 es
1031 2608 1307 2663 Berzellai.
1343 2609 1502 2664 Scitis
1531 2624 1719 2663 omnes
1760 2609 2034 2665 historiam

455 2701 555 2771 (2.
593 2698 720 2772 Reg.
769 2701 896 2770 l9).
941 2702 1044 2753 Aut
1087 2698 1284 2769 alioqui
1324 2714 1445 2753 eum
1488 2699 1659 2768 ipsum
1704 2715 1888 2754 rursus
1913 2715 2037 2756 cor-

453 2794 653 2863 rumpit
672 2802 726 2847 et
751 2792 923 2859 perdit
945 2790 1229 2861 cupiditas.
1254 2791 1405 2846 Sicut
1424 2790 1565 2845 enim
1592 2791 1711 2845 lana
1731 2792 1799 2847 ab
1825 2792 1891 2846 iis
1916 2806 2037 2861 per-

452 2884 597 2938 ditur
617 2900 683 2939 cx
703 2883 894 2951 quibus
912 2883 1172 2949 nascitur,
1199 2881 1269 2935 ita
1292 2882 1450 2936 etiam
1481 2890 1633 2937 vetus
1664 2883 1842 2938 homo.
1870 2884 2036 2939 Antor

450 2975 592 3029 enim
618 2974 802 3045 gloriae
830 2972 1037 3044 perdit,
1082 2983 1137 3028 et
1166 2986 1309 3042 saepe
1338 2970 1569 3043 perdunt
1598 2972 1900 3043 voluptates
1922 3015 1938 3039 ,
1981 2983 2035 3029 et

453 3063 654 3133 decipit
679 3063 963 3132 cupiditas.
992 3060 1108 3116 Non
1136 3071 1217 3117 est
1246 3063 1388 3117 enim
1416 3077 1478 3116 ea
1507 3076 1595 3118 res
1624 3062 1868 3134 voluptas
1890 3105 1904 3129 ,
1939 3063 2034 3119 sed

450 3153 773 3221 amaritudo,
804 3153 1047 3223 deceptio
1075 3194 1089 3218 ,
1120 3152 1411 3219 simulatio,
1440 3161 1493 3207 ct
1522 3153 1750 3207 imitatio
1782 3154 2029 3209 scenica:

453 3260 506 3301 ct
535 3264 709 3302 rerum
734 3246 946 3316 quidem
970 3245 1133 3300 facies
1162 3254 1245 3300 est
1264 3244 1563 3314 splendida,
1596 3261 1683 3301 res
1704 3255 1880 3301 autem
1905 3248 2032 3317 ipsis

450 3356 553 3393 non
581 3347 704 3392 sunt
733 3337 871 3391 aliud
900 3352 1056 3415 qualtn
1091 3336 1260 3406 plena:
1288 3336 1519 3390 miseria:
1548 3345 1601 3390 et
1632 3336 2033 3405 injucunditatis

448 3439 505 3484 ct
548 3428 729 3482 multm
773 3414 1104 3497 paupertatis
1136 3444 1148 3479 :
1182 3437 1234 3480 et
1263 3416 1312 3479 si
1354 3440 1638 3495 personam
1667 3428 1952 3481 abstuleris
1978 3437 2033 3482 et

452 3521 643 3574 faciem
694 3518 1039 3585 ostenderis,
1084 3517 1289 3573 videbis
1339 3518 1728 3588 deceptioncm.
1786 3520 2030 3588 Dcceptio

450 3614 592 3667 enim
620 3622 701 3665 est
731 3610 943 3680 quando
970 3598 1191 3680 qttid'sit
1218 3625 1325 3663 non
1353 3617 1611 3679 apparet,
1640 3610 1733 3666 sed
1761 3611 1901 3680 quod
1926 3628 2031 3667 non

447 3712 531 3757 cst
556 3703 870 3757 ostenditur.
895 3703 967 3756 lla
997 3703 1127 3755 littnt
1157 3700 1378 3754 fallacia:
1406 3710 1461 3754 et
1492 3701 1856 3771 paralogisnti.
1886 3704 2028 3769 Qua-

453 3805 573 3849 tuor
588 3805 763 3848 autem
782 3794 935 3848 nobis
962 3793 1208 3847 homines
1235 3792 1320 3866 hic
1348 3791 1599 3846 describit
1630 3807 1643 3844 :
1669 3802 1742 3852 et,
1772 3793 1814 3846 si
1832 3795 2028 3863 placet,

451 3890 503 3943 itl
545 3889 654 3961 jam
704 3890 1033 3941 demonstro.
1082 3885 1177 3939 llic
1214 3885 1427 3954 quidem
1470 3883 1605 3938 duos
1630 3924 1644 3948 ,
1684 3885 1763 3941 sic
1801 3884 2025 3940 dicens:

453 3979 766 4047 Deponentes
789 3986 999 4030 veterem
1022 3976 1296 4040 hominem,
1319 3976 1631 4029 renovamini
1651 3977 1833 4043 spiritu
1855 3978 2029 4032 mentis

451 4081 644 4135 vestrae,
676 4080 719 4122 et
746 4068 940 4122 induite
965 4083 1147 4121 novum
1177 4066 1429 4119 hominem
1456 4082 1476 4131 ;
1508 4067 1558 4120 in
1592 4066 1828 4135 Epistula
1851 4078 2028 4123 autem

447 4163 513 4218 ad
547 4164 811 4217 Romanos
840 4160 971 4214 alios
990 4159 1145 4224 duos,
1181 4168 1236 4214 ut
1261 4158 1472 4227 quando
1496 4158 1644 4226 dicit,
1686 4158 1839 4214 Video
1862 4170 2028 4215 autem

448 4256 604 4308 aiinm
631 4254 788 4323 legem
817 4252 867 4305 itt
899 4250 1130 4304 membris
1170 4250 1292 4304 meis
1321 4259 1681 4319 repugnantem
1726 4249 1824 4322 legi
1852 4253 2028 4306 utentis

448 4362 570 4399 mea:
592 4385 607 4410 ,
638 4354 682 4398 et
721 4345 1055 4412 captivantem
1101 4357 1178 4394 me
1220 4342 1272 4394 in
1315 4342 1423 4412 lege
1448 4341 1639 4411 peccati
1668 4383 1683 4405 ,
1718 4357 1834 4414 qua:
1875 4352 1946 4396 est
1974 4343 2026 4397 in

449 4438 679 4494 membris
706 4436 865 4506 meis(
891 4434 1039 4489 llotn.
1066 4435 1118 4488 7.
1145 4434 1237 4505 25)
1272 4450 1285 4487 :
1316 4444 1370 4489 et
1415 4433 1500 4488 isti
1529 4449 1649 4488 cum
1689 4433 1794 4489 illis
1830 4433 2028 4491 habent

448 4531 860 4601 cognationem;
890 4544 1011 4583 cum
1057 4527 1312 4582 interiore
1356 4542 1525 4581 novus
1549 4566 1564 4593 ,
1611 4541 1733 4581 cum
1759 4529 2027 4584 exteriore

448 4632 598 4676 vetus
629 4639 643 4676 :
672 4621 764 4675 sed
791 4630 900 4675 tres
926 4619 1161 4689 corrupti
1192 4629 1337 4673 sunt.
1371 4616 1466 4673 Vel
1497 4619 1670 4686 pOlillS
1696 4619 1855 4674 etiam
1884 4634 2026 4674 nunc

448 4721 574 4766 sunt
600 4721 729 4774 tres,
766 4724 935 4763 novus
964 4719 1018 4763 et
1049 4718 1200 4765 vetus
1224 4751 1238 4775 ,
1269 4718 1323 4762 et
1351 4708 1437 4764 hic
1462 4710 1765 4764 essentialis
1794 4721 1846 4764 et
1871 4719 2024 4764 natu-

448 4803 596 4857 ralis.
623 4801 714 4855 23.
746 4798 1075 4853 Renovamini
1097 4839 1112 4864 ,
1157 4800 1361 4867 inquit,
1414 4799 1597 4870 spiritu
1627 4801 1803 4854 mentis
1825 4810 2021 4855 vestrae.

446 4893 523 4949 Ne
551 4891 671 4963 quis
696 4890 963 4961 existimet
990 4888 1128 4957 quod
1178 4889 1338 4942 alium
1369 4889 1640 4943 hominem
1682 4890 1983 4945 introducat
2003 4931 2019 4958 ,

450 4993 727 5054 postquam
756 4980 889 5034 dixit
918 4987 1151 5032 veterem
1180 4990 1232 5032 et
1264 4995 1460 5033 novum
1484 5021 1500 5045 ,
1534 4979 1656 5034 vide
1679 4979 1804 5048 quid
1831 4980 1972 5035 dicat
2003 4996 2017 5033 :

451 5072 801 5130 Renovamini.
845 5070 1107 5124 Benovari
1154 5079 1330 5123 autem
1374 5078 1493 5133 est,
1541 5071 1753 5141 quando
1792 5070 2017 5141 idipsntn

446 5165 588 5234 quod
611 5161 916 5225 consenuit,
942 5171 1247 5225 renovatur,
1279 5170 1334 5213 ut
1353 5161 1493 5227 quod
1524 5161 1606 5214 fiat
1636 5161 1778 5215 aliud
1802 5176 1865 5216 ex
1894 5162 2017 5217 alio:

445 5256 517 5308 ita
549 5264 605 5309 ut
632 5255 930 5322 subjectum
960 5250 1175 5322 qttidem
1204 5252 1272 5305 sit
1304 5250 1465 5316 idem,
1500 5251 1720 5306 mutatio
1749 5262 1924 5308 autem
1951 5254 2019 5309 sit

447 5347 497 5399 in
526 5347 818 5401 accidente.
852 5347 1001 5401 Sicut
1024 5359 1216 5413 corpus
1240 5342 1450 5414 quidem
1479 5354 1559 5399 cst
1590 5344 1726 5399 idem
1751 5387 1768 5412 ,
1799 5349 2017 5402 mutatio

441 5446 618 5491 autem
644 5446 725 5492 est
753 5439 803 5491 in
831 5438 1102 5493 accidente
1147 5455 1158 5489 :
1191 5437 1259 5492 ita
1287 5448 1338 5491 ct
1370 5436 1454 5491 hic
1477 5451 1708 5507 quoque.
1738 5440 2016 5504 Quomodo

441 5541 616 5584 autem
642 5528 751 5584 iieri
776 5532 968 5597 poterit
995 5532 1305 5585 renovatio?
1334 5529 1359 5583 1
1366 5549 1394 5583 ιι
1416 5531 1595 5599 spiritu
1622 5533 1796 5586 mentis
1819 5545 2011 5601 restria,

441 5620 632 5690 inquit.
681 5618 780 5684 Qtti
808 5632 936 5687 ergo
965 5633 1074 5672 rem
1118 5620 1359 5675 habuerit
1402 5632 1633 5676 veterem
1661 5664 1677 5688 ,
1725 5624 1855 5677 nihil
1881 5640 2013 5694 0pc-

439 5709 639 5766 talvitur
658 5726 670 5764 :
690 5725 795 5765 non
820 5709 1097 5766 sustinebit
1120 5714 1259 5768 enim
1282 5714 1497 5783 spiritus
1521 5727 1725 5772 veteres
1747 5717 2002 5775 actiones.

2171 427 2396 501 Spiritu,
2426 432 2620 505 inquit,
2656 440 3052 515 mentisvestrte;
3080 442 3184 501 hoc
3208 455 3313 511 est,
3341 449 3531 519 spiritu
3557 456 3645 523 qui
3671 468 3754 514 est

2167 520 2220 576 in
2267 533 2466 579 mento.
2494 526 2586 582 25.
2634 526 2701 582 Et
2744 529 3018 586 induimini
3046 550 3228 590 novum
3267 538 3544 599 hominem.
3575 520 3750 604 Vides
3817 603 3821 606 .

2164 612 2304 681 quod
2333 630 2494 670 unum
2524 617 2738 686 quidem
2768 621 2836 675 sit
2866 623 3160 692 subjectum
3181 668 3198 693 ,
3227 628 3537 690 indumenta
3569 648 3746 693 autem

2162 700 2269 757 duo
2291 745 2305 769 ,
2355 721 2546 776 nempe
2581 718 2636 763 et
2684 710 2735 763 id
2763 727 2869 780 quo
2907 716 3139 781 exuitur,
3180 726 3235 771 et
3260 720 3311 774 id
3338 736 3444 792 quo
3471 725 3751 784 induitur?

2163 788 2369 846 Novum
2393 794 2667 863 hominem,
2697 798 2897 868 inquit,
2925 803 3012 870 qui
3036 806 3313 861 secundum
3355 788 3518 866 beam
3546 828 3750 873 creatus

2160 892 2230 935 est
2250 882 2301 935 in
2320 885 2522 953 justitia
2540 899 2589 941 et
2610 891 2874 947 sanctitate
2899 894 3144 952 veritatis.
3168 900 3274 955 Cur
3295 912 3472 959 autem
3498 907 3746 967 virtutem

2156 973 2391 1041 appellat
2414 975 2683 1034 hominem
2701 1021 2717 1046 ,
2749 989 2803 1036 et
2823 998 2920 1056 cur
2941 985 3209 1044 hominem
3233 991 3458 1050 vitium?
3484 996 3744 1065 Quoniam

2156 1059 2316 1118 homo
2341 1080 2447 1121 non
2472 1076 2648 1137 potest
2675 1074 2885 1129 ostendi
2928 1077 3130 1148 absque
3155 1059 3645 1157 operationeiQuo
3688 1096 3748 1148 lit

2156 1161 2213 1206 ut
2238 1153 2353 1209 haec
2380 1172 2484 1211 non
2518 1159 2694 1239 minus
2717 1178 2875 1233 quam
2904 1176 3114 1236 natura,
3143 1168 3413 1230 hominem
3436 1181 3741 1248 Ostendam,

2152 1245 2265 1302 sive
2292 1248 2488 1304 bonum
2517 1252 2631 1308 sive
2657 1256 2879 1313 ntalum.
2918 1259 3068 1316 Sicut
3091 1272 3270 1320 autem
3299 1265 3457 1325 facile
3481 1281 3564 1326 est
3591 1245 3737 1339 exui,

2153 1338 2224 1392 ita
2250 1339 2411 1395 etiam
2439 1341 2563 1399 licet
2591 1345 2777 1402 videre
2820 1348 2873 1403 in
2903 1350 3097 1409 virtute
3124 1366 3178 1410 et
3209 1358 3358 1413 vitio.
3399 1359 3622 1417 Juvenis
3648 1338 3739 1433 qui

2151 1438 2233 1482 est
2260 1445 2453 1500 novus,
2485 1444 2567 1488 est
2608 1436 2799 1503 fortis;
2843 1454 2972 1511 ergo
2999 1458 3098 1498 nos
3122 1460 3338 1517 quoque
3382 1450 3549 1506 simus
3574 1452 3739 1511 fortes

2149 1520 2215 1575 ad
2237 1524 2600 1591 operationem
2623 1528 2879 1586 bonarum
2900 1534 3170 1591 actionum
3197 1540 3331 1606 :jlan
3351 1543 3434 1597 nis
3451 1560 3554 1600 non
3578 1546 3739 1604 habet

2150 1626 2368 1682 rugam;
2415 1631 2544 1686 ergo
2571 1634 2670 1674 nec
2708 1636 2807 1677 uos
2845 1638 3057 1696 quoque
3092 1645 3105 1683 :
3128 1628 3344 1698 juvenis
3370 1650 3474 1689 non
3501 1637 3735 1694 circum-

2148 1702 2347 1773 fertur,
2380 1722 2553 1778 neqoe
2581 1708 2738 1767 facile
2765 1718 2883 1784 capi
2917 1726 3091 1786 potest
3119 1735 3148 1772 a
3178 1723 3417 1790 morbis;
3450 1725 3608 1797 igitur
3636 1745 3736 1786 nec

2148 1808 2246 1848 nos
2271 1811 2504 1867 quoque.
2533 1801 2633 1867 Qui
2664 1815 2865 1860 creatus
2890 1817 2986 1861 est.
3011 1808 3145 1866 Vide
3175 1816 3448 1883 quomodo
3476 1819 3561 1873 hic
3585 1836 3736 1876 crea-

2147 1885 2343 1942 tionem
2376 1901 2534 1945 vocet
2558 1892 2934 1953 deductionem
2964 1899 3172 1956 virtutis
3207 1904 3275 1958 ad
3302 1908 3590 1963 essentiam
3616 1952 3631 1977 ,
3676 1921 3735 1967 ut

2147 1992 2268 2045 quae
2297 1993 2363 2032 ex
2412 1980 2601 2047 nih-lo,
2662 1984 2727 2038 ad
2774 1986 2875 2042 hoc
2906 1997 2965 2043 ut
3008 2000 3192 2059 esset,
3236 1995 3307 2048 sit
3342 1995 3593 2054 deducta.
3630 2001 3729 2069 Qui

2143 2069 2313 2122 vero?
2355 2073 2557 2127 creatio
2596 2073 2684 2129 illa
2713 2091 2820 2131 non
2846 2088 2929 2133 est
2953 2082 3247 2139 secundum
3280 2087 3442 2141 Deum
3466 2089 3489 2141 ?
3517 2088 3727 2161 Nequa-

2142 2174 2336 2228 quam,
2394 2162 2488 2217 sed
2532 2166 2826 2222 secundum
2871 2170 3186 2229 diabolum:
3230 2175 3345 2246 ipse
3393 2189 3477 2234 est
3520 2191 3731 2238 creator

2143 2260 2365 2324 peccati.
2395 2259 2718 2327 Quomodo?
2746 2263 2917 2320 Homo
2941 2269 3083 2323 enim
3113 2284 3219 2325 non
3246 2287 3312 2327 ex
3338 2289 3472 2344 aqua
3492 2316 3509 2334 .
3540 2292 3639 2332 nec
3661 2293 3727 2333 ex

2144 2354 2284 2401 terra
2306 2360 2389 2403 est
2411 2363 2646 2418 creatus,
2673 2355 2765 2408 sed
2786 2355 2836 2409 in
2861 2356 3066 2426 justitia
3088 2369 3142 2414 et
3161 2364 3442 2419 sanctitate
3465 2369 3722 2423 veritatis.

2140 2439 2275 2506 Quid
2310 2442 2411 2497 hoc
2435 2445 2561 2499 est?
2588 2444 2779 2503 Statim
2810 2448 2959 2504 illum
2989 2455 3189 2508 creavit
3216 2457 3380 2511 lilium
3412 2475 3426 2512 :
3454 2459 3558 2516 hoc
3579 2462 3722 2518 enim

2145 2532 2203 2585 fit
2228 2548 2255 2584 a
2287 2533 2621 2610 baptismate
2661 2556 2674 2592 :
2708 2539 2825 2596 ha:c
2850 2552 2934 2596 est
2962 2547 3218 2600 essentia.
3258 2547 3425 2605 Recte
3449 2550 3626 2620 dixit,
3658 2552 3726 2608 In

2129 2624 2334 2693 justitia
2360 2635 2406 2678 et
2434 2629 2707 2684 sanctitate
2734 2633 2978 2689 veritatis.
3025 2635 3154 2691 Erat
3178 2639 3483 2708 aliquando‘
3492 2644 3722 2712 justitia,

2139 2726 2252 2770 erat
2281 2727 2334 2771 et
2359 2721 2615 2775 sanctitas
2642 2721 2695 2775 in
2718 2722 2939 2791 Iudaeis,
2974 2723 3155 2783 ve'rum
3187 2746 3293 2785 non
3332 2734 3592 2800 veritatis,
3622 2736 3720 2791 sed

2141 2814 2294 2877 typus
2323 2822 2386 2863 ac
2411 2810 2577 2879 figura
2607 2823 2722 2868 erat
2751 2814 2837 2868 illa
2860 2817 3087 2884 justitia.
3132 2820 3266 2877 Esse
3290 2824 3433 2878 enim
3464 2828 3720 2883 mundum

2137 2914 2383 2969 corpore,
2410 2903 2687 2958 munditia:
2710 2914 2826 2959 erat
2852 2917 3032 2979 typus,
3060 2925 3165 2966 non
3188 2913 3385 2969 veritas
3414 2916 3709 2983 munditim,

2132 2990 2354 3059 justitia;
2379 3003 2494 3048 erat
2517 3002 2696 3064 typus,
2725 3011 2830 3050 non
2854 3000 3309 3071 veritasjustitiaa.
3341 3003 3405 3058 In
3430 3008 3716 3071 sanctitate,

2139 3082 2303 3151 inquit
2331 3125 2345 3149 ,
2378 3094 2427 3137 et
2460 3086 2665 3155 justitia
2690 3089 2935 3142 veritatis.
2977 3091 3041 3145 Et
3071 3092 3169 3147 hoc
3200 3092 3336 3150 forte
3380 3096 3513 3150 dicit
3544 3098 3718 3166 respi-

2136 3173 2285 3228 ciens
2313 3175 2377 3228 ad
2410 3174 2602 3230 falsum
2635 3195 2649 3232 :
2678 3181 2930 3246 quoniam
2958 3182 3112 3236 multi
3144 3193 3272 3238 sunt
3295 3186 3438 3253 apud
3466 3197 3718 3243 externos

2135 3269 2226 3336 qui
2257 3267 2503 3322 videntur
2532 3284 2652 3325 esse
2673 3270 2826 3340 justi,
2858 3273 2952 3329 sed
2983 3285 3109 3328 sunt
3141 3276 3379 3335 fallaces.

2206 3358 2384 3413 Justus
2423 3362 2654 3430 quisnam
2697 3379 2808 3418 vere
2848 3367 2932 3420 sit.
2958 3396 3032 3409 --
3058 3367 3269 3424 Justitia
3315 3382 3493 3428 autem
3525 3376 3718 3431 dicitur

2136 3449 2303 3503 virtus
2348 3454 2398 3503 itt
2448 3466 2667 3521 genere.
2723 3455 2860 3509 Audi
2903 3459 3044 3512 enim
3095 3461 3365 3518 Christum
3404 3464 3710 3533 dicentem,

2138 3538 2259 3593 Nisi
2273 3542 2475 3612 justitia
2501 3554 2664 3597 vestra
2690 3547 2850 3616 magis
2886 3549 3214 3613 abundaverit
3246 3569 3398 3621 quant
3438 3557 3714 3612 scribarum

2136 3639 2180 3683 ct
2221 3629 2625 3700 Pharisaeorum,
2687 3651 2788 3689 non
2829 3638 3079 3694 intrabitis
3114 3642 3168 3695 in
3218 3660 3428 3715 regnum
3474 3648 3713 3701 caelorum

2136 3721 2348 3793 (Matth.
2380 3725 2435 3779 5.
2462 3725 2589 3795 20);
2646 3736 2701 3781 ct
2751 3744 2958 3796 rursus,
3002 3730 3181 3787 Justus
3228 3735 3416 3790 dicitur
3456 3739 3545 3807 qui
3584 3742 3715 3795 nihil

2133 3814 2280 3868 habet
2303 3808 2438 3880 quod
2475 3817 2872 3884 reprehendatur
2901 3820 2979 3892 (1.
2999 3821 3156 3876 loan.
3185 3826 3240 3880 5.
3271 3826 3353 3895 9).
3383 3826 3514 3882 Nam
3548 3830 3600 3884 in
3627 3830 3710 3885 fo-

2135 3905 2378 3959 rensibus
2429 3908 2589 3962 etiam
2628 3908 2844 3977 judiciis
2888 3911 3038 3966 illum
3083 3913 3310 3971 dicimus
3348 3918 3564 3988 justum,
3617 3922 3710 3991 qui

2136 3993 2382 4064 injuriam
2408 3998 2617 4066 accepit
2643 4014 2742 4055 nec
2769 4000 3022 4057 reddidit.
3052 4005 3108 4060 Si
3136 4021 3266 4076 ergo
3293 4024 3392 4064 nos
3416 4025 3631 4081 quoque
3657 4015 3707 4068 in

2135 4085 2400 4142 horrendo
2422 4088 2622 4158 judicio
2650 4093 2978 4160 potuerimus
3017 4097 3153 4152 alter
3193 4100 3332 4168 apud
3377 4102 3604 4157 alterum
3634 4107 3710 4158 vi-

2132 4174 2245 4229 deri
2270 4176 2421 4246 justi,
2450 4178 2745 4248 poterimus
2774 4183 3005 4252 aliquam
3045 4188 3257 4258 assequi
3299 4189 3703 4262 benignitatem.

2130 4265 2263 4323 Nam
2310 4277 2369 4322 ut
2407 4268 2546 4338 apud
2590 4271 2753 4326 Deum
2786 4274 3001 4343 quidem
3049 4276 3344 4345 videamur,
3390 4297 3496 4338 non
3529 4294 3707 4353 potest

2133 4357 2272 4425 fieri,
2295 4358 2550 4430 quidquid
2579 4363 2975 4419 ostenderimus
2999 4383 3013 4421 :
3046 4367 3158 4439 ipse
3182 4369 3325 4424 enim
3349 4370 3470 4440 jure
3495 4387 3711 4442 semper

2130 4458 2215 4505 est
2255 4450 2531 4521 superior;
2576 4452 2714 4507 sicut
2749 4454 2911 4510 etiam
2947 4456 3076 4513 dicit
3119 4461 3398 4530 propheta,
3441 4463 3508 4516 Et
3544 4466 3708 4519 vinces

2131 4558 2248 4596 cum
2279 4544 2532 4615 judicaris
2571 4543 2747 4615 (l’sal.
2778 4547 2869 4603 50.
2902 4547 2983 4615 6).
3027 4548 3131 4605 Sed
3176 4551 3244 4617 si,
3275 4567 3394 4621 qua
3423 4555 3565 4611 inter
3605 4571 3709 4613 nos

2131 4635 2464 4692 intercedunt
2485 4636 2626 4703 jura,
2660 4654 2766 4692 non
2806 4643 3225 4709 corruperimus,
3270 4653 3396 4700 tunc
3420 4645 3549 4715 justi
3590 4649 3705 4702 eri-

2130 4740 2250 4781 mus
2282 4744 2295 4780 :
2326 4727 2372 4781 si
2420 4728 2753 4796 potuerimus
2798 4730 3082 4786 ostendere
3122 4747 3221 4787 nos
3258 4733 3505 4803 injuriam
3546 4752 3704 4793 acce-

2129 4816 2296 4887 pisse,
2330 4825 2453 4871 tune
2476 4817 2604 4887 justi
2636 4819 2859 4875 erimus.
2889 4821 3169 4885 Quomodo
3197 4833 3374 4880 autem
3402 4826 3481 4880 eis
3507 4826 3707 4882 indolis

2128 4921 2311 4960 rursus
2335 4905 2484 4969 dicit,
2512 4905 2799 4961 lnduimini
2815 4909 2839 4962 ?
2865 4910 2909 4963 A
2937 4912 3043 4965 vita
3071 4911 3242 4980 inquit
3267 4930 3409 4970 nunc
3447 4926 3503 4971 et
3527 4918 3705 4986 operi-

2128 4997 2246 5052 bus.
2277 4996 2429 5051 Tunc
2472 4996 2838 5053 indumentum
2868 4999 2967 5054 iuit
2991 5016 3021 5055 a
3051 5002 3393 5072 baptismate,
3425 5023 3567 5062 nunc
3603 5022 3702 5062 auo

2127 5096 2231 5143 tem
2261 5102 2290 5139 a
2317 5086 2436 5141 vita:
2456 5087 2674 5157 agendae
2695 5090 2902 5144 ratione
2932 5099 2988 5146 et
3014 5093 3268 5161 operibus
3296 5113 3310 5148 :
3340 5111 3447 5152 non
3473 5098 3703 5167 amplitts

2125 5176 2417 5233 secundum
2463 5178 2928 5250 concupiscentias
2969 5180 3324 5251 deceptionis,
3372 5187 3467 5241 sed
3511 5202 3706 5243 secun-

2123 5267 2248 5322 dum
2277 5267 2466 5322 Deum.
2493 5266 2747 5323 Sanctum
2769 5281 2947 5325 autem
2969 5272 3097 5341 quid
3127 5279 3248 5330 est?
3273 5276 3423 5343 Quod
3446 5288 3530 5333 est
3550 5294 3705 5334 mun-

2122 5358 2269 5424 dum,
2300 5358 2439 5429 quod
2468 5358 2710 5414 debetur.
2754 5361 3041 5431 PrOpterea
3085 5381 3272 5421 corum
3300 5371 3461 5425 etiam
3487 5373 3576 5443 qui
3601 5372 3699 5428 de-

2121 5457 2400 5504 cesserunt
2433 5448 2574 5518 justa
2613 5449 2839 5506 dicimus
2873 5471 2888 5508 :
2920 5452 3023 5509 hoc
3071 5467 3174 5524 est,
3223 5458 3297 5514 De
3334 5472 3528 5518 caetero
3568 5463 3701 5518 nihil

2122 5539 2199 5594 eis
2226 5538 2418 5604 debeo,
2466 5556 2571 5595 non
2614 5556 2730 5595 sum
2761 5543 2840 5597 eis
2882 5543 3165 5600 obnoxius.
3209 5548 3301 5605 Sic
3342 5552 3572 5607 solemus
3610 5551 3693 5606 di-

2120 5645 2264 5696 cere,
2306 5615 2676 5702 άφωσιωσάμην;
2713 5633 2794 5689 ille
2835 5635 3047 5705 expiavi
3095 5647 3150 5693 et
3190 5640 3430 5711 absolvi,
3472 5652 3528 5699 ct
3576 5657 3694 5714 qua:

2131 5729 2254 5775 sunt
2279 5719 2613 5790 hujusmodi;
2644 5722 2741 5780 hoc
2766 5734 2868 5791 cst,
2891 5724 3031 5780 Nihil
3056 5726 3242 5785 debeo.
