4046 6210
497 345 566 399 97
1162 336 1223 392 S.
1262 332 1553 390 JOANNIS
1587 329 2079 388 CHRYSOSTOMl
2118 325 2442 386 ARCIHEP.
2484 326 3034 385 CONSTANTINOP.
3682 327 3768 384 98

571 467 640 529 γ’.
657 462 721 515 Ἦ
729 460 844 531 μῶν
865 457 1043 512 τοίνυν
1066 456 1180 510 ἐστὶ
1215 455 1289 526 μὴ
1305 453 1674 509 ἀπιδύσασθαι
1694 451 1754 505 τὸ
1768 454 1867 523 τῆς
1881 450 2080 504 δικαιο-

504 544 670 616 σύνης
710 543 945 613 ἱμάτιον,
976 541 1004 594 6
1033 541 1128 594 καὶ
1166 540 1194 591 6
1223 540 1513 609 Προφήτης
1564 535 1778 604 ἱμάτιον
1817 532 2084 603 σωτηρίου

505 627 682 689 καλεῖ,
727 626 814 678 ἵνα
846 623 920 693 τῷ
958 622 1074 692 Θεῷ
1121 620 1493 689 ὁμοιωθῶμεν·
1532 618 1626 670 καὶ
1657 617 1765 687 γὰρ
1809 616 1970 678 αὐτὸς
2008 616 2086 669 δι-

506 707 801 774 καιοσύνην
822 698 1133 759 κένδέδυται.
1171 701 1341 754 Τοῦτο
1367 698 1715 769 ἐνδυσώμεθα
1758 698 1822 751 τὺ
1851 698 2086 768 ἱμάτιον.

508 792 582 842 Τὸ
604 791 680 855 δὲ,
702 787 1043 849 ἐνδύσασθαι,
1091 786 1243 838 οὐδὲν
1286 784 1412 837 ἄλλο
1462 784 1631 853 δηλοῖ,
1662 782 1696 854 ἢ
1728 781 1790 835 τὸ
1819 781 2089 852 μηδέποτε

507 871 825 923 ἀποθέσθαι.
853 870 1051 921 Ἀκουε
1093 867 1200 937 γὰρ
1220 865 1313 918 τοῦ
1344 867 1631 935 Προφήτου
1661 863 1929 931 λέγοντος
1963 863 2091 915 Ἐν-

506 954 765 1007 εδύσατο
779 950 1043 1019 κατάραν
1062 949 1140 1014 ὠς
1153 947 1401 1017 ἱμάτιον,
1420 948 1515 1001 καί
1534 947 1665 1015 ἥξει
1680 945 1860 1011 αὐτῷ.
1872 944 1981 998 Καὶ
1997 944 2094 998 πά-

508 1034 613 1099 λιν,
642 1034 702 1086 ’0
720 1032 1226 1100 περιϐαλλόμενος
1254 1030 1378 1099 φῶς
1408 1029 1489 1095 ὠς
1508 1029 1761 1098 Ιμάτιον.
1793 1028 1902 1082 Καὶ
1932 1027 2093 1082 πάλιν

511 1119 641 1187 ημῖν
666 1114 786 1178 ἔθος
802 1116 979 1181 λέγειν
1001 1115 1092 1166 ἐπὶ
1115 1113 1223 1166 τῶν
1241 1112 1543 1183 ἀνθρώπων
1565 1127 1577 1140 °
1612 1113 1653 1165 Ο
1671 1112 1816 1165 δεῖνα
1843 1112 1932 1163 τον
1947 1110 2092 1163 δεῖνα

510 1198 818 1253 ἐνεδύσατο.
834 1198 1000 1249 ’Ὥστε
1029 1197 1089 1249 ού
1118 1198 1246 1266 μίαν
1275 1196 1488 1266 ἡμέραν
1518 1194 1639 1248 οὐδὲ
1682 1194 1943 1264 δευτέραν
1973 1194 2095 1246 οὐδὲ

512 1283 721 1352 τρίτην,
753 1280 887 1334 ἀλλὰ
920 1280 1210 1343 διαπαντὸς
1241 1282 1389 1351 ἡμᾶς
1417 1277 1663 1349 βούλεται
1707 1273 1847 1331 εἶναι
1875 1278 1934 1330 ἐν
1968 1276 2097 1347 ἀρε-

512 1367 602 1435 τῇ,
642 1363 736 1447 καὶ
760 1358 1454 1447 μηδέποτεγυμνοὺςεῖγρι
1484 1358 1593 1447 τοῦᾲ
1630 1358 1845 1447 ἱματίου
1880 1359 2093 1447 τούτου.

516 1432 591 1499 σύ
621 1446 728 1516 γὰρ
753 1432 925 1508 οὕτως
951 1445 1235 1514 ἄνθρωπος
1296 1432 1594 1513 ἀσῖημονεῖ
1646 1441 1852 1512 γυμνὸς
1912 1440 1989 1494 ὣν
2036 1442 2098 1493 τὸ

519 1528 699 1599 σῶμα,
727 1527 802 1590 ὡς
833 1527 1036 1597 γυμνὸς
1076 1525 1153 1579 ὢν
1185 1526 1281 1598 τὴν
1307 1527 1527 1596 ἀρετήν.
1574 1524 1837 1579 Ἐνταῦθα
1866 1524 2027 1578 αὐτὸν
2048 1526 2097 1577 οί

516 1609 796 1680 ὁμόδουλοι
846 1609 1135 1680 βλέπουσιν
1187 1608 1624 1679 ἀσχημονοῦντα,
1677 1608 1795 1660 ἐκεῖ
1830 1607 1887 1659 δὲ
1940 1608 1969 1660 ὁ
2001 1610 2100 1658 Δε-

521 1692 726 1762 σπότης
761 1692 854 1745 καὶ
878 1693 929 1744 οί
958 1691 1198 1760 ἄγγελοι.
1239 1692 1335 1744 Ἂν
1356 1684 1448 1743 οὖν
1471 1707 1591 1743 τινα
1632 1689 1770 1760 ἴδῃς,
1803 1688 1928 1741 είπέ
1987 1704 2099 1758 μοι,

519 1775 724 1845 γυμνὸν
746 1773 832 1827 διά
857 1775 955 1844 τῆς
988 1775 1193 1844 ἀγορᾶς
1230 1773 1507 1843 προϊόντα,
1532 1772 1654 1841 οὐχὶ
1682 1772 1899 1839 ἀλγεῖς;
1935 1771 2102 1823 Ὅταν

519 1854 613 1911 οὖν
643 1859 705 1910 σὺ
734 1858 935 1928 γυμνὸς
953 1856 1047 1909 τοῦ
1068 1856 1281 1927 ἱματίου
1298 1854 1487 1908 τούτου
1514 1855 1739 1924 τρέχῃς,
1762 1854 1815 1906 τί
1838 1852 2097 1925 ἐροῦμεν;

521 1941 634 2009 υύχ
656 1940 786 2011 ὁρᾷς
813 1939 1034 2001 τούτους
1057 1942 1181 2001 τοὺς
1230 1935 1676 2008 προσαιτοῦντας,
1714 1935 1809 1997 οὓς
1851 1935 2102 2003 λώταγας

521 2025 654 2093 ἡμῖν
672 2022 791 2085 ἔθος
811 2022 1020 2087 καλεῖν,
1040 2020 1153 2084 πῶς
1172 2021 1436 2091 περιίασι,
1459 2018 1573 2080 πῶς
1591 2019 1683 2071 καὶ
1703 2018 1899 2082 αὐτοὺς
1918 2019 2101 2071 ἐλεοῦ-

525 2122 655 2175 μεν;
711 2105 848 2158 Ἀλλ’
882 2106 1029 2174 ὅμως
1076 2103 1284 2164 τούτοις
1327 2101 1447 2154 οὐδὲ
1496 2100 1792 2171 συγγνώμη
1819 2101 1903 2164 τίς
1936 2102 2099 2153 ἐστιν·

522 2187 644 2240 ούδέ
675 2186 783 2257 γὰρ
810 2186 1255 2254 συγγινώσκομεν
1285 2184 1489 2245 αὐτοῖς,
1513 2183 1639 2235 ὅταν
1658 2183 1973 2244 κυϐεύοντες
1988 2183 2106 2233 ἐαυ-

523 2269 631 2322 τῶν
656 2269 725 2321 τά
758 2267 947 2337 ίμάτια
971 2265 1297 2319 άπολλύωσι.
1331 2264 1453 2328 Πῶς
1483 2262 1575 2316 οῦν
1610 2265 1739 2334 ἡμῖν
1757 2266 1785 2316 ό
1812 2263 1942 2325 Θεὸς
1973 2280 2106 2332 συγ‹

525 2351 794 2417 γνώσεται
825 2349 886 2401 τὸ
927 2350 1141 2418 ίμάτιον
1179 2346 1335 2400 τοῦτο
1359 2346 1717 2412 ἀπολέσασινς
1756 2347 1924 2399 Ὅταν
1950 2348 2059 2417 γὰρ
2079 2348 2106 2398 6

522 2431 767 2494 διάϐολος
794 2431 879 2503 ῐδῃ
901 2431 1103 2501 γυμνὸν
1126 2430 1325 2501 ἀρετῆς
1354 2446 1497 2491 τιια,
1518 2428 1719 2492 εὐθέως
1766 2427 1859 2482 καὶ
1889 2428 2109 2480 ἀσϐολοῖ

527 2516 623 2567 καὶ
651 2515 890 2584 ἀμαυροῖ
905 2512 981 2571 διὸ
1020 2512 1331 2579 πρόσωπον,
1357 2513 1453 2564 καὶ
1475 2508 1789 2581 τιτρώσκει,
1815 2511 1909 2563 καὶ
1935 2511 2106 2578 ἀναγο

526 2594 685 2659 κάζει
713 2596 921 2665 μεγάλα
945 2607 993 2649 ει.
1026 2595 1064 2647 Γ
1068 2595 1226 2665 υμνοι
1257 2592 1544 2664 γενώμεθα
1567 2593 1882 2663 χρημάτων,
1914 2592 2001 2645 ἵνα
2033 2593 2108 2662 μὴ

525 2676 903 2747 γυμνωθῶμεν
928 2675 1034 2729 ἀπὸ
1075 2675 1438 2745 δικαιοσύνης
1477 2675 1645 2746 ἡτῶν
1688 2673 1987 2745 χρημάτων
2017 2691 2112 2727 πε-

531 2759 721 2832 ριϐολὴ
750 2759 909 2810 τοῦτο
958 2757 1278 2829 λυμαίνεται
1330 2758 1391 2811 τὸ
1435 2758 1667 2828 ἱμάτιον·
1704 2756 1958 2810 ἀκανθῶν
1996 2758 2110 2809 ἐστι

529 2841 811 2914 περιϐολή.
868 2841 1125 2893 Τοιαῦται
1174 2844 1309 2893 είσιν
1357 2841 1411 2894 αἱ
1459 2839 1711 2904 ἄκανθαι,
1755 2840 1846 2891 καί⁵
1875 2839 1984 2908 ὅσῳ
2046 2837 2113 2891 ἂν

531 2924 780 2986 πλείονας
814 2922 1263 2994 περιϐαλώμεθα,
1297 2921 1535 2992 τοσούτῳ
1566 2921 1764 2991 μᾶλλον
1800 2921 2110 2992 γυμνούμε-

527 3007 619 3060 θα.
668 3005 735 3057 Ἦ
768 3005 1024 3073 ἀσέλγεια
1051 3007 1247 3075 γυμνοί
1274 3003 1365 3057 τοῦ
1390 3002 1601 3074 ίματίου
1626 3002 1837 3056 τούτου·
1871 3003 1981 3075 πῦρ
2005 3002 2113 3073 γάρ

529 3092 667 3153 ἐστι,
700 3088 762 3140 τὸ
785 3087 842 3142 δέ
871 3088 986 3159 πῦρ
1026 3086 1358 3142 ἀναλωτικδν
1386 3087 1479 3139 τοῦ
1521 3085 1735 3156 ἱματίου
1759 3085 1969 3141 τούτου.
2005 3088 2114 3157 Σής

530 3176 680 3226 ἐστιν
703 3172 731 3224 6
760 3170 1006 3234 πλοῦτοςσ
1031 3170 1280 3239 καθάπερ
1306 3171 1334 3221 6
1378 3169 1477 3239 σὴς
1508 3170 1687 3222 πάντα
1710 3167 1999 3240 διατρώγει
2022 3170 2115 3221 καὶ

529 3255 655 3308 οὐδὲ
683 3253 790 3308 τῶν
826 3252 1066 3325 σηρικῶν
1119 3251 1381 3321 φείδεται,
1437 3250 1579 3303 οὕτω
1608 3251 1703 3303 καὶ⁸
1724 3246 1896 3314 οὗτος.
1933 3252 2116 3304 Πάντα

531 3336 711 3390 τοίνυν
742 3337 912 3389 ταῦτα
941 3334 1291 3406 ἀποθώμεθα,
1347 3335 1435 3388 ἵνα
1461 3332 1746 3405 γενώμεθα
1768 3334 1987 3398 δίκαιοι,
2028 3334 2115 3386 ἵνα

533 3418 884 3489 ἐνδυσώμεθα
937 3417 1028 3471 τὸν
1073 3419 1258 3471 καινὸν
1318 3417 1623 3489 ἄνθρωπον.
1663 3418 1844 3488 Μηδὲν
1867 3416 2114 3483 παλαιὸν,

538 3502 705 3573 μηδὲν
736 3501 1080 3571 φαινόμενον,
1138 3501 1304 3572 μηδὲν
1356 3500 1707 3570 φθειρόμενον
1775 3499 2112 3571 κατέχωμεν.

537 3584 651 3638 Ούκ
678 3584 824 3638 ἐστιν
856 3587 889 3656 ἡ
941 3585 1110 3656 ἀρετὴ
1141 3585 1418 3651 ἐπίπονος,
1468 3584 1567 3637 ούκ
1597 3582 1712 3635 ἐστι
1742 3582 2117 3655 δυσκατόρθω-

533 3681 648 3729 τος.

608 3806 723 3876 Οὐχ
757 3807 890 3876 ὁρᾷς
915 3808 1041 3868 τοὺς
1070 3807 1129 3860 ἐν
1174 3808 1287 3869 τοῖς
1316 3806 1539 3876 ὁρεσινς
1597 3806 1795 3857 ἐκεῖνοι
1823 3805 1917 3857 καὶ
1941 3805 2117 3869 οἰκίας

539 3890 733 3958 ἀφιᾶσι
754 3892 847 3941 καὶ
868 3892 1129 3957 γυναῖκας
1149 3890 1242 3943 καὶ
1265 3889 1455 3951 παῖδας
1483 3887 1579 3940 καὶ
1618 3886 1950 3956 προστασίαν
1978 3888 2119 3941 ἀπα-

541 3988 661 4034 σαν,
692 3972 783 4023 καὶ
808 3971 965 4033 ἐκτὸς
987 3971 1213 4032 ἐαυτοὺς
1240 3969 1336 4023 τοῦ
1358 3970 1562 4039 κόσμου
1590 3969 1967 4039 ποιησάμενοι,
1988 3971 2119 4024 σάκ-

541 4072 637 4108 κον
674 4055 1041 4126 περιθέμενοι,
1074 4055 1268 4109 σποδὸν
1296 4053 1802 4124 ὑποστρωσάμενοι,
1831 4053 1987 4107 κλοιά
2009 4055 2118 4108 τῶν

537 4137 827 4209 τραχήλων
865 4137 1280 4210 ἐξαρτήσαντες,
1324 4139 1383 4191 ἐν
1426 4136 1655 4207 οἰκίσκῳ
1710 4136 1892 4208 μικρῷ
1952 4155 2113 4192 κατα-

541 4221 853 4285 κλείσαντες
894 4222 1141 4287 ἑαυτοὺς,
1194 4219 1313 4273 οὐδὲ
1367 4219 1533 4291 μέχρι
1582 4218 1788 4272 τούτων
1850 4219 2117 4285 ἵστανται,

540 4302 788 4357 ἀλλὰκαὶ
824 4303 1095 4374 νηστείαις
1121 4302 1215 4357 καὶ
1267 4300 1410 4373 λιμῷ
1440 4301 1674 4371 διηνεκεῖ
1716 4303 2121 4358 κατατείνουσιν

540 4384 786 4450 ἑαυτούς.
812 4386 874 4439 Εἰ
910 4384 1136 4440 τοιαῦτα
1160 4385 1453 4439 ἐπέταττον
1473 4384 1567 4439 νῦν
1592 4382 1720 4453 ἐγὼ,
1739 4385 1838 4438 οὐκ
1864 4386 1929 4439 ἂν
1952 4386 2122 4440 ἀπαν-

540 4488 629 4534 τες
649 4467 900 4539 ἀπεπηδή
910 4485 1035 4521 σατε
1053 4485 1067 4533 ;
1086 4468 1184 4522 οὐκ
1205 4468 1270 4521 ἂν
1289 4469 1478 4521 είπατε
1498 4468 1558 4520 τὸ
1576 4469 1810 4538 πρᾶγμα
1830 4469 2116 4541 φορτικόν;

542 4551 675 4605 ούδέ
707 4549 946 4604 τοιοῦτόν
973 4568 1114 4622 φημι
1148 4550 1256 4604 δεῖν
1303 4553 1494 4603 ποιεῖν’
1529 4549 1788 4621 βούλομαι
1835 4551 1985 4625 [100]
2021 4553 2121 4624 μὲν

543 4635 671 4703 γὰρ.
701 4633 839 4701 πλὴν
864 4634 925 4686 οὐ
966 4634 1259 4705 νομοθετῶ.
1296 4633 1453 4686 Ἀλλὰ
1483 4634 1536 4685 τί
1561 4650 1576 4700 ;
1622 4634 1731 4686 Καὶ
1754 4634 1999 4704 λουτροῖς
2028 4637 2121 4689 κέ-

541 4731 737 4786 χρησο.
750 4716 920 4767 καὶτὸ
939 4719 1098 4786 σῶμα
1115 4716 1405 4786 θεράπευε,
1424 4717 1518 4770 καὶ
1540 4717 1617 4779 είς
1635 4717 1840 4788 ἀγορὰν
1863 4718 2117 4788 ἔμϐαλλε,

546 4797 640 4850 καὶ
697 4796 871 4849 οἰκίαν
924 4797 1044 4867 ἔχε,
1095 4802 1190 4851 καὶ
1246 4799 1512 4863 διακόνοις
1539 4799 1827 4866 διακονοῦ,
1881 4802 1973 4854 καὶ
2005 4802 2122 4872 χρῶ

549 4880 735 4943 σιτίοις
756 4878 847 4931 καὶ
870 4881 1071 4941 ποτοῖς·
1116 4881 1389 4951 πανταχοῦ
1410 4881 1508 4952 τὴν
1537 4882 1849 4947 πλεονεξίαν
1869 4883 2117 4939 ἔκϐαλλε.

559 4963 773 5034 Ἐκείνη
797 4962 906 5033 γάρ
937 4964 1084 5015 ἐστιν
1117 4964 1149 5033 ὴ
1176 4963 1275 5034 τὴν
1306 4965 1580 5036 ἁμαρτίαν
1608 4966 1857 5032 ποιοῦσα,
1913 4970 2007 5022 καὶ
2062 4971 2123 5023 τὸ

548 5049 678 5102 αὐτὸ
704 5048 933 5119 πρᾶγμα
957 5046 1247 5110 πλεονάζον
1266 5049 1510 5120 ἁμαρτία
1534 5050 1773 5118 γέγονεν.
1792 5052 1953 5104 Ὥστε
1970 5053 2122 5107 οὐδὲν

544 5130 731 5202 ἕτερόν
761 5131 965 5201 ἐστινὴ
1016 5130 1315 5197 πλεονεξία,
1374 5133 1406 5202 ἢ
1462 5133 1725 5204 ἁμαρτία.
1772 5134 1881 5187 Καὶ
1905 5135 2025 5207 ὅρα·
2065 5138 2123 5189 '0

549 5212 718 5283 θυμὸς
743 5214 869 5267 ὅταν
915 5214 1075 5268 πλέον
1110 5212 1204 5267 τοῦ
1236 5213 1447 5277 δέοντος
1476 5216 1693 5286 κινηθῇ,
1720 5217 1841 5269 τότε
1873 5217 2123 5287 ἐκπηδῶν

549 5296 886 5367 λοιδορεῖται,
926 5298 1044 5351 τότε
1076 5298 1274 5361 ἀδίκως
1296 5298 1474 5351 πάντα
1526 5303 1685 5353 ποιεῖ·
1743 5302 1771 5353 6
1802 5299 1912 5355 τῶν
1941 5302 2125 5370 σωμά-

554 5397 658 5431 των
698 5379 859 5450 έρως,
888 5384 916 5435 6
948 5383 1056 5436 τῶν
1082 5383 1401 5455 χρημάτων,
1428 5384 1456 5437 6
1480 5382 1578 5453 τῆς
1605 5381 1763 5455 δόξης
1781 5426 1798 5452 ,
1843 5386 1873 5437 6
1893 5385 1999 5438 τῶν
2027 5385 2123 5439 άλ-

551 5469 658 5523 λων
687 5471 955 5529 άπάντων.
989 5476 1099 5529 Καὶ
1145 5477 1218 5547 μή
1258 5493 1348 5548 μοι
1392 5474 1574 5547 είπῃς,
1597 5476 1677 5529 ὅτι
1705 5478 1899 5531 ἐκεῖνοι
1926 5476 2121 5549 ἠδυνή-

613 5663 629 5685 ⁸
670 5663 852 5734 ῡιιηιςιο
875 5666 1202 5727 supplendum
1240 5669 1435 5719 videtur
1473 5665 1670 5730 aliquod
1709 5666 1931 5730 verbum,
1974 5681 2019 5718 ν.
2048 5683 2120 5731 3.,

550 5724 575 5769 ὁ
582 5740 609 5770 σ
616 5726 836 5787 χημονείν

2191 448 2380 519 θησαν·
2407 449 2587 503 πολλοὶ
2604 448 2712 521 γάρ
2742 448 2921 520 πολλῷ
2959 446 3335 518 ἀσθενέστεροί
3362 465 3454 500 σου
3483 447 3572 501 καὶ
3597 449 3775 503 πλουο

2191 530 2552 602 σιώτεροικαὶ
2590 530 2991 602 τρυφερώτεροι
3036 530 3127 582 τὸν
3161 530 3396 600 σκληρὸν
3435 532 3634 583 ἐκεῖνον
3665 531 3776 584 καί

2189 616 2394 684 τραχὺν
2433 614 2750 679 ἀνεδέξαντο
2777 614 2907 684 βίον.
2943 615 3051 667 Καὶ
3078 612 3130 665 τί
3166 614 3308 681 λέγω
3340 614 3573 684 ἄνδραςς
3603 613 3779 684 κόραι

2189 697 2430 750 είκοστὸν
2460 698 2577 760 ἐτος
2611 697 2763 750 οὔπω
2818 696 3133 766 γενόμεναι,
3191 698 3249 748 ἐν
3304 695 3566 765 θαλάμοις
3592 697 3685 748 καὶ
3710 696 3781 747 ἐν

2193 781 2517 850 σκιατροφίᾳ
2530 779 2625 833 τὸν
2641 779 2855 833 ἅπαντα
2866 778 3241 832 διατελέσασαι
3253 778 3465 848 χρόνον,
3480 776 3586 850 [ἐν]
3601 776 3782 831 om-

2195 879 2317 931 μοις
2346 862 2533 933 μύρων
2587 861 2855 933 γέμουσαι
2906 863 3000 916 καὶ
3042 862 3424 932 θυμιαμάτων,
3455 863 3549 914 ἐπὶ
3593 878 3784 932 στρω-

2195 945 2333 1015 μνῆς
2359 944 2575 1017 ἁπαλῆς
2627 945 3039 1015 κατακείμεναι,
3089 945 3295 998 άπαλαὶ
3346 947 3441 997 καὶ
3471 944 3633 998 αὐταὶ
3669 943 3784 1013 τὴν

2194 1028 2374 1095 φύσιν,
2405 1028 2499 1081 καὶ
2526 1031 2591 1099 τῇ
2622 1029 2788 1098 πολλῇ
2823 1027 3089 1098 θεραπείᾳ
3120 1027 3506 1097 μαλακώτεραι
3542 1028 3785 1095 γινόμε-

2194 1127 2303 1176 ναι,
2326 1110 2414 1164 διά
2449 1112 2547 1179 τῆς
2569 1112 2782 1182 ἡμέρας
2808 1112 2988 1181 πάσης
3021 1111 3172 1164 οὐδὲν
3201 1112 3386 1181 ἕτερον
3418 1110 3577 1180 ἔργον
3620 1109 3788 1180 ἐχου-

2198 1209 2308 1257 σαι,
2339 1192 2372 1261 ἢ
2400 1194 2458 1245 τὸ
2480 1192 2917 1257 καλλωπίζεσθαι
2940 1193 3036 1245 καὶ
3061 1195 3418 1264 χρυσοφορεῖν
3446 1192 3540 1244 καὶ
3558 1191 3787 1261 τρυφῆς

2197 1274 2488 1329 ἀπολαύειν
2518 1276 2739 1345 πολλῆς,
2779 1276 2900 1329 οὐδὲ
2930 1277 3153 1339 ἑαυταῖς
3180 1275 3619 1345 διακονούμεναι,
3637 1274 3792 1329 ἀλλὰ

2200 1356 2395 1421 πολλὰς
2426 1357 2645 1428 ἔχουσαι
2668 1358 2771 1421 τὰς
2800 1357 3185 1428 θεραπαινίδας
3210 1359 3307 1421 τὰς
3336 1357 3793 1430 παρεστηκυίας,

2200 1439 2389 1511 ἱμάτια
2416 1441 2632 1510 ἔχουσαι
2680 1441 2898 1510 μαλακὰ
2956 1440 3048 1494 τοῦ
3082 1440 3333 1510 σώματος
3391 1439 3793 1511 μαλακώτερα,

2199 1522 2399 1586 λεπτὰς
2431 1523 2620 1586 ὀθόνας
2652 1523 2746 1576 καί⁵
2770 1522 3067 1594 τρυφεράς,
3099 1523 3156 1574 ἐν
3186 1523 3356 1594 ῥόδοις
3382 1524 3477 1576 καὶ
3518 1525 3639 1586 ταῖς
3662 1540 3796 1577 τοι·

2202 1606 2393 1670 αύταις
2437 1606 2685 1669 εὐωδίαις
2729 1606 2994 1679 διηνεκῶς
3053 1606 3477 1676 ἀσχολούμεναιο
3521 1600 3683 1661 αὗται
3708 1606 3797 1679 δὴ

2202 1689 2458 1757 ἐξαίφνης
2473 1690 2550 1759 τῷ
2571 1689 2705 1759 πυρὶ
2724 1689 3010 1759 ληφθεῖσαι
3038 1688 3131 1742 τοῦ
3151 1691 3407 1759 Χριστοῦ,
3436 1692 3615 1743 πᾶσαν
3635 1690 3799 1743 ἐκεί-

2204 1788 2300 1840 νην
2322 1771 2728 1841 ἀποδυσάμεναι
2785 1770 2883 1842 τὴν
2927 1770 3183 1840 βλακείαν
3217 1773 3311 1825 καί⁵
3341 1771 3431 1825 τὸν
3457 1772 3647 1840 τῦφον,
3680 1773 3801 1826 καὶ

2204 1855 2412 1925 τρυφῆς
2464 1853 2557 1906 καὶ
2616 1853 2833 1924 ἡλικίας
2884 1854 3298 1924 ἐπιλαϐόμεναι,
3348 1855 3598 1925 καθάπερ
3633 1854 3801 1919 τινὲς

2206 1936 2433 2005 ἀθληταὶ
2475 1938 2708 2005 γενναῖοι
2738 1935 2807 1989 τά
2843 1935 3057 2006 μαλακά
3111 1939 3295 1990 ἐκεῖνα
3350 1937 3795 2006 ἀποδυσάμεναι,

2206 2018 2284 2081 είς
2335 2018 2531 2087 μέσους
2579 2018 2840 2087 ἐνέϐησαν
2887 2020 3010 2081 τοὺς
3050 2018 3285 2086 ἀγῶνας.
3343 2021 3451 2074 Καὶ
3494 2022 3621 2083 ῖσως
3679 2019 3798 2088 μὲν

2206 2101 2408 2154 ἄπιστα
2470 2098 2607 2164 δόξω
2657 2104 2827 2173 ἐρεῖν,
2885 2101 3023 2170 πλὴν
3077 2101 3190 2155 ἀλλ’
3220 2103 3416 2172 ἀληθῆ.
3461 2103 3677 2165 Ταύτας
3713 2102 3798 2174 δὴ

2205 2182 2301 2247 τὰς
2325 2183 2496 2246 οὕτως
2527 2184 2738 2247 ἀπαλάς
2781 2185 2947 2256 κόρας
2982 2182 3188 2254 ἥκουσα
3229 2186 3359 2254 ἐγὼ,
3391 2187 3474 2240 ὅτι
3526 2189 3607 2250 είς
3652 2203 3798 2241 τοσ-

2207 2264 2375 2336 αύτην
2417 2264 2836 2336 σκληραγωγίαν
2880 2267 3073 2330 ἑαυτὰς
3112 2267 3338 2337 ἤγαγον,
3369 2268 3443 2331 ὠς
3477 2268 3546 2321 τά
3574 2267 3797 2339 τραχῦ-

2205 2363 2337 2418 τερα
2358 2346 2467 2399 τῶν
2514 2347 2764 2418 τριχίνων
2818 2347 3131 2418 περιθέσθαι
3162 2350 3368 2402 ἐαυτῶν
3415 2353 3527 2413 τοῖς
3568 2349 3796 2420 σώμασι

2206 2429 2671 2498 γεγυμνωμένοις,
2732 2430 2827 2482 καὶ
2872 2430 3237 2500 ἀνυποδήτους
3279 2426 3539 2495 εἶναιτάς
3570 2432 3798 2499 ἁπαλὰς

2209 2510 2443 2581 πτέρναις
2470 2512 2706 2575 ἐκείνας,
2728 2512 2824 2565 καὶ
2847 2514 2941 2565 ἐπὶ
2963 2512 3211 2575 στιϐάδος
3239 2515 3619 2568 κατακεῖσθαι·
3648 2517 3799 2585 μάλ-

2208 2592 2297 2647 λον
2320 2593 2376 2646 δὲ
2403 2593 2464 2645 τὸ
2482 2593 2643 2646 πλέον
2670 2595 3032 2665 ἐγρηγορέναι
3058 2595 3156 2665 τῆς
3185 2596 3397 2659 νυκτὸς.
3414 2598 3505 2650 καὶ
3528 2595 3652 2650 οὔτε
3685 2597 3797 2667 μύ-

2211 2692 2329 2744 ρου,
2357 2674 2481 2728 οῦτε
2529 2675 2689 2730 άλλου
2713 2675 2857 2740 τινὸς
2893 2677 3280 2731 τῶνδπαλαιῶν
3305 2679 3559 2751 πρόνοιαν
3612 2683 3795 2732 ποιεῖ-

2211 2756 2354 2823 σθαι,
2378 2756 2514 2809 ἀλλά
2539 2759 2633 2810 καὶ
2683 2757 2783 2828 τὴν
2839 2757 2985 2812 οὕτω
3031 2758 3477 2830 θεραπευομένην
3537 2761 3795 2830 κεφαλὴν

2209 2838 2545 2911 ἀτημέλητον
2573 2839 2738 2910 ἔχειν,
2772 2840 2958 2905 ἁπλῶς
3001 2843 3095 2895 καὶ
3124 2843 3248 2912 είκῆ
3294 2843 3392 2907 τὰς
3415 2845 3605 2915 τρίχας
3636 2845 3795 2898 ἐνδε-

2208 2920 2459 2992 δεμένην,
2491 2922 2629 2976 ὥστε
2674 2922 2751 2993 μὴ
2795 2926 2873 2986 είς
2902 2924 3288 2994 ἀσχημοσύνην
3330 2929 3611 2996 ἐμπεσεῖν.
3644 2926 3797 2998 Τρά-

2211 3003 2352 3068 πεζα
2386 3003 2443 3057 δὲ
2471 3005 2662 3067 αὑταῖς
2700 3007 2847 3058 ἐστιν
2877 3006 3135 3076 ἐσπερινὴ
3199 3008 3357 3078 μόνη,
3389 3008 3637 3079 τράπεζα
3663 3010 3791 3064 οὐδὲ

2210 3085 2441 3156 λαχάνου
2458 3086 2576 3139 οὐδὲ
2605 3087 2791 3157 ἄρτου,
2820 3086 2955 3140 ἀλλά
2999 3088 3275 3157 σεμίδαλις
3306 3092 3398 3143 καὶ
3427 3092 3636 3162 κύαμος
3694 3094 3793 3146 καὶ

2210 3168 2506 3241 ἐρέϐινθος,
2562 3170 2654 3222 καὶ
2691 3169 2847 3223 ἐλαία
2904 3169 2996 3223 καὶ
3045 3170 3218 3225 σῦκα·
3278 3173 3372 3226 καὶ
3394 3173 3793 3246 ταλασιουργία

2211 3254 2461 3327 διηνεκὴς
2486 3256 2578 3308 καί⁸
2609 3255 2718 3307 τῶν
2743 3257 2883 3309 οἴκοι
2912 3256 3301 3326 θεραπαινίδων
3331 3258 3467 3329 ἔργα
3493 3261 3672 3332 πολλῷ
3684 3280 3791 3334 χα·

2212 3335 2512 3406 λεπώτερα.
2545 3338 2609 3390 Τί
2655 3338 2762 3408 γάρ
2786 3356 2800 3403 ;
2828 3337 2926 3401 τὰς
2975 3338 3290 3407 καμνούσας
3331 3343 3396 3396 τὸ
3427 3342 3586 3412 σῶμα
3617 3344 3786 3415 θερα-

2214 3420 2399 3472 πεύειν
2418 3420 2752 3486 ἀνεδέξαντο,
2770 3424 2866 3484 τὰς
2880 3421 3064 3483 κλίνας
3078 3421 3465 3491 βαστάζουσαι,
3480 3428 3605 3489 τοὺς
3621 3428 3791 3493 πόδας

2214 3501 2521 3555 νίπτουσαι·
2548 3502 2739 3555 πολλαὶ
2787 3502 2845 3555 δέ
2889 3503 3071 3558 αὐτῶν
3115 3507 3209 3558 καὶ
3251 3508 3660 3578 μαγειρεύουσι.
3688 3511 3793 3563 To-

2217 3584 2388 3637 σαῦτα
2410 3584 2626 3638 δύναται
2657 3585 2751 3638 τοῦ
2784 3587 3019 3657 Χριστοῦ
3041 3588 3103 3640 τὸ
3128 3586 3258 3659 πῦρο
3283 3587 3425 3642 οὕτω
3454 3590 3547 3643 καὶ
3575 3590 3792 3659 φύσεως

2214 3666 2482 3740 ἀνώτερον
2512 3670 2545 3737 ἡ
2580 3668 2879 3739 προθυμία.
2930 3670 3075 3741 Πλὴν
3108 3670 3223 3724 ἀλλ’
3248 3671 3399 3726 οὐδὲν
3417 3672 3654 3727 τοιοῦτον
3677 3673 3789 3743 ἐγὼ

2217 3749 2356 3819 ὑμᾶς
2379 3749 2615 3817 ἀπαιτῶ,
2645 3751 2831 3822 ἐπειδὴ
2862 3751 3115 3822 βούλεσθε
3148 3753 3579 3826 παρελαύνεσθαι
3635 3759 3789 3829 παρά

2215 3849 2507 3901 γυναικών.

2286 3912 2431 3985 [101]
2449 3914 2513 3967 δ’.
2532 3913 2651 3966 Κᾶν
2678 3914 2807 3982 γοῦν
2823 3915 2923 3969 ὅσα
2941 3919 3014 3993 μὴ
3039 3918 3292 3990 φορτικὰ,
3305 3920 3474 3973 ταῦτα
3493 3920 3791 3991 πράττετε,

2215 3997 2396 4066 χειρὸς
2427 3998 2674 4065 κρατεῖτε
2700 3997 2795 4051 καὶ
2825 4000 3140 4054 ἀκολάστων
3165 4002 3477 4073 ὀφθαλμῶν.
3495 4004 3561 4056 Τί
3588 4003 3788 4057 δύσκο-

2216 4078 2327 4143 λον,
2352 4080 2470 4130 εἰπέ
2503 4096 2613 4150 μοι,
2640 4080 2692 4132 τί
2711 4077 3001 4153 δυσχὲρές;
3030 4084 3223 4139 Δίκαια
3246 4087 3531 4157 πράττετε,
3585 4087 3790 4158 μηδένα

2218 4161 2474 4225 ἀδικεῖτε,
2511 4161 2644 4232 μήτε
2675 4163 2704 4214 6
2727 4164 2914 4232 πένης,
2950 4166 3084 4237 μήτε
3110 4167 3139 4219 6
3164 4167 3434 4232 πλούσιος,
3459 4170 3595 4240 μήτε
3612 4172 3641 4221 6
3660 4172 3790 4239 ἀγοο

2221 4247 2390 4315 ραῖος,
2421 4246 2556 4315 μήτε
2584 4248 2611 4297 6
2646 4244 2932 4316 μισθωτόςο
2951 4249 3065 4301 ἐστι
3086 4249 3193 4321 γὰρ
3228 4253 3321 4305 καὶ
3348 4253 3511 4322 μέχρι
3540 4255 3790 4323 πενήτων

2216 4327 2429 4380 ἀδικίαν
2464 4326 2708 4381 διελθεῖν.
2746 4330 2813 4381 Ἢ
2860 4331 2960 4400 ούχ
2984 4331 3148 4403 ὁρᾶτε
3200 4333 3372 4397 πόσας
3433 4327 3581 4389 οὗτοι
3612 4337 3792 4407 μάχας

2218 4408 2453 4473 ποιοῦσι,
2505 4411 2599 4463 καὶ
2651 4412 2828 4465 πάντα
2859 4413 3264 4484 ἀνατρέπουσι;
3323 4416 3575 4488 Κέχρησο
3603 4419 3789 4489 γάμῳ,

2219 4492 2307 4564 έχε
2334 4492 2543 4557 παῖδας·
2571 4494 2665 4546 καλ⁵
2696 4493 2905 4557 Παῦλος
2926 4496 3186 4562 τοιούτοις
3208 4498 3493 4563 ἐπέταττε,
3531 4500 3794 4564 τοιούτοις

2220 4578 2447 4649 ἔγραφε.
2476 4577 2663 4647 Μέγας
2684 4578 2890 4642 ἐκεῖνος
2921 4578 2950 4630 6
2974 4579 3144 4646 ἀγὼν,
3180 4581 3275 4635 καὶ
3301 4582 3500 4654 ὑψηλὸς
3531 4586 3560 4638 6
3591 4584 3791 4638 σκόπει

2219 4659 2332 4723 λος,
2360 4660 2454 4713 καὶ
2482 4661 2647 4728 ἐγγὺς
2668 4658 2760 4712 τοῦ
2794 4660 3024 4730 ούρανοῦ
3047 4664 3079 4733 ἡ
3105 4665 3338 4734 κορυφὴ,
3363 4666 3458 4719 καὶ
3480 4666 3541 4719 ού
3564 4666 3790 4721 δύνασαι

2222 4742 2424 4811 φθάσαι
2446 4744 2580 4813 πρὸς
2617 4743 2676 4796 τὸ
2716 4745 2885 4813 μέγα;
2945 4745 3152 4798 Οὐκοῦν
3206 4745 3307 4799 κάν
3336 4746 3443 4800 τῶν
3497 4748 3794 4801 ἐλαττόνων

2221 4826 2366 4895 ἔχου,
2397 4829 2490 4879 καὶ
2522 4825 2628 4879 τῶν
2668 4828 2992 4897 κατωτέρων
3023 4828 3226 4897 ἐφίεσο,
3256 4830 3332 4884 υύ
3363 4830 3588 4886 δύνασαι
3621 4832 3792 4884 κενῶ-

2222 4925 2311 4960 σαι
2342 4908 2408 4960 τά
2430 4910 2715 4979 χρήματα;
2757 4908 2858 4962 κᾶν
2876 4909 2946 4962 τά
2966 4908 3073 4961 τῶν
3100 4911 3275 4966 ἀλλων
3301 4913 3375 4984 μὴ
3406 4914 3637 4984 ἅρπαζε,
3659 4914 3794 4985 μηδὲ

2220 4990 2415 5044 ἀδίκει.
2450 4991 2525 5043 Οὐ
2554 4991 2782 5044 δύνασαι
2833 4990 3159 5061 νηστεῦσαις
3192 4994 3294 5047 κᾶν
3339 4996 3413 5065 μὴ
3448 4997 3528 5059 είς
3582 4996 3793 5067 τρυφὴν

2224 5073 2447 5125 σεαυτὸν
2481 5072 2779 5144 ἐξαγάγῃς,
2802 5074 2876 5127 Οὐ
2898 5073 3123 5128 δύνασαι
3143 5076 3235 5129 ἐπὶ
3267 5076 3513 5140 στιϐάδος
3536 5078 3795 5132 κατακλι·

2224 5156 2409 5226 θῆναι;
2446 5158 2518 5228 μή
2549 5174 2640 5228 μοι
2687 5158 2873 5221 κλίνας
2910 5160 3335 5230 ἀργυρενδέτους
3393 5161 3791 5228 κατασκεύαζε,

2224 5239 2358 5293 ἀλλά
2381 5240 2618 5311 κέχρησο
2645 5240 2800 5312 κλίνῃ
2829 5243 2923 5294 καὶ
2953 5241 3234 5312 στρώμασι
3269 5244 3344 5314 μὴ
3380 5246 3517 5315 πρὶς
3536 5246 3796 5312 ἐπίδειξιν

2226 5332 2632 5400 πεποιημένοις,
2666 5333 2800 5386 ἀλλά
2834 5333 2970 5403 πρὸς
3003 5333 3324 5398 ἀνάπαυσιν,
3362 5336 3495 5406 μηδὲ
3517 5336 3795 5405 ἐλεφαντί-

2225 5431 2318 5476 νας
2344 5414 2527 5476 κλίνας
2547 5413 2598 5453 Β·
2620 5414 2895 5469 σύστειλον
2926 5416 3138 5470 σαυτόν.
3175 5417 3241 5470 Τί
3262 5419 3472 5488 μυρίων
3498 5420 3796 5489 ἀγωγίμων

2225 5494 2450 5565 πληροῖς
2484 5495 2582 5565 τὴν
2603 5495 2834 5563 ὁλκάδας
2872 5500 2968 5550 Ἂν
2992 5494 3057 5571 ᾗς
3088 5499 3374 5570 εὐσταλὴς,
3409 5500 3557 5554 οὐδὲν
3574 5500 3794 5567 δείσεις,

2223 5577 2283 5627 ού
2310 5577 2523 5644 φθόνον,
2549 5578 2610 5630 ού
2642 5577 2978 5651 λῃστὰς,ούκ
3007 5580 3341 5646 ἐπιϐούλους.
3372 5580 3504 5635 υύδέ
3532 5577 3804 5658 γάθοῦτω

2287 5730 2313 5772 ιι
2341 5731 2488 5796 Marg.
2518 5733 2686 5795 δεινὴ,
2709 5736 3020 5795 ἐλεφαντίναις
3045 5738 3237 5794 κλίναις.
