4042 6212
224 317 290 370 97
1113 312 1178 368 lN
1217 309 1430 367 EPIST.
1472 306 1562 363 AD
1599 304 1844 362 EPllES.
1883 304 2039 363 CAP.
2083 309 2165 363 tv.
2210 311 2436 366 llOMlL.
2478 312 2617 367 xm.
3434 321 3504 377 θα

287 439 345 493 3.
387 435 600 491 Nostrae
622 448 753 506 ergo
775 440 900 487 sunt
924 437 1100 502 partes
1125 443 1194 484 ne
1213 441 1472 483 exuamur
1492 422 1811 479 vestimento

214 529 463 597 iustitizc,
494 524 637 594 quod
670 523 927 594 propheta
953 531 1109 575 vocat
1137 518 1516 574 vestimentum
1559 510 1812 568 salutaris

221 620 396 689 (Psal.
428 618 554 672 151.
584 615 699 687 16),
754 623 811 669 ut
856 614 968 668 Deo
1011 612 1180 666 simus
1233 604 1478 663 similes:
1513 606 1626 677 ipse
1669 602 1812 656 enim

223 708 444 763 indutus
472 718 554 763 est
580 707 860 777 iustitiam.
891 704 1004 759 lloc
1034 701 1355 758 veStimento
1394 697 1696 753 induamur.
1727 693 1816 748 ln-

224 803 313 856 dtti
349 811 531 856 autem
564 799 697 854 nihil
725 798 869 853 aliud
897 795 1184 866 significat,
1217 809 1376 864 quam
1407 805 1695 861 numquam
1724 790 1819 843 de-

226 907 451 962 ponere.
486 892 622 946 Audi
648 892 792 944 enim
822 888 1137 958 prophetam
1168 885 1454 948 dicentem,
1491 881 1670 935 Induit
1707 896 1818 933 ma-

226 987 546 1040 ledictionem
572 984 702 1038 sicut
726 983 1096 1044 uestimentum,
1126 988 1175 1032 et
1201 979 1358 1032 veniet
1398 976 1482 1040 ei;
1525 985 1578 1029 et
1607 989 1813 1038 rursus,

229 1078 334 1144 Qui
371 1076 604 1130 induitur
639 1073 832 1127 lumine
878 1083 1134 1141 tamquam
1161 1068 1452 1123 uestimento
1488 1064 1664 1136 (Paul.
1691 1063 1813 1118 108.

228 1167 315 1222 18.
361 1167 563 1221 “103.
596 1163 675 1236 2).
716 1164 783 1219 Et
821 1177 1011 1218 rursus
1050 1160 1205 1216 nobis
1249 1173 1367 1214 mos
1402 1167 1487 1212 est
1527 1155 1706 1211 dicere
1749 1154 1817 1209 de

230 1258 558 1321 luminibus,
609 1256 706 1310 Hic
750 1255 901 1309 illum
946 1252 1135 1307 induit.
1168 1250 1295 1305 Vult
1340 1250 1519 1318 itaque
1564 1260 1662 1301 nos
1708 1259 1815 1299 non

231 1364 394 1401 unum
432 1361 533 1401 nec
572 1345 731 1410 duos,
763 1358 865 1400 nec
901 1352 1009 1398 tres
1037 1341 1176 1406 dies,
1202 1339 1296 1395 sed
1327 1334 1585 1409 perpetu'o
1609 1350 1732 1392 esse
1761 1335 1814 1388 in

231 1440 445 1505 virtute,
475 1446 531 1492 et
563 1438 703 1493 hanc
724 1445 939 1490 vestem
956 1447 1245 1504 numquam
1272 1445 1493 1488 exuere.
1534 1429 1815 1484 Hominem

229 1532 371 1584 enim
402 1546 511 1584 non
536 1528 673 1584 adeo
701 1527 928 1583 dedecet
967 1540 1087 1581 esse
1132 1523 1335 1579 nudum
1378 1536 1626 1592 corpore,
1658 1529 1817 1589 atque

230 1623 430 1678 nudum
461 1624 655 1678 virtute
680 1640 693 1676 :
726 1622 813 1678 hic
836 1619 1081 1676 conservi
1120 1634 1242 1674 eum
1270 1617 1533 1688 aspiciunt
1564 1616 1818 1670 indecore

228 1730 286 1769 se
310 1725 614 1785 gerentem,
644 1715 754 1769 illic
791 1723 969 1768 autem
1000 1712 1258 1767 Dominus
1295 1720 1350 1766 et
1376 1710 1573 1782 angeli.
1604 1708 1660 1765 Si
1688 1723 1818 1779 ergo

228 1808 431 1863 videris
458 1807 763 1877 quempiam
791 1805 991 1860 nudum
1022 1819 1118 1875 per
1146 1804 1317 1858 forum
1360 1801 1813 1872 progredientem,

225 1902 509 1971 dic,rogo,
555 1915 666 1954 non
708 1914 844 1969 argre
874 1898 1026 1952 fers?
1053 1894 1280 1963 Quando
1326 1904 1502 1948 autem
1549 1902 1603 1947 tu
1643 1892 1817 1946 curris

226 1994 334 2047 hac
381 2002 541 2046 veste
590 1990 831 2054 nudatus,
879 1989 1007 2060 quid
1051 1986 1328 2043 dicemus?
1363 1985 1479 2041 Non
1525 1984 1676 2040 vides
1720 1985 1819 2038 hos

223 2084 696 2153 mendicosfquos
715 2082 948 2136 solemus
968 2095 1161 2135 vocare
1182 2080 1409 2148 Lotagas
1424 2077 1523 2149 (a),
1549 2077 1817 2148 quomodo

222 2175 586 2240 circumeant,
616 2173 885 2244 quomodo
908 2173 1068 2228 etiam
1090 2187 1276 2226 eorum
1306 2170 1694 2225 misereamur?
1713 2168 1816 2224 Sed

226 2278 411 2323 tamen
454 2269 537 2323 eis
582 2284 689 2323 non
737 2268 899 2323 datur
947 2267 1051 2321 ulla
1101 2266 1300 2322 venia:
1333 2280 1506 2336 neque
1552 2266 1694 2320 enim
1739 2265 1819 2319 eis

226 2361 581 2427 ignoscimus,
610 2359 827 2430 quando
855 2360 988 2415 aleis
1030 2359 1277 2414 ludentes
1312 2373 1436 2413 suas
1464 2357 1694 2427 perdunt
1730 2372 1820 2410 vc-

226 2461 362 2507 stes.
405 2451 687 2519 Quomodo
732 2467 862 2522 ergo
907 2452 1063 2506 nobis
1103 2450 1343 2520 ignoscet
1383 2449 1541 2515 Deus,
1595 2448 1687 2518 qui
1720 2449 1819 2502 hoc

226 2545 611 2599 vestimentum
642 2542 1076 2613 perdiderimus?
1119 2540 1346 2608 Quando
1394 2541 1536 2595 enim
1576 2539 1819 2594 diabolus

224 2636 538 2704 quempiam
565 2635 762 2691 viderit
790 2634 992 2689 nudum
1021 2635 1236 2698 virtute,
1274 2632 1454 2687 statim
1480 2630 1666 2687 faciem
1695 2630 1815 2685 fuli-

223 2726 353 2793 gine
380 2726 543 2779 illinit
569 2726 909 2795 maculatquc
928 2735 984 2780 et
1008 2724 1279 2789 obscurat,
1312 2722 1638 2792 sauciatque,
1672 2731 1723 2778 et
1752 2721 1818 2775 ad

227 2832 419 2885 magna
461 2817 625 2886 cogit.
672 2816 854 2872 Simus
898 2814 1025 2870 nudi
1071 2814 1333 2885 pecuniis,
1382 2828 1450 2869 ne
1488 2814 1752 2868 nudemur
1789 2828 1819 2866 a

224 2910 431 2977 iustitia
466 2910 850 2979 :pecuuiaruin
899 2908 1125 2962 amictus
1174 2910 1313 2961 hanc
1351 2906 1525 2976 perdit
1567 2918 1767 2960 veSIem
1804 2923 1818 2960 :

226 3009 310 3054 cst
336 3001 575 3053 amictus
600 3000 894 3069 spinarum.
924 2998 1083 3054 Tales
1110 3006 1234 3052 sunt
1261 2998 1452 3067 spinae,
1485 3006 1539 3050 et
1566 3012 1670 3066 quo
1700 2996 1819 3064 plu-

226 3105 315 3144 res
341 3091 700 3159 induerimus,
741 3106 808 3146 eo
837 3092 1007 3161 magis
1032 3090 1312 3145 nudamur.
1346 3088 1673 3157 lmpudicitia
1718 3104 1819 3141 iiii-

225 3182 318 3234 dat
349 3181 454 3235 hac
484 3192 667 3247 veste;
695 3191 778 3236 est
804 3183 949 3236 e'nim
978 3182 1113 3252 ignis
1141 3198 1153 3235 :
1186 3181 1323 3252 ignis
1347 3191 1524 3235 autem
1555 3181 1823 3234 consumit

230 3278 372 3328 hanc
394 3283 623 3329 vestem.
659 3274 861 3329 Divitiae
890 3285 1015 3328 sunt
1039 3275 1181 3328 tinea
1212 3292 1225 3328 :
1258 3275 1393 3328 sicut
1421 3274 1559 3328 tinea
1585 3273 1823 3328 corrodit

227 3369 415 3419 omnia
441 3381 543 3421 nec
564 3368 751 3421 sericis
780 3368 975 3436 parcit;
1020 3367 1088 3420 ita
1120 3365 1234 3420 hinc
1260 3380 1490 3436 quoque.
1526 3365 1650 3418 llaec
1679 3378 1807 3433 ergo

227 3460 415 3511 munia
434 3458 794 3526 deponamus,
816 3468 873 3512 ut
893 3458 1226 3526 simusiusti,
1248 3466 1306 3511 ut
1332 3471 1524 3511 novum
1550 3456 1818 3511 hominem

228 3549 544 3603 induantur.
602 3548 744 3602 Nihil
798 3557 972 3615 vetus,
1025 3549 1155 3604 nihil
1198 3548 1338 3618 quod
1388 3557 1631 3620 apparet,
1689 3549 1820 3602 nihil

227 3643 373 3711 quod
395 3643 762 3712 corrumpitur
786 3652 839 3697 et
870 3644 1067 3707 interit,
1098 3643 1487 3713 possideamus.
1514 3640 1694 3697 Virtus
1716 3658 1819 3696 non

228 3744 314 3787 cst
338 3734 637 3799 laboriosa,
686 3751 791 3789 non
838 3745 922 3789 est
954 3734 1168 3790 difficile
1209 3745 1267 3789 ut
1304 3751 1370 3789 ex
1411 3750 1474 3789 ea
1519 3745 1679 3790 recta:
1716 3736 1823 3789 sint

228 3826 497 3879 actiones.

307 3917 389 3969 De
432 3916 702 3971 Manachis
743 3926 788 3970 et
829 3917 892 3971 de
946 3917 1229 3989 Virginibus
1289 3915 1489 3973 Christo
1525 3917 1724 3971 dicatis.
1751 3946 1822 3956 —

230 4007 350 4062 Non
383 4008 539 4062 vides
577 4023 673 4063 eos
701 4008 790 4078 qui
818 4017 943 4064 sunt
985 4010 1036 4062 iu
1084 4009 1391 4064 montibus?
1438 4007 1511 4061 illi
1554 4019 1606 4061 et
1633 4006 1823 4061 domos

232 4099 519 4153 dimittunt
546 4108 837 4169 et‘uxores
866 4109 922 4155 et
962 4099 1160 4155 liberos
1189 4109 1244 4154 et
1288 4115 1502 4155 omnem
1536 4099 1820 4169 prmfccm-

234 4207 349 4245 ram
373 4201 429 4246 et
456 4190 999 4257 administrationem,
1033 4202 1088 4248 et
1119 4202 1268 4247 extra
1295 4194 1549 4247 mundum
1584 4194 1678 4263 ipsi
1707 4208 1735 4245 a
1763 4208 1823 4247 se

233 4285 417 4352 positi,
450 4299 613 4339 sacco
644 4284 835 4352 induti,
861 4285 1131 4341 substran
1157 4287 1359 4351 cinere,
1387 4287 1527 4341 collo
1545 4286 1821 4355 suspensis

231 4376 442 4445 asperis
486 4376 799 4441 collaribus,
847 4393 967 4432 cum
1019 4380 1071 4433 in
1121 4395 1311 4450 parvas
1358 4395 1415 4435 se
1458 4380 1822 4436 concluserint

233 4465 613 4535 domunculas,
642 4483 709 4523 ne
729 4469 795 4523 ad
819 4468 932 4525 haec
957 4471 1171 4540 quidem
1197 4487 1365 4541 usque
1385 4471 1703 4538 consistunt,
1725 4471 1819 4526 sed

234 4566 292 4610 et
312 4558 541 4627 ieiuniis
563 4569 617 4613 et
644 4558 783 4614 fame
813 4571 1067 4631 perpetua
1095 4578 1155 4617 se
1180 4561 1441 4634 afﬂigunt.
1468 4563 1625 4633 Atqui
1648 4563 1693 4617 si
1721 4577 1821 4634 ego

230 4653 444 4720 quidem
491 4653 610 4708 haec
639 4653 911 4723 iuberem,
958 4670 1062 4710 non
1108 4671 1295 4710 omnes
1352 4656 1669 4711 resiliretis?
1714 4672 1818 4711 non

229 4741 486 4797 diceretis
530 4759 646 4797 rem
688 4758 809 4800 esse
844 4760 1060 4814 gravem
1098 4754 1151 4800 et
1189 4744 1503 4801 difficilem?
1548 4744 1687 4800 Nihil
1716 4747 1820 4801 tale

230 4836 353 4889 dico
384 4853 480 4890 vos
502 4847 758 4903 nportere
786 4837 962 4894 facere
991 4856 1005 4891 :
1035 4854 1158 4893 nam
1179 4838 1297 4894 velo
1319 4838 1555 4909 quidem,
1586 4838 1679 4894 sed
1713 4853 1817 4894 non

229 4927 349 4983 fere
369 4930 566 5000 legem.
600 4929 737 4997 Quid
779 4933 954 5002 ergo?
985 4930 1398 4992 Uterebalneis,
1441 4941 1494 4985 et
1539 4945 1664 4985 cura
1693 4945 1816 4986 eor-

229 5031 357 5087 pus,
386 5029 443 5073 et
468 5019 602 5075 vade
630 5020 697 5075 ad
726 5019 928 5087 forum,
960 5032 1013 5077 et
1051 5021 1187 5077 habe
1213 5021 1453 5085 domum,
1481 5029 1536 5076 et
1564 5021 1659 5075 tibi
1696 5036 1815 5077 ser-

227 5110 383 5165 viant
405 5112 658 5179 ministri,
687 5122 741 5168 et
761 5115 884 5169 cibo
905 5125 1137 5186 potuque
1159 5123 1309 5170 utere
1334 5131 1348 5168 :
1380 5114 1586 5185 expelle
1607 5130 1820 5185 semper

224 5204 516 5257 avaritiam
557 5214 612 5260 et
652 5205 1024 5275 cupiditatem.
1078 5207 1171 5263 llla
1220 5207 1363 5264 enim
1409 5218 1493 5263 est
1531 5224 1651 5279 qua:
1693 5208 1820 5264 facit

225 5303 544 5363 peccatum,
562 5307 613 5351 et
636 5298 826 5353 eadem
850 5314 959 5367 res,
988 5299 1108 5369 plus
1125 5316 1282 5371 quam
1306 5314 1402 5370 par
1426 5300 1494 5355 sit
1518 5300 1816 5368 abundans,

224 5383 375 5440 facta
402 5393 487 5441 est
510 5399 806 5457 peccatum.
834 5388 951 5445 Non
967 5399 1051 5447 est
1078 5388 1257 5462 itaque
1285 5408 1438 5447 amor
1462 5393 1612 5463 plura
1641 5393 1820 5463 possi-

287 5522 371 5604 ἔς)
390 5525 477 5604 ἒξ
492 5528 822 5604 meum
842 5532 1248 5604 νεψίεειιτειςίιιιτ
1270 5537 1472 5604 muses
1486 5527 1599 5604 illos
1617 5525 1821 5604 ςξτφὶεθ·

224 5598 371 5638 ιιι-α
390 5589 563 5660 fuige,
583 5589 954 5660 Quispectaculi
971 5589 1180 5660 etstt'pis
1201 5589 1437 5660 cogenti}?
1452 5602 1594 5660 musa
1617 5591 1819 5660 circum-

225 5662 433 5769 gignique
454 5651 812 5728 diswrrehaot.
836 5652 928 5704 Alii
947 5651 1177 5729 tibicines
1197 5651 1350 5728 fuisse
1372 5651 1540 5702 dicunt
1575 5664 1603 5701 a
1622 5663 1734 5724 λιττδς
1759 5651 1819 5699 ti-

372 5725 519 5769 quatn
543 5725 691 5765 euam
713 5730 804 5769 per
824 5742 847 5768 ο
868 5729 1113 5769 scripsere
1135 5717 1329 5769 quidam
1365 5727 1471 5769 λοτόί
1496 5726 1509 5763 :
1536 5725 1644 5769 (tum
1668 5718 1819 5763 Inter-

372 5725 519 5780 φησι
543 5718 691 5765 etiam
713 5730 804 5779 per
824 5742 847 5768 ο
868 5717 1113 5780 scripsere
1135 5717 1329 5778 quidam
1354 5727 1471 5780 λαός
1496 5726 1509 5763 :
1536 5725 1644 5776 quae
1668 5715 1820 5763 inter-

229 5776 449 5837 ιπεξδιίο
469 5789 565 5827 non
588 5776 775 5840 pugnat
796 5792 905 5831 cum
931 5776 1020 5831 ista
1044 5776 1384 5842 Chrysostomi.
1678 5792 1688 5801 -

1919 419 2076 476 dendi
2122 424 2263 478 aliud
2310 441 2469 495 quam
2515 437 2810 496 peceatum.
2861 426 2993 484 Vide
3042 438 3219 485 autem
3246 449 3258 485 :
3290 432 3501 491 animus

1920 526 2039 566 cum
2064 514 2181 583 plus
2206 531 2367 586 quam
2396 532 2490 586 par
2509 517 2579 571 sit
2598 517 2761 573 fuerit
2788 519 3058 587 incitatus,
3086 531 3212 577 tunc
3239 526 3501 582 exsiliens

1922 605 2217 661 maledictis
2260 609 2495 678 impetit,
2542 618 2667 664 tunc
2708 610 2901 680 injuste
2933 611 3059 668 facit
3100 616 3277 670 omnia
3307 636 3320 672 :
3350 633 3503 674 amor

1924 694 2104 751 itidem
2155 713 2481 768 corporum,
2544 701 2826 771 pecuniae,
2877 702 3098 773 gloriae,
3165 716 3219 761 et
3272 709 3500 764 aliorum

1924 789 2182 844 omnium.
2211 790 2321 847 Nec
2347 792 2473 845 mihi
2501 792 2700 848 dixeris
2735 792 2854 847 illos
2879 796 3116 864 potuisse
3140 815 3152 851 :
3181 799 3330 853 multi
3358 802 3499 855 enim

1926 888 1976 935 te
2008 881 2173 936 multo
2199 883 2578 939 imbecilliores
2602 894 2656 940 et
2687 884 2907 941 ditiores
2933 894 2989 941 et
3012 887 3351 946 delicatiores
3379 908 3499 948 sus-

1923 984 2179 1041 ceperunt
2223 976 2367 1031 illam
2408 977 2595 1031 duram
2637 986 2691 1032 et
2731 993 2978 1049 asperam
3025 981 3206 1037 vitam.
3258 984 3325 1040 Et
3371 986 3500 1056 quid

1924 1063 2045 1120 dico
2071 1065 2258 1121 viros?
2287 1067 2476 1137 puellae
2516 1069 2753 1124 nondum
2782 1070 2965 1140 viginti
2991 1087 3163 1128 annos
3190 1084 3349 1140 natm,
3378 1093 3499 1148 qua:

1925 1154 1977 1208 in
2007 1154 2255 1210 thalamis
2280 1166 2335 1213 et
2366 1158 2417 1213 in
2444 1159 2550 1213 vita
2576 1160 2845 1215 umbratili
2875 1170 3042 1216 totum
3075 1171 3286 1234 tempus
3318 1174 3498 1222 trans-

1923 1257 2158 1315 egerant,
2211 1257 2266 1302 et
2290 1248 2536 1317 iacebant
2583 1250 2633 1303 in
2681 1249 2928 1306 thalamis
2971 1251 3183 1309 refertis
3220 1260 3502 1327 unguentis

1923 1346 1978 1390 et
2002 1335 2271 1392 suffitibus
2296 1347 2348 1394 et
2377 1339 2427 1393 in
2457 1330 2602 1394 m'olli
2622 1339 2806 1405 cubili,
2838 1341 2967 1411 ipsa:
2990 1353 3043 1397 et
3074 1353 3260 1400 natura
3292 1348 3501 1411 molles,

1923 1437 1977 1482 et
2007 1428 2166 1482 multa
2198 1430 2477 1485 curatione
2506 1430 2709 1487 effecta:
2740 1431 3034 1498 molliores,
3061 1434 3254 1504 quibus
3282 1445 3392 1492 toto
3414 1439 3501 1496 diu

1923 1522 2125 1577 nullum
2152 1523 2296 1579 aliud
2325 1534 2440 1580 erat
2468 1540 2604 1595 opus
2632 1541 2789 1596 quam
2834 1538 2892 1582 ut
2918 1539 3260 1598 ornarentur,
3307 1541 3364 1591 et
3404 1550 3500 1590 au-

1924 1630 2042 1669 rum
2088 1626 2379 1686 gestarent,
2418 1627 2469 1671 et
2511 1618 2760 1674 omnibus
2789 1621 3096 1677 fruerentur
3119 1624 3355 1693 deliciis;
3384 1643 3505 1698 qua:

1924 1721 2030 1761 non
2062 1708 2191 1777 ipsa:
2217 1709 2318 1763 sibi
2348 1709 2745 1776 ministrabant,
2775 1712 2868 1766 sed
2898 1716 3094 1769 multas
3119 1715 3387 1773 habebant
3406 1736 3503 1774 an-

1924 1797 2074 1852 cillas
2100 1814 2220 1868 qua:
2241 1800 2584 1866 assistebant,
2611 1810 2665 1855 et
2687 1802 2874 1857 molles
2896 1802 3165 1860 habebant
3191 1816 3366 1864 vestes
3387 1811 3504 1880 ipso

1922 1903 2150 1958 oorpore
2175 1891 2470 1957 molliores,
2496 1902 2681 1961 utpote
2701 1891 2871 1947 lineas
2890 1894 3114 1949 subtiles
3144 1905 3198 1951 et
3221 1897 3501 1962 delicatas,

1922 1989 1977 2033 et
2014 1979 2229 2035 assidue
2271 1982 2498 2052 agebant
2542 1983 2595 2037 in
2634 1983 2773 2038 rosis
2824 1994 2878 2038 et
2910 1985 3214 2055 huiusmodi
3249 1992 3502 2047 suavibus

1927 2070 2183 2126 odoribus
2208 2089 2221 2126 :
2257 2072 2370 2142 ipse
2398 2088 2528 2128 vero
2549 2083 2769 2143 repente
2795 2090 2824 2128 a
2851 2074 3046 2131 Christi
3072 2079 3192 2147 igne
3216 2091 3502 2153 correptae.

1922 2178 2042 2217 cum
2087 2178 2302 2218 omnem
2346 2164 2491 2219 illam
2540 2165 2819 2221 exuissent
2866 2166 3146 2223 mollitiem
3192 2179 3246 2225 et
3285 2171 3502 2235 fastum,

1924 2251 2257 2308 educationis
2300 2263 2355 2310 et
2394 2255 2567 2310 tetatis
2606 2256 2808 2322 oblitae,
2842 2267 3109 2327 tamquam
3151 2261 3355 2317 strenui
3382 2265 3500 2333 qui-

1924 2346 2045 2401 dam
2073 2346 2309 2413 athletae,
2334 2348 2584 2403 mollibus
2613 2349 2717 2403 illis
2737 2359 2929 2413 exutzc,
2963 2351 3013 2403 in
3047 2351 3218 2406 media
3250 2353 3505 2425 ingressae

1925 2447 2048 2492 sunt
2076 2439 2390 2493 certamina.
2425 2439 2492 2493 Et
2518 2438 2739 2494 videbor
2763 2441 2979 2509 quidem
3004 2437 3183 2498 dieere
3212 2444 3469 2501 incredibi
3488 2479 3502 2489 -

1927 2528 2016 2591 lia,
2040 2529 2134 2583 sed
2170 2538 2343 2584 tamen
2367 2545 2513 2585 vera.
2544 2530 2650 2584 Has
2677 2530 2890 2600 quidem
2921 2532 3057 2587 adeo
3087 2535 3278 2590 molles
3306 2538 3509 2606 puellas

1924 2619 2100 2672 audivi
2128 2634 2186 2675 se
2212 2621 2277 2674 ad
2308 2631 2507 2674 tantam
2536 2622 2807 2691 redegisse
2831 2623 2957 2677 vitae
2985 2622 3236 2681 duritiem
3262 2635 3317 2682 et
3343 2642 3504 2698 aspe—

1928 2710 2158 2778 ritatem,
2188 2721 2246 2765 ut
2293 2712 2605 2781 asperrimis
2633 2713 2821 2766 ciliciis
2850 2713 2989 2767 nuda
3030 2730 3126 2769 sua
3157 2731 3379 2787 corpora
3423 2721 3499 2773 in-

1925 2800 2173 2867 duerent,
2213 2813 2267 2856 et
2297 2803 2488 2857 molles
2538 2803 2609 2856 illi
2651 2802 2886 2857 calcanei
2915 2803 3075 2857 nullis
3101 2805 3297 2875 alligati
3327 2820 3508 2864 essent

1927 2894 2138 2958 calceis,
2187 2904 2240 2948 et
2279 2895 2331 2949 iu
2382 2894 2511 2951 toris
2557 2894 2819 2949 cubarent
2861 2896 3151 2965 gramineis
3185 2916 3199 2951 :
3231 2898 3338 2957 imo
3378 2917 3509 2956 vero

1928 2986 2182 3055 majorem
2210 2986 2383 3041 noctis
2405 2995 2607 3056 partem
2626 2986 2927 3057 vigilarent,
2948 2997 3001 3042 et
3030 3003 3127 3042 nec
3149 2999 3501 3059 unguentum,

1927 3094 2026 3135 nec
2050 3081 2338 3150 quidquam
2360 3094 2424 3134 ex
2452 3079 2558 3133 illis
2584 3080 2822 3149 pristinis
2845 3092 3115 3144 curarent,
3149 3083 3243 3136 sed
3264 3092 3318 3138 et
3344 3096 3503 3154 caput

1927 3170 2069 3240 quod
2102 3172 2248 3241 prius
2286 3171 2356 3225 ita
2383 3170 2671 3225 curabatur
2691 3179 2746 3225 et
2774 3172 3085 3239 ornabatur,
3125 3175 3503 3244 negligeretur,

1930 3269 2130 3315 temere
2155 3269 2211 3315 et
2238 3260 2704 3314 indiscriminatim
2736 3261 2805 3315 ita
2837 3263 3027 3317 vinctis
3054 3264 3262 3333 capillis
3290 3275 3346 3319 ut
3375 3266 3506 3321 nihil

1930 3350 2187 3406 incideret
2216 3351 2550 3406 indecorum.
2577 3353 2753 3407 Mensa
2783 3356 2959 3407 autem
3000 3363 3084 3409 est
3107 3355 3187 3412 eis
3213 3359 3386 3413 solum
3413 3375 3509 3416 ve-

1928 3445 2185 3513 spertina,
2232 3457 2439 3508 mensa,
2470 3458 2590 3513 qua:
2628 3458 2803 3514 neque
2845 3445 2965 3499 olus
3004 3456 3088 3501 est
3128 3463 3299 3518 neque
3329 3451 3501 3519 panis,

1928 3536 2019 3590 sed
2042 3535 2214 3590 simila
2235 3544 2286 3589 et
2318 3534 2433 3590 faba
2456 3547 2506 3590 et
2530 3536 2672 3591 cicer
2693 3545 2746 3590 et
2769 3536 2901 3591 olea:
2919 3548 2973 3592 et
2997 3536 3146 3593 ficus.
3177 3540 3501 3611 Perpetuam

1926 3640 2138 3698 quoque
2163 3634 2247 3681 est
2270 3625 2349 3680 eis
2376 3624 2662 3680 lanificium
2694 3643 2706 3679 :
2730 3636 2785 3681 et
2811 3636 2934 3681 sunt
2962 3642 3145 3683 earum
3167 3645 3325 3700 opera
3348 3633 3505 3704 longe

1927 3718 2169 3788 graviora
2190 3732 2349 3788 quam
2370 3716 2682 3771 ancillarum
2703 3716 3136 3773 domesticarum.
3156 3720 3292 3789 Quid
3316 3724 3459 3777 enim
3482 3726 3506 3777 ?

1928 3820 2278 3882 susceperunt
2293 3810 2435 3866 enim
2457 3824 2550 3865 eas
2573 3810 2834 3866 curandas
2855 3827 2972 3881 quin
2995 3812 3237 3868 laborant
3257 3829 3505 3887 corpore,
3556 3798 3563 3817 ’

1930 3904 2095 3958 lectos
2139 3910 2429 3973 portantes,
2464 3901 2628 3971 pedes
2656 3901 2894 3956 lavantes
2925 3919 2937 3954 :
2972 3904 3151 3957 multa:
3181 3920 3393 3975 quoque
3436 3923 3504 3961 ex

1931 3994 2010 4049 eis
2035 4009 2329 4066 coquorum
2358 3995 2650 4066 funguntur
2673 3993 2872 4050 officio.
2898 3995 3131 4051 Tantum
3165 4008 3339 4067 potest
3371 4002 3509 4070 ignis

1928 4070 2129 4141 Christi
2165 4104 2177 4140 :
2208 4088 2278 4141 ita
2305 4095 2548 4141 naturam
2578 4094 2795 4157 superat
2819 4086 2980 4140 animi
3008 4088 3274 4143 alacritas.
3308 4089 3502 4145 Verum

1929 4177 2070 4232 enim
2100 4193 2231 4233 vero
2271 4178 2400 4232 nihil
2450 4177 2554 4232 tale
2596 4193 2625 4231 a
2659 4178 2808 4232 vobis
2858 4179 3034 4249 exigo,
3076 4180 3502 4249 quandoquidem

1930 4272 2089 4327 vultis
2113 4271 2352 4340 superari
2379 4286 2407 4323 a
2440 4269 2770 4324 mulieribus.

2001 4364 2050 4417 4.
2095 4362 2221 4416 Haec
2248 4361 2438 4416 saltem
2471 4360 2647 4424 facite,
2677 4375 2795 4430 quae
2835 4375 2940 4414 non
2973 4368 3097 4414 sunt
3120 4360 3300 4431 gravia
3334 4370 3388 4416 et
3412 4362 3508 4416 dif-

1930 4454 2091 4510 ficilia
2125 4471 2138 4508 :
2170 4468 2385 4507 manum
2419 4453 2691 4508 continete
2718 4462 2772 4507 et
2803 4452 3103 4522 impudicos
3131 4454 3333 4507 oculos.
3366 4454 3501 4522 Quid

1928 4548 2052 4613 hoc,
2083 4547 2168 4602 dic
2198 4546 2347 4610 mihi,
2375 4556 2457 4602 est
2483 4561 2663 4615 grave,
2693 4545 2818 4616 quid
2848 4536 3111 4600 difficile?
3133 4544 3283 4600 Justa
3321 4548 3500 4610 facile,

1928 4640 2128 4697 nemini
2157 4640 2403 4709 iniuriam
2436 4638 2645 4704 inferte,
2676 4652 2848 4707 neque
2878 4651 3100 4707 pauper,
3131 4652 3304 4706 neque
3329 4639 3497 4701 dives,

1928 4749 2104 4804 neque
2131 4733 2220 4804 qui
2249 4734 2301 4788 in
2332 4731 2450 4787 foro
2476 4731 2726 4794 versaris,
2760 4745 2858 4784 nec
2891 4729 2981 4799 qui
3009 4744 3067 4785 es
3094 4733 3459 4787 mercenarius
3487 4753 3499 4789 :

1928 4837 2102 4898 potest
2128 4828 2271 4883 enim
2312 4827 2473 4881 etiam
2503 4824 2568 4879 ad
2599 4837 2857 4893 pauperes
2893 4836 3061 4892 usque
3087 4826 3378 4892 pervadere
3420 4826 3502 4879 in-

1922 4920 2150 4991 iustitia.
2194 4917 2307 4972 Non
2337 4916 2529 4971 videtis
2556 4929 2715 4985 quam
2746 4914 2940 4967 multas
2972 4914 3056 4968 isti
3105 4915 3249 4969 cient
3279 4928 3502 4985 pugnas,

1927 5020 1982 5066 et
2021 5017 2269 5065 evertunt
2314 5007 2532 5061 omnia?
2559 5005 2723 5061 Utere
2772 5005 3132 5071 matrimonio,
3180 5006 3314 5060 habe
3343 5006 3504 5058 filios.

1928 5104 2102 5158 Etiam
2131 5101 2326 5156 Paulus
2357 5099 2437 5153 eis
2480 5095 2843 5166 prtecipiebat,
2892 5104 2947 5150 et
2977 5096 3041 5150 ad
3081 5110 3176 5150 eos
3216 5096 3499 5150 scribebat.

1925 5193 2168 5264 Magnum
2199 5188 2429 5246 estillud
2454 5197 2746 5251 certamen,
2776 5194 2829 5241 et
2856 5186 2995 5241 altus
3024 5184 3294 5253 scopulus,
3322 5194 3377 5239 et
3408 5199 3501 5239 ca-

1925 5303 2116 5344 cumen
2140 5295 2223 5341 est
2249 5284 2381 5340 caelo
2407 5283 2796 5352 prOpinquum;
2828 5293 3001 5348 neque
3024 5285 3177 5347 potes
3198 5275 3261 5329 ad
3282 5274 3331 5329 id
3358 5278 3500 5345 quod

1926 5393 2176 5450 magnum
2204 5385 2288 5432 est
2319 5371 2635 5445 pervenire?
2662 5370 2864 5424 Minora
2894 5381 3024 5436 ergo
3054 5365 3240 5419 saltem
3270 5373 3498 5441 sectare,

1926 5486 1981 5532 et
2004 5473 2247 5531 desidera
2279 5485 2397 5539 qua:
2442 5474 2566 5521 sunt
2600 5462 2875 5518 inferiora.
2910 5457 3024 5512 Non
3055 5465 3206 5526 potes
3249 5457 3502 5525 pecunias

1929 5564 2253 5624 effundere?
2285 5560 2488 5616 Saltem
2519 5570 2582 5611 ea
2608 5568 2727 5625 qua:
2749 5559 2873 5604 sunt
2895 5549 3123 5603 aliorum
3151 5547 3257 5601 noli
3287 5562 3500 5618 rapere,

1929 5674 2029 5716 nec
2071 5656 2153 5711 fac
2197 5651 2465 5723 iniuriam.
2511 5646 2629 5702 Non
2675 5651 2827 5714 potes
2868 5639 3150 5712 ieiunare?
3189 5638 3392 5694 Saltem
3439 5652 3506 5692 ne

1932 5747 2291 5827 progrediaris
2321 5744 2387 5801 ad
2427 5739 2667 5801 delicias.
2695 5735 2810 5793 Non
2834 5743 2985 5808 potes
3012 5734 3064 5789 in
3093 5742 3211 5790 toro
3240 5729 3504 5788 herbaceo
