4042 6212
537 295 606 350 99
1161 286 1217 341 S.
1256 283 1530 341 JOANNIS
1566 282 2039 339 CIIRYSOSTOMI
2080 282 2392 339 ARCIHEP.
2434 283 2962 342 CONSTANTINOP.

525 405 754 462 cubare?
797 403 875 458 Ne
914 401 1040 456 mihi
1072 414 1350 469 compares
1381 397 1552 452 lectos
1596 404 1818 466 argento
1857 406 2096 460 ornatos,

524 499 617 554 sed
649 500 786 552 lecto
815 507 964 551 utere
995 503 1049 550 et
1072 493 1339 563 stragulis,
1369 506 1473 545 non
1508 489 1659 544 factis
1687 489 1753 543 ad
1782 488 2098 542 osmntatio-

525 606 669 655 nem,
709 589 802 644 sed
842 589 907 642 ad
956 587 1215 656 requiem,
1264 597 1435 652 neque
1475 581 1642 635 lectos
1680 580 1990 634 eburneos:
2023 588 2100 633 leo

524 683 695 750 ipsum
721 677 996 733 contrahe.
1018 674 1152 743 Quid
1188 670 1660 726 innumerabilibus
1681 686 1797 738 quzc
1821 668 2096 738 importari

524 778 745 840 possunt
772 783 962 823 navem
1004 765 1194 834 imples
1223 761 1559 816 onerariam?
1595 760 1650 815 Si
1679 760 1754 814 sis
1791 759 2096 813 moderatus

519 874 570 916 et
610 860 958 929 compositus,
1006 857 1134 911 nihil
1163 855 1395 919 timebis,
1431 869 1534 906 non
1564 851 1841 918 invidiam,
1882 863 1986 904 non
2015 851 2094 903 Ia-

518 965 725 1014 trones.
765 967 870 1006 non
922 949 1279 1003 insidiatores.
1332 946 1447 1000 Non
1495 947 1637 998 enim
1683 960 1744 998 es
1791 953 1897 998 tam
1945 943 2097 997 dives

520 1045 778 1115 pecuniis,
818 1058 975 1112 quam
1007 1043 1148 1096 curis
1183 1058 1193 1093 :
1227 1056 1330 1092 non
1363 1041 1430 1092 ita
1475 1036 1715 1090 abundas
1744 1034 2096 1106 possessioni-

518 1137 618 1192 bus
659 1146 718 1190 ut
760 1134 1045 1205 angoribus
1085 1143 1139 1186 et
1171 1130 1438 1200 periculis.
1490 1129 1587 1195 Qui
1622 1129 1862 1180 ditescere
1899 1127 2092 1190 volunt,

516 1229 704 1299 inquit.
738 1227 1032 1281 tentationes
1079 1233 1122 1276 et
1152 1221 1582 1291 concupiscendus
1605 1221 1786 1272 noxias
1812 1218 1906 1271 sibi
1936 1218 2092 1270 indu-

515 1328 633 1374 cunt
665 1320 742 1388 (1.
771 1318 907 1372 Tim.
933 1316 984 1371 6.
1021 1316 1102 1385 9).
1135 1313 1261 1369 ila-c
1301 1308 1564 1367 sustinent
1591 1312 1677 1380 qui
1711 1311 1874 1364 multa
1907 1310 2094 1363 volunt

515 1411 809 1481 possidere.
852 1409 966 1463 Non
1012 1408 1152 1472 dico,
1198 1407 1433 1460 Ministra
1465 1404 1759 1468 laboranti;
1805 1412 1858 1457 at
1902 1404 2091 1458 saltem

512 1506 642 1573 jube
672 1519 838 1572 puero
881 1512 940 1556 ιιι
976 1504 1076 1556 hoc
1104 1502 1277 1555 faciat.
1313 1500 1474 1554 Vides
1499 1514 1656 1567 quam
1696 1514 1802 1552 non
1831 1496 1902 1553 sit
1929 1511 2094 1567 grave

511 1605 565 1650 et
585 1596 866 1649 molestum
886 1595 908 1647 ?
930 1593 1198 1664 quomodo
1224 1592 1363 1644 enim
1390 1599 1554 1655 esset,
1573 1605 1693 1644 cum
1722 1599 1918 1644 tenerae
1943 1589 2090 1658 puel-

513 1689 576 1740 lze
603 1688 761 1754 longo
804 1685 977 1754 spatio
1019 1701 1117 1738 nos
1147 1683 1511 1751 exsuperent?
1540 1682 1647 1736 Nos
1676 1682 1894 1753 pudeat,
1934 1695 2087 1748 rogo,

509 1779 650 1848 quod
678 1779 730 1831 in
768 1778 832 1830 iis
860 1791 979 1844 qua:
1008 1775 1073 1828 ad
1115 1774 1368 1827 mundum
1408 1774 1676 1842 pertinent
1719 1787 1979 1841 nusquam
2010 1773 2088 1824 eis

507 1868 767 1930 cedimus,
806 1881 910 1919 non
940 1867 992 1919 in
1023 1865 1202 1930 bellis,
1235 1880 1338 1918 non
1373 1863 1424 1916 in
1454 1862 1867 1926 certaminibus;
1902 1863 1953 1915 iu
1976 1860 2088 1928 spi-

509 1959 790 2013 ritualibus
815 1965 993 2010 autem
1013 1955 1397 2010 certaminibus
1425 1953 1544 2022 plus
1571 1968 1729 2025 quam
1759 1967 1856 2006 nos
1882 1951 2084 2018 ferunt,

507 2059 562 2102 et
598 2047 1052 2116 majora/rapiunt
1078 2046 1317 2115 prmmia,
1345 2054 1398 2098 et
1426 2044 1606 2098 volant
1631 2043 1788 2096 altius
1815 2051 2085 2110 tamquam

504 2139 745 2208 quzcdam
774 2139 962 2208 aquilae
987 2157 1001 2192 :
1031 2151 1129 2191 nos
1158 2146 1333 2190 autem
1359 2145 1623 2205 tamquam
1648 2135 1845 2205 graculi
1882 2133 2088 2188 inferne

502 2231 643 2283 circa
677 2229 916 2282 nidorem
941 2237 994 2282 et
1023 2228 1220 2281 fumum
1250 2242 1461 2296 semper
1490 2241 1784 2280 versamur.
1816 2226 1908 2279 Est
1941 2224 2083 2278 enim

503 2334 563 2373 re
590 2334 711 2373 vera
734 2318 1074 2387 graculorum
1119 2325 1172 2371 et
1199 2317 1530 2386 liguritorum
1566 2331 1756 2370 canum
1783 2315 1852 2369 de
1879 2329 2079 2369 mensae

492 2407 1388 2476 structoribusetcoquiscogitare.
1420 2407 1553 2460 Audi
1584 2406 1786 2474 priscas
1816 2404 2078 2458 feminas:

503 2517 708 2571 magnae
733 2502 896 2564 enim,
930 2516 1132 2568 magum
1161 2509 1213 2553 et
1238 2499 1579 2553 admirabiles
1607 2498 1822 2553 fuerunt
1845 2498 2078 2561 feminae,

502 2604 559 2647 ut
599 2593 750 2656 Sara,
787 2593 1045 2656 ltebecca,
1079 2590 1296 2654 Rachel,
1328 2591 1555 2655 Debora,
1587 2594 1737 2644 Anna
1770 2608 1785 2645 :
1814 2592 2083 2659 etiamque

503 2697 741 2754 tempore
771 2683 964 2739 Christi
990 2682 1126 2736 tales
1146 2691 1336 2745 erant;
1369 2681 1463 2735 sed
1493 2682 1635 2735 viros
1666 2697 1926 2750 nusquam
1955 2690 2079 2735 sunt

501 2785 884 2847 praetervectae.
929 2775 1022 2830 sed
1052 2775 1226 2829 locum
1266 2774 1520 2828 tenebant
1561 2774 1856 2828 secundmn
1888 2790 1902 2825 :
1939 2787 2079 2827 nunc

499 2879 676 2924 autem
723 2879 909 2922 contra
956 2868 1168 2922 feminae
1211 2881 1309 2920 nos
1352 2875 1678 2934 prmtereunt
1721 2875 1776 2921 et
1819 2867 2081 2921 obscuros

503 2962 752 3016 reddunt.
795 2962 962 3027 Quam
1008 2968 1092 3013 est
1133 2958 1236 3012 hoc
1271 2957 1552 3012 ridiculum
1589 2967 1644 3010 et
1681 2973 1838 3027 quam
1871 2956 2078 3026 puden-

497 3054 656 3106 dum!
690 3051 796 3106 Nos
821 3053 996 3105 locum
1023 3059 1265 3103 tenemus
1291 3047 1497 3115 capitis,
1526 3056 1581 3100 et
1604 3047 1866 3100 vincimur
1895 3061 1926 3100 a
1951 3059 2076 3100 cor-

501 3147 670 3214 pore?
716 3142 1006 3198 Constituti
1034 3156 1217 3194 sumus
1260 3149 1318 3192 ut
1361 3138 1442 3193 eis
1488 3141 1812 3208 imperemus
1845 3156 1858 3192 :
1888 3152 1991 3192 non
2021 3147 2080 3191 ut

499 3236 671 3289 solum
711 3234 1057 3302 imperemus,
1093 3231 1185 3286 sed
1227 3230 1554 3298 imperemus
1598 3230 1650 3284 in
1688 3230 1904 3283 virtute.
1944 3229 2076 3284 Nam

498 3325 588 3394 qui
621 3323 870 3392 imperat,
901 3323 1002 3377 hoc
1031 3321 1259 3376 maxime
1295 3319 1456 3374 debet
1496 3319 1782 3388 imperare,
1815 3327 1873 3372 ιιι
1903 3320 2080 3375 vincat

497 3417 696 3470 virtute
730 3433 744 3470 :
777 3414 857 3468 sin
883 3424 1060 3467 autem
1089 3423 1393 3481 superatur,
1442 3425 1548 3464 non
1587 3409 1817 3478 amplius
1851 3409 2081 3480 imperat

500 3522 601 3562 nec
627 3513 772 3560 tenet
798 3505 1176 3574 principatum.

572 3599 846 3653 Mulierum
872 3597 1076 3650 uirtutes
1098 3605 1142 3648 et
1166 3594 1307 3648 vitia.
1331 3623 1402 3632 ——
1423 3591 1641 3646 Vidistis
1661 3601 1855 3662 quanta
1876 3591 1944 3646 sit
1972 3591 2079 3645 vir-

498 3705 582 3748 tus
605 3693 864 3747 adventus
885 3687 1122 3743 Christi?
1149 3685 1416 3756 quomodo
1439 3685 1862 3740 exsecrationem
1892 3683 2072 3737 solve-

497 3786 567 3839 rit
595 3796 648 3837 et
670 3781 1096 3836 maledictionem
1113 3779 1137 3832 ?
1156 3778 1338 3832 Plures
1369 3778 1510 3831 enim
1535 3785 1661 3830 sunt
1681 3777 1915 3843 virgines
1935 3775 2076 3845 apud

497 3876 770 3938 mulieres,
803 3872 975 3942 major
1001 3881 1084 3926 est
1110 3871 1246 3940 apud
1281 3871 1399 3924 illas
1427 3869 1776 3939 temperantia
1803 3877 1857 3923 et
1885 3868 2040 3922 mode
2059 3895 2072 3908 -

495 3967 654 4028 ratio,
699 3965 881 4035 plures
908 3963 1188 4016 viduitates
1219 3979 1231 4013 :
1260 3960 1464 4014 nullum
1506 3960 1726 4014 verbum
1764 3959 2075 4013 obscmnum

499 4056 694 4111 femina
738 4056 844 4109 cito
883 4052 1140 4107 emiserit.
1170 4051 1280 4105 Cur
1310 4061 1362 4104 tu
1402 4065 1550 4118 ergo,
1583 4049 1670 4102 dic
1709 4048 1860 4112 tuihi,
1896 4048 2072 4117 turpia

3685 295 3707 347 1
3718 296 3785 350 00

2209 405 2262 449 et
2287 396 2535 450 obscaena
2561 397 2834 467 loqueris?
2871 398 2947 476 Ne
2991 400 3122 453 mihi
3155 399 3298 456 enim
3331 403 3528 458 divuis
3559 406 3782 463 fetuinas

2207 483 2507 553 deploratas
2537 498 2655 540 :est
2684 489 2898 555 quidem
2936 505 3102 558 genus
3133 492 3414 546 mulierum
3443 496 3523 548 sui
3558 502 3777 552 ornzuuli

2205 576 2521 638 studiosum,
2549 587 2603 630 et
2628 576 2729 632 hoc
2756 588 2838 632 est
2864 580 2979 647 ejus
2997 580 3270 637 delictum.
3315 583 3419 638 Sed
3447 587 3498 639 in
3524 587 3623 641 hoc
3649 605 3780 658 quo-

2205 683 2309 737 que
2337 683 2430 722 vos
2458 669 2556 722 viri
2589 669 2822 736 vincitis,
2845 673 2932 740 qui
2964 671 3066 726 illis
3088 688 3241 743 aeque
3261 675 3599 733 delectamiui
3623 692 3781 750 atque

2204 769 2390 812 ornatu
2424 762 2656 828 proprio.
2684 761 2797 814 Non
2821 761 2963 816 enim
2992 764 3242 818 existimo
3265 767 3540 823 mulierem
3569 771 3640 826 ita
3669 776 3782 830 suis

2203 852 2379 906 aureis
2423 854 2599 905 ornari
2641 855 2992 920 ornamentis,
3036 865 3091 908 ut
3123 859 3370 912 maritum
3417 863 3640 920 uxoris:
3671 881 3782 923 non

2207 941 2275 994 ita
2309 943 2406 995 sibi
2440 945 2611 1012 placet
2655 945 2723 998 ob
2771 961 2956 999 zonam
2999 963 3238 1016 auream,
3284 966 3441 1020 quam
3473 959 3612 1024 quod
3645 975 3781 1011 uxor

2202 1047 2391 1085 attrum
2431 1041 2621 1102 gestet.
2652 1034 2826 1101 Quare
2851 1035 2904 1089 in
2935 1052 3027 1091 vos
3051 1054 3262 1109 quoque
3289 1057 3448 1096 causa
3477 1057 3558 1098 est
3587 1048 3777 1103 confe-

2200 1122 2385 1187 renda,
2413 1123 2505 1192 qui
2530 1125 2814 1178 scintillam
2845 1129 3087 1180 excitatis
3125 1139 3177 1183 et
3212 1129 3480 1188 flammam
3525 1139 3779 1192 accendi-

2201 1213 2288 1266 tis.
2316 1215 2525 1284 Alioqui
2547 1227 2721 1271 autem
2747 1233 2850 1272 non
2877 1230 2959 1272 est
2986 1229 3188 1275 tantum
3209 1235 3481 1291 peccatum
3511 1229 3773 1297 mulieris,

2199 1314 2451 1372 quantum
2483 1317 2566 1360 est
2591 1307 2642 1360 in
2674 1307 2806 1360 viro.
2833 1309 2911 1362 Tu
2936 1325 2996 1364 es
3023 1314 3343 1368 constitutus
3373 1326 3428 1369 ut
3448 1316 3590 1372 illam
3619 1334 3773 1375 com-

2199 1408 2406 1463 ponas:
2438 1395 2636 1463 ubique
2683 1397 2762 1451 vis
2811 1398 3006 1454 habere
3045 1401 3243 1470 primas
3291 1413 3467 1472 partes
3501 1424 3514 1460 :
3545 1423 3673 1478 ergo
3715 1410 3774 1464 in

2200 1485 2300 1538 hoc
2326 1499 2538 1554 quoque
2560 1488 2785 1543 ostende
2814 1504 2880 1543 ex
2909 1491 3068 1544 rebus
3095 1492 3218 1557 tuis,
3250 1495 3391 1563 quod
3418 1497 3558 1551 illius
3585 1514 3776 1568 super-

2197 1579 2414 1633 vacanei
2439 1589 2684 1650 sumptus
2711 1583 2850 1635 nulla
2884 1583 2976 1638 tibi
3002 1585 3070 1638 sit
3097 1587 3250 1640 ratio.
3287 1589 3382 1642 Est
3401 1595 3565 1660 magis
3590 1605 3773 1663 aptum

2197 1681 2247 1727 et
2273 1674 2599 1728 conveniens
2625 1675 2832 1729 mulieri
2859 1685 2915 1730 ut
2933 1688 3173 1740 ornetur,
3204 1696 3359 1748 quam
3391 1684 3523 1736 viro.
3547 1686 3774 1752 Quando

2197 1778 2325 1832 ergo
2373 1774 2424 1816 tu
2458 1778 2562 1818 non
2602 1764 2812 1834 effugis,
2849 1769 3118 1836 quomodo
3147 1769 3239 1824 illa
3282 1771 3537 1842 effugiet?
3562 1776 3774 1830 llabent

2197 1852 2300 1905 illze
2330 1853 2488 1906 etiam
2517 1855 2800 1923 quamdam
2842 1856 3052 1911 inanem
3080 1859 3338 1929 gloriam;
3383 1863 3478 1917 sed
3504 1863 3604 1918 hoc
3632 1882 3772 1935 qun-

2193 1959 2296 2012 que
2337 1953 2418 1997 est
2444 1945 2569 1997 viris
2608 1959 2894 2002 commune
2926 1965 2941 2004 :
2971 1960 3097 2003 sunt
3135 1950 3432 2018 iracundae;
3479 1955 3660 2012 ethoc
3685 1969 3774 2012 est

2191 2048 2493 2086 commune.
2534 2037 2587 2088 In
2633 2036 2826 2104 quibus
2868 2049 3044 2092 autem
3076 2053 3345 2109 superant,
3392 2060 3454 2098 ea
3501 2062 3604 2100 non
3643 2060 3776 2102 sunt

2190 2125 2418 2192 amplius
2448 2129 2774 2194 Communia,
2819 2132 3136 2199 gravitatem
3165 2135 3285 2188 dico
3328 2147 3382 2190 et
3409 2137 3768 2205 honestatem,

2189 2215 2474 2279 fervorem,
2509 2219 2773 2285 pietatem,
2807 2236 2933 2290 erga
2961 2224 3229 2280 Chriszum
3256 2227 3621 2286 dilectionem.
3654 2235 3773 2288 Cur

2188 2323 2333 2378 ergo,
2368 2309 2596 2379 inquies,
2641 2313 2720 2367 eis
2751 2313 3025 2370 interdixit
3065 2318 3192 2372 sede
3219 2320 3497 2376 doctoris?
3542 2325 3634 2379 Est
3663 2329 3769 2381 hoc

2187 2415 2399 2469 quoque
2443 2403 2670 2471 signum,
2703 2406 2842 2473 quod
2883 2409 3105 2462 multum
3146 2410 3369 2466 interest
3412 2414 3551 2470 inter
3587 2433 3678 2471 eas
3707 2431 3767 2473 et

2187 2493 2349 2556 viros,
2389 2504 2444 2548 et
2468 2497 2608 2564 quod
2637 2513 2842 2567 magna:
2872 2499 3066 2554 fuerint
3091 2517 3209 2572 quae
3238 2515 3360 2558 tunc
3402 2519 3573 2563 erant.
3601 2509 3771 2565 Paulo

2186 2583 2693 2656 enim,dic,quzeso,
2728 2589 2954 2645 docente
2983 2601 3034 2645 et
3069 2593 3224 2646 Petro
3255 2595 3358 2648 illis
3386 2599 3604 2663 sanctis,
3642 2618 3765 2654 mu-

2186 2677 2441 2732 lieremne
2469 2679 2534 2732 ad
2575 2695 2692 2734 eam
2730 2698 2842 2736 rem
2874 2684 3118 2750 prosilire
3148 2689 3454 2755 oporteret?
3485 2689 3633 2744 Nunc
3663 2708 3766 2746 au-

2187 2781 2291 2825 tem
2319 2786 2384 2825 eo
2423 2772 2666 2826 venimus
2712 2777 2962 2845 nequitia:
3002 2788 3055 2832 et
3095 2778 3472 2847 improbitatis,
3521 2785 3766 2838 utetiam

2185 2860 2378 2915 merito
2422 2874 2693 2931 qumratur
2736 2880 2834 2919 cur
2879 2882 2983 2919 non
3023 2867 3218 2922 docent
3269 2873 3564 2927 mulieres:
3596 2889 3769 2943 uSque

2183 2952 2318 3007 adeo
2341 2953 2653 3008 advenimus
2679 2956 2745 3010 ad
2775 2972 2956 3012 earum
2989 2958 3426 3016 imbecillitatem.
3479 2963 3602 3019 llaec
3623 2965 3763 3030 dixi,

2185 3059 2288 3098 non
2315 3045 2457 3114 quod
2486 3046 2642 3099 Velim
2674 3062 2766 3102 eas
2792 3047 3070 3113 extollere,
3106 3049 3198 3104 sed
3243 3053 3394 3106 nobis
3431 3054 3559 3123 ipsis
3589 3055 3765 3123 pudo-

2184 3154 2296 3192 rem
2328 3137 2596 3205 incutcre,
2630 3140 2951 3210 crudireque
2972 3153 3026 3196 et
3045 3158 3285 3206 monere,
3316 3154 3371 3198 ut
3395 3145 3676 3214 imperium
3707 3161 3769 3202 et

2186 3228 2538 3297 principatum
2565 3231 2653 3297 qui
2686 3231 2838 3285 nobis
2879 3234 3124 3287 convenit
3172 3235 3542 3304 suscipiamus,
3573 3253 3675 3292 non
3703 3253 3767 3293 ιιι

2181 3319 2349 3373 simus
2387 3322 2639 3387 majores,
2666 3322 2763 3377 sed
2803 3334 2860 3376 ιιι
2901 3326 3274 3393 provideamus
3317 3339 3370 3382 et
3396 3344 3576 3384 curam
3606 3348 3768 3402 gera-

2183 3424 2301 3464 mus
2322 3418 2377 3465 et
2396 3425 2463 3464 ex
2486 3412 2681 3466 virtute
2702 3413 2862 3467 vitam
2887 3415 3242 3472 instituamus.
3269 3418 3417 3473 Tune
3441 3422 3581 3475 enim
3614 3423 3665 3474 in
3693 3439 3766 3476 eo

2184 3509 2323 3554 statu
2357 3503 2409 3555 in
2435 3519 2540 3572 quo
2577 3506 2829 3560 convenit
2876 3508 2979 3561 erit
3004 3523 3220 3578 corpus,
3257 3513 3471 3580 quando
3498 3513 3763 3583 Optimum

2185 3592 2476 3662 principem
2515 3596 2604 3664 qui
2653 3596 2703 3650 ei
2744 3596 2967 3667 imperet
3012 3599 3169 3654 fuerit
3211 3614 3577 3672 assequutum.
3608 3604 3768 3662 Faxit

2182 3690 2362 3736 autem
2406 3683 2547 3739 Deus
2587 3694 2645 3738 ut
2678 3696 2733 3740 et
2771 3687 2982 3742 feminae
3021 3697 3075 3744 et
3117 3691 3215 3745 viri
3262 3694 3326 3746 ad
3372 3694 3465 3748 Dei
3510 3695 3764 3764 placitum

2182 3788 2369 3828 omnes
2410 3776 2611 3842 vivant,
2659 3786 2716 3830 ut
2742 3779 2884 3848 digni
2925 3795 3112 3836 omnes
3156 3781 3446 3838 habeamur
3475 3787 3526 3838 iu
3557 3787 3646 3841 illo
3672 3787 3767 3845 die

2185 3865 2408 3919 terribili
2455 3868 2544 3936 qui
2594 3867 2831 3922 fruamur
2877 3871 3202 3940 benignitate
3246 3875 3476 3940 Domini,
3521 3889 3576 3932 et
3623 3878 3764 3933 bona

2183 3959 2442 4025 promissa
2497 3974 2926 4029 consequamur,
2979 3964 3031 4017 in
3087 3963 3304 4019 Christo
3355 3966 3481 4022 Jesu
3537 3969 3768 4025 Domino

2183 4055 2388 4102 nostro.

501 4181 3771 4209 Mm

1849 4255 2194 4316 HOMILIA
2239 4256 2411 4315 XIV.

495 4406 625 4462 CAP.
674 4408 728 4460 4.
778 4420 832 4458 v.
999 4401 1217 4471 Propter
1241 4400 1376 4472 quod
1405 4400 1712 4469 deponentes
1740 4400 2076 4464 mendacium,

569 4498 831 4570 loquimini
865 4498 1122 4552 veritatem
1161 4497 1499 4564 unusquisque
1532 4509 1647 4546 cum
1692 4495 1923 4564 proximo
1951 4510 2042 4547 suo
2064 4511 2083 4547 :

568 4592 804 4661 quoniam
849 4606 1023 4643 sumus
1048 4589 1256 4641 invicem
1296 4586 1538 4639 membra.
1587 4585 1677 4639 26.
1722 4583 2015 4637 Irascimini
2038 4593 2084 4636 et

571 4682 727 4733 nolite
773 4696 978 4748 peccare
1015 4694 1032 4732 :
1070 4679 1147 4732 sol
1202 4695 1301 4730 non
1345 4677 1541 4730 occidat
1582 4691 1732 4740 super
1768 4675 2084 4728 iracundiam

572 4784 786 4828 uestram
816 4788 834 4824 :
861 4772 952 4825 Ἦ.
978 4771 1132 4824 nolite
1163 4770 1327 4824 locum
1355 4770 1478 4822 dare
1503 4769 1724 4822 diabolo.

576 4869 624 4923 i.
659 4861 792 4920 Cum
823 4862 890 4917 de
919 4864 1083 4917 veteri
1132 4863 1350 4916 homine
1393 4862 1644 4915 universe
1687 4859 1916 4914 dixisset
1945 4868 1998 4915 et
2030 4860 2081 4914 in

501 4971 716 5026 genere,
731 4955 839 5024 jam
861 4968 984 5008 eum
1012 4951 1266 5007 describit
1289 4952 1450 5005 etiam
1481 4951 1770 5020 sigillatim.
1796 4949 1920 5005 Hmc
1941 4951 2081 5004 enim

501 5048 742 5104 doctrina
771 5056 853 5099 est
883 5043 1090 5098 facilior
1112 5041 1180 5096 ad
1211 5041 1542 5104 discendum,
1575 5039 1789 5110 quando
1815 5041 1974 5094 etiam
2001 5041 2084 5093 di-

499 5142 699 5195 scimus
743 5136 1071 5208 singulatim.
1114 5133 1248 5200 Quid
1282 5142 1460 5188 autem
1492 5131 1659 5186 dicit?
1702 5130 1918 5202 Pmpter
1947 5132 2082 5202 quod

502 5234 804 5298 deponentes
829 5225 1168 5281 mendacium.
1197 5222 1350 5291 Quod
1391 5221 1764 5278 mendacium?
1792 5238 1922 5276 num
1955 5223 2082 5277 dicit

501 5322 673 5376 idola?
695 5322 807 5376 Non
837 5320 903 5375 de
932 5319 995 5374 iis
1021 5318 1183 5372 dicit:
1203 5331 1323 5370 nam
1349 5313 1460 5368 haec
1484 5313 1698 5383 quidem
1718 5323 1841 5368 sunt
1865 5314 2086 5368 menda-

503 5412 643 5468 cium
661 5424 679 5476 ;
695 5412 787 5466 sed
807 5411 874 5466 de
897 5411 998 5465 illis
1019 5424 1122 5464 nou
1144 5422 1285 5462 nunc
1301 5406 1504 5477 agitur;
1527 5405 1655 5459 nihil
1676 5406 1817 5461 enim
1839 5405 1920 5459 his
1937 5421 2084 5460 com-

502 5517 664 5556 mune
688 5517 811 5556 cum
845 5505 950 5560 illis
977 5524 990 5558 :
1021 5505 1115 5560 sed
1144 5504 1212 5559 de
1241 5501 1520 5557 mendacio
1549 5499 1690 5570 quod
1721 5500 1921 5571 profert
1947 5501 2084 5554 alter

500 5608 622 5647 cum
661 5592 831 5646 altero
855 5633 872 5658 ,
903 5596 1045 5664 quod
1074 5605 1158 5650 est
1183 5596 1427 5650 dolosum
1454 5601 1508 5648 et
1533 5593 1947 5648 fraudulentum.
1977 5591 2083 5647 Lo-

498 5683 711 5752 quimini
730 5683 981 5745 veritatem
1006 5689 1342 5757 unusquisque
1362 5703 1473 5742 cum
1493 5686 1723 5756 proximo
1745 5700 1856 5740 suo.
1883 5683 2083 5740 Deinde

2187 4399 2327 4470 quod
2355 4401 2517 4455 etiam
2546 4401 2803 4471 pudorem
2834 4405 3000 4474 magis
3026 4406 3212 4460 incutit
3245 4425 3256 4460 :
3294 4408 3544 4473 Quoniam
3589 4427 3771 4467 sanius

2185 4493 2392 4547 invicem
2416 4496 2654 4560 membra,
2676 4511 2834 4550 nemo
2863 4496 3093 4566 decipiat
3124 4499 3444 4567 proximum.
3463 4502 3613 4570 Quod
3645 4507 3769 4573 qui—

2187 4584 2308 4639 dem
2336 4585 2461 4639 dicit
2492 4586 2930 4657 psalmographus
2959 4588 3008 4640 id
3049 4605 3259 4643 sursum
3289 4602 3343 4644 et
3371 4593 3621 4646 deorsum
3651 4596 3769 4665 agi-

2189 4684 2328 4744 tans,
2346 4677 2504 4730 Labia
2524 4678 2701 4733 dolosa
2716 4679 2767 4732 in
2789 4681 2958 4743 corde,
2974 4690 3018 4734 et
3037 4680 3090 4734 in
3115 4681 3264 4735 corde
3284 4683 3518 4752 loquutus
3538 4695 3610 4738 est
3629 4689 3770 4739 mala

2187 4765 2371 4836 (Psal.
2419 4769 2506 4822 Η.
2542 4769 2674 4839 15).
2707 4769 2845 4823 Nihil
2877 4780 2960 4824 est
2985 4772 3154 4838 enim,
3178 4773 3308 4826 nihil
3336 4783 3418 4827 est
3443 4776 3582 4844 quod
3611 4792 3772 4844 ειηιιυ

2189 4858 2359 4927 pariat
2407 4859 2748 4925 inimicitias,
2781 4871 2939 4930 atque
2985 4861 3233 4931 decipere
3277 4873 3330 4916 et
3377 4864 3579 4920 fallere.
3632 4864 3772 4918 Vide

2185 4950 2451 5019 quomodo
2477 4951 2555 5004 eis
2583 4950 2776 5019 ubique
2805 4952 3061 5021 pudorem
3091 4953 3308 5007 incutiat
3331 4969 3426 5023 per
3450 4969 3664 5024 corpus.
3693 4956 3775 5007 be

2187 5041 2329 5094 fallat
2357 5082 2372 5106 ,
2400 5041 2608 5110 inquit,
2638 5042 2824 5096 oculus
2853 5043 3038 5110 pedem
3066 5083 3080 5108 ,
3111 5059 3284 5113 neque
3315 5060 3408 5114 pes
3435 5048 3669 5099 oculum.
3702 5045 3778 5100 Ut

2189 5144 2308 5202 puta
2331 5173 2344 5194 ,
2387 5133 2431 5185 si
2461 5133 2529 5184 sit
2555 5131 2694 5186 fossa
2723 5133 2980 5202 profunda
3005 5175 3020 5198 ,
3051 5143 3107 5189 et
3136 5150 3298 5204 super
3340 5147 3535 5190 terram
3579 5140 3778 5207 positis

2187 5223 2534 5277 arundinibus
2575 5230 2634 5276 et
2676 5233 2816 5278 terra
2861 5227 3096 5294 opertis,
3129 5226 3180 5279 in
3220 5227 3505 5296 superficie
3534 5229 3783 5298 pra-beat

2186 5316 2353 5370 oculis
2385 5314 2691 5384 opinionem
2723 5323 2878 5369 terra:
2906 5317 3126 5383 solidie;
3175 5332 3353 5372 annon
3386 5327 3566 5373 utetur
3591 5317 3731 5388 pede
3761 5361 3778 5382 ,

2186 5418 2246 5463 ut
2292 5407 2426 5461 sciat
2472 5423 2599 5461 num
2647 5408 2716 5461 sit
2765 5407 2985 5463 inferius
3013 5424 3276 5477 vacuum,
3305 5426 3371 5464 an
3405 5413 3705 5465 remittatur
3724 5423 3785 5466 et

2186 5499 2441 5555 resistat?
2467 5515 2592 5554 num
2622 5515 2726 5553 non
2756 5499 2900 5554 fallat
2922 5515 3038 5570 pes,
3061 5503 3154 5556 sed
3182 5501 3324 5572 qttod
3351 5510 3436 5556 est
3462 5501 3736 5557 renuntiet
3758 5504 3786 5556 τ

2185 5591 2321 5658 Quid
2344 5604 2490 5655 vero,
2510 5589 2554 5645 si
2576 5599 2876 5659 serpentem
2895 5590 3088 5647 viderit
3105 5593 3313 5656 oculus,
3330 5601 3422 5645 aut
3440 5594 3627 5654 feram,
3647 5606 3788 5647 nunt

2186 5680 2320 5738 fallit
2349 5681 2584 5753 pedem?
2610 5697 2716 5738 non
2746 5681 2929 5737 statim
2961 5681 3274 5738 renuntiat?
3324 5682 3410 5737 ille
3439 5690 3617 5735 autem
3652 5694 3785 5736 cum
