4046 6210
495 251 593 306 {Ol

496 361 843 435 ἐπιϐουλεύῃ,
877 360 1043 433 φησί;
1070 360 1142 413 Τὸ
1172 360 1366 430 ἀληθὲς
1395 359 1551 429 μάθε
1586 359 1652 412 ἂν
1699 358 1807 429 γὰρ
1842 358 2065 412 ἐπιϐου·

496 457 649 531 λεύῃ.
678 458 778 510 ούκ
809 455 925 509 ἐστι
956 456 1133 526 μέλος.
1163 450 1296 508 Εἷπε
1326 453 1515 524 δὲ,Μὴ
1546 453 1807 524 ψεύδεσθε
1836 454 1972 525 πρὸς
2003 452 2075 506 τά

501 553 653 629 [104]
684 556 841 627 μέλη.
886 553 1235 623 Ὀργίζεσθε.
1275 549 1372 606 καί
1401 550 1488 620 μὴ
1519 552 1899 621 ἁμαρτάνετε.
1929 551 2074 621 Ὀρα

505 651 738 705 σύνεσιν·
768 652 863 706 καὶ
898 651 1047 719 λέγει
1069 650 1217 711 ὅπως
1241 646 1315 718 μὴ
1357 648 1783 720 ἁμαρτήσωμεν,
1812 647 1905 700 καὶ
1927 663 2074 717 παρ-

503 746 843 810 ακούσαντας
868 746 1027 801 πάλιν
1051 745 1151 798 οὐκ
1174 742 1661 814 ἐγκαταλιμπάνει·
1693 745 1753 795 οὐ
1777 742 1883 814 γὰρ
1908 741 2075 811 ἀφίη-

508 859 591 895 σιν
618 841 780 896 αύτοῦ
808 841 875 894 τά
906 839 1185 910 σπλάγχνα
1209 838 1277 892 τά
1294 838 1658 908 πνευματικά.
1682 838 1945 908 Καθάπερ
1967 837 2076 906 γὰρ

505 941 534 993 6
562 937 740 1008 ίατρδς
758 934 1061 1006 διαγορεύει
1095 934 1192 1005 μὲν
1214 933 1282 987 τά
1298 933 1545 1003 πρακτέα
1566 932 1646 1003 τῷ
1682 934 1961 1003 κάμνοντι,
1981 933 2077 986 καὶ

507 1030 585 1102 μὴ
630 1030 995 1099 ἀνασχομένου
1015 1029 1073 1081 δέ
1110 1029 1259 1098 ὅμως
1303 1028 1365 1080 οὐ
1401 1028 1749 1096 καταφρονεῖ,
1796 1026 1931 1079 ἀλλά
1977 1027 2077 1096 τὴν

506 1130 571 1181 ἐκ
591 1126 690 1197 τῆς
726 1123 945 1189 πειθοῦς
962 1124 1195 1191 είσάγων
1216 1138 1278 1174 συ
1287 1122 1545 1192 μϐουλὴν,
1576 1120 1869 1192 θεραπεύει
1893 1119 2073 1185 πάλιν,

505 1222 649 1275 οὔτω
680 1221 774 1274 καὶ
809 1222 838 1273 6
889 1217 1117 1281 Παῦλος.
1156 1216 1216 1269 Ὀ
1257 1217 1356 1287 μὲν
1383 1217 1493 1288 γὰρ
1536 1218 1712 1271 ἐκεῖνο
1762 1215 1948 1279 ποιῶν,
1978 1216 2079 1286 τὴν

508 1317 668 1382 δόξαν
703 1316 861 1386 μόνον
888 1314 1071 1384 ζητεῖ,
1111 1314 1207 1367 καὶ
1251 1312 1333 1365 ὅτι
1364 1311 1741 1383 κατεφρονήθη
1786 1312 2075 1366 δάκνεται·

509 1417 537 1467 6
573 1413 629 1465 δὲ
662 1408 940 1479 πανταχοῦ
981 1408 1079 1480 τὴν
1109 1410 1297 1477 ὑγείαν
1322 1407 1414 1462 τοῦ
1450 1407 1747 1478 κάμνοντος
1782 1405 2078 1478 ἐπιζητῶν,

512 1507 647 1577 πρὸς
680 1504 737 1557 ἓν
764 1504 926 1556 τοῦτο
955 1504 1114 1573 μόνον
1146 1505 1268 1575 ὁρᾷ,
1315 1504 1463 1566 ὅπως
1515 1502 1795 1575 ἀναστήσῃ
1825 1502 1916 1554 τὸν
1964 1503 2078 1555 κεί-

515 1616 695 1670 μενον.
727 1597 896 1651 Τοῦτο
942 1598 1035 1650 καὶ
1080 1599 1109 1649 6
1159 1595 1369 1659 Παῦλος
1404 1598 1564 1649 ποιεῖ.
1620 1594 1755 1650 Εἷπε
1783 1635 1798 1660 ,
1828 1595 1920 1665 Μὴ
1947 1595 2081 1667 ψεύ-

511 1695 685 1747 δεσθε·
718 1696 766 1747 εί
789 1694 846 1745 δέ
876 1709 1005 1744 ποτε
1024 1690 1232 1759 γένοιτο
1248 1690 1358 1744 ἀπὸ
1384 1689 1610 1761 ψεύδους
1635 1690 1794 1761 ὀργὴ,
1818 1690 2084 1745 καὶτοῦτο

513 1788 806 1861 θεραπεύει
836 1787 1017 1841 πάλιν.
1042 1787 1106 1839 Τί
1127 1788 1234 1856 γάρ
1267 1803 1466 1857 φησιν;
1507 1786 1855 1856 Ὀργίζεσθε,
1876 1787 1973 1841 καὶ
1997 1787 2083 1856 μὴ

514 1883 897 1955 ἁμαρτάνετε.
932 1880 1108 1935 Καλὸν
1135 1883 1233 1952 μὲν
1257 1882 1366 1951 γὰρ
1388 1882 1448 1935 16
1479 1880 1553 1951 μὴ
1579 1880 1919 1951 ὀργίζεσθαιο
1950 1884 1998 1934 εἰ
2026 1881 2085 1934 δέ

512 1998 596 2043 τις
631 1978 858 2049 ἐμπέσοι
888 1978 1017 2031 ποτέ
1039 1978 1117 2041 είς
1144 1977 1205 2029 τὸ
1226 1977 1417 2043 πάθος,
1439 1976 1575 2028 ἀλλά
1607 1976 1681 2047 μὴ
1706 1977 1786 2038 εἰς
1806 1974 2081 2031 τοσοῦτον.

525 2077 581 2129 '0
607 2075 779 2143 ἥλιος
818 2075 942 2147 γὰρ,
980 2073 1149 2144 φησὶ,
1184 2071 1271 2142 μὴ
1311 2072 1599 2126 ἐπιδυέτω
1624 2071 1722 2123 ἐπὶ
1753 2068 1834 2135 τῷ
1876 2087 2090 2139 παρορ-

518 2169 708 2241 γισμῷ
733 2169 917 2238 ὑμῶν.
950 2168 1139 2220 Βούλει
1162 2167 1263 2237 τῆς
1291 2167 1460 2238 ὀργῆς
1487 2165 1904 2237 ἐμπλησθῆναι;
1932 2166 2091 2235 ἀρκεῖ

518 2283 601 2319 σοι
632 2265 729 2333 μία
760 2244 876 2334 ῶρα
920 2265 1013 2316 καὶ
1050 2261 1279 2332 δευτέρα
1307 2262 1401 2315 καὶ
1428 2261 1584 2332 τρίτη
1612 2278 1626 2292 ο
1664 2260 1740 2332 μὴ
1778 2260 2090 2315 καταλιπὼν

519 2359 749 2430 ἐχθροὺς
780 2359 924 2428 ὑμᾶς
946 2359 976 2410 6
993 2357 1143 2427 ἥλιος
1168 2356 1409 2410 ἀπέλθοι.
1452 2357 1585 2413 Ἀπὸ
1610 2348 1947 2429 ἀγαθότητοξ
1993 2360 2091 2411 ἀν-

521 2454 712 2513 έτειλε,
735 2454 811 2523 μὴ
835 2451 1159 2523 ἀπερχέσθω
1189 2454 1268 2516 είς
1288 2452 1540 2518 ἀναξίους
1570 2450 1809 2522 λάμψας.
1846 2454 1908 2506 El
1933 2452 2042 2524 γὰρ
2064 2454 2094 2507 6

521 2550 796 2618 Δεσπότης
821 2549 982 2603 αὑτὸν
1007 2548 1114 2603 ἀπὸ
1143 2546 1340 2616 πολλῆς
1371 2545 1707 2618 ἀγαθότητος
1736 2547 1970 2618 ἔπεμψε,
2001 2548 2094 2603 καὶ

520 2645 681 2707 αὐτὸς
711 2645 807 2714 μέν
840 2643 1018 2714 ἀφῆκέ
1048 2660 1130 2697 σοι
1153 2644 1222 2697 τὰ
1259 2644 1651 2714 ἁμαρτήματα,
1680 2646 1745 2696 σὺ
1770 2644 1825 2697 δέ
1856 2644 1934 2714 τῷ
1958 2646 2096 2716 πλη-

522 2741 637 2794 σίον
673 2740 774 2793 οὐκ
807 2740 995 2811 ἀφίης,
1031 2741 1133 2811 ὅρα
1172 2741 1338 2793 πόσον
1368 2740 1430 2792 16
1478 2740 1668 2796 κακόν.
1717 2740 1826 2792 Kal
1874 2739 2000 2794 ἄλλο
2036 2742 2093 2794 δέ

524 2836 663 2907 μετά
689 2835 901 2890 τούτουσ
939 2836 1141 2889 δέδοικε
1168 2836 1266 2907 τὴν
1299 2835 1469 2889 νύκτα
1497 2838 1525 2889 6
1566 2835 1832 2907 μακάριος
1862 2836 2093 2904 Παῦλος,

526 2931 604 3003 μὴ
641 2929 881 2985 λαϐοῦσα
935 2930 1023 2982 ἐπ’
1061 2928 1295 3000 ἐρημίας
1344 2929 1437 2982 τὸν
1495 2929 1822 3001 ἠδικημένον
1862 2930 1942 2985 ἔτι
1972 2931 2098 3001 φλε-

523 3026 844 3097 γμαίνοντα,
877 3025 1162 3098 ἀνακαύσῃ
1185 3026 1245 3079 16
1274 3025 1558 3096 πῦρ.”Έως
1587 3028 1685 3097 μὲν
1704 3027 1812 3099 γὰρ
1836 3030 1902 3082 ἂν
1929 3030 2098 3084 πολλά

526 3122 788 3194 ἐκκρούῃ,
817 3121 915 3191 τῆς
943 3122 1157 3193 ἡμέρας
1189 3120 1376 3191 οῦσης,
1404 3122 1580 3186 ἔξεστί
1608 3140 1690 3175 σοι
1719 3124 2095 3194 ἐμφορεῖσθαι·

528 3218 654 3271 ὅταν
682 3215 742 3270 δέ
797 3216 978 3287 μέλλοι
1029 3217 1238 3288 ἐσπέρα
1271 3215 1548 3284 γίνεσθαι,
1602 3219 1971 3272 καταλλάττου
2006 3224 2100 3276 καὶ

528 3312 840 3382 πρόσφατον
865 3312 1057 3364 σϐέσον
1081 3311 1142 3364 16
1168 3311 1355 3366 κακόν.
1384 3313 1485 3365 Ἂν
1504 3312 1612 3383 γάρ
1638 3312 1733 3378 νὺξ
1756 3314 2097 3381 ἐπιλάϐηται,

527 3409 629 3463 οὐκ
654 3408 882 3479 ἀρκέσει
914 3408 947 3477 ή
984 3407 1119 3479 μετά
1148 3408 1319 3461 ταῦτα
1340 3409 1522 3480 ήμέρα
1550 3410 1613 3461 16
1640 3411 1903 3480 συναχθὲν
1932 3412 2024 3465 καὶ
2043 3415 2100 3466 ἐν

531 3507 600 3577 τῇ
629 3504 786 3558 νυκτὶ
836 3502 1023 3557 σϐέσαι
1065 3504 1233 3558 κακόν
1255 3521 1273 3537 ⁸
1304 3504 1441 3559 ἀλλά
1483 3505 1584 3558 κᾶν
1623 3505 1685 3559 16
1719 3506 1878 3561 πλέον
1908 3507 2100 3562 ὑποτέ-

533 3602 762 3676 μῃςγτὺ
791 3599 847 3653 δὲ
879 3599 999 3653 ὅλον
1031 3598 1105 3670 μὴ
1135 3598 1389 3670 δυνηθῇς,
1431 3599 1592 3654 πάλιν
1629 3600 1844 3654 δίδωσιν
1873 3602 1981 3656 ἀπὸ
2010 3604 2101 3656 τοῦ

530 3695 949 3764 ὑπολειφθέντος
966 3698 1032 3765 τῇ
1057 3694 1288 3767 ἐπιούσῃ
1308 3694 1463 3747 νυκστλ⁸
1485 3694 1846 3765 σφοδροτέραν
1867 3697 2103 3767 ἐργάσα-

532 3787 656 3840 σθαι
676 3786 775 3857 τὴν
807 3787 1007 3857 πυράν.
1038 3786 1148 3839 Kal
1170 3784 1421 3856 καθάπερ
1449 3788 1477 3839 6
1499 3786 1666 3856 ἥλιος,
1695 3788 1761 3842 ἂν
1789 3789 1847 3841 16
1864 3791 2102 3859 νεφωθέν

535 3883 631 3935 καὶ
668 3880 949 3935 πυκνωθὲν
987 3880 1082 3935 τοῦ
1114 3881 1274 3953 ἀέρος
1300 3879 1388 3933 διὰ
1418 3882 1517 3949 τῆς
1552 3882 1745 3944 νυκτὸς
1791 3885 1867 3955 μὴ
1895 3888 2105 3961 ἀρκέσῃ

537 3979 604 4047 τῇ
634 3976 975 4049 καθημερινῇ
1001 3976 1233 4047 μαλάξαι
1255 3977 1349 4030 καὶ
1376 3976 1722 4033 διασκεδάσαι
1748 3979 1945 4053 θέρμῃ,
1976 3983 2106 4035 ὑπό-

533 4072 681 4124 θεσιν
707 4071 970 4142 χειμῶνος
1001 4071 1334 4142 παρέχεται,
1363 4072 1463 4142 τῆς
1493 4072 1683 4137 νυκτὸς
1709 4075 2106 4149 ἐπιλαϐομένης

533 4167 627 4221 τοῦ
681 4168 966 4237 λειψάνου,
1022 4168 1116 4220 καὶ
1174 4166 1334 4220 πάλιν
1380 4167 1510 4220 αὐτὸ
1556 4170 1860 4241 τρεφούσης
1899 4173 2106 4242 ἐτέροις

537 4264 749 4334 ἀτμοῖς·
775 4262 921 4317 οὕτω
951 4263 1046 4316 καὶ
1072 4263 1164 4316 ἐπὶ
1191 4264 1290 4332 τῆς
1307 4263 1494 4335 ὀργῆς.
1524 4264 1688 4332 Μήτε
1706 4266 1902 4320 δίδοτε
1921 4269 2109 4322 τόπον

537 4355 618 4424 τῷ
640 4358 918 4422 διαϐόλῳ.
955 4358 1118 4411 Ὥστε
1148 4357 1208 4411 τὸ
1230 4355 1487 4428 ἀλλήλους
1510 4358 1788 4429 πολεμεῖν,
1810 4361 1972 4414 τόπον
1992 4362 2107 4414 ἐστὶ

533 4452 716 4506 δοῦναι
746 4452 824 4523 τῷ
858 4451 1107 4522 διαϐόλῳ.
1140 4452 1266 4506 Δέον
1294 4452 1401 4523 γάρ
1426 4452 1634 4519 πάντας
1658 4457 2104 4528 ωμπεφράχθαι,

537 4551 630 4602 καὶ
650 4550 774 4602 κατ’
803 4549 1013 4603 ἐκείνου
1036 4549 1308 4612 ἵστασθαι,
1334 4549 1657 4613 ἐκλύσαντες
1686 4552 1844 4620 ἡμεῖς
1864 4554 1959 4622 τὴν
1978 4553 2110 4624 πρὸς

535 4643 740 4695 ἐκεῖνον
786 4642 1004 4712 ἔχθραν,
1044 4645 1129 4697 ἐπ’
1158 4644 1418 4714 ἀλλήλους
1450 4645 1742 4715 κελεύομεν
1792 4646 2103 4716 τρέπεσθαι.

534 4735 801 4788 Οὐδέποτε
829 4735 938 4805 γὰρ
962 4735 1135 4799 οὕτως
1182 4737 1294 4807 ἔχει
1325 4737 1484 4791 τόπον
1514 4741 1542 4792 6
1586 4738 1828 4804 διάϐολος
1851 4779 1866 4803 ,
1913 4740 1988 4803 ὼς
2036 4742 2092 4793 ἐν

544 4833 663 4895 ταῖς
697 4830 790 4900 ἐχθ
800 4846 939 4902 ραις.

611 5048 680 5122 β’.
697 5047 778 5102 Τά
806 5046 972 5118 μυρία
997 5046 1246 5101 ἐντεῦθεν
1278 5051 1423 5104 κακά
1446 5052 1708 5112 τίκτεται.
1727 5055 1836 5109 Kal
1862 5056 2110 5129 καθάπερ

533 5147 640 5208 ἕως
673 5146 770 5216 μὲν
791 5146 857 5199 ἂν
889 5139 1028 5198 ῶσιν
1057 5146 1391 5216 ἡρμοσμένοι
1412 5146 1566 5210 λίθοι,
1615 5150 1708 5202 καὶ
1741 5150 1905 5220 μηδὲν
1929 5154 2110 5206 διάκε-

544 5258 634 5294 νον
666 5241 901 5312 ἐχοντες,
945 5243 1236 5314 ἑστήκασιν
1262 5243 1545 5314 ἀρῤαγεῖςο
1580 5242 1646 5296 ἂν
1672 5243 1727 5297 δὲ
1761 5244 1982 5315 βελόνης
2011 5248 2109 5317 μό-

543 5352 641 5403 νης
664 5336 943 5409 διάτρησιν
970 5337 1213 5410 διαμπὰξ
1230 5338 1622 5409 γεγενημένην,
1646 5338 1678 5410 ἢ
1709 5341 1914 5409 ῥαγάδα
1930 5344 2113 5414 τριχὸς

543 5429 846 5500 ἐπέχουσαν
877 5434 1039 5487 τόπον
1080 5428 1259 5507 συμϐῇ
1313 5434 1586 5503 γενέσθαι,
1620 5436 1776 5490 τοῦτο
1802 5436 1979 5491 πάντα
2016 5457 2113 5492 κα-

542 5525 728 5580 ταλύει
745 5530 837 5581 καὶ
852 5530 1162 5585 ἀπόλλυσιν·
1176 5532 1317 5588 οὕτω
1338 5534 1431 5588 καὶ
1451 5534 1543 5587 ἐπὶ
1562 5531 1710 5605 [105]
1733 5535 1825 5588 τοῦ
1847 5535 2107 5590 διαϐόλου·

543 5622 647 5687 ἕως
671 5623 771 5693 μὲν
794 5622 859 5679 ἀν
898 5618 1047 5695 ὦμεν
1082 5631 1493 5701 πεπυκνωμένοι
1522 5629 1615 5685 καὶ
1648 5628 2105 5703 συνηρμοσμένοι,

1186 243 1244 298 S.
1284 239 1567 297 JOANNIS
1605 237 2089 295 CHRYSOSTOMI
2124 239 2448 297 ARCHIEP.
2487 242 3034 301 CONSTANTINOP.

3641 254 3755 309 102

2175 360 2326 417 οὐδὲν
2350 362 2489 426 ὅλως
2510 364 2794 432 ἐπεισάγει
2828 365 2939 418 τῶν
2983 364 3167 418 αὐτοῦ’
3200 365 3418 420 ἐπειδάν
3442 366 3499 420 δέ
3553 368 3754 440 μικρὸν

2172 461 2319 531 ἡμᾶς
2352 461 2721 536 διαχαυνώσῃ,
2751 462 3003 534 καθάπερ
3046 479 3130 527 τις
3168 463 3504 536 χειμάρρους
3532 466 3752 535 ἐπιχέεο

2172 556 2595 627 ται.Πανταχοῦ
2643 559 2751 627 γὰρ
2785 559 2957 629 ἀρχῆς
3016 557 3165 629 αὐτῷ
3217 558 3374 629 χρεία
3414 559 3602 629 μόνης.
3653 561 3749 613 καὶ

2171 648 2331 704 τοῦτό
2355 650 2475 705 ἐστι
2500 651 2561 705 16
2604 652 3067 725 δυσκατόρθωτον·
3099 654 3288 707 τούτου
3336 653 3396 706 δέ
3428 655 3752 725 γενομένου.

2174 747 2334 811 αὐτὸς
2365 748 2543 819 ἐαυτῷ
2566 750 2635 804 τὰ
2667 751 2842 806 πάντα
2870 751 3106 823 εύρύνει·
3146 751 3328 805 λοιπὸν
3349 753 3457 822 γάρ
3476 751 3755 816 διαϐολαῖς

2173 841 2240 894 τὰ
2271 835 2386 895 ὦτα
2414 844 2649 912 ἀνέῳγε,
2704 846 2799 898 καὶ
2820 846 2869 898 οῖ
2888 845 2956 897 τὰ
2985 844 3158 913 ψευδῆ
3196 844 3465 913 λέγοντες,
3495 846 3755 898 πιστότε-

2179 954 2284 1007 ροιο
2315 936 2413 1008 τὴν
2446 940 2553 1010 γὰρ
2588 939 2787 1011 ἔχθραν
2815 940 2998 1011 έχουσι
3023 940 3367 1006 δικάζουσαν,
3400 941 3461 994 οὐ
3488 940 3587 1011 τὴν
3614 939 3757 1010 ἀλή-

2177 1032 2327 1086 θειαν
2357 1035 2668 1105 κρίνουσαν.
2705 1035 2815 1087 Καὶ
2846 1033 3032 1104 ῶσπερ
3069 1033 3252 1103 φιλίας
3300 1032 3491 1103 οῠσης,
3551 1033 3648 1087 καὶ
3681 1033 3758 1085 τὰ

2176 1125 2350 1197 ἀληθῆ
2382 1127 2549 1197 ψευδῆ
2578 1128 2825 1197 φαίνεται
2860 1128 2968 1181 τῶν
3004 1127 3211 1182 κακῶν’
3238 1128 3410 1191 οὕτως
3433 1127 3631 1198 ἐχθρας
3656 1126 3758 1179 οῦ-

2181 1236 2304 1291 σης,
2342 1224 2442 1276 καὶ
2467 1223 2537 1276 τὰ
2565 1223 2737 1295 ψευδῆ
2762 1222 2955 1294 ἀληθῆ
2981 1223 3166 1295 ἕτερος
3188 1222 3332 1289 νοῦς,
3364 1222 3549 1293 ἕτερον
3594 1222 3758 1275 δικα-

2183 1320 2425 1390 στήριον,
2454 1322 2553 1375 οὐκ
2585 1320 2646 1385 ἐξ
2680 1321 2801 1391 ἴσης
2831 1319 3049 1386 ἀκοῦον,
3078 1320 3214 1375 ἀλλά
3241 1320 3380 1390 μετὰ
3416 1318 3620 1387 πολλῆς
3650 1318 3759 1388 τῆς

2181 1413 2555 1483 προσκλίσεως
2579 1415 2673 1469 καὶ
2694 1415 3070 1488 ἐπιρῤεπείας.
3100 1415 3364 1486 Καθάπερ
3392 1415 3500 1486 γὰρ
3522 1416 3580 1467 ἐν
3602 1417 3761 1485 ζυγῴ

2185 1507 2438 1579 μόλυϐδος
2470 1512 2787 1582 προστεθεὶς
2839 1511 2898 1564 16
2926 1513 3032 1565 πᾶν
3063 1510 3331 1564 εἵλκυσενσ
3366 1510 3511 1564 οὕτω
3537 1512 3631 1564 καὶ
3664 1513 3761 1564 ἐν-

2181 1604 2378 1668 ταῦθα,
2411 1606 2472 1659 16
2504 1607 2602 1676 τῆς
2621 1608 2821 1677 ἔχθρας
2853 1607 3037 1679 βάρος,
3077 1606 3340 1677 μολύϐδου
3374 1607 3764 1681 χαλεπώτερον

2183 1702 2262 1755 ὃν.
2295 1701 2406 1768 Διὸ,
2465 1703 2793 1774 παρακαλῶ,
2825 1705 3004 1757 πάντα
3037 1704 3390 1775 πράττωμεν,
3448 1704 3591 1757 ὥστε
3648 1706 3764 1775 πρὸ

2184 1796 2279 1850 τοῦ
2320 1797 2470 1869 ἡλίου
2505 1798 2788 1853 σϐεννύναι
2817 1799 2917 1862 τὰς
2944 1798 3160 1869 ἔχθρας.
3194 1800 3291 1853 Ἂν
3315 1800 3424 1868 γάρ
3451 1802 3518 1870 τῇ
3572 1800 3764 1871 ἡμέρᾳ

2185 1898 2252 1967 τῇ
2285 1895 2483 1968 πρώτῃ
2522 1896 2597 1966 μὴ
2642 1897 2921 1968 κρατήσῃς
2963 1897 3056 1950 καὶ
3083 1899 3149 1968 τῇ
3183 1895 3328 1966 ἑξῆς,
3358 1896 3619 1959 πολλάκις
3661 1899 3765 1950 καὶ

2189 1994 2269 2054 εἰς
2299 1992 2539 2046 ἐνιαυτὸν
2559 1992 2726 2062 αὐτὴν
2747 1992 3034 2057 ἐξέτεινας,
3056 1992 3150 2045 κα)⁸
3171 1990 3309 2061 αὑτὴ
3326 1992 3522 2060 ἑαυτὴν
3553 1990 3624 2061 ηύ
3644 2005 3765 2057 ,ησε

2188 2089 2371 2143 λοιπὸν
2405 2091 2438 2160 ή
2468 2089 2656 2161 ἔχθρα,
2681 2089 2772 2144 καὶ
2798 2091 2858 2143 οὐ
2886 2088 3056 2143 δεῖταί
3090 2106 3256 2152 τινος.
3283 2089 3392 2142 Kal
3413 2088 3766 2160 ῥήματαγάρ

2194 2187 2395 2259 ἑτέρως
2431 2186 2700 2258 λεγόμενα
2734 2188 2938 2259 ἑτέρως
2991 2187 3320 2240 ὑποπτεύειν
3379 2185 3630 2251 ποιοῦσα,
3666 2190 3769 2240 καὶ

2197 2288 2453 2357 σχήματα
2481 2291 2573 2341 καὶ
2600 2289 2708 2341 πᾶν
2739 2287 2916 2341 ὁτιοῦν
2945 2287 3191 2357 ἐκθηριοῖ
3228 2287 3320 2340 καὶ
3347 2287 3617 2355 ἐξαγριοῖ,
3668 2290 3772 2338 καὶ

2192 2383 2301 2436 τῶν
2332 2383 2674 2453 μαινομένων
2709 2382 2875 2454 χείρω
2930 2381 3254 2452 διατίθησιν,
3300 2382 3424 2436 οὔτε
3477 2383 3542 2436 16
3592 2382 3771 2450 δνομα

2197 2481 2388 2543 είπεῖν,
2425 2478 2549 2532 οὔτε
2597 2479 2829 2532 ἀκοῦσαι
2877 2478 3200 2550 ἀνεχομένη,
3236 2478 3482 2532 ἀλλ’ἀπδ
3520 2477 3631 2531 τῶν
3656 2475 3772 2529 λοι-

2193 2577 2383 2647 δοριῶν
2407 2576 2619 2631 ἅπαντα
2654 2575 3022 2646 φθεγγομένη.
3063 2575 3187 2638 Πῶς
3216 2570 3308 2629 οὖν
3342 2572 3653 2644 μαλάξομεν
3675 2572 3773 2625 τδν

2195 2672 2396 2743 θυμόν;
2426 2671 2544 2738 πῶς
2592 2672 2855 2743 σϐέσομεν
2883 2673 2981 2742 τὴν
3030 2672 3243 2742 φλόγας
3302 2672 3399 2724 Ἂν
3451 2671 3520 2725 τὰ
3553 2669 3772 2723 ἑαυτῶν

2197 2771 2571 2842 ἁμαρτήματα
2608 2771 2971 2841 ἐννοήσωμεν,
2999 2770 3094 2824 καὶ
3120 2770 3243 2823 ὅσον
3269 2769 3433 2838 ἐσμὲν
3475 2767 3774 2822 ὑπεύθυνοι

2195 2865 2272 2937 τῷ
2299 2865 2437 2936 Θειῖν
2462 2865 2527 2918 ἂν
2557 2867 2919 2936 ἐννοήσωμεν,
2968 2866 3050 2919 ὅτι
3099 2866 3160 2918 ού
3195 2865 3289 2918 16v
3339 2864 3532 2935 ἐχθρὸν
3563 2865 3774 2934 ἀμυνό⁴

2201 2958 2358 3030 μεθα,
2402 2959 2515 3012 ἀλλ’
2545 2960 2691 3029 ἡμᾶς
2722 2958 2940 3023 αὐτούς’
3003 2958 3068 3012 ἂν
3124 2959 3486 3029 ἐννοήσωμεν,
3541 2960 3625 3012 ὅτι
3676 2958 3774 3012 τὸν

2200 3059 2449 3115 διάϐολον
2478 3057 2860 3128 εύφραίνομεν,
2892 3048 2977 3111 ότι
3001 3058 3091 3111 τὸν
3118 3056 3310 3128 ἐχθρὸν
3338 3056 3429 3110 16v
3475 3057 3772 3127 ἡμέτερον,

2200 3158 2290 3212 16v
2321 3156 2489 3219 ὅντως
2513 3154 2726 3226 ἐχθρὸν,
2743 3154 2810 3208 δι’
2831 3154 2889 3208 ὃν
2911 3154 2969 3207 τὸ
2995 3153 3156 3225 μέλος
3186 3153 3533 3225 τοήμέτερον
3555 3153 3774 3206 ἀδικοῦ-

2206 3272 2326 3326 μεν.
2364 3252 2549 3305 Βούλει
2584 3247 2721 3304 εἶναι
2781 3249 3114 3322 μνησίκακος
3143 3249 3236 3302 καὶ
3267 3248 3496 3320 ἐχθρόςς
3547 3247 3774 3318 Ἐχθρὸς

2200 3351 2312 3411 ἐσο,
2345 3347 2482 3404 ἀλλὰ
2512 3345 2606 3401 τοῦ
2632 3346 2905 3409 διαϐόλου,
2945 3347 3021 3417 μὴ
3052 3345 3146 3399 τοῦ
3185 3345 3377 3416 μέλους
3401 3343 3496 3397 τοῦ
3531 3343 3649 3397 σοῦ.
3673 3345 3774 3397 Διά

2199 3445 2363 3499 τοῦτο
2385 3445 2530 3514 ἡμᾶς
2564 3441 2770 3495 ὥπλισε
2796 3443 2872 3511 τῷ
2897 3441 3053 3511 θυμῷ
3072 3442 3100 3494 6
3120 3440 3271 3503 Θεὸς,
3288 3441 3386 3510 οὐχ
3421 3441 3508 3494 ἴνα
3537 3441 3598 3492 16
3620 3439 3775 3508 ξίφος

2201 3542 2342 3595 κατά
2360 3541 2469 3593 τῶν
2492 3540 2773 3611 ήμετέρων
2799 3538 3088 3609 σωμάτων,
3112 3536 3229 3590 ἀλλ’
3257 3536 3345 3589 ἵνα
3366 3534 3659 3607 ὁλόκληρον
3673 3536 3773 3606 τὴν

2206 3636 2479 3708 μάχαιραν
2531 3640 2608 3699 είς
2639 3636 2697 3688 16
2728 3635 2821 3687 τοῦ
2876 3633 3122 3687 διαϐόλου
3170 3631 3360 3701 στῆθος
3398 3630 3773 3701 βαπτίζωμεν.

2218 3735 2362 3786 Ἐκεῖ
2388 3732 2448 3785 16
2473 3732 2624 3799 ξίφος
2652 3731 2933 3800 ἒγκλεισον
2963 3730 3127 3800 μέχρι
3150 3728 3250 3797 τῆς
3287 3726 3477 3797 λαϐῆς,
3500 3728 3548 3779 εί
3569 3726 3772 3797 βούλει,

2205 3833 2297 3884 καὶ
2319 3830 2415 3900 τὴν
2445 3828 2613 3899 λαϐὴν
2642 3829 2830 3897 αὐτὴν,
2866 3829 2961 3881 καὶ
3001 3827 3269 3897 μηδέποτε
3298 3825 3602 3895 ἐκσπάσῃς,
3634 3814 3791 3877 ἀλλᾶ

2205 3927 2299 3981 καὶ
2327 3927 2514 3996 ἕτερον
2544 3925 2796 3996 πρόσθες.
2821 3924 2991 3978 Τοῦτο
3032 3923 3089 3976 δὲ
3111 3922 3283 3989 ἔσται,
3318 3923 3445 3975 ὅταν
3468 3919 3627 3991 ήμῶν
3657 3936 3778 3988 φει-

2204 4021 2444 4093 δώμεθα,
2476 4022 2603 4075 ὅταν
2632 4020 2922 4092 εἰρηνικῶς
2952 4021 3087 4091 πρὸς
3113 4018 3377 4089 ἀλλήλους
3406 4013 3774 4085 ὃιακεὼμεθα.

2218 4119 2455 4190 Ἑῤῥέτω
2485 4121 2766 4188 χρήματα,
2827 4115 3033 4188 ἐρρέτω
3082 4114 3206 4180 δόξα
3260 4114 3354 4167 καὶ
3402 4111 3775 4181 εύδοκίμησις·

2207 4212 2423 4266 πάντων
2467 4212 2524 4265 τὸ
2570 4212 2728 4281 μέλος
2782 4212 2842 4264 16
2877 4210 3009 4280 ἐμὸν
3043 4210 3167 4280 ἐμοὶ
3215 4206 3559 4278 τιμιώτερον.
3591 4206 3781 4258 Ταῦτα

2206 4304 2450 4374 λέγωμεν
2483 4305 2616 4377 πρὸς
2641 4304 2865 4368 ἐαυτούς
2886 4320 2900 4333 ·
2960 4303 3033 4374 μὴ
3058 4302 3154 4374 τὴν
3183 4302 3343 4371 φύσιν
3373 4301 3647 4371 ἀδικῶμεν
3679 4300 3781 4370 τὴν

2206 4405 2500 4476 ἡμετέραν,
2525 4405 2609 4457 ἵνα
2666 4405 2918 4474 χρήματα
2950 4399 3302 4472 κτησώμεθα.
3335 4400 3423 4453 ἵνα
3452 4399 3607 4468 δόξης
3654 4398 3782 4450 ἐπι-

2208 4503 2481 4573 τύχωμεν.
2546 4501 2606 4553 '0
2660 4501 2955 4563 κλέπτων,
2992 4497 3201 4566 μηκέτι
3225 4495 3546 4557 κλεπτέτω,
3590 4496 3780 4563 φησίν.

2221 4600 2381 4670 Ὁρᾷς
2414 4597 2534 4650 τίνα
2562 4596 2629 4649 τὰ
2668 4596 2802 4666 μέλη
2832 4592 2925 4645 τοῦ
2955 4593 3184 4646 παλαιοῦ
3206 4591 3491 4663 ἀνθρώπου
3516 4607 3530 4654 ;
3561 4589 3779 4659 ψεῦδος,

2213 4692 2563 4765 μνησικακίαι,
2590 4691 2783 4752 κλοπή.
2807 4689 2906 4741 Διά
2934 4690 2984 4740 τί
3012 4690 3085 4759 μὴ
3113 4686 3286 4749 εἶπεν,
3324 4688 3381 4739 '0
3401 4685 3651 4740 κλέπτων
3685 4703 3781 4737 κο-

2208 4790 2471 4855 λαζέσθω,
2503 4787 2893 4858 βασανιζέσθω.
2936 4785 3332 4857 στρεϐλούσθω,
3370 4784 3525 4848 ἀλλὰ,
3556 4783 3779 4849 Μηκέτι

2212 4888 2558 4942 κ.ῖεπτέτω⁶
2594 4884 2837 4954 μᾶλλον
2865 4881 2932 4936 δὲ
2965 4881 3224 4936 κοπιάτω
3276 4880 3663 4949 ἐργαζόμενος
3714 4881 3781 4932 τὸ

2210 4984 2437 5052 ἀγαθὸν
2491 4982 2620 5047 ταῖς
2673 4980 2906 5049 χερσίν.
2968 4979 3069 5031 ἵνα
3111 4962 3651 5047 ἔκη’μεταὸιὸόναι
3703 4976 3785 5040 τῷ

2214 5081 2423 5151 χρείαν
2451 5081 2653 5148 ἕχον-τι
2674 5093 2693 5141 ;
2716 5077 2826 5130 Ποῦ
2844 5077 2893 5127 οἱ
2916 5074 3159 5144 καθαροὶ
3186 5072 3550 5144 λεγόμενοι,οί
3580 5072 3785 5135 παντὸς

2215 5178 2388 5250 ῥύπου
2415 5178 2697 5246 γέμοντες,
2732 5175 2826 5228 καλ⁸
2855 5173 3014 5226 τοῦτο
3065 5174 3292 5235 ἑαυτοὺς
3337 5171 3623 5241 ὀνομάζειν
3660 5173 3784 5223 τολ-

2217 5274 2461 5346 μῶντες;
2492 5272 2647 5325 Ἔστι
2680 5271 2810 5340 γὰρ,
2842 5269 2988 5321 ἐστιν
3016 5268 3391 5323 ἀποδύσασθαι
3415 5269 3477 5321 16
3508 5268 3781 5338 ἔγκλημα,

2212 5374 2272 5427 ού
2299 5371 2376 5441 τῷ
2431 5372 2620 5438 στῆναι
2655 5369 2812 5439 μόνον
2841 5366 2934 5419 τοῦ
2970 5365 3121 5439 1106]
3175 5367 3592 5438 ἁμαρτήματος,
3648 5365 3784 5418 ἀλλά

2213 5461 2308 5515 καὶ
2330 5459 2405 5529 τῷ
2426 5459 2627 5526 ἀγαθόν
2643 5475 2693 5510 τι
2717 5455 3074 5526 ἐργάσασθαι.
3103 5455 3296 5525 Ὀρᾶτε
3320 5455 3437 5519 πῶς
3455 5453 3787 5508 ἀπολύεσθαι

2211 5547 2282 5602 τά
2319 5549 2688 5617 ἁμαρτήματα
2723 5544 2836 5610 δεῖς
2866 5541 3159 5610 Ἔκλεψαν,
3181 5543 3337 5596 τοῦτό
3375 5545 3490 5595 ἐστι
3514 5541 3575 5594 16
3609 5540 3789 5611 ἁμάρ-

2218 5654 2367 5708 τημα
2397 5635 2617 5705 πρᾶξαν
2641 5634 2738 5688 οῦκ
2768 5631 3023 5703 ἔκλεψαν,
3051 5631 3209 5686 τοῦτο
3232 5633 3329 5686 οὐκ
3354 5632 3468 5687 ἐστι
3508 5631 3569 5685 16
3603 5631 3788 5701 ἀμάρα-
