4042 6212
367 219 458 274 t0!
1243 228 1307 284 ΙΝ
1347 231 1562 291 EPlST.
1606 236 1695 290 AD
1734 235 1973 293 El’HES.
2016 239 2166 298 CAP.
2212 245 2299 300 IV.
2345 249 2575 311 llOMlL.
2619 252 2758 312 XIV.

358 339 428 391 ab
466 353 532 390 eo
577 337 847 405 didicerit,
891 357 996 397 non
1041 344 1272 414 amplius
1317 349 1507 418 pergit.
1562 351 1698 418 Quid
1744 364 1942 420 autem,

358 431 575 501 quando
612 449 786 504 neque
816 435 1004 490 oculus
1029 477 1043 500 ,
1077 452 1250 508 neque
1275 454 1368 510 pes
1397 441 1659 499 invenerit
1682 446 1949 514 quomodo

357 523 652 589 discernat,
687 526 780 580 sed
810 535 978 581 totum
1007 529 1075 582 sit
1105 529 1380 595 odoratus.
1401 543 1459 588 ut
1489 544 1666 590 utrum
1694 538 1764 591 sit
1789 553 1948 594 vene.

360 632 486 668 num
530 616 690 671 letale
739 633 910 672 necne
937 660 951 684 ,
986 635 1114 676 num
1141 635 1202 676 os
1233 622 1366 678 fallit
1395 625 1683 682 odoratus?
1708 628 1942 686 Minime.

358 709 571 774 Quare?
597 708 729 762 Nam
756 709 992 778 seipsum
1018 728 1228 782 quoque
1257 716 1430 782 perdit
1458 717 1501 770 si
1529 717 1676 772 fallat
1703 737 1716 773 :
1743 721 1837 774 sed
1866 722 1946 775 di-

358 802 446 854 cit'
463 800 599 868 quod
628 800 730 854 sibi
762 802 1017 855 occurrit.
1043 802 1179 870 Quid
1207 819 1334 859 vero
1362 805 1539 876 lingua
1558 849 1571 870 ,
1601 809 1803 863 fallitne
1829 819 1943 865 sto-

360 891 654 945 machum?
687 907 792 944 non
821 908 942 945 cum
977 908 1214 949 amarum
1245 896 1460 965 quidem
1493 899 1703 964 viderit,
1738 901 1938 971 rejicit;

357 983 437 1037 sin
476 993 654 1037 autem
701 983 890 1049 dulce,
925 987 1269 1041 transmittit?
1317 987 1447 1044 Vide
1477 991 1861 1057 ministerium,
1889 1004 1944 1048 et

355 1076 629 1128 servitutis
652 1077 1142 1132 remunerationem
1176 1097 1189 1133 :
1222 1079 1340 1136 vide
1366 1097 1548 1136 curam
1579 1093 1633 1138 et
1663 1086 1940 1154 providen-

359 1165 482 1219 tiam
509 1181 574 1220 ex
608 1168 836 1221 veritate
867 1177 1038 1222 ortam
1062 1210 1078 1236 ,
1109 1170 1267 1241 idque
1318 1173 1480 1228 alacri
1511 1183 1561 1230 ct
1595 1187 1856 1246 prompto,
1885 1187 1942 1234 ut

356 1255 426 1309 ita
456 1253 629 1310 dieam
650 1296 666 1321 ,
695 1257 898 1312 animo.
931 1256 1007 1312 lta
1033 1274 1132 1314 nos
1160 1276 1371 1331 quoque
1399 1279 1466 1318 ne
1496 1267 1816 1321 mentiamur
1841 1283 1940 1324 nec

355 1346 630 1411 fallamus,
662 1348 706 1400 si
738 1364 925 1402 sumus
972 1351 1107 1404 alter
1152 1352 1374 1408 alterius
1411 1357 1671 1412 membra.
1702 1357 1814 1414 Hoc
1857 1371 1940 1415 est

354 1439 608 1493 indicium
629 1439 916 1504 amicitiae;
940 1444 1267 1497 contrarium
1289 1453 1466 1500 autem
1521 1447 1934 1506 inimicitiarum.

351 1530 489 1598 Quid
518 1546 670 1597 vero,
703 1532 894 1601 inquit,
925 1533 970 1586 si
1006 1533 1320 1590 insidietur?
1359 1536 1510 1604 Quod
1536 1554 1721 1595 verum
1747 1551 1829 1595 est
1853 1542 1937 1598 di-

350 1636 445 1677 sce
476 1639 490 1672 :
523 1638 644 1675 nam
671 1625 716 1678 si
748 1623 1052 1690 insidietur,
1088 1641 1195 1680 non
1227 1634 1308 1682 est
1334 1629 1646 1684 membrum.
1677 1631 1818 1687 Dixit
1841 1648 1938 1688 au-

353 1724 484 1775 tem,
517 1713 594 1768 Ne
623 1716 950 1770 mentiamini
978 1717 1237 1773 adversus
1268 1720 1525 1776 membra.
1551 1721 1862 1792 Irascimini,
1891 1735 1939 1780 et

351 1807 515 1859 nolite
555 1822 779 1874 peccare.
832 1807 962 1863 Vide
1006 1809 1368 1878 sapientiam:
1401 1823 1454 1869 et
1500 1813 1630 1870 dicit
1671 1819 1938 1886 quomodo

353 1911 470 1950 non
505 1911 805 1964 peccemus,
831 1906 882 1952 et
908 1913 1003 1953 eos
1031 1901 1118 1970 qui
1149 1917 1254 1956 non
1282 1903 1583 1961 obedicrint
1619 1923 1804 1964 rursus
1832 1927 1936 1966 non

355 1987 621 2055 relinquit
650 2006 665 2042 :
693 2004 792 2042 non
819 1990 958 2044 enim
992 1990 1211 2048 dimittit
1239 1996 1438 2050 viscera
1481 2013 1577 2053 sua
1619 2001 1934 2069 spiritualia.

355 2077 510 2133 Sicut
555 2080 692 2134 enim
735 2080 970 2136 medicus
997 2094 1198 2152 aegroto
1228 2086 1443 2154 quidem
1475 2088 1602 2144 dicit
1650 2107 1768 2160 quae
1815 2104 1938 2148 sunt

351 2169 597 2238 agenda;
623 2169 761 2241 quod
791 2171 836 2225 si
868 2171 959 2227 ille
989 2182 1046 2227 ut
1070 2189 1132 2228 ea
1162 2174 1318 2240 faciat
1343 2193 1447 2232 non
1475 2180 1805 2249 sustinuerit,
1831 2199 1934 2238 non

353 2269 536 2315 tamen
567 2275 686 2315 eum
716 2261 961 2332 despicit,
997 2265 1089 2318 sed
1121 2268 1492 2336 persuadendo
1519 2271 1778 2328 adhibens
1803 2290 1935 2330 con-

351 2351 552 2416 silium,
580 2367 763 2406 rursus
789 2363 942 2408 curat
970 2372 983 2410 :
1013 2356 1083 2410 ita
1113 2359 1273 2413 etiam
1299 2358 1514 2415 Paulus.
1537 2361 1669 2418 Nam
1692 2366 1779 2434 qui
1806 2367 1935 2422 illud

351 2445 568 2512 quidem
593 2445 737 2512 facit,
757 2464 950 2519 nempe
971 2451 1057 2520 qui
1081 2451 1324 2522 deSpicit,
1349 2455 1572 2524 gloriam
1598 2458 1768 2513 solum
1788 2476 1938 2531 quae-

352 2535 452 2600 rit,
486 2546 541 2590 et
584 2553 728 2606 aegre
768 2538 870 2593 fert
914 2541 1052 2608 quod
1099 2544 1166 2596 sit
1208 2554 1590 2614 contemptus:
1620 2551 1708 2618 qui
1756 2563 1933 2608 autem

348 2639 566 2694 semper
590 2627 779 2695 quazril
805 2630 1090 2685 sanitatem
1143 2632 1457 2703 laborantis,
1487 2636 1589 2692 hoc
1637 2655 1798 2695 unum
1844 2659 1932 2696 so-

350 2717 462 2770 lum
493 2728 698 2787 spectat
729 2730 786 2773 ut
814 2720 1080 2790 iacentem
1131 2726 1396 2781 restituat.
1429 2728 1542 2784 Hoc
1570 2747 1782 2804 quoque
1813 2735 1936 2791 facit

350 2807 552 2862 Pau!us
581 2809 788 2874 dicens,
822 2811 996 2866 Nolite
1019 2815 1228 2870 mentiri
1261 2832 1274 2871 :
1303 2817 1348 2872 si
1373 2821 1586 2889 quando
1609 2835 1786 2880 autem
1818 2838 1933 2882 orta

347 2897 420 2951 sit
445 2898 522 2952 ira
552 2914 617 2954 ex
647 2900 924 2958 mendacio
947 2945 964 2971 ,
999 2906 1098 2960 hoc
1128 2922 1338 2979 quoque
1377 2927 1562 2969 rursus
1602 2927 1772 2971 curat.
1798 2918 1933 2986 Quid

349 2989 497 3042 enim
529 2991 695 3045 dicit?
723 2990 1032 3063 Irascimini,
1062 3007 1111 3052 et
1157 3001 1312 3055 nolite
1357 3020 1582 3073 peccare.
1622 3007 1824 3064 Bonum
1853 3021 1936 3066 est

350 3080 498 3134 enim
548 3096 651 3136 non
695 3082 888 3148 irasci;
919 3087 1013 3140 sed
1040 3088 1084 3141 si
1111 3090 1230 3159 quis
1259 3092 1545 3162 aliquando
1573 3098 1621 3150 in
1654 3113 1770 3153 eam
1800 3101 1931 3156 inei-

351 3169 492 3224 derit
517 3171 748 3242 culpam,
775 3189 840 3230 ne
873 3185 1046 3232 tamen
1073 3180 1140 3233 sit
1167 3181 1437 3239 diuturna.
1467 3188 1584 3254 Sol,
1616 3189 1804 3261 inquit,
1834 3210 1935 3248 non

350 3262 549 3314 occidat
575 3279 727 3331 super
747 3266 1058 3322 iracundiam
1080 3281 1313 3326 vestram.
1336 3273 1427 3330 Vis
1455 3277 1529 3331 ira
1561 3279 1808 3348 impleri?
1827 3284 1937 3338 suf-

353 3351 465 3405 ﬁcit
494 3354 584 3407 tibi
619 3371 724 3409 una
753 3357 881 3411 hora
909 3370 962 3414 et
990 3361 1155 3416 altera
1183 3372 1239 3419 et
1269 3369 1455 3436 tertia;
1483 3386 1550 3426 ne
1570 3373 1719 3428 vobis
1740 3377 1936 3434 relictis

351 3443 582 3499 inimicis
611 3447 692 3500 sol
721 3450 954 3505 recedat.
985 3453 1144 3510 Ortus
1165 3465 1250 3512 est
1272 3474 1297 3510 a
1327 3461 1562 3518 bonitate
1586 3481 1600 3518 :
1629 3481 1694 3520 ne
1721 3471 1937 3525 recedat

349 3549 474 3588 cum
497 3534 692 3591 luserit
719 3541 856 3608 apud
885 3541 1151 3612 indignos.
1176 3547 1308 3602 Nam
1337 3551 1381 3604 si
1410 3552 1665 3610 Dominus
1691 3573 1810 3612 cum
1839 3561 1934 3614 mi-

349 3623 423 3677 sit
443 3639 505 3678 ex
527 3626 690 3679 multa
716 3627 969 3697 bonitate,
991 3643 1042 3687 et
1064 3646 1280 3704 precata
1306 3639 1398 3693 tibi
1427 3644 1650 3709 remisit,
1674 3654 1730 3700 tu
1755 3660 1932 3704 autem

351 3714 600 3780 proximo
626 3731 731 3770 non
763 3721 1010 3786 remittis,
1037 3725 1155 3778 vide
1184 3739 1438 3796 quantum
1470 3733 1538 3786 sit
1561 3736 1774 3791 malum.
1799 3739 1932 3795 Cum

351 3803 458 3857 hoc
487 3815 668 3861 autem
698 3809 840 3862 malo
867 3820 948 3866 est
971 3814 1117 3868 aliud
1145 3833 1356 3888 quoque
1383 3836 1398 3874 :
1433 3822 1582 3879 timet
1607 3826 1798 3883 Paulus
1817 3871 1832 3896 ,
1867 3847 1935 3887 ne

349 3897 399 3949 si
431 3912 533 3950 nos
557 3913 678 3953 eum
705 3903 794 3971 qui
817 3912 900 3957 est
929 3905 1120 3975 injuria
1149 3909 1372 3966 allectus
1400 3914 1450 3969 in
1479 3917 1764 3976 solitudine
1790 3923 1934 3978 inve-

353 3990 498 4041 nerit
527 3990 934 4060 inflammatum,
966 3999 1141 4069 ignem
1181 4005 1457 4061 accendat.
1491 4008 1618 4065 Nam
1657 4016 1929 4082 quamdiu,

348 4076 482 4132 dum
528 4091 611 4134 est
654 4082 804 4144 dies.
839 4087 1004 4143 multa
1055 4094 1294 4157 excutis,
1325 4095 1449 4152 licet
1493 4099 1586 4154 tibi
1632 4105 1930 4162 exsatiari:

347 4170 568 4240 quando
594 4181 771 4228 autem
822 4187 1041 4234 ventura
1067 4192 1150 4236 est
1175 4199 1396 4254 vespera
1421 4229 1436 4253 ,
1469 4193 1812 4250 reconciliare
1835 4237 1849 4261 ,
1879 4206 1933 4252 et

348 4275 548 4315 ret-ens
569 4264 766 4318 malum
795 4269 1093 4339 exstingue.
1125 4273 1252 4328 Nam
1280 4277 1323 4329 si
1353 4293 1456 4331 nox
1485 4283 1895 4350 apprehenderit
1913 4329 1928 4352 ,

348 4365 460 4404 non
493 4356 689 4422 poterit
717 4355 832 4411 dies
865 4375 1115 4428 sequens,
1163 4366 1358 4420 malum
1391 4382 1550 4425 noctu
1582 4388 1792 4445 quoque
1835 4394 1929 4433 co-

346 4453 529 4495 actum
560 4455 616 4498 et
641 4459 1014 4516 congregatum
1045 4454 1382 4525 exstinguere
1407 4475 1421 4523 ;
1465 4461 1559 4516 sed
1585 4464 1790 4520 etiamsi
1820 4484 1932 4523 ma-

341 4531 522 4599 jorem
556 4545 760 4601 partem
792 4542 1105 4608 resecucris,
1141 4552 1306 4600 totum
1341 4557 1517 4605 autem
1568 4569 1673 4610 non
1716 4560 1888 4626 possis
1910 4601 1926 4626 ,

344 4621 442 4676 dat
468 4637 657 4678 rursus
697 4631 936 4696 sequenti
984 4634 1125 4687 nocti
1167 4651 1234 4691 ex
1277 4653 1342 4692 eo
1382 4643 1520 4710 quod
1561 4654 1644 4700 est
1687 4649 1928 4709 relictum

343 4712 610 4780 majorem
639 4731 825 4786 rogum
857 4719 1153 4778 faciendum
1185 4743 1196 4780 :
1227 4736 1282 4782 et
1308 4730 1446 4786 sicut
1473 4736 1572 4802 sol,
1604 4737 1648 4792 si
1679 4741 1819 4808 quod
1846 4751 1928 4797 est

341 4805 489 4858 aeris
511 4805 565 4858 in
594 4808 787 4862 nubem
811 4822 1050 4868 coactum
1080 4825 1132 4870 et
1160 4820 1543 4881 cundensatnm
1571 4843 1667 4898 per
1691 4844 1924 4900 noctem,

340 4909 453 4949 non
485 4899 719 4965 potuerit
741 4902 916 4986 calore
947 4905 1138 4962 diurno
1163 4912 1372 4969 mollire
1398 4925 1452 4970 et
1480 4917 1806 4991 dispergere,
1836 4941 1928 4982 oc-

339 4984 490 5038 casio
512 4988 782 5055 przbetur
807 4977 1160 5065 tempestatis,
1188 5000 1312 5056 dum
1338 5021 1441 5059 nux
1466 4977 1716 5080 reliquias
1737 5030 1926 5086 appre-

340 5072 626 5142 henderit,
658 5088 711 5133 et
739 5096 830 5134 eas
859 5099 1045 5141 rursus
1089 5090 1208 5145 aliis
1258 5098 1541 5164 vaporibus
1581 5103 1773 5160 aluerit
1804 5125 1818 5160 :
1851 5109 1924 5164 ita

337 5163 510 5217 etiam
533 5164 588 5220 ἰη
615 5168 715 5224 ira.
749 5168 927 5225 Nolite
971 5176 1134 5231 locum
1176 5181 1564 5263 darejdiabolo.
1597 5191 1776 5263 Itaque
1803 5163 1921 5252 hei;

338 5251 460 5306 lum
490 5254 586 5309 sibi
611 5267 796 5314 mutuo
823 5263 1040 5332 inferre,
1068 5280 1148 5322 est
1175 5261 1348 5328 locum
1376 5277 1504 5334 dare
1528 5251 1759 5340 diabolo.

331 5356 468 5397 cum
510 5359 780 5414 oporteret
806 5367 993 5410 omnes
1023 5357 1179 5413 simul
1206 5377 1325 5418 esse
1353 5370 1680 5442 constipatos
1712 5385 1764 5429 et
1793 5393 1922 5433 cun-

331 5435 596 5492 denwa
621 5481 635 5506 ,
665 5451 720 5497 et
743 5444 999 5502 adversus
1029 5450 1175 5506 illum
1204 5464 1345 5511 stare
1365 5499 1380 5524 ,
1407 5435 1595 5518 solulis
1639 5482 1756 5534 quae
1796 5479 1920 5526 sunt

331 5530 492 5583 nobis
515 5547 637 5586 cum
663 5534 752 5589 illo
773 5537 1082 5606 inimicitiis,
1095 5543 1345 5611 jubemus
1368 5559 1424 5604 ut
1447 5551 1580 5608 alter
1610 5530 1668 5610 inv
1690 5557 1918 5617 alterum

676 5721 944 5784 Parnm.
991 5725 1102 5786 Gn,
1164 5730 1327 5793 LXII

3530 281 3634 337 ΜΞ

2061 372 2452 421 convertamur.
2483 367 2780 441 Numquam
2819 377 2961 433 enim
3002 379 3176 438 locum
3221 388 3297 445 sic
3331 388 3487 449 habet
3515 398 3634 452 dia-

2055 447 2205 504 bolus
2237 463 2292 505 ut
2321 454 2372 507 in
2405 456 2712 517 inimicitiis.

2121 539 2176 594 2.
2219 541 2609 604 Inimicitiarum
2650 557 2786 610 mala
2811 576 2831 612 :
2859 566 3111 631 quomodo
3139 569 3239 623 sint
3277 574 3534 632 sedanda.
3558 611 3630 623 —

2053 629 2186 686 Hine
2231 635 2370 690 mala
2409 653 2704 699 nascuntur
2741 629 3039 710 innumera.
3095 658 3163 712 Et
3205 663 3340 718 sicut
3380 671 3632 736 quamdiu

2047 1003 2203 1058 unius
2232 1005 2320 1073 pili
2352 1009 2523 1064 solum
2558 1013 2734 1068 locum
2766 1025 2963 1088 teneat,
2996 1033 3164 1080 totum
3197 1045 3406 1087 murum
3439 1050 3628 1105 perva-

2045 1092 2259 1149 dentem
2281 1138 2295 1157 .
2338 1097 2438 1154 hoc
2467 1103 2644 1159 omnia
2684 1107 2930 1166 dissolvit
2959 1125 3011 1168 et
3042 1119 3252 1186 perdit:
3283 1122 3354 1178 ita
3384 1092 3542 1181 etiam
3574 1131 3624 1187 in

2051 1183 2307 1254 diabolo;
2339 1195 2590 1260 quamdiu
2633 1200 2846 1267 quidem
2892 1183 3151 1264 fuerimus
3179 1216 3446 1284 conjuncti
3493 1183 3624 1276 con:

2057 1273 2374 1348 densatique
2399 1298 2463 1337 ae
2493 1285 2630 1343 bene
2656 1296 2938 1362 compacti,
2971 1297 3099 1353 nihil
3125 1305 3343 1359 omnino
3375 1307 3533 1365 infert
3558 1329 3623 1371 ex

2045 1361 2108 1418 iis
2135 1383 2253 1436 qua:
2281 1385 2374 1425 sua
2405 1385 2566 1442 sunt;
2597 1382 2808 1448 quando
2852 1395 3028 1444 autem
3061 1407 3157 1447 nos
3197 1411 3381 1464 parum
3412 1403 3621 1459 mollie-

2041 1455 2126 1520 rit,
2155 1464 2421 1530 tamquam
2447 1475 2658 1525 torrens
2678 1473 2894 1542 quidam
2923 1478 3115 1538 inﬂuit.
3151 1455 3210 1539 Ei
3237 1491 3376 1543 enim
3409 1507 3624 1565 semper

2042 1546 2157 1600 solo
2185 1563 2320 1618 opus
2342 1563 2422 1608 est
2449 1556 2634 1626 initio;
2667 1572 2720 1617 et
2748 1563 2849 1620 hoc
2875 1577 2960 1624 est
2986 1573 3128 1641 quod
3158 1575 3447 1637 difﬁculter
3473 1546 3618 1644 recte

2041 1641 2379 1708 componitur
2409 1662 2421 1698 :
2448 1645 2550 1703 hoc
2571 1661 2746 1706 autem
2774 1655 2911 1712 facto
2935 1661 3046 1729 ipse
3072 1665 3172 1720 sibi
3194 1671 3369 1726 omnia
3395 1674 3617 1733 dilatat:

2041 1727 2296 1802 deinceps
2324 1736 2468 1790 enim
2489 1754 2649 1797 aures
2675 1748 2847 1815 aperit
2868 1750 3168 1821 calumniis,
3198 1767 3251 1812 et
3283 1761 3344 1816 iis
3367 1767 3455 1834 qui
3486 1767 3622 1822 falsa

2041 1818 2226 1876 dicunt
2255 1826 2426 1894 major
2454 1829 2738 1888 adhibetur
2765 1836 2900 1893 ﬁdes
2933 1858 2947 1894 :
2980 1857 3100 1898 nam
3133 1818 3624 1920 disceptantes

2041 1911 2169 1967 bent
2210 1916 2532 1988 inimicitias,
2565 1939 2670 1981 non
2706 1928 3031 1997 judicantem
3064 1940 3358 1998 veritatem.
3393 1947 3455 2001 Et
3483 1952 3620 2007 sicut

2041 2003 2085 2056 si
2129 2005 2199 2060 sit
2243 2011 2496 2075 amicitia,
2524 2016 2682 2070 etiam
2727 2021 2866 2077 mala
2893 2040 3016 2080 vera
3061 2029 3309 2088 videntur
3347 2035 3512 2104 falsa;
3544 2041 3614 2097 ita

2039 2093 2199 2149 etiam
2226 2096 2270 2152 si
2301 2099 2410 2154 sint
2444 2101 2738 2163 inimicitire
2763 2150 2776 2173 ,
2810 2112 2972 2168 etiam
3016 2116 3144 2172 falsa
3174 2121 3420 2182 videntur
3441 2145 3564 2184 vera
3597 2150 3610 2186 :

2040 2183 2142 2238 alia
2174 2195 2255 2241 est
2281 2204 2453 2258 mens,
2489 2194 2629 2250 aliud
2651 2197 2932 2270 judicium,
2962 2220 3068 2261 non
3095 2223 3164 2264 ex
3189 2227 3342 2283 :equo
3370 2218 3613 2286 audiens.

2040 2277 2132 2332 sed
2167 2294 2286 2334 cum
2331 2300 2518 2354 magna
2565 2288 2914 2350 inclinatione
2955 2307 3010 2353 et
3049 2301 3101 2355 in
3145 2303 3364 2362 alteram
3410 2323 3615 2380 partem

2040 2552 2231 2608 tiarum
2255 2596 2269 2620 ,
2303 2573 2422 2612 cum
2469 2560 2538 2616 sit
2583 2565 2799 2633 plumbo
2824 2573 3062 2641 gravius.
3095 2576 3452 2643 Quamobrem
3483 2605 3614 2660 rogo

2038 2655 2255 2711 agamus
2281 2649 2455 2704 omnia
2486 2691 2501 2716 ,
2535 2661 2593 2706 ut
2620 2665 2744 2711 ante
2773 2659 2902 2714 solis
2933 2677 3180 2721 occasum
3211 2673 3614 2746 exstinguamus

2039 2731 2364 2792 inimicitias.
2397 2738 2527 2794 Nam
2567 2743 2611 2797 si
2641 2747 2814 2814 primo
2838 2758 2894 2804 et
2919 2757 3160 2822 sequenti
3187 2758 3274 2814 die
3301 2731 3612 2825 easvtenue-

2041 2825 2138 2894 ris,
2169 2843 2314 2900 saepe
2343 2836 2501 2888 etiam
2532 2837 2598 2891 ad
2627 2853 2824 2895 annum
2854 2859 3022 2916 usque
3050 2851 3292 2908 extendis
3311 2893 3326 2921 ,
3351 2859 3492 2913 etde
3511 2874 3614 2915 cte-

2041 2924 2154 2972 tero
2183 2918 2312 2988 ipsae
2339 2924 2543 2994 seipsas
2569 2941 2765 2999 augent
2794 2933 3108 3005 inin'ticitiae,
3141 2957 3240 2999 nec
3264 2918 3442 3016 aliquo
3470 2951 3611 3006 indi-

2037 3017 2195 3075 gent;
2219 3019 2273 3064 et
2289 3027 2405 3080 quae
2427 3015 2582 3072 alites
2599 3018 2854 3078 dicuntur
2868 3024 3024 3081 aliter
3043 3032 3301 3100 suspicari
3330 3015 3606 3110 facientes,

2038 3100 2197 3154 etiam
2227 3113 2409 3172 gestus
2439 3107 2760 3183 habitusque
2787 3126 2844 3172 et
2868 3119 3144 3188 quodlibet
3188 3125 3420 3186 furorem
3464 3100 3611 3192 iure:

2040 3187 2203 3255 hunt,
2241 3203 2295 3247 et
2322 3195 2560 3254 efficiunt
2588 3212 2643 3256 ut
2670 3205 2820 3274 pejus
2855 3187 2914 3264 se
2939 3209 3168 3270 habeant
3196 3233 3353 3288 quam
3385 3223 3606 3297 furiosi,

2039 3279 2115 3334 ira
2144 3298 2316 3353 neque
2349 3303 2541 3345 nomen
2581 3293 2758 3350 dicere
2787 3313 2885 3354 nec
2928 3302 3115 3362 audire
3161 3311 3474 3386 sustinente,
3517 3323 3610 3377 sed

2039 3383 2103 3423 ex
2132 3374 2427 3432 maledictis
2453 3389 2507 3432 et
2537 3383 2792 3440 conviciis
2828 3389 3076 3460 loquente
3103 3400 3300 3455 omnia.
3330 3404 3608 3472 Quomodo

2038 3474 2166 3530 ergo
2196 3462 2328 3518 iram
2358 3467 2980 3544 molliemus?quomodo
3011 3482 3274 3544 flammam
3303 3498 3607 3569 exstingue-

2039 3553 2201 3607 mus?
2236 3554 2290 3608 Si
2331 3567 2512 3614 nostra
2549 3562 2788 3630 ipsorum
2835 3584 3048 3638 peccata
3090 3592 3270 3638 mente
3300 3601 3609 3664 versemus,

2039 3656 2099 3696 ac
2128 3656 2380 3713 quantum
2416 3650 2522 3705 Deo
2550 3653 2869 3726 debeamus,
2903 3673 2957 3720 et
2991 3667 3058 3722 ad
3087 3671 3136 3725 ei
3167 3675 3488 3738 reddendam
3521 3650 3607 3741 ra:

2039 3733 2236 3790 tionem
2276 3739 2445 3796 simus
2473 3744 2688 3802 obnoxii
2719 3767 2732 3803 :
2766 3753 2810 3805 si
2837 3755 3134 3825 cogitemus
3176 3769 3316 3835 quod
3349 3787 3454 3827 non
3484 3775 3607 3833 ulci-

2039 3826 2239 3881 scimur
2269 3830 2561 3901 inimicum,
2595 3838 2690 3894 sed
2730 3856 2827 3896 nos
2853 3843 2999 3914 ipsos
3031 3868 3044 3904 :
3077 3853 3120 3906 si
3147 3859 3440 3925 cogitemus
3466 3869 3609 3936 quod

2044 3915 2140 3936 ,,_,
2199 3919 2210 3936 ,
2337 3923 2349 3936 .
2598 3927 2696 3936 --.

2038 3915 2307 3974 diabolum
2337 3923 2519 3979 laetitia
2558 3927 2818 3988 afficimus
2839 3975 2856 4001 ,
2889 3949 3132 3998 nostrum
3164 3945 3434 4006 inimicum
3462 3915 3498 4017 ,Ἰ
3522 3963 3611 4027 qui

2041 4021 2164 4064 vere
2190 4019 2272 4064 est
2299 4013 2566 4083 inimicus,
2597 4032 2816 4091 propter
2843 4043 2999 4094 quem
3029 4036 3269 4093 membro
3306 4053 3490 4100 nostro
3530 4050 3610 4104 in-

2031 4096 2227 4167 juriam
2259 4100 2504 4160 facimus.
2542 4107 2632 4164 Vis
2661 4124 2892 4184 acceptae
2923 4119 3127 4189 injuria:
3154 4140 3274 4183 esse
3304 4147 3528 4202 memor,
3561 4151 3615 4195 et

2036 4186 2326 4244 inimicus?
2353 4193 2435 4248 Sis
2464 4196 2731 4266 inimicus,
2758 4205 2852 4258 sed
2881 4207 3100 4279 diaboli,
3125 4230 3228 4270 non
3258 4223 3481 4280 membri
3513 4233 3620 4286 tui.

2039 4278 2325 4351 Propterea
2367 4302 2464 4342 nos
2509 4291 2689 4347 animo
2727 4303 2780 4348 et
2818 4297 2893 4351 ira
2936 4307 3157 4359 armarit
3201 4309 3373 4380 Deus,
3416 4334 3522 4374 non
3555 4333 3613 4378 ut

2038 4385 2220 4426 ensem
2249 4375 2299 4427 in
2331 4387 2511 4433 nostra
2537 4394 2763 4451 corpora
2785 4387 3078 4460 adigamus,
3105 4397 3196 4451 sed
3227 4409 3283 4454 ut
3312 4375 3475 4461 totum
3497 4412 3612 4479 gla-

2037 4459 2180 4514 dium
2222 4463 2272 4517 in
2318 4465 2516 4522 diaboli
2559 4481 2746 4540 pectus
2793 4459 3193 4552 immergatnus.
3241 4490 3352 4548 Illic
3395 4459 3610 4558 ὶιιέιῖιᾶθ

2037 4565 2218 4607 ensem
2249 4570 2414 4623 usque
2435 4559 2501 4614 ad
2532 4563 2803 4631 capulum,
2835 4569 2879 4622 si
2910 4571 3011 4636 vis,
3044 4585 3090 4629 et
3127 4576 3298 4646 ipsum
3321 4591 3564 4656 capulum
3586 4629 3602 4655 ,

2036 4659 2136 4698 nec
2173 4661 2423 4716 umquam
2465 4653 2758 4719 evulseris,
2791 4658 2884 4713 sed
2911 4663 3071 4719 etiam
3107 4669 3244 4725 adde
3280 4653 3462 4734 alium.
3494 4683 3607 4742 Hoc

2033 4743 2210 4790 autem
2239 4738 2329 4792 fiet
2350 4741 2562 4809 quando
2589 4745 2742 4801 nobis
2769 4747 2897 4817 ipsis
2927 4766 3228 4827 parcemus,
3255 4771 3468 4835 quando
3490 4738 3606 4843 pls;

2032 4837 2147 4881 cate
2165 4829 2303 4884 inter
2327 4845 2425 4886 nos
2445 4833 2617 4890 an‘ecti
2639 4839 2860 4896 erimus.
2890 4841 3117 4903 Peream
3139 4829 3397 4924 pecuniae,
3423 4829 3606 4929 pereat

2031 4919 2196 4988 gloria
2243 4931 2298 4976 et
2350 4922 2485 4977 bona
2537 4928 2866 4987 existimatio
2907 4952 2919 4988 :
2953 4919 3153 4995 meum-
3180 4948 3480 5005 membrum
3521 4970 3605 5010 est

2034 5014 2165 5071 mihi
2207 5019 2453 5076 omnibus
2493 5024 2803 5093 pretiosius.
2847 5028 2971 5086 flare
3013 5036 3152 5106 apud
3197 5055 3293 5096 nos
3321 5043 3611 5107 dicamus:

2031 5106 2107 5162 Ne
2137 5118 2334 5164 nostra:
2376 5121 2579 5168 natura:
2623 5115 2870 5186 injuriam
2913 5122 3206 5194 faciamus,
3257 5142 3312 5186 ut
3351 5142 3603 5202 pecunias

2030 5199 2399 5268 acquiramns,
2433 5211 2488 5257 ut
2514 5205 2736 5275 gloriam
2767 5224 3172 5282 consequamur.
3206 5219 3294 5275 28.
3320 5199 3422 5287 Qui
3457 5232 3602 5298 fora-

2029 5297 2147 5353 tur,
2183 5291 2295 5360 jam
2340 5309 2438 5346 non
2485 5299 2713 5364 furatur,
2756 5299 2946 5371 inquit.
3001 5303 3160 5360 Vides
3203 5291 3601 5377 quamam-sint

2029 5383 2266 5436 membra
2291 5386 2486 5438 veteris
2518 5388 2791 5446 hominis?
2819 5393 3174 5464 mendacium,
3205 5415 3436 5475 acceptae
3463 5411 3598 5481 inju.

2004 5473 2121 5527 yria:
2151 5476 2481 5540 recordatio,
2525 5480 2746 5535 furtum.
2778 5481 2886 5536 Cur
2921 5495 3096 5541 autem
3138 5504 3244 5548 non
3282 5496 3451 5565 dixit,
3493 5505 3598 5574 Qui

2026 5561 2261 5628 furatur,
2294 5566 2582 5637 castigetur
2605 5611 2619 5633 ,
2651 5579 2956 5640 torqueatur
2979 5615 2994 5641 ,
3033 5579 3128 5634 sed
3153 5623 3170 5649 ,
3211 5582 3332 5642 Non
3374 5561 3596 5658 eum/ius

2029 5659 2264 5727 (aretur?
2292 5658 2457 5730 Magis
2474 5671 2642 5716 autem
2669 5664 2854 5720 laboret
2879 5671 3132 5738 aperando
3156 5674 3336 5728 bonum
3364 5686 3594 5738 manibus

3187 5774 3225 5834 7
