4042 6212
434 267 540 324 103

435 381 570 446 suis,
601 389 656 432 ut
688 376 865 432 habeat
894 372 1026 428 unde
1055 370 1239 424 tribuat
1279 369 1620 424 necessitatem
1649 361 1881 435 patienti.
1913 358 2014 416 Ubi

433 479 558 526 sunt
586 469 673 538 qui
694 467 947 522 dicuntur
965 462 1180 519 Cathari
1213 462 1313 534 (a).
1343 461 1394 516 id
1419 468 1502 515 est
1523 457 1731 523 mundi,
1762 471 1848 526 qui
1871 451 2017 508 omni

434 560 594 615 sorde
627 557 770 630 pleni
815 557 886 611 ita
920 570 980 610 se
1023 553 1224 609 audent
1267 549 1596 608 nominare?
1625 549 1808 603 Potest
1836 546 1976 601 enim
1999 587 2014 614 ,

434 660 610 721 potest
640 649 844 704 crimen
873 646 996 702 exui
1020 689 1036 713 ,
1069 660 1176 699 non
1205 643 1377 698 solum
1405 657 1472 697 eo
1497 639 1640 712 quod
1669 639 1957 694 desistatur
1983 651 2016 691 a

436 750 676 812 peccato,
710 739 803 796 sed
835 739 998 794 etiam
1024 751 1089 792 eo
1115 735 1260 806 quod
1299 737 1390 789 fiat
1422 735 1620 788 bonum
1651 729 1885 802 aliquod.
1923 730 2016 785 Vi-

433 835 574 889 detis
598 831 864 904 quomodo
883 837 1133 900 oporteat
1153 841 1348 882 exuere
1371 836 1589 896 peccata
1609 825 1632 878 ?
1654 824 1832 879 Furati
1854 831 2013 886 sunt;

437 926 538 983 hoc
563 933 648 980 est
684 933 959 995 peccatum
995 921 1278 975 admittere
1307 936 1323 974 :
1353 933 1458 974 non
1503 916 1662 973 furati
1711 927 1872 983 sunt;
1916 917 2018 972 hoc

434 1033 541 1074 non
565 1027 644 1072 est
667 1024 943 1088 peccatum
967 1013 1180 1068 solvere
1204 1029 1218 1077 ;
1248 1011 1341 1067 sed
1367 1008 1635 1081 quomodo
1659 1009 1682 1060 ?
1707 1009 1763 1064 Si
1802 1009 2016 1064 labora-

436 1116 598 1170 runt,
640 1115 695 1162 et
725 1105 842 1161 aliis
871 1104 1245 1175 impertierunt
1269 1121 1282 1156 :
1308 1103 1385 1158 sic
1412 1102 1687 1157 solverunt
1715 1110 2013 1170 peccatum.

437 1179 551 1252 Non
580 1197 692 1252 vult
719 1195 892 1251 solum
920 1210 1018 1252 nos
1045 1195 1310 1260 laborare,
1335 1192 1428 1248 sed
1454 1193 1522 1246 ita
1553 1191 1798 1246 laborare
1820 1201 1875 1246 ut
1897 1190 2018 1245 aliis

433 1289 846 1359 impertiamus:
877 1301 1000 1342 nam
1037 1287 1196 1342 etiam
1233 1286 1324 1356 qui
1363 1285 1567 1340 furatur
1589 1292 1879 1356 Operatur,
1920 1281 2017 1338 sed

435 1382 657 1437 malum.
694 1381 785 1436 29.
835 1380 1014 1436 Omnis
1052 1395 1214 1435 sermo
1262 1379 1426 1432 nutus
1475 1393 1538 1432 ea:
1580 1393 1668 1431 ore
1712 1386 1874 1432 vestro
1916 1392 2019 1430 non

433 1474 692 1542 procedat.
724 1473 854 1542 Quis
876 1481 957 1528 est
983 1486 1163 1528 sermo
1186 1471 1354 1526 malus
1381 1470 1404 1523 ?
1434 1469 1504 1536 Is,
1528 1484 1685 1538 quem
1709 1471 1868 1524 etiam
1890 1467 2020 1522 dicit

433 1567 687 1630 otiosum,
711 1564 991 1631 detractio,
1014 1563 1296 1618 obscaenius
1316 1575 1517 1624 sermo,
1542 1558 1862 1623 scurrilitas,
1886 1558 2020 1614 stul-

435 1657 740 1728 tiloquium.
784 1655 950 1711 Vides
997 1653 1271 1724 quomodo
1313 1652 1579 1708 exscindit
1633 1652 1727 1707 ira:
1772 1651 2016 1718 radices,

433 1750 770 1806 mendacium
794 1791 808 1815 ,
839 1749 1071 1816 furtum,
1103 1749 1531 1818 intempestivam
1558 1747 2019 1818 disputationem?

434 1843 566 1898 Illud
594 1853 798 1907 autem,
834 1841 954 1897 Non
983 1842 1204 1911 amplius
1233 1845 1450 1911 furetur,
1483 1856 1589 1896 non
1617 1850 1723 1896 tam
1755 1841 1882 1896 dicit
1912 1841 2018 1896 illis

433 1934 720 2005 ignoscens
745 1974 760 2000 ,
803 1948 963 2004 quam
1007 1934 1164 1989 mites
1211 1943 1267 1988 et
1309 1933 1602 1988 clementes
1644 1947 1740 1988 eos
1784 1931 2018 1988 reddens

432 2025 623 2095 quibus
650 2024 786 2079 facta
816 2033 932 2080 erat
960 2025 1154 2091 injuria
1179 2065 1193 2090 ,
1223 2033 1278 2080 et
1304 2024 1538 2080 suadens
1565 2033 1622 2079 ut
1668 2039 1734 2080 eo
1778 2024 2017 2080 contenti

431 2120 539 2174 sint
557 2161 572 2182 ,
604 2119 748 2188 quod
776 2133 883 2173 non
909 2119 1018 2173 sint
1044 2134 1104 2173 ea
1132 2118 1364 2188 amplius
1392 2119 1622 2188 passuri.
1655 2119 1798 2174 Bene
1837 2128 2015 2174 autem

432 2211 502 2268 de
523 2209 702 2266 verbis
730 2219 913 2265 monet
941 2227 955 2264 :
987 2209 1105 2264 Non
1136 2209 1307 2264 solum
1333 2209 1475 2264 enim
1507 2225 1708 2277 rerum,
1735 2211 1829 2264 sed
1855 2210 2016 2265 etiam

435 2302 718 2358 verborum
747 2316 934 2370 poenas
959 2300 1172 2356 damus.
1216 2301 1321 2356 Sed
1349 2301 1394 2355 si
1420 2302 1530 2371 quis
1557 2301 1716 2355 bonus
1744 2301 1812 2354 ad
1846 2301 2016 2368 aediﬁ-

431 2393 676 2446 cationem
703 2391 825 2460 fidei
852 2400 906 2446 ut
933 2391 1016 2446 det
1036 2393 1253 2462 gratiam
1281 2393 1617 2448 audientibus.
1650 2392 1760 2447 Hoc
1790 2403 1892 2460 est,
1917 2392 2020 2448 hoc

434 2482 606 2537 solum
637 2481 858 2552 loquere
885 2482 1029 2554 quod
1062 2483 1292 2538 aedificat
1317 2483 1640 2553 proximum,
1679 2485 1811 2540 nihil
1837 2493 2016 2540 autem

433 2587 914 2644 supervacaneum.

507 2667 561 2721 3.
614 2664 816 2737 Lingua
859 2666 1110 2736 quomodo
1157 2666 1417 2722 utendum.
1442 2697 1513 2708 --
1541 2667 1826 2736 Propterea
1876 2669 2018 2723 enim

435 2761 529 2816 tibi
555 2775 617 2816 os
645 2771 697 2815 et
740 2759 974 2830 linguam
1003 2757 1155 2814 dedit
1196 2759 1336 2814 Deus
1355 2800 1370 2826 ,
1402 2770 1461 2815 ιιι
1488 2759 1600 2813 Deo
1629 2775 1756 2830 agas
1781 2761 1980 2831 gratias
1999 2805 2013 2826 ,

434 2861 494 2906 ut
524 2851 824 2922 proximum
854 2849 1106 2906 aedifices.
1137 2850 1290 2918 Quod
1343 2851 1389 2905 si
1423 2850 1705 2906 ardificium
1735 2852 1980 2908 destruas
1999 2892 2016 2920 ,

435 2942 628 2997 melius
659 2949 744 2996 est
781 2941 970 3008 silere,
1013 2950 1068 2996 et
1107 2956 1396 3013 numquam
1440 2942 1604 3014 loqui.
1655 2943 1786 2998 Nam
1828 2959 2017 2999 manus

434 3031 674 3096 artificis,
703 3045 820 3102 qua:
853 3046 953 3102 pro
981 3032 1252 3087 struendis
1283 3032 1449 3088 muris
1476 3035 1744 3102 deputatae
1770 3075 1784 3099 ,
1813 3033 2017 3089 didice-

435 3123 856 3190 riutdestrucre,
885 3123 1006 3194 jure
1031 3123 1491 3180 cxscinderentur.
1520 3124 1730 3180 Etenim
1763 3127 1865 3182 hoc
1883 3142 2017 3197 quo-

433 3231 538 3286 que
581 3215 711 3270 dicit
753 3214 1197 3287 psalmographus
1241 3233 1256 3272 :
1303 3215 1491 3270 Perdet
1537 3215 1790 3272 Dominus
1847 3218 2018 3271 onmia

436 3305 569 3360 labia
595 3305 774 3360 dolosa
806 3305 976 3376 (Psat.
1008 3306 1096 3360 ii.
1129 3306 1207 3377 4).
1239 3305 1354 3362 Hoc
1386 3321 1448 3361 os
1475 3315 1558 3363 est
1592 3323 1751 3363 causa
1777 3307 2018 3363 omnium

434 3399 718 3466 malorum,
749 3398 856 3452 imo
881 3412 1010 3454 vero
1039 3412 1144 3452 non
1172 3412 1257 3464 os,
1284 3398 1378 3454 sed
1401 3399 1490 3469 qui
1520 3415 1586 3454 eo
1613 3401 1750 3454 male
1771 3409 2014 3454 utuntur.

437 3488 571 3543 llinc
599 3489 961 3557 contumeliae,
995 3489 1275 3546 maledicta
1303 3532 1317 3557 ,
1351 3491 1697 3561 blaSphemia:
1721 3534 1736 3556 ,
1770 3492 2015 3563 volupta-

435 3589 549 3635 tum
577 3579 786 3636 fomites
807 3590 861 3636 et
887 3580 1156 3646 incendia,
1182 3581 1379 3648 caedes,
1405 3583 1685 3648 adulteria,
1715 3583 1873 3652 furta,
1901 3599 2017 3639 om-

437 3673 523 3726 nia
551 3687 616 3725 ex
645 3686 712 3728 eo
737 3682 1051 3728 nascuntur.
1085 3673 1150 3727 Et
1175 3675 1444 3743 quomodo
1464 3717 1478 3740 ,
1504 3675 1694 3746 inquit,
1723 3677 1942 3733 cmdes?
1972 3680 2014 3733 A

437 3764 759 3819 contumelia
784 3764 850 3819 ad
888 3766 1018 3819 iram
1046 3805 1060 3830 ,
1099 3766 1168 3819 ab
1197 3766 1270 3819 ira
1300 3766 1364 3820 ad
1396 3767 1575 3837 plagas
1595 3810 1611 3832 ,
1662 3784 1691 3821 a
1735 3771 1905 3841 plagis
1949 3771 2015 3826 ad

435 3853 638 3908 easdem
660 3853 944 3910 dcvenisti.
969 3854 1252 3921 Quomodo
1273 3855 1593 3912 adulterium
1615 3859 1640 3912 ?
1666 3858 1791 3914 Haec
1813 3861 1895 3916 vel
1923 3862 2016 3916 illa

438 3955 513 4009 te,
541 3945 745 4014 inquit,
789 3954 964 4010 amat,
997 3946 1122 3999 boni
1161 3947 1432 4016 quidpiam
1459 3949 1526 4003 de
1555 3961 1607 4005 te
1635 3959 1722 4006 est
1757 3951 1971 4023 loquuta
1999 3995 2013 4020 ,

438 4037 603 4092 robur
632 4045 785 4115 tuum.
807 4037 1086 4104 relaxavit,
1114 4036 1310 4093 deinde
1341 4039 1436 4094 tibi
1478 4041 1554 4096 sic
1587 4058 1801 4113 quoque
1827 4060 2018 4102 accen-

438 4129 582 4186 ditur
607 4129 892 4201 cupiditas.
937 4131 1225 4200 Propterea
1274 4131 1486 4188 dicebat
1525 4135 1722 4191 Paulus
1747 4179 1762 4203 ,
1810 4137 1872 4192 Si
1905 4139 2018 4209 quis

438 4221 613 4277 bonus.
646 4221 909 4289 Quoniam
945 4236 1074 4292 ergo
1111 4223 1396 4278 verborum
1427 4225 1591 4280 multa
1619 4237 1701 4281 est
1742 4226 2014 4297 profusio,

438 4315 639 4372 merito
661 4313 796 4370 dixit
824 4313 1122 4378 indefinite,
1155 4322 1214 4368 ut
1237 4314 1327 4385 qui
1371 4315 1459 4370 illa
1501 4316 1644 4388 loqui
1676 4317 1896 4388 jusserit
1922 4361 1938 4388 ,
1965 4331 2020 4377 et

439 4408 666 4464 formam
687 4405 916 4462 dederit.
940 4407 1279 4474 Quamnam?
1308 4407 1363 4464 Si
1393 4410 1513 4479 quis
1535 4411 1783 4479 aedificat,
1807 4413 2016 4470 dicens.

445 4502 549 4554 Aut
574 4498 675 4553 hoc
705 4497 867 4562 dicit,
896 4507 954 4552 ut
985 4499 1077 4568 qui
1111 4498 1278 4566 audit,
1311 4500 1403 4555 tibi
1448 4500 1642 4557 habeat
1671 4507 1916 4573 gratiam.
1950 4505 2021 4564 Ut

444 4596 571 4656 puta
600 4604 614 4640 :
643 4595 908 4642 scortatus
933 4599 1016 4642 est
1043 4585 1241 4655 frater;
1288 4603 1356 4645 ne
1395 4590 1689 4647 insolenter
1729 4597 1924 4664 probro
1957 4612 2020 4653 ac

443 4678 768 4734 contumelia
815 4679 1051 4748 afﬁcias,
1098 4697 1199 4738 nec
1239 4699 1358 4738 cum
1400 4684 1630 4742 ludibrio
1657 4689 1707 4744 ei
1749 4689 2015 4749 insultes:

443 4766 674 4823 auditori
714 4767 846 4822 nihil
882 4768 1098 4838 prodes,
1129 4772 1224 4827 sed
1255 4789 1376 4830 cum
1404 4775 1554 4832 laedis
1575 4819 1589 4843 ,
1623 4789 1678 4833 ut
1707 4795 1802 4850 par
1831 4795 1932 4851 est,
1963 4793 2020 4841 ut

446 4861 539 4931 qui
567 4859 878 4931 scrupulum
907 4861 954 4916 ei
988 4862 1256 4932 injeceris.
1282 4867 1386 4922 Sed
1407 4870 1450 4923 si
1477 4871 1526 4925 ei
1553 4872 1786 4930 suadeas
1811 4891 1872 4930 ea
1899 4895 2019 4949 qua:

443 4962 567 5008 sunt
597 4951 799 5023 agenda
820 4991 837 5018 ,
868 4966 1111 5022 magnam
1141 4954 1237 5010 das
1275 4957 1323 5012 ei
1350 4960 1572 5028 gratiam
1597 4979 1610 5028 ;
1644 4963 1688 5018 si
1719 4965 1932 5023 erudias
1962 4981 2020 5026 ut

443 5044 583 5098 bona
612 5043 770 5099 verba
800 5043 1110 5116 eloquatur,
1130 5047 1175 5101 si
1197 5046 1444 5105 docueris
1475 5063 1530 5106 ut
1556 5056 1823 5112 neminem
1854 5060 2020 5116 male-

444 5133 588 5189 dicto
612 5143 846 5206 appetat,
873 5135 1108 5190 maxime
1128 5151 1248 5192 eum
1274 5141 1473 5207 crudis,
1497 5154 1550 5198 et
1575 5146 1620 5199 ci
1644 5144 1738 5201 das
1757 5149 1978 5219 gratiam
2003 5169 2018 5219 ;

447 5226 494 5278 si
524 5225 757 5295 loquaris
782 5226 848 5282 de
877 5228 1308 5298 compnnctione,
1338 5231 1405 5286 de
1435 5232 1663 5303 pietate,
1687 5237 1753 5293 de
1780 5239 2019 5298 eleemo-

450 5327 618 5383 syna,
657 5316 772 5372 hac
807 5320 986 5374 omnia
1035 5321 1282 5376 molliunt
1327 5323 1442 5393 ejus
1486 5326 1742 5384 animum.
1791 5331 1894 5388 Pro
1938 5334 2022 5394 his

454 5407 702 5464 omnibus
729 5412 978 5470 fatebitur
1011 5431 1069 5470 se
1111 5416 1202 5470 tibi
1235 5416 1432 5473 habere
1457 5423 1699 5491 gratiam.
1731 5425 1833 5483 Sed
1863 5430 1906 5484 si
1954 5432 2028 5487 ri-

514 5583 590 5650 (α)
612 5584 674 5636 lli
713 5596 826 5650 sunt
864 5596 1104 5644 Novatianl
1126 5633 1138 5650 .
1175 5596 1240 5647 de

443 5633 480 5688 τ
502 5601 590 5660 ra;
614 5601 674 5636 ﬂ!
713 5601 826 5660 sum
864 5601 1104 5668 Novauant
1126 5633 1138 5650 .
1175 5601 1240 5668 de
1281 5601 1461 5710 ﬁnibus
1498 5601 1644 5676 multa
1676 5607 1855 5660 videsis
1897 5616 2023 5677 apud

474 5657 502 5702 -ὶ
513 5647 750 5707 primum.
776 5649 1037 5703 Luscinum
1061 5669 1109 5705 tn
1130 5657 1256 5710 Hist.
1323 5662 1411 5710 cel.
1430 5671 1482 5710 et
1501 5662 1830 5710 Emnhanium

1323 5662 1411 5715 ccl.
1430 5671 1482 5715 et
1501 5662 1831 5730 Epiphanium.

1129 256 1167 313 S
1225 251 1501 312 JOANNIS
1536 245 2005 308 CHRYSOSTOMI
2045 243 2357 302 ARCHIEP.
2397 247 2928 308 CONSTANTINOP.

3603 257 3698 311 illi

2126 372 2243 411 sum
2275 362 2540 426 moveris,
2571 363 2614 418 si
2644 373 2796 434 turpe
2827 365 3080 436 loquutus
3101 365 3287 428 fueris,
3319 366 3488 436 magis
3515 381 3703 423 arcem

2124 446 2244 512 dis;
2289 449 2335 503 si
2377 449 2610 508 laudaris
2651 456 2979 525 nequitiam,
3007 457 3191 526 dejicis
3229 465 3283 512 et
3311 457 3509 527 perdis.
3542 459 3702 530 igitur

2127 540 2206 593 vel
2237 539 2341 596 hoc
2363 541 2648 599 dicendum
2683 564 2696 599 :
2732 547 2815 601 vel
2859 558 2917 601 ut
2943 563 3036 604 eos
3073 548 3263 604 reddat
3297 551 3564 620 gratiosos
3585 593 3599 618 ,
3631 560 3699 606 tta

2123 629 2276 686 dixit.
2313 633 2379 689 Ut
2407 637 2551 691 enim
2592 647 2920 707 unguentum
2960 642 3050 696 dat
3092 644 3316 712 gratiam
3350 645 3414 700 iis
3444 645 3533 715 qui
3579 656 3702 700 sunt

2121 723 2238 793 ejus
2279 727 2600 797 participes,
2644 733 2715 784 ita
2765 731 2924 786 etiam
2968 747 3146 788 sermo
3180 735 3370 790 bonus.
3413 737 3701 806 Propterea

2120 816 2335 886 quidem
2379 820 2538 874 etiam
2582 823 2790 878 diccbat
2817 865 2832 891 ,
2889 823 3211 895 Unguentum
3255 827 3473 896 effusum
3516 818 3697 887 ηοηῧη

2123 918 2262 964 tuum
2290 910 2457 981 (Cant.
2487 917 2541 969 t.
2571 915 2652 986 2),
2684 917 2827 986 quod
2856 932 2950 972 eos
2979 918 3206 974 faciebat
3231 921 3438 992 spirare
3462 940 3530 979 ex
3559 925 3703 980 bono

2123 1000 2214 1056 illo
2251 1002 2436 1059 odore.
2482 1004 2646 1062 Vides
2689 1008 2836 1062 illum
2883 1009 3026 1080 quod
3067 1026 3280 1080 semper
3326 1014 3553 1082 suadet,
3602 1016 3704 1074 hoc

2121 1108 2334 1164 quoque
2362 1110 2503 1150 nunc
2529 1097 2710 1153 dicere
2732 1139 2747 1164 ,
2778 1109 2835 1154 ut
2862 1101 2956 1170 qui
2987 1102 3204 1158 mandet
3235 1105 3520 1174 unicuique
3539 1108 3705 1164 (edifi-

2121 1201 2246 1243 care
2274 1190 2572 1258 proximum
2610 1206 2709 1262 pro
2734 1193 2978 1248 viribus?
3005 1194 3106 1261 Qui
3138 1211 3266 1266 ergo
3295 1197 3416 1252 aliis
3447 1198 3560 1255 hcce
3582 1218 3704 1257 sua.

2122 1277 2250 1342 des,
2281 1280 2450 1335 multo
2480 1283 2648 1353 magis
2692 1284 2914 1354 tibiipsi.
2947 1286 3036 1342 30.
3079 1288 3147 1341 Et
3178 1291 3332 1345 noiite
3365 1299 3662 1349 contristare
3686 1339 3702 1363 ,

2123 1369 2312 1440 inquit,
2341 1371 2593 1444 Spiritum
2619 1386 2871 1433 sanctum.
2920 1378 3240 1436 llorribilius
3272 1382 3372 1438 hoc
3395 1394 3448 1440 ct
3483 1388 3700 1441 terribi-

2123 1459 2226 1516 lius
2259 1482 2270 1516 :
2302 1463 2442 1532 quod
2474 1465 2687 1535 quidem
2717 1467 2845 1522 dicit
2875 1471 3034 1524 etiam
3067 1472 3119 1526 in
3155 1473 3388 1543 lipistola
3431 1476 3496 1531 ad
3526 1478 3702 1534 Thes-

2123 1552 2491 1611 salonicenscs
2522 1575 2537 1611 :
2570 1557 2676 1614 illis
2697 1559 2840 1614 enim
2863 1577 3076 1632 quoque
3105 1565 3208 1620 tale
3229 1567 3353 1636 quid
3382 1569 3530 1635 dicit,
3568 1571 3707 1627 Nam

2121 1644 2206 1714 qui
2231 1647 2445 1714 spernit,
2472 1663 2570 1702 non
2601 1649 2855 1706 hominem
2877 1655 3091 1724 spernit,
3119 1657 3208 1710 sed
3234 1656 3396 1714 Deum
3419 1660 3492 1733 (l.
3526 1661 3702 1720 Thess.

2121 1736 2178 1790 ι.
2205 1737 2282 1808 8).
2328 1737 2405 1794 lla
2450 1739 2535 1795 hic
2571 1757 2820 1812 quoque:
2851 1743 2906 1800 Si
2944 1747 3166 1803 verbum
3196 1749 3396 1806 dixeris
3421 1763 3707 1811 contume-

2125 1827 2399 1896 liosum,si
2429 1831 2647 1888 fratrem
2675 1838 3026 1906 percusseris,
3052 1855 3156 1894 non
3189 1840 3336 1896 illum
3367 1845 3703 1915 percussisti,

2123 1919 2215 1974 sed
2243 1920 2496 1990 Spiritum
2523 1923 2749 1980 affecisti
2789 1927 3024 1983 tristitia.
3075 1929 3281 1986 Deinde
3310 1943 3391 1987 est
3418 1935 3577 1989 ctiam
3615 1952 3711 1992 ac-

2122 2009 2294 2066 cessio
2325 2011 2608 2082 beneficii,
2649 2025 2705 2071 ut
2750 2018 2922 2088 major
2959 2020 3030 2076 sit
3073 2023 3346 2080 accusatio
3385 2041 3397 2077 :
3437 2023 3506 2080 Et
3550 2029 3712 2084 nolite

2121 2103 2444 2170 contristare,
2476 2107 2646 2177 inquit
2671 2150 2686 2172 ,
2735 2109 2987 2182 Spiritum
3017 2126 3247 2168 sanctum
3268 2160 3282 2183 ,
3314 2119 3365 2171 in
3394 2135 3491 2189 quo
3517 2123 3712 2192 signati

2121 2193 2240 2248 estis
2261 2195 2313 2248 in
2343 2196 2423 2250 die
2451 2199 2826 2270 redemptionis.
2859 2203 2908 2257 Is
2930 2219 3028 2259 nos
3054 2205 3177 2262 fecit
3202 2223 3418 2278 gregem
3446 2215 3706 2281 regalem,

2124 2284 2169 2340 is
2196 2301 2295 2340 nos
2337 2288 2560 2345 abduxit
2589 2305 2617 2344 a
2659 2293 2846 2361 primis
2875 2297 3122 2352 omnibus
3153 2341 3168 2366 ,
3221 2299 3265 2354 is
3311 2316 3417 2356 non
3463 2307 3711 2374 permisit

2125 2389 2224 2430 nos
2266 2391 2388 2432 esse
2418 2379 2552 2434 sitos
2575 2395 2696 2436 cum
2726 2382 2791 2438 iis
2820 2385 2912 2455 qui
2942 2397 3068 2442 sunt
3097 2389 3316 2444 obnoxii
3353 2391 3445 2446 iraa
3480 2394 3573 2449 Dei
3598 2438 3612 2461 ,
3652 2407 3712 2452 et

2126 2474 2180 2521 tu
2215 2483 2336 2523 eum
2368 2470 2579 2526 tristitia
2619 2473 2832 2528 afficis?
2857 2475 2990 2532 Vide
3024 2480 3296 2548 quomodo
3343 2482 3451 2538 illic
3489 2483 3710 2554 quidem

2126 2559 2436 2614 terribiliter
2474 2561 2603 2616 dicit
2647 2581 2661 2617 :
2711 2564 2851 2619 Nam
2905 2569 2991 2638 qui
3036 2571 3263 2638 spernit,
3311 2589 3412 2628 non
3452 2577 3711 2632 hominem

2123 2652 2342 2722 spernit,
2374 2653 2465 2706 sed
2502 2653 2702 2720 Deum;
2731 2656 2816 2712 hic
2851 2668 3028 2716 autem
3071 2664 3316 2732 apposite
3347 2665 3412 2720 ad
3442 2667 3711 2738 pudorem

2125 2739 2511 2809 incutiendum,
2541 2744 2718 2801 Nolite
2741 2750 3055 2817 contristare,
3090 2753 3280 2823 inquit,
3315 2755 3565 2826 Spiritum
3587 2776 3712 2813 san-

2124 2842 2280 2902 ctum,
2311 2837 2363 2889 in
2390 2853 2489 2906 quo
2513 2839 2703 2910 signati
2731 2842 2866 2895 estis.
2897 2843 3008 2898 Hoc
3041 2847 3368 2915 signaculum
3397 2850 3464 2904 sit
3492 2852 3540 2904 in
3568 2868 3665 2908 ore
3694 2871 3707 2907 τ

2127 2939 2194 2980 ne
2221 2927 2393 2996 sigilla
2420 2931 2721 2986 sustuleris.
2746 2932 2817 2988 Os
2847 2935 3124 3003 spirituale
3153 2938 3282 2992 nihil
3317 2941 3420 2995 tale
3447 2941 3706 3014 loquitur.

2122 3015 2200 3071 Ne
2222 3015 2390 3084 dicas,
2422 3019 2563 3074 Nihil
2589 3030 2673 3076 est
2701 3023 2744 3077 si
2774 3031 2928 3092 turpe
2957 3025 3165 3092 dixero,
3195 3029 3239 3082 si
3269 3029 3410 3084 hunc
3441 3042 3530 3088 aut
3551 3034 3707 3089 illum

2123 3109 2442 3164 contumelia
2469 3110 2719 3167 affecero.
2747 3114 3036 3184 Propterea
3066 3133 3314 3188 magnum
3340 3129 3422 3176 est
3461 3123 3661 3180 malum
3691 3169 3706 3190 ,

2122 3199 2374 3267 quoniam
2409 3200 2538 3255 nihil
2577 3218 2696 3258 esse
2728 3203 2957 3260 videtur.
2988 3206 3120 3261 Nam
3150 3224 3270 3279 quae
3309 3210 3438 3265 nihil
3476 3228 3596 3269 esse
3619 3217 3706 3268 vi-

2122 3287 2338 3356 dentur,
2365 3288 2519 3346 facile
2539 3302 2991 3362 contemnuntur;
3015 3314 3134 3368 quae
3158 3309 3335 3355 autem
3360 3314 3704 3361 contemnun-

2123 3390 2229 3446 tur,
2258 3381 2420 3438 etiam
2448 3395 2746 3454 augentur;
2779 3404 2899 3458 qua:
2919 3402 3098 3444 autem
3125 3403 3389 3462 augentur
3411 3437 3426 3461 ,
3459 3397 3589 3450 fiunt
3619 3398 3707 3452 in-

2121 3473 2398 3528 curabilis.
2437 3474 2511 3530 Os
2541 3475 2705 3532 habes
2731 3479 3052 3548 Spirituale?
3077 3481 3264 3553 Cogita
3303 3487 3444 3555 quod
3482 3487 3706 3542 verbum

2121 3563 2323 3620 dixeris
2348 3567 2578 3635 primum
2607 3569 2820 3637 quando
2840 3586 2899 3625 es
2927 3571 3198 3643 loquutus,
3226 3584 3421 3645 quanta
3452 3578 3518 3631 sit
3540 3578 3711 3649 digni-

2125 3665 2206 3710 tas
2235 3657 2345 3711 oris
2376 3658 2473 3718 tui.
2505 3659 2717 3715 Patrem
2751 3676 2911 3718 vocas
2945 3663 3110 3719 Deum
3135 3705 3148 3730 ,
3180 3676 3234 3720 et
3275 3667 3493 3722 fratrem
3524 3674 3706 3725 statim

2123 3747 2314 3816 injuria
2336 3750 2504 3806 afficis
2524 3752 2547 3804 ?
2571 3752 2756 3823 Cogita
2784 3755 3050 3811 undenam
3083 3757 3249 3812 Deum
3285 3774 3445 3814 vocas
3469 3761 3704 3818 Patrem.

2122 3840 2166 3894 A
2198 3843 2428 3897 natura?
2458 3843 2550 3898 sed
2581 3861 2686 3898 non
2715 3849 2971 3915 potueris.
2997 3850 3034 3902 A
3061 3849 3300 3905 virtute?
3327 3852 3419 3907 sed
3449 3868 3546 3907 nec
3576 3854 3704 3909 hoc.

2122 3931 2226 3986 Sed
2257 3933 2442 3988 unde?
2469 3936 2513 3989 A
2541 3937 2654 3990 sola
2687 3937 3013 4009 benignitate
3039 3950 3093 3997 et
3119 3943 3402 3999 clementia
3427 3987 3443 4014 ,
3475 3962 3506 4000 a
3537 3947 3705 4002 multa

2123 4023 2508 4080 misericordia.
2538 4026 2762 4094 Quando
2789 4044 2918 4100 ergo
2950 4032 3115 4088 Deum
3148 4050 3307 4090 vocas
3336 4036 3567 4104 Patrem,
3597 4057 3706 4095 nun

2125 4117 2295 4172 solum
2326 4119 2425 4174 hoc
2450 4122 2644 4191 cogita,
2677 4123 2816 4192 quod
2841 4123 2971 4181 facis
3002 4128 3214 4198 indigna
3244 4130 3330 4184 illa
3357 4133 3571 4200 generis
3603 4148 3703 4188 no-

2125 4210 2364 4279 bilitate,
2396 4216 2724 4270 contumelia
2752 4217 3030 4286 alliciens;
3063 4221 3158 4275 sed
3184 4224 3323 4292 quod
3357 4227 3514 4280 etiam
3545 4241 3574 4280 a
3606 4227 3708 4282 be~

2125 4305 2383 4376 nignitatc
2403 4316 2458 4362 et
2483 4308 2765 4364 clementia
2795 4310 2962 4368 habes
2996 4313 3330 4371 nobilitatem
3358 4319 3592 4387 generis.
3628 4318 3708 4374 Ne

2124 4413 2242 4453 eam
2265 4415 2392 4470 ergo
2418 4399 2684 4458 dedecore
2727 4403 2930 4458 afficias
2954 4447 2968 4470 ,
3001 4420 3122 4460 cum
3150 4421 3268 4461 eam
3297 4408 3512 4477 quidem
3553 4425 3708 4464 acce-

2125 4491 2270 4560 peris
2303 4506 2332 4544 a
2371 4491 2697 4562 benignitate
2724 4504 2778 4549 et
2814 4495 3137 4562 clementia;
3171 4498 3486 4555 crudelitate
3524 4511 3705 4556 autem

2125 4590 2180 4636 et
2205 4582 2405 4636 saevitia
2453 4584 2618 4638 utaris
2659 4583 2913 4640 adversus
2947 4584 3158 4642 fratres.
3205 4588 3370 4643 Deum
3401 4605 3560 4646 vocas
3604 4590 3705 4645 Pa-

2129 4681 2264 4726 trem
2287 4713 2300 4735 ,
2333 4680 2387 4728 et
2411 4687 2533 4728 cum
2575 4675 2898 4730 contumelia
2934 4676 3103 4734 amcis
3125 4677 3147 4731 ?
3171 4678 3275 4734 Sed
3303 4678 3420 4735 lucc
3450 4696 3552 4736 non
3581 4691 3708 4738 sunt

2127 4759 2220 4816 filii
2260 4762 2372 4818 Dei.
2402 4762 2548 4834 Opus
2581 4765 2674 4819 filii
2720 4765 2813 4822 Dei
2851 4777 2933 4822 est
2975 4768 3204 4824 inimicis
3247 4772 3559 4837 remittere,
3607 4789 3707 4841 pro

2127 4855 2560 4925 crucifigentibus
2589 4870 2769 4926 orare,
2799 4874 2894 4928 pro
2921 4859 2984 4914 iis
3015 4862 3104 4930 qui
3131 4861 3356 4916 oderunt
3390 4865 3714 4934 sanguinem

2128 4943 2422 5000 eﬂ'undere.
2456 4945 2581 5001 [iam
2601 4955 2728 5002 sunt
2754 4949 2910 5020 digna
2939 4949 3047 5004 filio
3078 4950 3194 5016 Dei,
3225 4953 3490 5020 inimicos,
3522 4955 3711 5025 ingra-

2131 5043 2234 5099 tos,
2253 5034 2420 5103 fures,
2447 5037 2800 5107 impudentes,
2827 5041 3186 5109 insidiatores,
3211 5059 3304 5098 eos
3321 5045 3512 5101 fratres
3532 5048 3712 5102 facere

2130 5134 2185 5180 et
2211 5125 2457 5193 heredes,
2483 5142 2588 5183 non
2617 5138 2796 5184 autem
2818 5145 2912 5185 eos
2940 5133 3028 5202 qui
3058 5133 3179 5188 facti
3206 5143 3330 5189 sunt
3355 5136 3545 5193 fratres
3576 5148 3713 5192 lant--

2129 5231 2289 5287 quam
2318 5219 2578 5288 mancipia
2602 5220 2815 5277 afficere
2841 5226 3178 5280 contumelia.

2205 5309 2258 5364 ι.
2289 5307 2475 5364 Contra
2506 5313 2796 5368 maledicos.
2829 5343 2898 5354 —
2922 5315 3104 5387 Cogita
3132 5334 3375 5388 quasnam
3430 5321 3593 5376 verba
3628 5322 3716 5376 lo-

2131 5412 2353 5471 quntum
2382 5413 2463 5458 est
2488 5418 2550 5458 os
2578 5413 2756 5470 tuum,
2800 5423 3026 5477 quanam
3059 5424 3243 5466 mensa
3283 5413 3353 5466 sit
3393 5413 3696 5483 dignatum,

2132 5507 2376 5558 quaenam
2403 5503 2600 5564 tangat,
2625 5513 2867 5567 quaenam
2887 5508 3082 5569 gustet,
3114 5519 3344 5573 quonam
3377 5505 3581 5560 fruatur
3611 5509 3717 5563 ali-

2137 5595 2337 5638 mento.
2367 5585 2443 5641 Te
2470 5586 2615 5642 fratri
2635 5589 2764 5643 nihil
2791 5605 2950 5660 grave
2977 5592 3152 5650 facere
3181 5597 3460 5652 existimas
3489 5598 3562 5651 illi
3598 5616 3718 5655 ma-

2140 5673 2414 5732 ledicens?
2447 5677 2723 5746 Quomodo
2751 5697 2878 5754 ergo
2901 5697 3056 5739 vocas
3078 5683 3336 5744 fratrem?
3363 5688 3418 5744 Si
3445 5704 3576 5762 ergo
3611 5706 3721 5746 non
