4046 6210
403 261 503 316 ί(ῗῦ

395 394 540 449 τημα
588 376 779 429 λῦσαι·
816 374 950 429 ἀλλὰ
979 375 1128 440 πῶς;
1160 373 1223 428 El
1266 375 1584 434 ἱκοπίασαν.
1629 374 1723 426 ml
1760 370 1967 441 ἐτέροις

396 461 703 533 μετέδωκαν
723 476 737 489 ·
761 458 938 523 οὕτως
965 459 1161 511 ἔλυσαν
1194 460 1256 511 τὸ
1289 460 1613 528 ἁμάρτημα.
1639 456 1753 525 υῦχ
1779 452 1967 515 άπλῶς

388 546 534 614 ἡμᾶς
571 540 908 613 ἐργάζεσθαι
945 542 1217 613 βούλεται,
1245 540 1362 595 ἀλλ’
1393 539 1536 593 ὥστε
1573 538 1795 610 κοπιᾷν,
1823 536 1966 592 ὥστε

391 629 597 698 ἑτέροις
635 627 981 697 μεταδιδόναι
1001 644 1013 658 ·
1052 628 1147 680 ml
1174 626 1283 699 γὰρ
1309 627 1339 679 ό
1361 624 1611 679 κλέπτων
1648 622 1964 695 ἐργάζεται,

390 712 524 766 ἀλλά
555 712 749 765 κακόν.
785 710 911 777 Πᾶς
942 712 1127 781 λόγος
1159 711 1393 780 σαπρὸς
1426 712 1496 765 ἐκ
1526 710 1633 764 τοῦ
1666 709 1967 778 στόματος

392 795 655 862 mnarg»,
676 794 1113 863 ἐκπορευέσθω.
1142 796 1239 858 τίς
1265 797 1381 848 ἐστι
1404 794 1613 864 σαπρός
1635 808 1650 857 ;
1670 791 1771 845 “Ov
1801 806 1966 861 φησιν

390 877 619 948 ἀλλαχοῦ
660 880 756 932 ml
782 878 972 948 ἀργὸν,
1005 877 1331 941 καταλαλιά,
1358 874 1728 946 αίσχρολογία,
1766 874 1965 943 εὐτρα-

389 962 566 1027 πελία,
592 963 928 1033 μωρολογία.
963 963 1126 1034 Ὀρᾷς
1154 963 1270 1025 πῶς
1291 964 1389 1025 τάς
1414 961 1570 1032 ῥίζας
1590 958 1846 1013 ἐκκόπτει
1867 958 1966 1028 τῆς

388 1045 577 1112 όργῆς,
604 1045 669 1098 τὸ
693 1044 912 1114 ψεῦδος,
938 1044 1034 1117 τὴν
1065 1045 1295 1114 κλοπὴν.
1323 1044 1421 1115 τὴν
1448 1044 1673 1112 ἄκαιρον
1692 1040 1923 1104 διάλεξιν
1945 1055 1961 1104 ;

388 1129 459 1182 T0
477 1129 561 1195 δέ,
589 1127 820 1195 Μηκέτι
851 1129 1171 1191 κλεπτέτω,
1198 1129 1296 1180 οὐκ
1318 1126 1548 1187 ἐκείνοις
1578 1121 1965 1191 συγγινώσκων

386 1211 640 1265 τοσοῦτόν
671 1228 857 1281 φησιν,
891 1213 1013 1265 ὅσον
1045 1211 1171 1274 :00;
1201 1209 1564 1281 ἠδικημένους
1592 1207 1798 1278 πράους
1832 1203 1966 1259 καθ-

389 1295 574 1360 ιστῶν,
612 1295 709 1347 καὶ⁸
756 1294 834 1363 τῷ
878 1294 1073 1363 μηκέτι
1115 1293 1183 1346 τὰ
1218 1292 1358 1346 αὐτὰ
1400 1291 1593 1345 παθεῖν
1618 1302 1644 1331 ι
1677 1288 1964 1360 ἀρκεῖσθαι

385 1378 695 1449 παραινῶν.
744 1377 941 1441 Καλῶς
977 1376 1032 1429 δὲ
1064 1377 1159 1429 ml
1197 1375 1329 1446 περὶ
1373 1374 1549 1441 λόγων
1590 1373 1852 1426 διδάσκει.
1886 1372 1962 1426 Οὐ

382 1461 492 1531 γὰρ
522 1462 871 1531 πραγμάτων
910 1459 1089 1528 μόνον,
1135 1458 1272 1512 ἀλλά
1320 1457 1415 1511 ml
1458 1456 1720 1527 ῥημάτων
1746 1455 1963 1524 τίνομεν

381 1546 563 1608 δίκας.
618 1544 773 1598 Ἀλλ’
814 1543 871 1598 εί
913 1560 1004 1608 τις
1033 1542 1276 1611 ἁγαθός,
1330 1539 1483 1610 φησὶ,
1550 1537 1701 1607 πρὸς
1736 1537 1966 1591 οἰκοδο-

377 1628 510 1697 μὴν
558 1627 670 1695 τῆς
712 1628 940 1695 χρείας,
973 1627 1076 1679 ἵνα
1126 1622 1210 1688 δῷ
1262 1621 1437 1692 χάριν
1486 1620 1611 1686 τοῖς
1648 1620 1962 1674 ἀκούουσι.

381 1710 707 1773 τουτέστιν,
728 1711 913 1781 Ὅπερ
929 1709 1204 1778 οἰκοδομεῖ
1231 1708 1322 1761 τὸν
1355 1705 1606 1777 πλησίον,
1628 1706 1785 1759 τοῦτο
1801 1702 1966 1773 φθέγ-

381 1810 481 1861 γου
515 1792 702 1863 μόνον,
735 1792 986 1862 περιττὸν
1017 1791 1073 1845 δέ
1108 1790 1295 1863 μηδέν.

452 1966 527 2037 Υ.
551 1968 650 2021 Διά
670 1966 830 2021 τοῦτο
859 1966 970 2039 γάρ
995 1983 1075 2020 σοι
1101 1966 1275 2038 στόμα
1308 1966 1402 2021 ml
1431 1965 1683 2035 γλῶσσαν
1710 1964 1908 2018 ἔδωκεν
1938 1964 1966 2017 ό

383 2051 543 2123 Θεὸς,
570 2052 661 2104 ἴνα
692 2050 1022 2122 εὐχαριστῇς
1056 2049 1224 2119 αὐτῷ,
1257 2050 1344 2103 ἴνα
1377 2049 1669 2120 οίκοδομῇς
1705 2048 1797 2101 τὸν
1829 2046 1966 2116 πλη-

385 2134 501 2188 σίον
522 2149 540 2163 ’
566 2132 644 2197 ὡς
673 2132 770 2186 ἐὰν
790 2132 1057 2205 καθαιρῇς
1082 2132 1180 2203 τὴν
1208 2132 1516 2203 οἰκοδομὴν,
1547 2132 1753 2201 βέλτιον
1782 2130 1961 2199 σιγᾷν,

383 2217 480 2271 καὶ
515 2215 791 2288 μηδέποτε
816 2214 1167 2284 φθέγγεσθαι.
1204 2216 1311 2268 Kal
1347 2214 1454 2285 γάρ
1493 2218 1669 2288 χεῖρες
1697 2216 1962 2283 τεχνίτου,

384 2302 509 2355 ἀντὶ
529 2300 625 2354 τοῦ
649 2299 778 2363 :00;
800 2300 1010 2369 τοίχους
1035 2296 1342 2367 ἐξυφαίνειν
1364 2298 1631 2368 μαθοῦσαι
1653 2297 1961 2368 καθαιρεῖν,

384 2381 755 2438 ἐκκόπτεσθαι
785 2381 991 2434 δίκαιαι
1033 2381 1100 2434 ἂν
1136 2377 1267 2436 εἷεν.
1318 2384 1427 2435 Καὶ
1469 2382 1575 2452 γὰρ
1606 2382 1635 2434 ό
1660 2378 1964 2450 ἰἀλμῳδὸς

384 2466 547 2520 τοῦτό
602 2481 801 2535 φησ;ν·
864 2465 1317 2532 Ἐξο.ῖοθρεύσει
1379 2466 1590 2532 Κύριος
1646 2462 1842 2517 πάντα
1893 2465 1966 2516 τὰ

385 2550 564 2619 χείλη
589 2549 661 2601 τὰ
677 2547 871 2602 δόλια.
904 2548 1073 2601 Τοῦτο
1097 2550 1312 2603 πάντων
1328 2549 1501 2601 αῖτιον
1530 2546 1639 2598 τῶν
1662 2545 1867 2607 κακῶν,
1905 2546 1965 2598 τὸ

386 2633 565 2702 στόμα
588 2649 605 2662 ο
647 2632 848 2703 μᾶλλον
888 2631 944 2685 δὲ
970 2633 1031 2685 00
1059 2630 1118 2683 :0
1159 2631 1355 2701 στόμα,
1388 2629 1502 2683 ἀλλ’
1526 2631 1576 2683 οί
1600 2629 1784 2692 κακῶς
1813 2627 1965 2697 αὐτῷ

386 2713 688 2785 χρώμενοι.
730 2713 1009 2766 Ἐντεῦθεν
1039 2712 1251 2783 ὕϐρεις,
1288 2712 1565 2783 λοιδορίαι,
1599 2711 1961 2781 βλασφημίαι,

386 2796 719 2867 ἐκκαύματα
774 2796 884 2849 τῶν
929 2795 1129 2865 ἡδονῶν
1153 2836 1170 2861 ,
1221 2796 1391 2864 φόνοι,
1432 2796 1688 2865 μοιχεῖαι,
1743 2793 1963 2858 κλοπαὶ,

386 2880 571 2935 πάντα
608 2880 720 2933 ἀπὸ
750 2878 943 2932 τούτου
978 2878 1242 2932 τίκτεται.
1273 2879 1382 2931 Καὶ
1413 2876 1550 2941 πῶς,
1589 2877 1743 2946 φησὶ,
1776 2875 1963 2946 φόνοις

401 2965 541 3019 Ἀπὸ
569 2963 782 3034 ὕϐρεως
813 2964 891 3026 είς
916 2962 1103 3033 ὀργὴν,
1144 2962 1251 3015 άπὸ
1278 2962 1450 3033 ὀργῆς
1492 2963 1573 3024 είς
1596 2960 1830 3030 πληγάς,
1860 2961 1967 3014 ἀπὸ

393 3047 620 3118 πληγῶν
637 3049 718 3109 είς
749 3045 911 3115 φόνον
933 3046 1144 3114 ἐξέῦης.
1175 3044 1298 3108 Πῶς
1326 3047 1597 3115 μοιχεῖαι;
1638 3045 1700 3097 Ἡ
1730 3044 1879 3098 δεῖνά
1905 3061 1965 3097 σε

389 3129 554 3199 φιλεῖ,
582 3129 771 3200 φησὶν,
812 3127 1111 3197 ἐφθέγξατό
1147 3144 1200 3180 τι
1235 3127 1365 3197 περὶ
1411 3126 1504 3180 σοῦ
1550 3127 1804 3198 χρηστὸν,
1838 3127 1965 3197 ἐχά-

388 3208 520 3265 λασέ
549 3227 647 3264 σου
693 3210 787 3263 τὸν
813 3211 990 3273 τόνον,
1034 3207 1152 3264 εἶτα
1191 3212 1283 3264 καὶ
1316 3212 1400 3263 σοὶ
1439 3210 1614 3274 οὕτως
1664 3210 1966 3263 ἀνάπτεται

388 3295 455 3348 τά
502 3294 607 3362 τῆς
641 3292 959 3364 ἐπιθυμίας.
1011 3292 1110 3346 Διά
1152 3292 1311 3346 τοῦτο
1345 3295 1373 3346 ό
1406 3293 1614 3356 Παῦλος
1652 3292 1859 3362 ἔλεγεν,
1896 3293 1970 3347 El

388 3395 479 3446 τις
513 3379 759 3448 ἁγαθός.
811 3378 966 3431 Ἐπεὶ
1006 3373 1100 3430 οῦν
1129 3377 1262 3431 πολὺ
1308 3376 1368 3429 τὸ
1401 3376 1550 3447 χύμα
1603 3375 1713 3430 τῶν
1766 3376 1964 3445 λόγων,

389 3462 620 3523 είκότως
648 3460 971 3531 ἀδιορίστως
1001 3455 1175 3519 εἶπεν,
1204 3460 1387 3512 ἐκεῖνα
1420 3458 1753 3528 φθέγγεσθαι
1778 3459 1969 3512 κελεύ-

392 3562 512 3611 σας,
566 3546 666 3599 καὶ
692 3543 864 3598 τύπον
892 3542 1017 3605 δοὺς
1045 3542 1284 3612 ὁμιλίας.
1333 3544 1490 3596 Ποῖον
1534 3543 1599 3613 δὴ
1637 3541 1825 3595 τοῦτον
1855 3559 1871 3609 ;
1905 3540 1973 3595 El

390 3648 472 3695 τις
497 3630 798 3700 οἰκοδομεῖ,
834 3625 1023 3680 είπών.
1060 3628 1133 3680 ’Ἡ
1164 3626 1319 3680 τοῦτὸ
1347 3644 1532 3697 φησιν,
1571 3626 1660 3679 ἵνα
1687 3626 1849 3696 χάριν
1884 3642 1967 3680 σοι

392 3714 507 3784 εἰδῇ
529 3712 807 3766 όάκούων.
825 3703 971 3772 υίον,
989 3708 1309 3780 ἐπόρνευσεν
1337 3712 1365 3764 ό
1385 3708 1631 3777 ἀδελφός
1655 3708 1732 3780 μὴ
1759 3709 1967 3780 ἐκπόμο

393 3813 525 3848 πιυε
560 3796 661 3865 τὴν
690 3794 869 3866 ῦϐριν.
910 3796 1061 3867 Μηδέ
1099 3795 1359 3865 ἐντρύφα·
1390 3793 1543 3847 οὐδὲν
1562 3792 1853 3865 ὠφέλησας
1875 3793 1967 3847 τὸν

391 3876 688 3940 ἀκούοντα,
734 3877 870 3931 ἀλλά
915 3878 1011 3931 ml
1062 3876 1322 3945 ἔϐλαψας.
1353 3876 1599 3939 είκότως,
1643 3871 1773 3948 ¹ἧλον
1818 3872 1966 3945 αὐτῷ

392 3960 538 4025 δούς.
573 3963 674 4013 “Av
703 3961 885 4028 μέντοι
915 3960 984 4015 τά
1015 3961 1264 4032 πρακτέα
1291 3962 1551 4031 παραινῇ,
1581 3957 1783 4030 πολλὴν
1816 3957 1965 4027 αὐτῷ

390 4043 548 4107 δίδως
579 4045 682 4115 τὴν
700 4045 861 4117 χάριν
883 4062 897 4075 ·
923 4045 989 4099 ἂν
1009 4045 1309 4116 παιδεύσῃς
1330 4044 1576 4114 εῦφημον
1600 4043 1744 4113 ἐχειν
1766 4041 1961 4110 στόμα.

395 4127 459 4181 ἂν
479 4126 701 4200 διδάξῃς
732 4127 938 4201 μηδένα
972 4130 1322 4199 κακηγορεῖν,
1351 4126 1586 4196 μάλιστα
1611 4124 1773 4177 αὑτὸν
1806 4123 1964 4177 ἐπαί-

394 4213 617 4275 δευσας,
650 4212 744 4265 καὶ
781 4212 944 4283 χάριν
982 4211 1135 4283 αὐτῷ
1167 4210 1403 4274 δέδωκας
1423 4223 1437 4238 ⁶
1471 4208 1537 4262 ἂν
1571 4207 1696 4280 περὶ
1727 4205 1963 4261 κατανύ-

394 4294 553 4358 ξεως,
579 4295 646 4347 άν
676 4295 807 4365 περὶ
836 4295 1146 4356 εὐλαϐείας,
1189 4293 1257 4347 ἂν
1287 4293 1414 4363 περὶ
1444 4290 1815 4363 ἐλεημοσύνης
1848 4289 1965 4343 δια-

394 4376 613 4447 λεχθῇς,
652 4378 833 4430 πάντα
881 4378 1053 4432 ταῦτα
1106 4376 1367 4448 μαλάττει
1407 4375 1575 4430 αὑτοῦ
1620 4375 1719 4445 τὴν
1761 4374 1963 4445 ψυχήν.

406 4459 576 4531 ’Υπὲρ
605 4460 812 4513 τούτων
842 4462 1060 4515 πάντων
1080 4460 1249 4531 χάριν
1276 4459 1621 4529 ὁμολογήσει.
1650 4459 1748 4510 Ἂν
1783 4457 1966 4528 μέντοι

396 4547 607 4612 γέλωτα
624 4546 876 4616 κινήσῃς,
897 4546 961 4598 ἂν
991 4543 1213 4616 αἰσχρὸν
1244 4542 1476 4614 φθέγξῃ,
1500 4540 1699 4612 μᾶλλον
1726 4539 1929 4611 ἐξῆψας
1949 4555 1963 4570 ο

396 4628 459 4680 ἂν
499 4628 800 4700 ἐπαινέσῃς
843 4627 941 4699 τὴν
980 4626 1131 4701 [107]
1182 4625 1479 4695 πονηρίαν,
1536 4622 1834 4686 κατέϐαλες
1874 4621 1968 4675 καὶ

398 4709 706 4770 ἀπώλεσας.
736 4709 919 4762 Τοῦτο·
938 4706 1031 4763 οὖν
1061 4709 1205 4762 ἐστιν
1232 4710 1404 4761 εἰπεῖν
1424 4724 1437 4738 ·
1481 4707 1513 4778 ἦ
1544 4707 1633 4761 ἵνα
1666 4722 1968 4776 κεχαριτω·

403 4794 595 4862 μένους
622 4795 824 4856 αὐτοὺς
847 4794 1165 4865 ἐργάσηται,
1196 4791 1368 4855 οὕτως
1399 4790 1541 4845 εἷπε.
1573 4789 1835 4859 Καθάπερ
1861 4787 1969 4857 γάρ

400 4876 457 4929 τὸ
487 4877 658 4947 μύρον
697 4879 856 4948 χάριν
888 4877 1069 4930 δίδωσι
1106 4878 1218 4939 τοῖς
1268 4874 1794 4946 μεταλαμϐάνουσιν,
1827 4872 1970 4927 οῦτω

402 4962 493 5012 καὶ
518 4961 680 5026 λόγος
707 4960 911 5028 ἀγαθός
931 4977 945 4990 ’
982 4960 1070 5015 διά
1108 4958 1270 5013 τοῦτο
1296 4959 1390 5011 καί
1438 4973 1522 5021 τις
1561 4948 1735 5024 ἔλεγε,
1766 4956 1970 5022 Μύρον

402 5041 729 5097 έκκενωθὲν
751 5042 939 5113 ὄνομὰ
963 5059 1079 5099 σου
1099 5060 1114 5074 ο
1142 5044 1405 5097 ἀποπνεῖν
1434 5040 1632 5103 αὐτοὺς
1662 5038 1835 5097 ἐποίει
1861 5038 1970 5092 ἀπὸ

404 5123 498 5193 τῆς
521 5127 756 5191 εὐωδίας
794 5128 1030 5198 ἐκείνης.
1074 5126 1234 5198 Ὁρᾷς
1266 5126 1371 5190 ὅτι,
1409 5125 1547 5189 ὅπερ
1579 5122 1665 5176 ἀεὶ
1694 5121 1967 5192 παραινεῖ,

404 5208 555 5262 τοῦτο
589 5210 686 5264 καί
724 5211 821 5281 νῦν
853 5209 1022 5279 λέγει,
1050 5212 1264 5281 ἑκάστῳ
1291 5208 1593 5277 οἰκοδομεῖν
1620 5205 1710 5258 τὸν
1746 5203 1970 5275 πλησίον

408 5291 714 5365 ἐπιτρέπων
744 5292 884 5347 κατά
913 5292 1141 5363 δύναμιν
1164 5293 1263 5362 τὴν
1290 5288 1517 5353 ἐαυτοῦ;
1556 5288 1617 5341 '0
1642 5285 1848 5357 ἐτέροις
1876 5281 1970 5338 οὖν

404 5376 624 5428 τοιαῦτα
664 5375 971 5446 παραινῶν,
1020 5375 1199 5447 πολλῷ
1250 5373 1451 5446 μᾶλλον
1503 5368 1707 5439 σαυτῷ.
1750 5368 1857 5439 Kal
1881 5366 1968 5437 μὴ

406 5458 663 5523 λυπεῖτε,
698 5460 855 5530 φησὶ,
888 5459 956 5513 τὸ
990 5458 1232 5528 Πνεῦμα
1268 5456 1335 5511 τὸ
1376 5455 1567 5525 ἅγιον.
1600 5452 1970 5525 Φρικωδέστε-

469 5662 495 5693 ⁸
519 5663 694 5713 nam»
713 5662 774 5712 ἄν
795 5663 967 5714 mallet
990 5662 1216 5713 Danaus.

1299 257 1364 313 IN
1400 252 1612 313 εριετ.
1656 252 1748 310 ΑΙ)
1786 248 2034 308 EPﬂES.
2082 250 2233 308 CAP.
2278 252 2365 310 IV.
2406 252 2642 314 HOMIL.
2680 259 2825 316 XIV.

2076 384 2168 457 ρον
2209 373 2303 457 ml
2349 372 2723 447 φοϐερώτερον
2764 375 2940 441 τοῦτο,
2995 366 3155 449 ὅπερ
3182 378 3275 434 καὶ
3306 367 3365 433 ἐν
3394 382 3460 452 τῇ
3514 384 3652 457 πρὸς

2068 453 2505 534 Θεσσαλονικέαε
2535 459 2828 531 Ἐπιστολῇ
2861 472 3027 530 φησι·
3058 460 3153 514 ml
3184 461 3295 534 γὰρ
3328 463 3446 516 ἐκεῖ
3470 453 3651 519 τοιοῦο

2068 533 2162 588 τόν
2190 553 2244 590 τι
2266 537 2454 608 λέγει·
2499 542 2561 593 Ὅ
2594 542 2705 612 γὰρ
2734 541 2982 607 ἀθετῶν,
3021 545 3134 598 οὐκ
3159 533 3477 613 ἄνθρωπον
3509 549 3651 603 ἀθε-

2067 617 2174 704 τεῖ,
2200 620 2362 675 ἀλλὰ
2388 622 2499 676 τὸν
2524 624 2698 678 Θεόν.
2737 624 2894 679 Οῦτω
2923 626 3017 679 ml
3064 625 3322 681 ἐνταῦθα.
3357 628 3456 681 Ἂν
3489 630 3651 704 εἴπῃς

2069 700 2387 772 ὑϐριστικὸν
2423 706 2595 776 ῥῆμα,
2623 707 2690 761 ἂν
2721 709 2931 779 πλήξῃς
2967 709 3060 762 τὸν
3093 709 3341 780 ἀδελφὸν,
3374 712 3474 765 οὐκ
3501 700 3652 765 ἐκεῖο

2068 800 2158 836 νον
2189 784 2451 856 ἔπληξας,
2486 788 2621 843 ἀλλὰ
2669 790 2731 843 τὸ
2772 790 2997 862 Πνεῦμα
3032 791 3332 862 ἐλύπησας.
3378 788 3511 847 Είτα
3556 794 3653 848 καὶ

2070 867 2103 937 ἡ
2136 869 2426 941 προσθήκη
2471 872 2573 942 τῆς
2610 873 2952 943 εὐεργεσίας,
2987 875 3073 928 ἵνα
3106 876 3308 946 μείζων
3345 877 3571 946 γένηται
3614 878 3650 949 η

2068 952 2541 1029 κατηγορία.νιιάί
2578 953 2664 1024 μὴ
2691 956 2941 1010 λυπεῖτε
2979 957 3047 1011 τὸ
3086 958 3331 1028 Πνεῦμα
3357 959 3423 1012 τό
3453 958 3648 1029 ἄτιον,

2067 1031 2253 1103 φησὶν,
2282 1033 2355 1087 ἐν
2377 1028 2426 1103 ᾧ
2447 1035 2893 1107 ἐσφραγίσθητε
2920 1041 3010 1105 είς
3038 1040 3270 1108 ἡμέραν
3296 1028 3649 1109 ἀπολυτρώ-

2067 1130 2240 1181 σεως.
2274 1116 2446 1171 Τοῦτο
2475 1121 2625 1190 ἡμᾶς
2661 1119 2864 1185 ἔδειξεν
2899 1122 3101 1193 ἀγέλην
3145 1122 3451 1195 βασιλικὴν,
3486 1124 3649 1179 τοῦτο

2067 1197 2215 1266 ἡμᾶς
2268 1200 2488 1255 πάντων
2540 1202 2650 1255 τῶν
2696 1204 2931 1274 πρώτων
2973 1206 3253 1277 ἀπέστησε
3278 1248 3293 1271 ,
3343 1207 3503 1261 τοῦτο
3544 1209 3648 1263 οὐκ

2067 1280 2249 1351 ἀφῆκε
2276 1283 2492 1337 κεῖσθαι
2527 1285 2666 1355 μετά
2704 1287 2816 1341 τῶν
2858 1286 3179 1343 ὑπευθύνων
3206 1290 3307 1359 τῆς
3349 1290 3524 1361 ὀργῆς
3546 1290 3644 1344 τοῦ

2066 1363 2225 1432 Θεοῦ,
2254 1367 2349 1420 ml
2385 1368 2449 1422 σὺ
2483 1369 2617 1423 αὐτὸ
2635 1370 2825 1436 λυπεῖς
2847 1389 2862 1437 ;
2888 1373 3030 1445 Ὅρα
3052 1373 3171 1437 πῶς
3198 1376 3318 1427 ἐκεῖ
3348 1376 3449 1445 μὲν
3481 1375 3644 1445 φοϐε-

2069 1445 2200 1515 ρῶς.
2238 1446 2302 1501 '0
2332 1450 2444 1518 τὰρ
2470 1451 2718 1518 ἀθετῶν,
2744 1454 2931 1524 φησὶν,
2958 1457 3070 1509 οὐκ
3093 1455 3408 1525 ἄνθρωπον
3423 1456 3639 1524 ἀθετεῖ,

2066 1529 2229 1584 ἀλλὰ
2251 1532 2361 1586 τόν
2400 1536 2551 1589 Θεόν
2573 1552 2588 1567 °
2624 1537 2859 1592 ἐνταῦθα
2892 1539 2948 1593 δέ
2971 1540 3342 1611 ἐντρεπτικῶς
3360 1582 3375 1607 ,
3417 1541 3512 1610 Μὴ
3533 1546 3641 1598 λυ-

2066 1614 2230 1669 πεῖτε
2275 1617 2340 1671 τό
2368 1619 2611 1688 Πνεῦμα
2655 1622 2721 1676 τὸ
2758 1622 2950 1693 ἅγιον,
2992 1625 3179 1694 φησὶν,
3229 1626 3301 1679 ἐν
3338 1620 3388 1694 ᾧ
3411 1627 3642 1697 50'pr-

2067 1697 2333 1766 γίσθητε.
2365 1699 2429 1753 Ἦ
2462 1702 2696 1772 σφραγὶς
2713 1703 2853 1775 αῦτη
2880 1706 2972 1758 ἐπὶ
2999 1706 3093 1758 τοῦ
3114 1707 3378 1777 στόματος
3399 1709 3602 1763 κείσθω
3622 1725 3639 1741 ·

2069 1778 2144 1849 μὴ
2173 1781 2369 1855 ἀνέλῃς
2400 1781 2471 1837 τά
2508 1785 2815 1856 σῄμαντρα.
2849 1786 3031 1857 Στόμα
3080 1790 3449 1859 πνευματικὸν
3492 1791 3643 1844 οὐδὲν

2062 1862 2304 1917 τοιοῦτον
2368 1864 2691 1934 φθέγγεται.
2728 1868 2818 1937 Μὴ
2871 1867 3054 1941 είπῃς,
3115 1870 3283 1924 Οὐδέν
3344 1873 3513 1936 ἐστιν,
3570 1872 3640 1925 άν

2066 1945 2290 2015 αἰσχρὸν
2325 1950 2485 2015 είπω,
2514 1949 2582 2003 ἂν
2609 1949 2699 2003 τὸν
2737 1950 2885 2005 δεῖνα
2918 1951 3147 2023 ύϐρίσω.
3180 1952 3279 2007 Διά
3306 1954 3464 2007 τοῦτο
3499 1956 3645 2027 μέγα

2066 2027 2183 2109 ἐστὶ
2210 2031 2403 2097 κακὸν,
2429 2031 2619 2104 ἐπειδὴ
2646 2033 2799 2088 οὐδὲν
2834 2030 2974 2088 εἶναι
3012 2034 3179 2089 δοκεῖ.
3210 2036 3291 2090 Τά
3331 2036 3440 2108 γάρ
3473 2038 3642 2109 μηδὲν

2066 2107 2204 2165 εἶναι
2234 2112 2525 2181 δοκοῦντα,
2562 2116 2796 2181 εὐκόλως
2840 2116 2933 2172 ml
2984 2122 3427 2190 καταφρονεῖται,
3469 2107 3547 2173 τάή
3579 2120 3640 2175 δέ

2064 2196 2551 2270 καταφρονούμενα
2596 2197 2691 2252 καὶ
2722 2197 2967 2266 αὔξεται,
3008 2199 3080 2254 τά
3128 2199 3185 2253 δὲ
3238 2198 3513 2271 αὐξόμενα
3544 2204 3640 2256 ml

2063 2278 2257 2332 ἀνίατα
2285 2280 2512 2349 γίνεται.
2550 2281 2734 2353 Στόμα
2770 2284 2917 2355 ἐχεις
2956 2284 3368 2354 πνευματικόν;
3421 2283 3639 2358 Ἐννόη-

2066 2375 2158 2412 σον
2198 2360 2251 2413 τί
2299 2362 2545 2433 ἐφθέγξω
2586 2363 2788 2429 εὐθέως
2839 2365 2992 2436 ῥῆμα
3037 2366 3281 2436 τεχθεὶς,
3325 2367 3457 2422 ποία
3509 2368 3637 2433 ἀξία

2062 2440 2159 2495 τοῦ
2185 2443 2452 2514 στόματός
2488 2462 2603 2499 σου.
2637 2447 2859 2519 Πατέρα
2892 2448 3079 2514 καλεῖς
3109 2450 3204 2504 τὸν
3231 2450 3364 2504 Θεὸν
3382 2491 3396 2515 ,
3426 2452 3520 2506 ml
3548 2452 3639 2504 τὸν

2066 2522 2293 2593 ἀδελφὸν
2321 2525 2523 2592 εὐθέως
2566 2528 2844 2599 ὑϐρίζειςς
2890 2530 3175 2602 Ἐννόησον
3213 2533 3378 2587 πόθεν
3419 2533 3641 2606 Πατέρα

2073 2606 2258 2674 καλεῖς
2286 2608 2379 2664 τὸν
2421 2609 2573 2664 Θεόν.
2617 2611 2749 2666 ’Δπδ
2782 2612 3027 2681 φύσεως;
3072 2614 3188 2669 ἀλλ’
3235 2616 3335 2668 οὐκ
3367 2615 3433 2670 ἂν
3467 2615 3635 2686 ἔχοις.

2078 2692 2212 2745 Ἀπὸ
2239 2692 2477 2765 ἀρετῆς;
2507 2693 2623 2749 ἀλλ’
2684 2695 2805 2749 οὐδὲ
2840 2696 3017 2750 τοῦτο.
3063 2697 3224 2752 Ἀλλά
3260 2698 3456 2766 πόθενς
3506 2700 3641 2754 Ἀπὸ

2067 2775 2475 2849 φιλανθρωπίας
2506 2777 2695 2849 μόνης,
2734 2778 2840 2832 ἀπὸ
2870 2778 3294 2850 εὐσπλαγχνίας,
3337 2782 3446 2835 ἀπὸ
3481 2782 3633 2835 ἐλέου

2066 2859 2284 2916 πολλοῦ.
2325 2861 2494 2917 Ὅταν
2521 2857 2615 2916 οῦν
2647 2863 2870 2934 Πατέρα
2887 2863 3060 2935 καλῇς
3081 2864 3174 2917 τὸν
3202 2865 3354 2929 Θεὸν,
3381 2864 3457 2937 μὴ
3483 2864 3643 2920 τοῦτο

2070 2944 2229 3013 μόνον
2254 2945 2444 3010 ἐννόει,
2467 2946 2551 2999 ὅτι
2572 2945 2767 3013 ἀνάξια
2799 2947 2899 3017 τῆς
2920 2946 3201 3015 εὐγενείας
3235 2947 3452 3018 ἐκείνης
3470 2950 3643 3021 πράτο

2065 3044 2181 3093 τεις
2211 3028 2470 3100 ὑϐρίζων,
2513 3029 2629 3083 ἀλλ’
2658 3028 2741 3082 ὄτι
2775 3030 2870 3083 ml
2905 3030 3013 3083 ἀπὸ
3048 3029 3459 3101 φιλανθρωπίας
3496 3031 3641 3101 ἐχεις

2065 3110 2164 3181 τὴν
2208 3111 2509 3179 εὐγένειαν.
2551 3112 2645 3182 Μὴ
2677 3112 2855 3165 τοίνυν
2886 3111 3056 3183 αὐτὴν
3101 3113 3491 3187 καταισχύνῃς,
3533 3115 3643 3168 ἀπὸ

2070 3195 2169 3266 μὲν
2218 3194 2629 3266 φιλανθρωπίας
2674 3195 2875 3262 λαϐὼν,
2910 3196 3154 3268 ὠμότητι
3198 3197 3255 3251 δέ
3302 3199 3642 3270 κεχρημένος

2075 3278 2212 3349 πρὸς
2252 3280 2379 3343 τοὺς
2407 3279 2687 3348 ἀδελφούς.
2732 3279 2954 3351 Πατέρα
2994 3279 3178 3345 καλεῖς
3222 3280 3313 3334 τὸν
3343 3280 3498 3346 Θεὸν,
3549 3282 3644 3335 καὶ

2070 3362 2345 3432 ὑϐρίζειςς
2400 3361 2541 3415 Ἀλλ’
2575 3362 2635 3415 00
2676 3361 2849 3417 ταῦτα
2901 3361 2996 3416 τοῦ
3053 3361 3169 3417 υἱοῦ
3224 3363 3316 3417 τοῦ
3367 3363 3530 3419 Θεοῦ.
3564 3365 3642 3418 Τὸ

2068 3448 2228 3517 ἔργον
2252 3445 2348 3499 τοῦ
2372 3444 2489 3499 υίοῦ
2512 3445 2603 3498 τοῦ
2632 3444 2794 3505 Θεοῦ.
2834 3448 2947 3509 τοῖς
2984 3445 3197 3518 ἐχθροῖς
3226 3448 3466 3517 ἀφιέναι,
3502 3449 3643 3521 ὑπὲρ

2067 3529 2177 3582 τῶν
2202 3526 2579 3598 σταυρούντων
2608 3526 2883 3597 εὔχεσθαι,
2921 3528 3067 3599 ὺπέρ
3097 3530 3204 3582 τῶν
3244 3529 3547 3599 μισούντων
3582 3531 3645 3584 τὸ

2066 3607 2207 3683 αἷμα
2238 3610 2468 3681 ἐκχέειν.
2514 3609 2701 3666 Ταῦτά
2743 3612 2891 3665 ἐστιν
2924 3610 3050 3675 ἀξια
3075 3609 3167 3665 τοῦ
3202 3610 3319 3665 υίοῦ
3351 3611 3445 3666 τοῦ
3480 3612 3641 3676 Θεοῦ,

2066 3698 2193 3761 τοὺς
2224 3697 2474 3767 ἐχθροὺς,
2504 3696 2631 3759 τοὺς
2674 3694 3016 3766 ἀγνώμονας,
3042 3694 3168 3759 :00;
3211 3695 3472 3761 κλέπτας,
3514 3697 3641 3762 :00;

2070 3782 2317 3851 ίταμοὺς,
2373 3781 2501 3844 :00;
2560 3777 3037 3844 ἐπιϐουλεύοντας,
3094 3779 3315 3843 τούτους
3378 3780 3643 3850 ἀδελφοὺς

2064 3865 2335 3920 ποιεῖσθαι
2369 3863 2461 3919 καὶ
2481 3863 2874 3935 κληρονόμους,
2898 3863 3020 3933 οὐχὶ
3055 3864 3182 3927 τοὺς
3201 3863 3462 3933 ἀδελφοὺς
3493 3881 3640 3933 γινο-

2068 3949 2283 4018 μένους,
2314 3948 2539 4012 τούτους
2570 3947 2648 4011 ὡς
2666 3946 2977 4018 ἀνδράποδα
3015 3947 3286 4019 ὑϐρίζειν.

2136 4150 2199 4204 δ’.
2236 4148 2516 4220 Ἐννόησον
2545 4149 2665 4203 τίνα
2694 4149 2993 4220 ἐφθέγξατο
3022 4151 3239 4223 ῥήματα
3269 4148 3330 4203 τὸ
3365 4149 3539 4223 στόμα
3579 4153 3640 4207 τὸ

2066 4233 2220 4309 [108]
2263 4235 2375 4300 σὸν,
2429 4234 2589 4298 ποίας
2622 4234 2749 4298 ἀξια
2800 4233 3113 4305 τραπέζης·
3170 4233 3425 4304 ἐννόησον
3476 4236 3638 4291 τίνων

2069 4318 2318 4379 ἅπτεται,
2343 4318 2505 4369 τίνων
2529 4315 2775 4384 γεύεται,
2808 4316 2963 4378 ποίας
2988 4313 3250 4368 ἀπολαύει
3269 4319 3498 4387 τροφῆς.
3526 4319 3636 4372 Οὔ-

2066 4400 2152 4455 δέν
2184 4402 2290 4471 ἡγῇ
2324 4400 2494 4452 ποιεῖν
2521 4398 2692 4452 δεινὸν
2730 4397 2823 4452 τὸν
2850 4396 3081 4467 ἀδελφὸν
3114 4399 3472 4468 κατηγορῶν;
3509 4399 3634 4466 Πῶς

2068 4478 2159 4537 οὖν
2186 4481 2371 4545 καλεῖς
2401 4480 2658 4551 ἀδελφόν;
2704 4480 2769 4533 El
2812 4480 2870 4534 δὲ
2895 4480 2995 4534 οὐκ
3044 4480 3193 4534 ἐστιν
3227 4479 3477 4548 ἀδελφὸς,
3518 4480 3635 4546 πῶς

2068 4565 2272 4635 λέγεις,
2303 4562 2494 4632 Πάτερ
2540 4562 2740 4633 ήμῶνς
2767 4563 2827 4618 τὸ
2853 4563 2981 4633 γὰρ,
3026 4561 3243 4632 Ἠμῶν,
3278 4561 3489 4617 πολλῶν
3522 4565 3642 4624 ἐστι

2072 4646 2381 4719 προσώπων
2412 4645 2765 4718 σημαντικόν.
2810 4645 3094 4718 Ἐννόησον
3122 4646 3259 4717 μετὰ
3287 4646 3448 4701 τίνων
3478 4646 3641 4719 ἐστη-

2070 4748 2171 4793 κας
2230 4729 2372 4784 κατὰ
2407 4729 2498 4783 τὸν
2532 4728 2724 4799 καιρὸν
2783 4727 2893 4781 τῶν
2943 4727 3259 4798 μυστηρίων
3286 4768 3301 4793 ,
3368 4729 3504 4798 μετὰ
3536 4730 3643 4783 τῶν

2071 4812 2389 4883 Χερουϐὶμ,
2444 4810 2579 4880 μετὰ
2636 4809 2743 4866 τῶν
2793 4810 3066 4882 Σεραφίμ.
3120 4811 3202 4865 Τά
3261 4811 3510 4880 Σεραφὶμ
3544 4811 3642 4880 οὐχ

2072 4895 2305 4966 ὑϐρίζει,
2340 4895 2476 4948 ἀλλά
2526 4895 2657 4966 μίαν
2703 4895 2889 4956 αὐτοῖς
2941 4893 3132 4966 χρείαν
3172 4892 3332 4964 μόνον
3361 4892 3420 4945 τὸ
3470 4892 3643 4961 στόμα

2071 4977 2291 5049 πληροῖ,
2320 4976 2379 5030 τὸ
2405 4974 2728 5045 δοξολογεῖν,
2753 4976 2816 5030 τὸ
2838 4975 3084 5042 δοξάζειν
3109 4975 3199 5029 τὸν
3214 4973 3364 5028 Θεόν.
3398 4972 3521 5038 Πῶς
3548 4969 3643 5027 οῦν

2069 5060 2274 5133 δυνήσῃ
2294 5060 2358 5112 σὺ
2388 5059 2504 5130 μετ’
2523 5060 2745 5112 ἐκείνων
2765 5058 2965 5128 λέγειν,
2987 5058 3059 5113 Ἀ
3068 5075 3213 5128 γιος,
3244 5055 3432 5124 ἅγιος,
3452 5053 3640 5125 ἅγιος,

2071 5144 2153 5205 είς
2182 5142 2340 5214 ὓϐριν
2368 5141 2447 5213 τῷ
2488 5142 2717 5212 στόματι
2754 5142 3131 5213 κεχρημένος;
3169 5139 3303 5192 Είπέ
3348 5138 3410 5207 δή
3445 5154 3556 5208 μοι,
3593 5141 3644 5192 εί

2074 5226 2269 5290 σκεῦος
2301 5225 2386 5297 εἴη
2434 5225 2731 5297 βασιλικὸν,
2778 5226 2873 5279 ml
2909 5225 2995 5278 ἀεὶ
3028 5221 3342 5291 ἐδεσμάτων
3390 5214 3644 5290 ἔμπλεων

2072 5309 2389 5380 βασιλικῶν,
2425 5310 2520 5363 ml
2570 5311 2650 5373 είς
2696 5308 2855 5362 τοῦτο
2906 5302 3365 5373 ἀποτεταγμένον,
3410 5298 3531 5359 εῐτά
3560 5320 3647 5371 τις

2072 5393 2220 5463 αὐτῷ
2246 5392 2355 5447 τῶν
2384 5393 2609 5446 οἰκετῶν
2640 5392 2903 5461 χρήσαιτο
2932 5388 3013 5451 εις
3044 5386 3265 5459 κόπρον,
3298 5382 3407 5458 ἆρα
3438 5387 3647 5461 τολμή.

2073 5494 2154 5531 σει
2184 5476 2346 5528 πάλιν
2378 5475 2494 5544 μετ’
2529 5473 2754 5526 ἐκείνων
2797 5470 2904 5522 τῶν
2940 5469 3149 5523 σκευῶν
3196 5469 3307 5524 τῶν
3336 5472 3416 5535 είς
3460 5472 3644 5525 ἐκεῖνα

2071 5555 2529 5626 ἀποτεταγμένων
2560 5553 2695 5609 αὐτὸ
2726 5550 3085 5606 ἀποτίθεσθαι
3112 5553 3212 5625 τῆς
3243 5554 3447 5624 κόπρου
3482 5554 3644 5623 ἐμπε-

2077 5636 2385 5709 πλησμένον
2405 5653 2419 5702 ;
2438 5633 2725 5705 Οὐδαμῶς.
2750 5633 3004 5689 Τοιοῦτόν
3030 5634 3082 5689 τί
3103 5636 3293 5706 ἐστινὴ
3315 5633 3642 5706 γακηγορία,
