4046 6210
401 247 508 304 405

404 363 644 418 τοιοῦτόν
678 363 826 418 ἐστιν
861 363 894 435 ή
924 360 1101 434 ὕϐρις.
1129 360 1320 431 Πάτερ
1347 359 1534 430 ἡμῶν.
1571 360 1682 415 Καὶ
1705 359 1757 414 τί
1769 377 1784 426 ;
1817 357 1976 412 τοῦτο

407 448 600 518 μόνονς
639 448 834 500 ’Ἄκουε
864 443 1087 499 καὶτῶν
1118 443 1242 512 ἐξῆς
1267 460 1281 474 ο
1329 444 1392 496 '0
1428 443 1499 496 ἐν
1530 441 1653 508 τοῖς
1672 439 1971 508 οὐρανοῖς.

410 530 623 593 Εὐθέως
665 525 840 593 εἶπες,
872 526 1064 594 Πάτερ
1115 523 1284 594 ἡμῶν
1321 527 1354 578 ό
1380 525 1450 577 ἐν
1492 523 1621 590 τοῖς
1670 522 1973 590 οὐρανοῖς,

406 614 497 667 καὶ
528 612 788 682 ἀνέστησέ
819 627 877 663 σε
898 609 959 662 τδ
985 609 1158 680 ρῆμα,
1187 606 1467 677 ἐπτέρωσέ
1487 623 1581 660 σου
1599 605 1697 676 τὴν
1713 605 1974 667 διάνοιαν,

407 696 604 761 ἔδειξεν
652 697 733 749 ὅτι
768 692 986 764 Πατέρα
1019 691 1163 761 ἔχεις
1220 692 1278 743 tv
1324 692 1438 752 τοῖς
1471 691 1743 760 οὐρανοῖς.
1793 687 1976 758 Μηδὲν

407 782 635 853 πρᾶττε,
663 778 826 848 μηδὲν
850 776 973 844 λέγε
1003 773 1110 827 τῶν
1140 773 1236 826 ἐπὶ
1261 774 1383 843 γῆς.
1421 772 1517 835 Εἰς
1542 770 1756 840 ἐκείνην
1788 787 1846 822 σε
1874 771 1975 853 τὴν

404 852 555 929 τάξιν
580 861 773 931 έστησε
799 859 898 928 τὴν
922 857 1052 921 ἀνω,
1085 855 1277 925 ἐκείνῳ
1321 872 1380 908 σε
1408 854 1653 925 ἐνέκρινε
1684 853 1762 923 τῷ
1796 852 1972 925 χορῴ’

408 947 458 1000 τί
491 943 687 999 σαυτὸν
714 943 862 996 κάτω
884 940 1168 1001 καθέλκεις
1190 956 1205 1004 ;
1237 936 1386 1008 παρά
1411 936 1502 988 τὸν
1531 936 1718 1007 θρόνον
1741 937 1976 1006 ἕστηκας

404 1027 495 1083 τὸν
534 1024 842 1089 Βασιλικὸν,
876 1023 971 1076 καὶ
1000 1019 1279 1092 ὑϐρίζειςς
1313 1019 1387 1071 Οὐ
1427 1017 1675 1081 δέδοικας
1713 1019 1789 1089 μὴ
1819 1017 1976 1088 ὓϐριν

403 1110 464 1163 τὸ
491 1109 725 1179 πρᾶγμα
753 1107 1024 1177 ἡγήσηται
1056 1105 1084 1156 ό
1115 1100 1403 1172 βασιλεύς;
1435 1099 1550 1153 ἀλλ’
1581 1098 1647 1153 ἂν
1679 1101 1778 1169 μὲν
1825 1099 1976 1153 οίκέ-

403 1207 499 1262 της
531 1190 617 1260 ἐφ’
659 1189 820 1258 ἡμῶν
850 1187 940 1239 τὸν
985 1184 1274 1256 ὁμόδουλον
1312 1181 1512 1253 τύπτῃ,
1559 1181 1592 1252 ἢ
1627 1181 1844 1254 ὑϐρίζῃ,
1876 1181 1978 1235 κᾶν

401 1274 625 1336 δικαίως
657 1269 817 1324 τοῦτο
863 1270 1014 1339 ποιῇ,
1064 1266 1266 1329 εὐθέως
1313 1264 1680 1334 ἐπιτιμῶμεν,
1731 1263 1888 1335 ὓϐριν
1917 1264 1979 1318 τὸ

395 1359 636 1426 ,πρᾶγμα
664 1352 952 1422 ἡγούμενοι
971 1367 984 1380 ·
1025 1349 1087 1402 σὺ
1113 1348 1170 1401 δέ
1203 1347 1341 1417 μετὰ
1366 1346 1474 1399 τῶν
1496 1347 1568 1399 Χε
1579 1345 1778 1418 ρουϐὶμ
1807 1346 1977 1408 ἑστὼς

403 1437 554 1510 παρά
581 1437 672 1490 τὸν
693 1434 880 1505 θρόνον
903 1430 997 1485 τοῦ
1021 1429 1315 1494 Βασιλέως,
1337 1428 1577 1499 ὑϐρίζεις
1601 1429 1692 1481 τὸν
1712 1427 1941 1496 ἀδελφόν
1961 1444 1976 1491 ;

403 1521 516 1590 Οὐχ
542 1520 673 1589 ὁρᾷς
697 1517 764 1570 τὰ
793 1517 926 1584 ὅιγια
950 1513 1122 1567 ταῦτα
1155 1514 1358 1582 σκεύη;
1399 1513 1520 1578 οὐχ).
1561 1512 1699 1580 πρὸς
1741 1511 1800 1565 ἐν
1833 1513 1979 1564 ἐστιν

403 1601 584 1655 αὐτῶν
616 1598 907 1660 διαπαντὸς
941 1599 973 1664 ἡ
1001 1596 1195 1666 χρείας
1238 1595 1312 1664 μή
1353 1611 1434 1655 τις
1476 1592 1652 1663 τολμᾷ
1687 1592 1822 1663 πρὸς
1851 1592 1979 1646 ἄλλο

401 1702 454 1737 τι
485 1681 792 1754 χρήσασθαι
829 1680 1050 1744 αὑτοῖς;
1086 1679 1156 1730 Σὺ
1199 1677 1308 1729 τῶν
1341 1675 1550 1728 σκευῶν
1601 1674 1901 1746 ἁγιώτερος
1931 1671 1982 1726 εἷ

401 1767 628 1831 τούτων,
673 1763 767 1817 καὶ
799 1759 979 1830 πολλῷ
1030 1757 1356 1829 ἀγιώτερος’
1393 1757 1445 1809 τί
1474 1757 1654 1810 τοίνυν
1695 1757 1979 1827 ρυπαίνεις

405 1848 602 1902 σαυτὸν
655 1847 750 1900 καὶ
806 1845 1086 1917 μολύνεις;
1134 1842 1224 1894 Ἐν
1268 1843 1380 1904 τοῖς
1414 1842 1665 1911 οὐρανοῖς
1719 1840 1980 1911 ἕστηκας,

403 1932 498 1986 καὶ
519 1928 790 2001 ὐϐρίζεις;
830 1927 968 1999 μετά
999 1925 1247 1994 ἀγγέλων
1273 1924 1554 1994 πολιτεύῃ,
1583 1924 1678 1977 καὶ
1707 1923 1974 1994 ὑϐρίζεις

403 2013 710 2086 φιλήματος
741 2010 970 2081 ἠξίωσαι
999 2005 1349 2070 Δεσποτικοῦ,
1372 2007 1465 2059 καὶ
1495 2005 1769 2076 ὑϐρίζεις;
1799 2004 1982 2058 τοσού-

401 2113 515 2160 τοις
547 2112 640 2149 σου
667 2095 728 2148 τὸ
770 2093 945 2163 στόμα
979 2089 1288 2158 ἐκόσμησεν
1315 2089 1344 2139 ό
1370 2086 1504 2150 Θεὸς
1538 2087 1728 2157 ὑμνοις
1762 2087 1980 2155 ἀγγελι..

405 2183 540 2245 κοῖς,
571 2181 744 2250 τροφῇ
785 2174 970 2230 οὐκέτι
1002 2171 1292 2241 ἀγγελικῇ,
1333 2170 1447 2223 ἀλλ’
1479 2171 1620 2242 ὑπὲρ
1659 2170 1977 2242 ἀγγελικὴν,

404 2262 672 2331 φιλήματι
706 2258 782 2329 τῷ
827 2256 1015 2321 αὑτοῦ,
1059 2253 1423 2326 περιπλοκαῖς
1453 2256 1572 2318 ταῖς
1610 2255 1745 2326 πρὸς
1791 2254 1976 2320 αὐτὸν,

407 2343 504 2396 καὶ
529 2341 803 2410 ὑϐρίζειςς
835 2338 948 2410 Μὴ,
981 2333 1305 2407 παρακαλῶ.
1357 2335 1624 2403 Μεγάλων
1653 2337 1712 2390 τὸ
1747 2337 1980 2407 πρᾶγμα

409 2426 582 2479 αίτιον
624 2423 832 2490 κακῶν,
865 2422 1054 2493 πόρρω
1080 2418 1260 2491 ψυχῆς
1297 2418 1646 2492 Χριστιανῆς.
1694 2422 1769 2476 Οὐ
1797 2419 1979 2474 πείθοο

426 2665 751 2679 .——-——-—-

1110 246 1166 302 S.
1203 243 1486 302 JGANNIS
1521 241 2005 300 CHRYSOSTOMI
2046 244 2368 301 ARCHIEP.
2411 243 2965 302 CONSTANTINOP.

3551 240 3646 296 ίθθ

2080 359 2178 429 μέν
2222 377 2281 414 σε
2341 361 2612 430 λέγοντες,
2668 361 2788 414 οὐδὲ
2823 361 3191 430 ἐντρέπομενς
3245 357 3455 412 Οὐκοῦν
3501 359 3647 424 ἄξιον

2078 441 2316 512 φοϐῆσαι
2343 443 2530 497 λοιπόν
2553 461 2565 474 ·
2611 446 2774 497 ἄκουε
2803 444 2911 514 γὰρ
2947 442 3042 496 τοῦ
3081 442 3320 511 Χριστοῦ
3365 441 3611 510 λέγοντος
3632 461 3644 474 ο

2089 525 2152 578 '0
2174 524 2362 579 εἰπὼν
2389 523 2470 592 τῷ
2495 525 2735 595 ἀδελφῷ
2773 525 2983 591 αὐτοῦ,
3016 525 3208 592 Μωρέ,
3239 524 3456 593 ἔνοχος
3481 527 3651 581 ἔσται

2077 606 2152 676 τῇ
2181 608 2394 678 γεέννῃ
2418 609 2522 663 τοῦ
2560 611 2771 676 πυρός.
2813 611 2875 663 El
2898 609 2955 662 δὲ
2991 608 3052 661 τδ
3073 608 3403 678 κουφότερον
3433 607 3652 662 πάντων

2076 690 2299 758 γέενναν
2330 689 2600 760 προξενεῖ,
2649 693 2676 743 ό
2707 690 2776 743 τὰ
2827 691 3078 761 τολμηρά
3121 689 3318 756 λέγων,
3377 689 3522 752 τίνος
3557 691 3656 744 οὐκ

2078 771 2231 826 ἔσται
2265 772 2446 840 Etiam;
2480 772 2869 843 Παιδεύσωμεν
2914 772 3073 842 ἡμῶν
3113 771 3246 842 πρὸς
3291 771 3571 842 εὐφημίαν
3595 771 3657 824 τὸ

2078 857 2285 927 στόμαο
2332 857 2476 927 μέγα
2505 857 2613 914 ἀπὸ
2652 857 2843 910 τούτου
2896 856 3107 926 κέρδος,
3157 854 3367 925 μεγάλη
3413 855 3521 907 ἀπὸ
3554 856 3655 924 τῆς

2080 938 2291 1010 ὕϐρεως
2315 941 2348 1009 ή
2375 938 2546 1009 βλάϐη
2567 955 2580 970 ·
2613 940 2714 993 οὐκ
2747 939 2894 992 ἐστιν
2919 937 3158 992 ἐνταῦθα
3184 937 3445 1007 χρήματα
3477 937 3656 990 δαπα-

2080 1021 2262 1092 νῆσαι.
2323 1021 2634 1091 Ἐπιθῶμεν
2683 1021 2854 1090 θύραν
2898 1021 2991 1073 καὶ
3045 1019 3280 1090 μοχλὸν,
3317 1015 3471 1090 [109]
3523 1033 3656 1071 κατ-

2079 1104 2346 1173 εσθίωμεν
2371 1105 2620 1167 ἑαυτοὺς,
2639 1103 2732 1156 ἐὰν
2758 1103 2912 1173 ῥῆμά
2932 1120 3060 1156 ποτε
3083 1101 3339 1173 φορτικὸν
3362 1102 3654 1171 ἐκπηδήσῃ

2076 1186 2185 1240 τῶν
2218 1187 2448 1240 ὀδόντων
2470 1204 2482 1217 ·
2515 1187 2924 1256 παρακαλῶμεν
2947 1187 3038 1238 τὸν
3063 1185 3218 1251 Θεὸν,
3242 1185 3657 1254 παρακαλῶμεν

2075 1268 2167 1322 τόν
2199 1269 2548 1341 ὑϐρισμένον.
2586 1268 2660 1338 μὴ
2689 1267 3142 1338 ἀναξιοπαθῶμεν
3163 1283 3178 1298 ο
3228 1268 3454 1330 ἑαυτοὺς
3485 1268 3657 1342 ἐπλή-

2079 1351 2269 1423 ξαμεν,
2305 1353 2407 1405 οὑκ
2459 1355 2698 1405 ἐκεῖνον*
2757 1352 3038 1421 ἐπιθῶμεν
3087 1351 3148 1404 τὸ
3201 1351 3497 1423 φάρμακον
3551 1351 3652 1422 τὴν

2077 1435 2242 1506 εὐχὴν
2291 1437 2385 1488 καλ⁸
2442 1434 2540 1504 τὴν
2579 1435 2716 1506 πρὸς
2765 1433 2855 1487 τὸν
2908 1433 3236 1504 ὑϐρισμένον
3281 1434 3651 1504 καταλλαγήν.

2081 1517 2181 1571 ’Ἂν
2217 1519 2275 1570 ἐν
2303 1521 2417 1580 τοῖς
2463 1518 2672 1589 ῥήμασι
2701 1516 2974 1587 τοσαύτην
3027 1514 3311 1584 ποιώμεθα
3369 1515 3652 1586 πρόνοιαν,

2085 1598 2266 1668 πολλῷ
2316 1598 2514 1670 μᾶλλον
2577 1599 2634 1651 ἐν
2688 1602 2801 1662 τοῖς
2840 1599 3127 1669 πράγμασι
3183 1597 3381 1667 νόμους
3415 1596 3656 1668 τιθῶμεν

2081 1683 2319 1745 ἑαυτοῖς.
2351 1681 2468 1734 Κᾶν
2497 1681 2685 1751 φίλους
2708 1681 2943 1752 ἔχωμεν,
2988 1681 3089 1734 κᾶν
3139 1679 3505 1746 οὑστινασοῦν,
3559 1681 3655 1735 καὶ

2077 1766 2282 1818 εἴποιεν
2312 1765 2501 1828 κακῶς
2531 1783 2673 1828 τινα,
2711 1766 2746 1837 ἢ
2783 1765 3084 1836 ὑϐρίσαιεν,
3118 1763 3419 1832 ἀπαίτησον
3451 1763 3653 1823 αὐτοὺς

2077 1851 2170 1904 καὶ
2221 1849 2514 1920 εἴσπραξαι
2567 1849 2741 1917 δίκην.
2791 1849 3173 1918 Μανθάνωμεν
3215 1846 3373 1910 ὅλως,
3419 1846 3501 1899 ὅτι
3551 1844 3656 1899 κάν

2077 1933 2383 2003 ἁμάρτημα
2413 1931 2473 1984 τὸ
2502 1931 2742 1985 τοιοῦτόν
2779 1933 2929 1985 ἐστιν
2953 1949 2966 1962 ο
3002 1931 3068 1984 ἀν
3096 1929 3204 2000 γὰρ
3243 1927 3526 1999 μάθωμεν,
3559 1943 3654 1979 τα-

2076 2015 2216 2086 χέως
2261 2014 2709 2085 ἀποστησάμεθα.
2758 2015 2819 2067 Ὀ
2858 2014 2915 2067 δὲ
2963 2014 3095 2077 Θεὸς
3143 2014 3242 2083 τῆς
3290 2013 3514 2083 είρήνης
3548 2028 3654 2080 φυ-

2075 2098 2228 2162 λάξοι
2284 2097 2438 2166 ὑμῶν
2495 2098 2592 2151 καὶ
2648 2097 2742 2153 τὸν
2791 2097 2938 2163 νοῦν,
2974 2097 3068 2150 καλ⁵
3097 2096 3196 2166 τὴν
3247 2094 3525 2164 γλῶσσαν,
3557 2093 3654 2147 καὶ

2078 2179 2307 2249 τειχίσοι
2337 2179 2571 2249 ἀσφαλεῖ
2600 2181 2785 2252 τειχίῳ
2812 2181 2889 2252 τῷ
2927 2179 3092 2233 αὑτοῦ
3125 2179 3296 2249 φόϐῳ,
3341 2179 3399 2230 ἐν
3428 2173 3653 2247 Χριστῷ

2093 2260 2267 2332 Ἰησοῦ
2299 2262 2395 2314 καὶ
2447 2261 2637 2334 Κυρίῳ
2673 2263 2853 2333 ἡμῶν,
2897 2263 3016 2333 μεθ’
3045 2259 3104 2315 οὐ
3143 2260 3221 2331 τῷ
3252 2259 3426 2329 Πατρὶ
3463 2260 3496 2329 ή
3525 2257 3652 2324 δόξα

2081 2343 2195 2414 ἅμα
2229 2343 2306 2414 τῷ
2345 2343 2486 2415 ἀγίῳ
2515 2344 2817 2415 Πνεύματι.

1827 2926 2068 2980 οΜιΑιΑ
2109 2928 2211 2983 ῙΕ⁹.

405 3192 582 3249 Πᾶσα
617 3194 823 3261 πικρία
856 3191 952 3245 καί
987 3191 1196 3262 θυμὸς,
1242 3189 1342 3245 καί
1374 3189 1543 3260 ὀργὴ,
1576 3187 1675 3242 καί
1721 3186 1976 3256 κραυγὴ,

476 3275 595 3329 καί
617 3274 980 3343 βλασφημία
1029 3272 1264 3342 ἀρθήτω
1295 3271 1397 3343 ἀφ’
1440 3269 1609 3341 ὑμῶν
1639 3269 1763 3326 σὺν
1810 3267 1978 3338 πάσῃ

477 3359 677 3427 κακίᾳ.

477 3554 547 3605 α’.
561 3547 773 3617 Ὠσπερ
787 3546 868 3610 είς
889 3545 1082 3608 σκεῦος
1098 3544 1405 3616 ἀκάθαρτον
1420 3544 1520 3597 οὐκ
1546 3542 1612 3597 ἄν
1634 3559 1762 3595 ποτε
1781 3541 1981 3605 ἐαυτάς

407 3629 626 3685 καθεῐεν
659 3630 714 3682 αι
752 3627 1040 3698 μέλισσαι⁸
1070 3627 1159 3680 διά
1189 3627 1297 3698 γάρ
1340 3625 1499 3680 τοῦτο
1535 3625 1630 3678 καὶ
1670 3623 1980 3694 θυμιάμασι

408 3714 501 3766 καὶ
539 3711 734 3782 μύροις
765 3711 859 3763 καὶ
890 3708 1140 3770 εὐωδίαις
1169 3708 1262 3761 τὸν
1304 3708 1471 3760 τόπον
1519 3706 1980 3776 καταρραίνουσιν

405 3795 456 3845 οί
497 3793 627 3863 περὶ
655 3789 829 3843 ταῦτα
876 3788 1062 3852 δεινοὶ,
1115 3790 1277 3850 οίνοις
1335 3805 1394 3841 τε
1453 3787 1680 3840 εὐώδεσι
1735 3787 1981 3849 καὶτοῖς

406 3875 587 3936 ἀλλοις
614 3873 788 3926 ἅπασι
817 3871 943 3933 τοὺς
972 3868 1360 3934 καλαθίσκους,
1392 3869 1451 3921 ἐν
1476 3865 1559 3931 οἷς
1594 3868 1661 3921 ἂν
1693 3868 1979 3938 μέλλουσιν

407 3960 532 4029 ἄρτι
560 3955 670 4010 τῶν
705 3951 929 4024 σμηνῶν
977 3951 1219 4015 ἐξιοῦσαι
1268 3951 1558 4016 ἐνιζάνειν,
1599 3950 1742 4004 ὥστε
1775 3951 1850 4022 μὴ
1880 3951 1979 4023 τὴν

405 4040 544 4111 ἀηδῆ
598 4035 774 4108 ὀσμὴν
825 4034 1147 4106 λυπήσασαν
1204 4034 1378 4096 αύτάς
1428 4035 1736 4104 ἀποστῆσαι
1771 4033 1933 4088 πάλιν
1961 4049 1976 4063 ⁸

404 4121 549 4177 οὓτω
571 4120 636 4194 δή
665 4119 760 4174 καὶ
781 4116 876 4172 ἐπὶ
904 4117 997 4170 τοῦ
1021 4116 1341 4187 Πνεύματός
1363 4118 1479 4170 ἐστι
1506 4115 1602 4169 τοῦ
1634 4115 1811 4183 ἀγίου.
1857 4114 1982 4183 Ἀγ-

407 4204 554 4275 γεῖόν
583 4203 636 4256 τί
670 4203 818 4256 ἐστιν
863 4201 900 4271 ή
938 4198 1186 4270 ἡμετέρα
1219 4198 1364 4268 ψυχὴ
1395 4198 1491 4252 καὶ⁵
1529 4196 1881 4260 καλαθίσκος,
1911 4197 1980 4251 τὰ

409 4288 589 4360 σμήνη
620 4284 728 4340 τῶν
756 4284 1113 4355 χαρισμάτων
1153 4281 1262 4360 τῶν
1294 4280 1682 4352 πνευματικῶν
1715 4279 1977 4346 ὑποδέξα-

407 4359 534 4424 σθαι
560 4367 834 4437 δυναμένη
854 4383 869 4399 ο
893 4365 1010 4420 ἀλλ’
1046 4359 1196 4438 ἐάνῇ
1219 4363 1365 4418 ένδον
1386 4362 1517 4433 χολὴ
1539 4362 1633 4415 καὶ
1662 4361 1860 4432 πικρία
1885 4362 1980 4414 καὶ

406 4451 598 4522 θυμδς,
635 4450 703 4504 τὰ
739 4449 919 4521 σμήνη
961 4448 1286 4518 ἀφίπταται.
1326 4447 1425 4500 Διά
1461 4446 1620 4500 τοῦτο
1649 4448 1677 4499 ό
1711 4445 1979 4516 μακάριος

405 4528 557 4595 οὗτος
587 4532 682 4584 καὶ
725 4531 887 4599 σοφὸς
916 4531 1162 4601 γεωργὸς
1207 4528 1550 4599 διακαθαίρει
1598 4527 1778 4590 καλῶς
1823 4528 1979 4598 ⁴ήμῶν

406 4614 474 4666 τά
498 4611 686 4682 σκεύη,
715 4614 776 4664 οὐ
799 4613 1088 4683 δρέπανον,
1123 4612 1244 4665 οὐδέ
1274 4629 1325 4664 τι
1356 4611 1482 4665 ἀλλο
1511 4611 1704 4673 σκεῦος
1728 4609 1978 4680 σιδηροῦν

407 4694 656 4764 κατέχων
677 4710 691 4724 ο
723 4694 820 4746 καὶ⁵
849 4693 1004 4746 καλεῖ
1033 4697 1181 4765 ἡμᾶς
1205 4695 1298 4748 ἐπὶ
1332 4693 1391 4748 τὸ
1425 4691 1797 4763 πνευματικὸν
1823 4691 1980 4745 τοῦτο

409 4775 632 4847 σμῆνος,
667 4776 761 4827 καί¹
792 4773 1043 4842 συνάγων
1089 4775 1222 4828 αὐτὸ
1251 4774 1595 4844 διακαθαίρει
1649 4776 1834 4845 εὐχαῖς
1886 4776 1980 4829 καὶ

407 4858 593 4922 πόνοις
628 4857 720 4912 καὶ
749 4859 861 4921 τοῖς
894 4857 1078 4919 ἄλλοις
1119 4856 1341 4910 ἅπασιν.
1383 4858 1522 4927 Ὅρα
1554 4855 1647 4912 οὖν
1678 4859 1795 4923 πῶς
1823 4859 1980 4930 ήμῶν

406 4941 726 5012 ἐκκαθαίρει
765 4940 864 5011 τὴν
905 4939 1136 5010 καρδίαν
1159 4953 1173 4967 ο
1210 4937 1456 5008 ἀπήλασε
1498 4939 1562 4992 τὸ
1610 4939 1804 5010 ψεῦδος
1826 4981 1840 5004 ,
1875 4942 1980 4995 ἀπ·

410 5025 584 5096 ὴλασε
633 5023 732 5096 τήν
783 5023 973 5094 ὀργήν.
1007 5022 1258 5076 Δείκνυσι
1311 5021 1476 5076 πάλιν
1530 5024 1646 5089 πῶς
1672 5024 1739 5081 ἀν
1780 5026 1979 5096 μᾶλλον

407 5109 706 5183 πρόρριζον
765 5106 1145 5176 ἀνασπασθείη
1186 5105 1248 5158 τδ
1303 5106 1508 5159 κακόν·
1559 5109 1625 5161 ἂν
1683 5109 1760 5179 μὴ
1808 5103 1977 5179 ὦμεν,

407 5194 565 5262 φησὶ,
596 5193 781 5262 πικροὶ
823 5193 921 5261 τήν
963 5190 1220 5244 διάνοιαν.
1275 5188 1543 5260 Καθάπερ
1597 5190 1706 5261 γὰρ
1755 5191 1849 5244 ἐπὶ
1881 5194 1978 5262 τῆς

398 5276 570 5350 χολῆς
593 5278 911 5347 συμϐαίνειν
939 5275 1094 5330 εἴωθε
1127 5273 1225 5344 τῆς
1253 5272 1550 5344 ήμετέρας,
1588 5273 1654 5327 ἂν
1695 5276 1793 5346 μέν
1822 5276 1973 5346 ὀλίγη

407 5361 547 5428 τύχῃ
570 5375 654 5420 τις
689 5355 843 5426 οὖσα,
872 5359 1028 5429 ὀλίγη
1059 5358 1155 5412 καὶ
1181 5359 1214 5428 ὴ
1248 5356 1462 5426 κίνησις
1487 5355 1692 5424 γίνεται
1716 5359 1976 5428 ἐκραγέν-

404 5457 496 5504 τος
522 5441 618 5496 τοῦ
650 5445 897 5511 ταμιείου
917 5461 930 5474 '
952 5447 1078 5497 ὅταν
1113 5442 1171 5496 δέ
1212 5440 1483 5514 πλεονάσῃ
1515 5441 1574 5494 τὸ
1611 5442 1839 5512 σφοδρὸν
1876 5441 1977 5511 τῆς

406 5522 661 5593 τοιαύτης
691 5525 971 5593 ποιότητος
1021 5527 1116 5580 καὶ
1145 5525 1421 5596 δηκτικὸν,
1453 5524 1635 5578 οὐκέτι
1688 5526 1870 5594 στέγει
1919 5527 1976 5579 τὸ

406 5607 574 5686 ¹φέρον
615 5605 782 5679 αὐτὴν
822 5607 1082 5678 πρότερον
1125 5609 1364 5677 ἀγγεῖον,
1405 5606 1540 5662 ἀλλά
1581 5604 1830 5681 καθάπερ
1869 5625 1971 5660 m-

2082 3190 2219 3260 ρὸςι
2256 3188 2484 3261 σφοδροῦ
2515 3189 2815 3261 διαϐρωθέν
2841 3192 3025 3245 οὐκέτι
3048 3189 3158 3246 οἷόν
3195 3196 3256 3248 τέ
3287 3197 3404 3249 ἐστι
3436 3197 3646 3265 στέγειν

2081 3271 2252 3342 αὐτὴν
2287 3273 2384 3326 καὶ
2433 3272 2684 3342 κατέχειν
2719 3273 2776 3324 ἐν
2805 3275 2918 3336 τοῖς
2945 3275 3270 3347 ὡρισμένοις
3296 3278 3464 3350 ὅροις,
3508 3279 3646 3334 ἀλλά

2079 3352 2413 3408 διασπασθέν
2465 3354 2568 3407 ὑπὸ
2609 3355 2710 3424 τῆς
2764 3355 3004 3427 ἀμέτρου
3052 3358 3380 3430 δριμύτητος
3423 3361 3648 3431 ἀφίησιν

2080 3436 2400 3502 ἐξελθοῦσαν
2430 3438 2593 3492 παντὶ
2620 3437 2696 3506 τῷ
2723 3437 2934 3508 σώματι
2973 3439 3329 3510 λυμαίνεσθαι
3352 3459 3366 3474 ο
3395 3445 3490 3497 καὶ
3514 3444 3647 3496 καθ-

2081 3520 2223 3592 άπερ
2253 3523 2333 3584 είς
2379 3519 2534 3573 πόλιν
2571 3520 2788 3589 ἐνεχθὲν
2845 3521 3032 3592 θηρίον
3071 3521 3221 3594 [H0]
3265 3524 3645 3594 χαλεπώτατον

2080 3605 2176 3659 καὶ
2201 3605 2494 3676 ἀφόρητον,
2528 3603 2632 3668 ἕως
2669 3604 2765 3676 μὲν
2797 3604 2864 3658 ἂν
2904 3605 3052 3659 ἔνδον
3091 3607 3148 3660 ἐν
3191 3609 3310 3671 ταῖς
3338 3610 3646 3681 πεποιημέ-

2080 3704 2196 3750 ναις
2239 3690 2481 3759 εἱρκταῖς
2512 3688 2834 3759 κατέχηται,
2876 3689 3048 3756 οὐδὲν,
3094 3688 3194 3744 κᾶν
3225 3692 3502 3764 ἀγριαίνῃ,
3541 3696 3645 3748 κᾶν

2081 3771 2280 3844 κράζῃ,
2310 3773 2500 3826 οὐδένα
2531 3773 2733 3844 βλάψαι
2761 3774 3048 3845 δυνήσεται
3076 3791 3089 3804 ·
3131 3776 3258 3828 ὅταν
3294 3774 3350 3826 δέ
3382 3775 3460 3845 τῷ
3489 3777 3646 3849 θυμῷ

2080 3855 2348 3925 κρατηθῇ,
2376 3856 2468 3908 καὶ
2490 3855 2786 3920 διακλάσας
2809 3859 2935 3920 τοὺς
2964 3856 3052 3910 διὰ
3083 3857 3249 3925 μέσου
3283 3857 3646 3928 βεϐλημένους

2079 3935 2310 3998 κανόνας
2352 3937 2662 4006 ἐκπηδῆσαι
2715 3937 2964 4008 δυνηθῇ,
3017 3940 3220 4002 παντὸς
3274 3939 3502 4008 θορύϐου
3545 3941 3645 4012 τὴν

2079 4018 2232 4072 πόλιν
2265 4020 2570 4090 ἐμπίπλησι
2599 4020 2694 4074 καὶ
2726 4022 2966 4092 ταραχῆς
2989 4061 3003 4086 ,
3039 4022 3134 4075 καὶ
3171 4023 3376 4085 πάντας
3411 4023 3645 4077 ἀπελαύ-

2079 4117 2191 4154 νει·
2231 4101 2374 4154 οὖτω
2409 4101 2473 4171 δὴ
2502 4103 2596 4155 καὶ
2648 4102 2747 4172 τῆς
2779 4103 2940 4173 χολῆς
2969 4106 3000 4172 ή
3035 4103 3197 4172 φύσις
3228 4121 3241 4133 ·
3272 4105 3378 4167 ἕως
3432 4107 3528 4175 μέν
3579 4106 3645 4160 ἂν

2081 4185 2139 4238 ἐν
2168 4187 2280 4248 τοῖς
2308 4185 2528 4248 οίκείοις
2569 4187 2719 4255 ὅροις
2769 4187 3088 4257 κατέχηται,
3118 4187 3270 4240 οὐδὲν
3313 4188 3456 4257 μέγα
3498 4191 3646 4259 ἡμᾶς

2080 4268 2368 4340 ἐργάζεται
2405 4269 2575 4322 κακόν
2597 4286 2610 4300 ο
2643 4269 2863 4323 ἐπειδὰν
2901 4269 2957 4323 δὲ
3001 4271 3327 4340 ἐκραγέντος
3357 4271 3452 4324 τοῦ
3489 4289 3645 4344 περιρ

2081 4351 2294 4422 έχοντος
2321 4351 2492 4420 αὐτὴν
2525 4351 2741 4422 ὑμένος,
2775 4352 2928 4406 οὐδὲν
3020 4353 3080 4405 τὸ
3107 4351 3314 4407 κωλύον
3346 4352 3531 4407 λοιπὸν
3559 4357 3639 4418 εἰς

2079 4436 2258 4488 πᾶσαν
2294 4435 2610 4506 διαχυθῆναι
2650 4436 2752 4506 τὴν
2791 4435 2972 4504 φύσιν,
3008 4436 3130 4490 τότε
3172 4435 3257 4507 δὴ,
3293 4435 3434 4501 τότε,
3468 4437 3645 4492 καίτοι

2078 4518 2218 4572 οὕτω
2250 4519 2453 4588 σφόδρα
2481 4518 2677 4588 μικρὸν
2716 4518 2774 4571 ὃν
2813 4521 2876 4589 τῇ
2918 4519 3198 4590 ποσότητι,
3234 4519 3320 4571 διὰ
3348 4519 3447 4589 τὴν
3480 4520 3647 4591 ὑπερ-

2078 4601 2380 4655 ϐάλλουσαν
2421 4603 2476 4653 ἐν
2520 4603 2586 4671 τῇ
2637 4601 2880 4671 ποιότητι
2929 4600 3160 4670 δύναμιν
3210 4601 3386 4656 πάντα
3413 4603 3484 4656 τά
3511 4603 3646 4658 ἄλλα

2079 4687 2316 4754 στοιχεῖα
2349 4684 2448 4754 τῆς
2473 4685 2679 4744 οίκείας
2720 4683 3094 4755 ἀναχρώννυσι
3129 4684 3349 4748 κακίας.
3376 4685 3510 4738 Τότε
3538 4686 3646 4758 γάρ

2077 4767 2142 4838 δὴ
2182 4763 2322 4838 αἷμα
2357 4768 2588 4838 εὑροῦσα
2623 4768 2849 4838 πλησίον
2886 4768 2964 4838 τῷ
2997 4786 3056 4820 τε
3084 4770 3234 4839 τόπῳ
3267 4770 3362 4822 καὶ
3403 4772 3471 4841 τῇ
3499 4770 3646 4823 ποιό-

2076 4867 2218 4921 τητι,
2252 4852 2345 4904 καὶ
2370 4851 2464 4923 τὴν
2496 4852 2553 4904 ἐν
2573 4851 2762 4921 ἐκείνῳ
2794 4851 3103 4922 θερμότητα
3123 4851 3457 4922 δριμυτέραν
3480 4853 3647 4921 ἐργα-

2078 4929 2301 5006 ζομένη,
2338 4935 2433 4987 καὶ
2480 4934 2542 4986 τὸ
2576 4924 2805 5002 ἐγγύθεν
2855 4936 2962 4988 πᾶν
3011 4936 3148 5004 ὅπερ
3173 4935 3343 4999 ἐστὶν,
3396 4934 3503 4988 ἀπὸ
3544 4933 3646 5004 τῆς

2076 5017 2218 5102 κατά
2267 5016 2366 5102 τῂν
2418 5018 2694 5102 ὑγρότητα
2744 5018 3085 5102 συμμετρίας
3138 5018 3468 5102 ὑπερϐαῖνον
3517 5020 3644 5083 τούς

2075 5099 2235 5168 ὄρους
2275 5099 2372 5153 κάι
2408 5101 2570 5170 χολὰς
2622 5101 3012 5172 ἐργαζόμενον,
3055 5101 3194 5170 μετά
3225 5101 3417 5155 τούτου
3458 5101 3645 5156 λοιπὸν

2076 5182 2167 5234 καὶ
2215 5185 2327 5245 τοῖς
2380 5181 2561 5246 ἄλλοις
2621 5185 3069 5256 ἐπιστρατεύεται
3125 5184 3331 5254 μέλεσι.
3369 5183 3464 5236 καὶ
3499 5183 3647 5236 οὕτω

2077 5263 2254 5318 πάντα
2301 5265 2381 5327 είς
2421 5265 2519 5336 τὴν
2573 5266 2780 5321 οἰκείαν
2820 5268 3037 5322 ἐνθεῖσα
3083 5265 3369 5336 πονηρίαν,
3429 5266 3645 5334 ἄφωνον

2075 5347 2367 5420 ἐργάζεται
2399 5349 2492 5402 τὸν
2533 5349 2838 5422 ἄνθρωπον,
2883 5355 2978 5406 καὶ
3021 5353 3284 5405 ἀποπνεῖν
3335 5351 3497 5413 ποιεῖ,
3545 5348 3646 5418 τὴν

2074 5431 2249 5500 ψυχὴν
2279 5430 2671 5489 ἀπελαύνουσα,
2718 5433 2782 5485 Τί
2819 5433 2883 5503 δὴ
2910 5433 3080 5486 ταῦτα
3099 5435 3232 5503 ἡμῖν
3264 5431 3481 5487 ᾶπαντα
3500 5429 3645 5484 οὕτω

2138 5617 2163 5644 ⁸
2186 5615 2319 5676 Lege
2339 5615 2430 5662 ὑπὸ
2454 5616 2613 5670 πυρός.
