4042 6212
411 327 509 382 105

399 447 480 493 est
509 438 694 505 frater,
723 438 990 509 quomodo
1021 437 1184 503 dicis,
1223 438 1373 493 Pater
1417 444 1625 496 noster!
1673 441 1800 497 illud
1831 444 1971 496 enim

400 537 588 596 noster,
621 530 816 585 multas
843 531 1107 600 significat
1133 545 1410 601 personas.
1437 531 1620 602 Cogita
1645 549 1764 588 eum
1783 535 1973 602 quibus

399 631 509 674 stes
534 630 777 689 tempore
803 622 1014 676 illorum
1047 621 1422 693 mysteriorum
1449 640 1463 688 ;
1505 640 1626 679 eum
1653 624 1934 679 Cherubim
1956 667 1971 692 ,

398 726 519 766 cum
552 711 853 782 Seraphim.
882 712 1163 783 Seraphim
1190 714 1329 768 enim
1356 717 1676 770 contumelia
1724 732 1828 771 non
1853 717 1974 771 altl-

399 801 563 865 tiuut,
614 801 706 856 sed
754 817 816 857 os
865 819 1051 859 eorum
1099 820 1261 860 unum
1315 807 1483 860 solum
1526 807 1711 876 implet
1759 823 1972 873 munus,

400 906 593 960 nempe
625 892 789 946 Deum
821 893 1066 949 laudandi
1090 903 1143 948 et
1163 895 1513 964 glorificaudi.
1537 897 1817 962 Quomodo
1839 913 1966 970 ergo

399 983 597 1051 poteris
624 996 744 1036 cum
777 982 882 1037 illis
905 983 1106 1049 dicere,
1126 985 1368 1052 Sanctus,
1390 997 1616 1054 sanctus,
1634 999 1858 1055 sanctus,
1885 991 1974 1060 qui

397 1086 489 1126 ore
515 1085 642 1124 usus
665 1087 724 1126 es
745 1071 810 1126 ad
840 1073 1261 1128 contumeliam?
1291 1075 1614 1145 Dic,qumso,
1638 1078 1681 1130 si
1712 1089 1854 1133 esset
1882 1094 1975 1136 vas

395 1163 621 1233 regium,
647 1164 806 1233 regiis
830 1178 1044 1234 semper
1061 1165 1196 1221 cibis
1226 1165 1503 1231 refertum,
1535 1178 1590 1223 et
1619 1169 1685 1223 ad
1717 1170 1819 1226 hoc
1841 1186 1972 1226 eon-

392 1254 639 1307 stitutum
669 1269 684 1318 ;
731 1253 924 1309 deinde
961 1255 1154 1318 aliquis
1190 1270 1256 1310 ex
1301 1256 1512 1312 famulis
1539 1273 1604 1313 eo
1629 1269 1866 1315 uteretur
1905 1262 1971 1316 ad

392 1352 654 1408 stercora,
683 1344 974 1399 auderetne
997 1345 1229 1417 amplius
1246 1361 1506 1416 reponere
1521 1363 1643 1403 cum
1668 1352 1831 1416 vasis,
1855 1368 1973 1422 qua:

390 1443 514 1487 sunt
543 1435 610 1487 ad
634 1435 719 1488 illa
747 1434 1009 1488 destinata
1032 1475 1048 1501 ,
1077 1436 1250 1504 ipsum
1279 1446 1516 1492 stercore
1537 1439 1839 1508 repletum?
1869 1441 1970 1496 Ne-

387 1538 676 1593 quaquam.
706 1523 1019 1592 Hujusmodi
1043 1540 1127 1579 res
1141 1535 1223 1581 est
1247 1527 1635 1594 maledicentia,
1667 1531 1970 1599 hujusmodi

389 1629 476 1669 res
500 1625 586 1670 est
623 1615 972 1670 contumelia.
1004 1614 1160 1670 Pater
1181 1627 1367 1672 noster.
1397 1619 1463 1673 Et
1487 1619 1658 1688 quid?
1688 1631 1840 1678 estne
1872 1622 1972 1680 hoc

388 1705 606 1759 solum?
634 1705 757 1759 audi
783 1705 940 1760 etiam
969 1721 1086 1775 qum
1115 1718 1409 1777 sequuntur
1439 1728 1451 1764 :
1490 1710 1589 1777 Qui
1625 1728 1674 1767 es
1716 1717 1767 1766 tn
1810 1713 1969 1769 cazlis.

389 1794 583 1849 Statim
611 1795 811 1860 dixisti,
842 1793 998 1848 Pater
1024 1807 1192 1850 noster
1215 1799 1301 1866 qui
1340 1815 1390 1851 es
1412 1800 1463 1852 in
1485 1801 1640 1866 cretis,
1670 1810 1725 1857 et
1752 1803 1968 1859 verbum

391 1895 447 1939 te
472 1886 670 1949 erexit,
710 1895 762 1939 et
787 1887 949 1940 menti
981 1894 1082 1939 tuae
1106 1885 1220 1940 alas
1259 1886 1500 1954 addidit,
1546 1898 1600 1944 et
1643 1891 1875 1946 ostendit
1921 1903 1971 1949 te

397 1974 615 2029 Patrem
644 1973 832 2030 habere
877 1975 930 2029 in
963 1974 1129 2030 cielis.
1171 1975 1311 2030 Nihil
1344 1992 1470 2047 agas
1495 2019 1513 2044 ,
1553 1979 1689 2033 nihil
1734 1980 1878 2036 dicas
1903 1997 1968 2036 ex

393 2063 460 2118 iis
478 2079 600 2134 quae
626 2071 748 2118 sunt
775 2065 825 2120 in
858 2073 1021 2120 terra.
1055 2063 1110 2119 ln
1141 2081 1431 2136 supernum
1463 2069 1610 2122 illum
1639 2070 1881 2126 ordinem
1911 2081 1962 2129 te

387 2154 590 2220 retulit,
621 2154 674 2207 in
706 2154 873 2209 choro
899 2153 992 2208 illo
1022 2162 1073 2210 te
1103 2154 1326 2210 inseruit
1356 2170 1492 2212 :cur
1519 2167 1570 2213 te
1598 2158 1846 2214 deorsum
1873 2161 1969 2216 de-

385 2242 599 2298 trahis?
638 2244 777 2313 apud
822 2243 1072 2298 thronum
1119 2253 1228 2299 stas
1266 2246 1470 2315 regium
1499 2287 1512 2310 ,
1556 2257 1609 2303 et
1643 2249 1964 2304 contumelia

380 2332 740 2388 allicis?Nun
786 2332 1094 2390 estimescis
1123 2349 1191 2390 ne
1240 2333 1354 2389 Rex
1400 2350 1518 2390 eam
1563 2352 1676 2392 rem
1702 2338 1970 2394 existimet

383 2425 814 2479 contumeliam?
858 2424 965 2480 Sed
995 2428 1040 2479 si
1083 2425 1310 2481 famulus
1337 2427 1551 2496 quidem
1591 2444 1771 2484 coram
1800 2431 1955 2486 nobis

384 2527 709 2567 conservum
736 2513 981 2568 verberet
1020 2522 1111 2568 aut
1132 2516 1456 2571 contumelia
1497 2516 1696 2572 affleiat
1717 2560 1731 2584 ,
1761 2520 1966 2574 etiamsi

383 2603 487 2656 hoc
507 2603 656 2671 juste
683 2602 874 2668 faciat,
896 2604 1074 2658 statim
1105 2605 1458 2675 increpamus,
1483 2622 1595 2662 rem
1627 2623 1748 2665 esse
1775 2619 1966 2665 contu-

383 2695 602 2750 meliam
658 2704 945 2767 putantes;
990 2705 1046 2752 tu
1087 2705 1264 2753 autem
1302 2713 1422 2753 cum
1462 2698 1778 2756 Cherubinis
1823 2709 1968 2756 stans

383 2786 523 2855 apud
551 2787 806 2842 thronum
825 2787 1008 2858 Regis,
1035 2789 1354 2845 contumelia
1382 2788 1602 2846 fratrem
1625 2791 1828 2846 afficis?
1851 2793 1966 2850 Non

383 2877 531 2932 vides
559 2876 679 2932 haec
718 2888 902 2932 sancta
928 2879 1097 2933 vasa?
1135 2894 1314 2935 annon
1353 2879 1420 2936 ad
1449 2897 1614 2936 unum
1643 2884 1722 2938 eis
1752 2899 1967 2956 semper

384 2975 466 3020 est
524 2966 705 3036 opus?
742 2983 868 3022 num
912 2966 1072 3022 audet
1108 2969 1368 3039 quISpiam
1409 2971 1489 3026 eis
1533 2972 1606 3026 uti
1651 2972 1718 3028 ad
1769 2975 1966 3045 aliquid

387 3054 578 3112 aliud?
605 3056 685 3110 Tu
725 3071 786 3113 es
813 3057 904 3112 his
924 3059 1064 3113 vasis
1093 3060 1328 3114 sanctior
1349 3100 1364 3125 ,
1392 3071 1447 3117 et
1474 3062 1642 3118 multo
1681 3067 1918 3122 sanctior
1948 3085 1961 3122 :

387 3160 481 3199 cur
508 3161 640 3216 ergo
663 3147 890 3216 teipsum
924 3148 1118 3218 polluis
1155 3157 1210 3204 et
1239 3149 1520 3220 inquinas?
1543 3152 1664 3208 Stas
1697 3155 1750 3209 in
1777 3158 1922 3212 caelis
1947 3200 1962 3228 ,

388 3246 437 3289 et
465 3237 794 3292 contumelia
824 3238 1040 3295 afficis?
1069 3255 1192 3296 cum
1221 3241 1426 3313 angelis
1456 3246 1688 3300 versaris
1714 3288 1729 3315 ,
1757 3258 1809 3303 et
1836 3263 1966 3306 con-

1294 327 1359 384 lN
1398 328 1610 384 EPIST.
1657 331 1746 386 AD
1787 331 2027 388 EPIIES.
2065 330 2218 390 CAP.
2264 335 2350 392 IV.
2393 338 2620 395 HOMlI..
2664 340 2779 397 XV.

3555 361 3656 415 τεο

2084 447 2295 502 tumelia
2322 449 2528 506 amcis?
2556 452 2830 512 Dominico
2857 459 3040 515 osculo
3063 459 3310 533 dignatus
3330 483 3408 536 es,
3443 483 3657 531 eteeon-

2097 539 2311 594 tumelia
2356 543 2571 598 afllcis?
2611 547 2751 603 Deus
2793 563 2856 604 os
2901 559 3047 607 tuum
3087 558 3296 612 ornavit
3336 568 3442 616 tam
3475 567 3656 622 multis

2084 627 2295 699 hymnis
2321 633 2596 703 angelicis,
2624 636 2878 696 alimento
2909 656 3014 697 non
3045 645 3225 716 utique
3250 652 3492 720 angelico
3515 695 3532 722 ,
3559 659 3657 712 sed

2083 724 2504 793 superangelico,
2537 728 2617 781 sui
2645 731 2827 786 osculo
2849 741 2903 787 et
2923 735 3036 791 suis
3055 740 3410 807 amplexibus,
3443 754 3498 802 et
3519 762 3653 803 cena

2085 814 2295 869 tumelia
2318 815 2527 871 officis?
2555 819 2910 891 Noli,qu:eso.
2942 825 3048 882 Res
3079 827 3213 896 haec,
3242 846 3402 887 causa
3427 852 3651 908 magno;

2082 921 2196 958 rum
2227 907 2508 973 malorum,
2545 913 2730 980 procul
2759 915 2828 968 sit
2867 915 2935 969 ab
2965 919 3143 974 animo
3184 907 3531 982 Christiano.
3558 930 3651 985 Di-

2079 995 2250 1087 cendo
2302 997 2393 1052 tibi
2443 1013 2548 1054 non
2598 1003 3005 1073 persuademus,
3055 1025 3228 1081 neque
3272 1015 3366 1070 tibi
3391 1018 3652 1087 pudorem

2081 1082 2412 1142 incutimus?
2441 1088 2629 1146 Restat
2656 1107 2784 1163 ergo
2809 1103 2866 1149 ut
2896 1103 2946 1151 te
2975 1107 3268 1158 terreamus
3302 1124 3317 1160 :
3349 1082 3471 1162 audi
3499 1112 3645 1168 enim

2079 1172 2344 1230 Christum
2373 1176 2659 1248 dicentem,
2691 1182 2786 1248 Qui
2816 1185 2997 1239 dixerit
3024 1191 3173 1259 fratri
3197 1209 3306 1258 suo,
3330 1193 3513 1266 Fatue,
3531 1217 3646 1257 reus

2077 1266 2172 1318 erit
2200 1272 2440 1336 gehennae
2479 1271 2610 1342 ignis
2635 1272 2843 1343 (Matth.
2881 1277 2933 1331 5.
2964 1277 3080 1349 22).
3113 1279 3168 1335 Si
3194 1293 3371 1340 autem
3397 1290 3535 1358 quod
3564 1301 3648 1348 est

2076 1357 2312 1411 omnium
2341 1358 2664 1418 levissimum
2690 1403 2706 1430 ,
2747 1364 3047 1433 gehennam
3083 1373 3333 1430 conciliat
3365 1357 3490 1447 :qui
3513 1381 3645 1438 dicit

2076 1459 2194 1513 quae
2219 1455 2343 1501 sunt
2372 1450 2546 1505 nimia:
2571 1453 2807 1509 audaciae
2830 1495 2845 1521 ,
2873 1471 2991 1524 quae
3015 1474 3121 1514 non
3150 1464 3483 1522 merebitur?
3510 1471 3642 1527 Eru-

2075 1533 2281 1591 diamus
2314 1552 2375 1592 os
2417 1548 2655 1598 nostrum
2687 1543 2752 1598 ad
2794 1544 3216 1606 benedicendum
3261 1571 3274 1607 :
3307 1570 3374 1611 ex
3407 1557 3508 1614 hoc
3533 1577 3642 1618 ma-

2073 1639 2234 1693 gnum
2265 1635 2346 1681 est
2390 1627 2627 1696 lucrum;
2657 1646 2723 1686 ex
2771 1639 3087 1693 contumelia
3132 1658 3380 1712 magnum
3424 1659 3506 1706 est
3546 1652 3641 1707 da-

2073 1729 2255 1769 mnum
2289 1733 2303 1770 :
2336 1731 2442 1771 non
2482 1727 2605 1774 sunt
2647 1719 2731 1775 hic
2774 1727 3012 1792 pecuniae
3039 1727 3428 1798 impendenda).
3467 1738 3641 1811 Impo-

2073 1818 2260 1858 namus
2312 1806 2525 1870 ostium,
2574 1818 2776 1864 vectem
2827 1820 2882 1867 et
2927 1819 3237 1887 repagulum
3306 1841 3320 1876 :
3365 1841 3460 1881 nos
3501 1806 3648 1899 ipsos

2073 1893 2364 1948 exedamus
2384 1936 2398 1962 ,
2431 1897 2475 1952 si
2499 1912 2659 1967 grave
2685 1900 2900 1971 aliquod
2933 1906 3150 1962 verbum
3174 1911 3459 1982 aliquando
3488 1893 3651 1976 e-no-

2072 1985 2198 2040 stris
2237 1986 2488 2043 dentibus
2530 1991 2794 2047 exsilierit
2830 2011 2844 2048 :
2891 2010 3140 2066 rogemus
3175 2001 3362 2072 Deum,
3397 2023 3644 2079 rogemus

2073 2091 2192 2130 cum
2217 2079 2307 2146 qui
2334 2087 2417 2134 est
2446 2079 2667 2136 affectus
2706 2088 3066 2154 contumelia;
3115 2106 3185 2147 ne.
3226 2094 3276 2149 id
3314 2097 3470 2155 nobis
3509 2101 3644 2159 indi-

2071 2181 2233 2235 gnum
2252 2182 2604 2226 censeamus:
2631 2187 2728 2229 nos
2750 2173 2913 2246 ipsos,
2940 2193 3046 2234 non
3072 2179 3219 2237 illum
3243 2190 3636 2255 percussimus:

2070 2257 2416 2314 adhibeamus
2443 2261 2908 2334 medicamentum,
2932 2283 3135 2338 preces,
3158 2280 3214 2326 et
3243 2279 3634 2338 reconciliatio-

2071 2363 2192 2403 nem
2213 2363 2332 2404 cum
2359 2365 2425 2405 eo
2453 2352 2542 2422 qui
2566 2361 2646 2408 est
2673 2353 2894 2411 affectus
2914 2361 3259 2418 contumelia.
3287 2365 3340 2420 Si
3371 2367 3422 2420 in
3456 2371 3631 2426 verbis

2073 2448 2270 2494 tantam
2297 2455 2476 2496 curam
2499 2442 2735 2512 gerimus
2755 2485 2772 2512 ,
2801 2447 2970 2502 multo
2999 2450 3164 2518 magis
3196 2452 3248 2507 in
3281 2454 3436 2510 rebus
3487 2460 3638 2516 nobis

2072 2529 2216 2600 leges
2244 2531 2596 2600 imponamus.
2628 2533 2695 2588 Et
2722 2534 2767 2589 si
2811 2535 3101 2594 habeamus
3127 2543 3326 2598 amicos
3351 2585 3365 2611 ,
3393 2549 3634 2616 quicum-

2069 2635 2172 2689 que
2201 2620 2411 2675 tandem
2440 2622 2545 2676 sint
2572 2621 2649 2677 illi
2683 2663 2700 2689 ,
2733 2632 2786 2679 et
2811 2629 3112 2696 quempiam
3155 2633 3438 2690 maledicto
3474 2653 3636 2710 appe-

2015 2773 2018 2778 _
2072 2711 2270 2778 tieriut,
2297 2720 2389 2766 aut
2408 2711 2596 2782 injuria
2622 2712 2917 2782 all‘ecerint,
2949 2719 3156 2786 postula
3179 2723 3248 2776 ab
3275 2724 3405 2792 ipsis
3433 2737 3490 2782 ut
3517 2744 3632 2799 pm-

2071 2815 2165 2854 nas
2197 2801 2341 2855 dent.
2371 2801 2643 2858 Discamus
2670 2804 2890 2860 omnino
2914 2804 3014 2862 hoc
3043 2823 3163 2866 csse
3186 2825 3482 2881 peccatum:
3514 2835 3646 2875 nam

2069 2907 2187 2946 cum
2213 2891 2576 2958 didicerimus,
2602 2896 2708 2949 cito
2737 2894 3074 2954 desistemus.
3110 2899 3249 2957 Deus
3281 2914 3458 2961 autem
3491 2912 3638 2977 pacis

2068 2982 2332 3038 custodiat
2374 2991 2605 3040 mentem
2650 2994 2706 3040 et
2748 2985 2981 3058 linguam
3027 2999 3293 3059 vestram,
3337 3003 3391 3050 et
3434 3001 3646 3056 muniat~

2071 3081 2182 3126 tuto
2209 3087 2381 3139 muro,
2405 3087 2596 3142 nempe
2617 3074 2696 3128 sui
2729 3084 2895 3143 metu,
2926 3077 2977 3131 in
3006 3075 3218 3134 Christo
3252 3081 3378 3138 Jcsu
3408 3085 3649 3143 Domino

2069 3171 2272 3228 nostro,
2301 3177 2418 3217 cum
2447 3176 2551 3233 quo
2583 3162 2724 3218 Patri
2748 3163 2917 3235 gloria
2961 3166 3120 3222 simul
3161 3185 3279 3226 cum
3310 3185 3496 3230 sancto
3519 3177 3642 3249 Spi-

2069 3253 2195 3307 ritu.

3211 3381 3488 3397 ᾑ--ι-

3497 3390 3639 3404 -ιοη

1742 3429 2080 3495 HOMILIA
2123 3431 2265 3493 XV.

387 3569 506 3623 Car.
538 3569 588 3622 ὁ.
624 3583 673 3620 v.
706 3568 794 3624 3i.
840 3567 1018 3622 Omnis
1063 3568 1346 3622 amaritudo
1389 3577 1432 3622 et
1477 3571 1554 3623 ira
1591 3578 1638 3624 et
1677 3573 1957 3644 indignatio

452 3673 500 3714 et
523 3662 720 3715 clamor
757 3670 803 3714 et
829 3660 1141 3731 blasphemia
1183 3661 1390 3715 tollatur
1436 3678 1467 3714 a
1502 3661 1638 3716 vobis
1677 3679 1788 3717 cum
1823 3669 1958 3720 omni

454 3752 666 3806 malitia.

455 3843 504 3896 l.
547 3841 1007 3910 Quemadmodum
1036 3846 1089 3897 in
1121 3857 1213 3896 vas
1235 3851 1291 3898 et
1322 3843 1696 3899 vestimentum
1726 3847 1958 3901 immun-

385 3934 507 3987 dum
531 3947 822 4002 numquam
850 3947 910 3987 se
937 3933 1238 3988 dimiserint
1263 3947 1390 4003 apes
1418 3951 1430 3987 :
1457 3933 1579 3988 ideo
1599 3936 1740 3990 enim
1770 3945 1825 3991 et
1849 3937 1958 3992 suf-

386 4027 557 4081 titibus
583 4037 636 4082 et
662 4028 946 4096 unguentis
982 4027 1240 4097 bonisque
1269 4027 1521 4082 odoribus
1563 4028 1738 4083 locum
1768 4044 1953 4099 asper-

381 4124 526 4184 gunt,
556 4114 748 4170 harum
777 4131 952 4170 rerum
982 4117 1158 4187 periti,
1187 4117 1432 4186 vinisque
1473 4132 1636 4174 suave
1663 4120 1951 4185 olentibus,

382 4219 430 4262 et
454 4209 572 4263 aliis
605 4209 856 4262 omnibus
885 4207 1096 4262 illinunt
1125 4208 1446 4264 calathiscos
1473 4250 1485 4273 ,
1510 4210 1562 4263 in
1606 4212 1796 4280 quibus
1829 4222 1953 4267 sunt
1991 4285 1993 4288 q

381 4300 667 4355 incessuras
701 4309 961 4354 exeuntes
990 4314 1056 4354 ex
1083 4299 1248 4354 alveis
1281 4341 1296 4366 ,
1332 4314 1400 4354 ne
1430 4300 1670 4370 ingratus
1695 4301 1828 4356 odor
1854 4317 1948 4358 eas

381 4407 559 4446 rursus
588 4391 769 4461 abigat
797 4391 902 4446 :ita
924 4391 1082 4445 etiam
1111 4391 1164 4445 in
1184 4399 1370 4445 sancto
1392 4390 1615 4460 Spiritu.
1648 4391 1754 4446 Vas
1785 4393 1956 4462 quod-

379 4483 494 4536 dam
540 4491 599 4538 et
629 4483 842 4552 quidam
886 4482 1205 4538 calathiscus
1231 4491 1311 4536 est
1341 4492 1522 4536 nostra
1549 4484 1724 4538 anima
1772 4496 1953 4552 parata

377 4573 438 4626 ad
468 4574 785 4642 excipienda
816 4575 1058 4629 examina
1103 4575 1392 4643 gratiarum
1436 4574 1824 4644 spiritualium;
1857 4575 1952 4630 sed

375 4665 418 4716 si
444 4664 511 4717 sit
543 4665 691 4718 intus
719 4664 838 4718 bilis
855 4673 909 4719 et
933 4663 1231 4718 amaritudo
1248 4672 1303 4718 et
1323 4664 1422 4730 ira,
1448 4664 1661 4719 evolant
1682 4666 1950 4721 examina.

377 4752 664 4821 Protulerea
719 4754 904 4809 beatus
952 4753 1041 4810 hic
1080 4764 1138 4811 et
1181 4756 1396 4825 sapiens
1448 4756 1678 4826 agricola
1732 4757 1952 4827 pulchre

377 4854 567 4913 purgat
595 4858 721 4899 vasa
749 4855 950 4909 nostra,
979 4860 1087 4899 non
1119 4847 1306 4900 falcem
1340 4857 1550 4911 tenens,
1577 4861 1751 4914 neque
1778 4847 1945 4901 ullum

378 4933 513 4988 aliud
546 4937 962 4990 instrumentum
1009 4934 1238 4990 ferreum
1275 4952 1288 4989 :
1321 4945 1374 4991 et
1419 4951 1516 4990 nos
1545 4945 1698 4991 vocat
1727 4936 1793 4991 ad
1821 4952 1950 4992 esa-

377 5039 491 5078 tnen
519 5025 628 5080 hoc
653 5025 949 5093 spirituale,
972 5040 1036 5080 ac
1064 5039 1396 5096 congregans
1425 5026 1595 5094 ipsum
1617 5037 1807 5097 purgat
1834 5043 1951 5096 pre-

378 5113 522 5169 cibus
559 5124 617 5171 et
645 5115 915 5170 laboribus
943 5125 996 5170 et
1029 5116 1148 5169 aliis
1193 5115 1462 5170 omnibus.
1496 5115 1627 5171 Vide
1652 5130 1778 5188 ergo
1813 5132 1946 5187 quo-

382 5204 529 5258 modo
572 5211 837 5275 expurgat
875 5215 924 5261 et
978 5206 1230 5260 emundat
1271 5221 1364 5260 cor
1396 5215 1636 5261 nostrum
1689 5224 1703 5261 :
1748 5209 1951 5276 expulit

382 5295 732 5360 mendacium,
767 5296 971 5365 expulit
1006 5297 1157 5350 iram.
1189 5295 1438 5350 Ostendit
1470 5311 1653 5350 rursus
1683 5299 1949 5366 quomodo

376 5386 566 5440 malum
608 5387 867 5441 radicitus
904 5389 1058 5442 evelli
1087 5388 1254 5456 possit
1281 5403 1294 5439 :
1325 5387 1370 5441 si
1395 5396 1573 5441 mente
1602 5389 1815 5458 quidem
1843 5405 1946 5444 non

372 5480 534 5531 simus
565 5477 774 5543 amari,
813 5480 1000 5547 inquit.
1037 5477 1105 5532 Ut
1148 5479 1291 5533 enim
1321 5479 1458 5533 solet
1486 5479 1734 5534 accidere
1762 5482 1812 5535 in
1843 5482 1948 5538 bile

373 5577 573 5635 nostra,
605 5567 649 5621 si
679 5569 887 5623 modica
921 5569 1098 5635 fuerit,
1121 5580 1299 5625 motus
1319 5570 1480 5625 etiam
1506 5586 1697 5641 parvus
1723 5573 1949 5630 efficitur

371 5669 522 5728 rupto
551 5661 926 5728 receptaculo;
953 5676 1072 5715 cum
1100 5672 1278 5717 autem
1310 5661 1646 5718 vehementia
1689 5663 1803 5734 ejus
1832 5680 1947 5722 cre-

370 5749 523 5820 verit,
551 5761 605 5807 et
630 5755 924 5812 mordacior
947 5755 1132 5813 euecta
1155 5756 1332 5825 fuerit,
1355 5771 1446 5812 vas
1464 5756 1602 5827 quod
1631 5758 1771 5813 illam
1798 5759 1946 5828 prius

2067 3575 2274 3632 ferebat
2299 3618 2314 3642 ,
2347 3578 2500 3647 quasi
2526 3593 2557 3635 a
2582 3578 2884 3638 vehementi
2913 3582 3034 3653 igne
3070 3600 3287 3642 exesum
3312 3629 3328 3656 ,
3365 3607 3470 3647 non
3501 3594 3631 3650 ulna

2064 3676 2239 3737 potest
2275 3667 2417 3722 illam
2445 3667 2718 3736 cohibere,
2745 3679 2799 3726 et
2827 3672 2880 3727 in
2923 3673 3160 3730 definitis
3189 3679 3435 3736 terminis
3461 3685 3633 3740 conti-

2063 3772 2231 3823 nere;
2262 3757 2356 3812 sed
2381 3757 2450 3811 ab
2479 3757 2760 3815 immodica
2785 3759 3052 3818 divulsum
3092 3768 3384 3825 acrimonia
3413 3771 3634 3832 dimittit

2062 3862 2180 3902 eam
2210 3887 2224 3912 ,
2278 3857 2333 3903 et
2374 3847 2500 3902 sinit
2547 3863 2817 3918 egressam
2858 3861 3028 3910 totum
3062 3871 3257 3928 corpus
3282 3861 3507 3931 perdere
3537 3882 3550 3918 :
3582 3877 3637 3922 et

2061 3939 2198 3993 sicut
2223 3938 2276 3992 in
2319 3939 2503 3994 urbem
2531 3939 2812 4010 importata
2843 3945 3084 4014 quaedam
3125 3952 3418 4008 smvissima
3448 3963 3502 4012 et
3535 3956 3634 4012 im.

2062 4027 2369 4082 manissima
2393 4028 2587 4095 bellua,
2612 4032 2858 4100 quamdiu
2880 4035 3092 4104 quidem
3114 4041 3416 4098 continetur
3436 4045 3486 4100 in
3513 4060 3632 4102 car-

2059 4118 2303 4184 ceribus,
2343 4121 2551 4176 etiamsi
2579 4121 2834 4179 etl‘eretur
2864 4134 2917 4180 et
2958 4128 3316 4197 vociferetur,
3359 4138 3627 4195 neminem

2059 4210 2255 4278 poterit
2277 4210 2503 4275 laedere;
2548 4213 2760 4282 quando
2783 4222 2957 4270 autem
2984 4217 3060 4271 ira
3087 4219 3368 4277 invaluerit
3391 4265 3406 4288 ,
3434 4227 3479 4280 si
3507 4243 3630 4296 per-

2061 4299 2242 4354 fractis
2262 4317 2382 4370 quu:
2411 4302 2686 4371 interjecta
2719 4316 2871 4360 erant
2896 4311 3182 4379 repagulis,
3208 4317 3377 4382 possit
3395 4319 3628 4385 exsilire,

2059 4391 2258 4460 ingenti
2288 4384 2516 4447 tumultu
2537 4402 2591 4448 et
2615 4397 3018 4454 conturbatione
3048 4401 3214 4470 replet
3240 4405 3504 4462 civitatem
3531 4450 3547 4475 ,
3575 4384 3631 4467 et

2059 4497 2247 4537 omnes
2274 4483 2438 4553 abigit
2470 4501 2482 4536 :
2518 4484 2589 4539 ita
2609 4486 2766 4540 etiam
2790 4487 2840 4541 in
2865 4487 2974 4549 bili.
3000 4492 3232 4558 quandiu
3253 4495 3466 4562 quidem
3494 4513 3626 4556 con.

2061 4573 2259 4629 tinetur
2284 4575 2396 4628 suis
2420 4573 2630 4640 finibus,
2653 4577 2854 4631 nullum
2881 4579 3035 4633 nobis
3055 4595 3304 4652 magnum
3335 4586 3490 4644 infert
3511 4605 3626 4646 ma:

2058 4665 2203 4731 lum;
2233 4675 2574 4737 posteaquam
2604 4678 2783 4724 autem
2810 4709 2827 4734 ,
2858 4680 3010 4739 rupta
3031 4687 3148 4742 qua:
3177 4689 3293 4730 eam
3323 4682 3632 4739 c0ntinebat

2059 4756 2363 4813 membrana
2389 4798 2404 4824 ,
2437 4756 2567 4812 nihil
2599 4767 2739 4814 vetat
2776 4762 3059 4829 quominus
3102 4764 3168 4818 de
3196 4776 3390 4823 caetero
3419 4770 3625 4829 inuni-

2057 4866 2266 4905 versam
2313 4850 2637 4906 diffundatur
2681 4864 2922 4908 naturam
2948 4895 2962 4918 ,
2994 4865 3152 4921 tunc,
3199 4861 3406 4914 etiamsi
3447 4864 3516 4917 sit
3544 4880 3632 4919 res

2056 4940 2344 4995 admodum
2369 4957 2526 5010 parva
2552 4943 2604 4996 in
2629 4944 2944 5011 quantitate,
2975 4955 3186 5016 propter
3216 4962 3622 5019 exsuperantem

2059 5031 2110 5085 in
2133 5031 2384 5101 qualitate
2407 5032 2533 5097 vim,
2557 5031 2731 5086 omnia
2749 5032 2851 5087 alia
2874 5034 3136 5090 elementa
3159 5049 3262 5093 suo
3283 5036 3448 5093 inlicit
3475 5041 3625 5098 vitio.

2055 5121 2187 5176 Nam
2209 5130 2263 5176 et
2289 5121 2501 5176 invento
2529 5121 2785 5191 sanguine
2806 5164 2820 5189 ,
2847 5123 2936 5194 qui
2963 5133 3048 5178 est
3075 5127 3397 5193 propinquus
3424 5138 3478 5182 et
3507 5130 3630 5187 loco

2058 5223 2112 5266 et
2137 5213 2409 5283 qualitate,
2430 5211 2664 5267 calorem
2685 5214 2772 5282 qui
2801 5223 2883 5268 est
2909 5213 2960 5267 in
2976 5214 3065 5266 illo
3085 5215 3344 5268 acriorem
3363 5218 3646 5288 efﬁciens.”

2057 5302 2376 5372 etquidqnid
2400 5311 2483 5358 est
2509 5305 2882 5373 pmpinquum,
2906 5305 2974 5355 ab
2995 5317 3056 5356 ea
3077 5318 3194 5372 quae
3220 5310 3302 5358 est
3327 5305 3379 5360 in
3403 5305 3654 5366 humore.

2058 5393 2364 5463 symmetria
2407 5400 2463 5447 et
2493 5393 2860 5447 moderatione
2902 5391 3158 5446 terminos
3185 5395 3489 5456 transiliens
3521 5441 3536 5466 ,
3574 5410 3629 5454 et
3663 5397 3666 5405 ’

2058 5481 2216 5536 bilem
2244 5480 2498 5544 reddens,
2547 5480 2630 5534 his
2672 5480 2804 5534 freta
2833 5481 3042 5535 auxiliis
3066 5523 3080 5547 ,
3114 5482 3361 5556 deinceps
3382 5493 3546 5548 etiam
3574 5495 3630 5550 in

2054 5575 2155 5629 alia
2206 5572 2443 5628 metnbra
2489 5571 2682 5626 bellum
2716 5571 2851 5641 gerit
2884 5587 2898 5625 :
2929 5583 2983 5628 et
3010 5573 3202 5632 deinde
3236 5593 3355 5634 cum
3382 5584 3631 5638 omnibus

2055 5680 2204 5720 suam
2247 5662 2492 5718 indiderit
2519 5661 2955 5730 amaritudinem,
2991 5677 3192 5723 mutum
3240 5669 3403 5727 efficit
3451 5671 3624 5728 homio

2057 5773 2197 5826 nem,
2229 5766 2283 5816 et
2309 5757 2539 5813 animam
2556 5755 2852 5827 expellens,
2881 5759 3152 5830 exspirare
3182 5763 3340 5832 cogit.
3372 5761 3478 5822 Cur
3505 5763 3619 5821 hac
