4042 6212
399 284 500 340 107

394 416 426 453 a
475 397 628 454 nobis
673 397 849 452 omnia
879 396 1016 452 adeo
1054 405 1240 451 exacte
1269 403 1322 450 et
1364 403 1611 450 accurate
1641 393 1778 448 dicta
1805 394 1968 448 sunt?

397 491 466 548 Ut
495 505 616 546 cum
646 505 710 546 cx
740 489 922 546 sensili
952 485 1308 543 amaritudine
1351 483 1679 541 senserimus
1725 485 1974 540 intolera-

396 582 502 638 bile
532 583 718 637 vitium
759 579 1162 645 amaritudinis,
1196 592 1314 648 qua:
1353 576 1496 631 cadit
1528 576 1628 630 sub
1677 575 1976 645 intelligen-

393 677 624 743 tiam,ct
666 675 806 746 quod
853 681 945 729 toti
985 687 1102 742 quae
1153 685 1270 726 eam
1316 672 1454 740 parit
1502 669 1694 724 animae
1747 671 1971 739 primum

392 767 548 822 affert
577 767 872 832 interitum,
905 765 1083 819 omnia
1121 777 1334 819 sursum
1381 771 1436 818 et
1472 761 1722 817 deorsum
1753 777 1970 832 perver-

392 869 530 920 tens,
574 858 802 912 vitemus
828 856 946 926 ejus
969 855 1376 926 experientiam.
1405 853 1536 909 Nam
1564 864 1622 909 ut
1653 855 1765 925 ipsa
1801 863 1968 910 totum

389 951 736 1016 elementum,
771 949 840 1003 ita
871 949 956 1003 illa
984 949 1218 1004 incensis
1257 946 1690 1016 cogitationibus,
1721 963 1843 1002 eum
1874 947 1966 1017 qui

386 1051 572 1111 captus
593 1041 752 1096 fuerit
779 1041 994 1098 abducit
1024 1043 1075 1094 iu
1103 1039 1364 1110 gehennze
1392 1038 1724 1093 barathrum.
1755 1037 1823 1094 Ut
1850 1037 1966 1092 hare

383 1150 512 1205 ergo
536 1143 724 1190 exacte
763 1143 1165 1206 perscrutantes
1189 1174 1204 1199 ,
1237 1132 1342 1187 hoc
1370 1133 1566 1186 malum
1595 1130 1878 1201 fugiamus,
1911 1139 1966 1186 et

381 1227 613 1282 helluam
657 1227 926 1281 fronemus
949 1267 964 1289 ,
996 1225 1081 1280 vel
1122 1229 1299 1296 potius
1343 1224 1600 1279 radicitus
1629 1225 1918 1280 evellamus
1941 1264 1958 1292 ,

383 1334 662 1388 pareamus
688 1319 853 1374 Paulo
884 1320 972 1389 qui
1016 1318 1184 1384 dicit,
1237 1317 1415 1372 Omnis
1457 1318 1778 1382 amaritudo,
1819 1332 1958 1380 non,

379 1411 732 1483 Expurgetur,
764 1410 878 1476 sed,
906 1411 1116 1466 tollatur
1145 1427 1176 1464 a
1208 1410 1365 1464 vobis.
1398 1409 1534 1476 Quid
1558 1409 1701 1464 enim
1729 1423 1860 1478 opus
1879 1417 1962 1462 εει

380 1512 436 1557 ιιι
462 1519 539 1559 eae
567 1518 654 1559 res
680 1503 812 1558 mihi
842 1502 1111 1572 negotium
1142 1500 1466 1567 exhibeant,
1497 1507 1550 1554 et
1587 1513 1680 1553 eas
1708 1508 1914 1552 teneam
1935 1501 1960 1550 ’ξ

375 1595 501 1667 quid
533 1611 667 1666 opus
696 1603 780 1650 est
824 1604 880 1650 ut
905 1593 1199 1650 custodiam
1229 1591 1459 1648 hclluam
1487 1633 1502 1658 ,
1535 1606 1656 1646 cum
1701 1591 1862 1646 liceat
1890 1590 1958 1646 ab

374 1691 550 1744 anima
577 1688 864 1743 amandare
887 1727 902 1754 ,
935 1696 989 1742 et
1018 1686 1201 1754 procul
1244 1683 1528 1739 abductam
1558 1684 1816 1753 abigere?
1849 1683 1954 1738 Pa-

373 1798 585 1838 reamus
613 1796 744 1852 ergo
769 1780 936 1836 Paulo
962 1780 1052 1850 qui
1083 1777 1250 1833 dicit:
1284 1775 1464 1831 Omnis
1488 1777 1777 1831 amaritudo
1805 1777 1950 1830 tolla-

371 1885 455 1928 tur
476 1892 508 1928 a
536 1874 692 1929 vobis.
723 1873 829 1929 Sed
859 1869 992 1944 proh
1017 1870 1172 1926 dolor
1193 1911 1208 1936 ,
1239 1884 1357 1940 qua:
1385 1884 1485 1923 nos
1515 1877 1659 1924 tenet
1685 1868 1918 1937 perversi
1938 1898 1950 1908 -

369 1979 451 2022 tas
475 1969 490 2022 !
519 1982 641 2022 cum
685 1972 961 2036 Oporteret
997 1971 1217 2034 propter
1246 1962 1350 2015 hoc
1373 1960 1550 2015 omnia
1579 1959 1754 2015 facere
1778 1998 1794 2025 ,
1827 1968 1951 2015 sunt

366 2061 581 2131 quidam
611 2059 746 2116 adeo
772 2059 1071 2124 dementes,
1104 2064 1163 2110 ut
1193 2070 1251 2110 se
1279 2068 1492 2125 quoque
1518 2053 1620 2107 hac
1647 2053 1701 2106 in
1733 2067 1792 2108 re
1824 2053 1948 2107 bea-

366 2162 449 2206 tos
478 2159 750 2215 censeant,
781 2157 835 2204 et
863 2149 916 2203 in
948 2147 1088 2202 malo
1114 2146 1439 2216 voluptatem
1462 2145 1724 2214 accipiant
1744 2151 1799 2198 et
1832 2145 1944 2214 glo-

366 2242 591 2305 rientur,
619 2247 673 2296 et
695 2240 785 2294 alii
815 2253 910 2294 eos
938 2236 1281 2293 aemulentur.
1313 2236 1428 2302 ille,
1458 2235 1646 2305 inquit,
1677 2242 1760 2290 est
1785 2236 1944 2288 homo

362 2333 588 2387 acerbus
613 2341 668 2387 et
690 2347 849 2402 asper
871 2372 886 2398 ,
913 2339 995 2386 est
1024 2329 1268 2399 scorpius
1289 2371 1304 2394 ,
1335 2336 1418 2383 est
1461 2342 1683 2397 serpens
1708 2369 1722 2393 ,
1755 2336 1836 2382 est
1866 2327 1941 2380 vi-

363 2439 486 2492 pera
515 2440 528 2488 ;
563 2422 854 2477 terribilem
881 2436 1000 2475 eum
1031 2420 1356 2475 existimant.
1379 2419 1514 2486 Quid
1539 2433 1666 2489 ergo
1691 2419 1938 2472 acerbum

362 2518 509 2572 illum
555 2523 610 2570 et
639 2530 887 2586 asperum
918 2514 1073 2568 times
1095 2555 1110 2579 ,
1133 2529 1166 2568 ο
1192 2513 1395 2567 homo?
1425 2511 1501 2567 Ne
1526 2525 1611 2567 me
1642 2510 1820 2576 ltedat,
1853 2511 1940 2565 in-

360 2610 507 2678 quit,
539 2623 606 2662 ne
643 2623 732 2663 me
773 2606 958 2678 perdat
992 2625 1004 2660 :
1043 2622 1160 2662 sum
1191 2606 1334 2660 illius
1375 2603 1590 2660 malitiae
1617 2605 1888 2675 imperitus
1920 2620 1934 2658 :

360 2702 523 2756 timeo
553 2715 619 2756 ne
658 2700 704 2755 si
735 2714 820 2754 me
856 2699 1124 2754 hominem
1153 2698 1460 2769 acceperint
1512 2697 1810 2768 simplicem
1837 2739 1850 2763 ,
1883 2706 1937 2751 et

357 2808 475 2864 quae
502 2801 630 2848 sunt
653 2792 769 2863 ejus
791 2791 919 2846 nihil
948 2790 1352 2862 przevidentem,
1393 2791 1446 2844 in
1472 2804 1599 2844 suos
1625 2789 1828 2859 injiciat
1854 2790 1933 2842 la-

355 2900 544 2954 queos,
575 2893 630 2939 et
657 2885 772 2940 suis
802 2883 1057 2953 impediat
1077 2882 1301 2947 retibus,
1324 2881 1502 2936 abillo
1526 2883 1722 2952 paratis
1741 2880 1805 2935 ad
1836 2895 1934 2935 nos

353 2976 721 3050 decipiendos.
755 2975 908 3031 Nunc
953 2975 1124 3031 rideo.
1169 2974 1277 3031 Cur
1306 2974 1484 3030 rides?
1526 2975 1784 3046 Quoniam
1817 2974 1932 3030 lnrc

351 3081 478 3124 sunt
507 3068 664 3124 verba
697 3084 982 3140 puerorum
1030 3069 1327 3123 timentium
1355 3109 1370 3134 ,
1415 3083 1533 3137 qua:
1576 3083 1684 3124 non
1716 3077 1837 3122 sunt
1869 3068 1932 3122 ti-

351 3160 563 3215 menda.
592 3161 764 3231 Atque
781 3161 1050 3215 neminem
1070 3159 1282 3228 quidem
1306 3159 1376 3213 ita
1393 3166 1603 3227 oportet
1625 3155 1926 3228 despicere,

352 3252 618 3307 neminem
639 3252 709 3305 ita
733 3250 956 3305 irridere
979 3258 1034 3304 ut
1058 3249 1330 3304 hominem
1349 3248 1598 3304 acerbum
1627 3260 1680 3304 et
1705 3247 1924 3304 malum.

349 3340 490 3396 Nihil
520 3348 603 3396 est
651 3339 792 3395 enim
841 3354 993 3409 teque
1037 3338 1359 3393 imbecillum
1401 3347 1560 3409 atque
1595 3338 1860 3395 acerbitas
1910 3359 1924 3396 :

347 3433 542 3488 stultos
563 3433 648 3488 illa
683 3431 810 3487 facit
834 3441 888 3487 et
913 3440 1179 3487 amentes.

416 3524 454 3579 2
501 3524 618 3580 Non
646 3523 841 3580 videtis
883 3522 1024 3595 quod
1053 3538 1140 3599 res
1175 3538 1315 3579 caeca
1347 3524 1419 3579 sit
1446 3524 1666 3579 vitium?
1697 3541 1803 3580 non
1832 3543 1927 3581 au-

344 3618 554 3673 divistis
573 3617 715 3688 quod
739 3618 828 3689 qui
856 3618 1031 3673 vicino
1051 3615 1185 3671 fodit
1214 3616 1445 3684 foveam,
1473 3617 1572 3672 sibi
1593 3619 1763 3673 fodit?
1787 3619 1922 3686 Quid

343 3710 518 3778 ergo?
562 3724 668 3764 non
713 3718 796 3763 est
847 3708 1112 3764 timendus
1156 3710 1364 3764 animus
1409 3709 1598 3778 plenus
1643 3712 1921 3779 perturba-

345 3803 533 3857 tione?
570 3801 625 3857 Si
672 3800 889 3871 quidem
937 3809 1204 3869 tamquam
1263 3799 1537 3855 dtemoues
1581 3811 1634 3856 et
1672 3801 1919 3866 furiosos,

342 3902 554 3964 oportet
593 3894 753 3948 etiam
801 3892 1027 3948 acerbos
1063 3892 1253 3945 timere
1277 3932 1292 3956 ,
1326 3900 1378 3945 et
1416 3899 1684 3962 tamquam
1732 3892 1922 3948 stultos

343 3984 440 4047 (illi
470 3985 610 4039 enim
659 3993 862 4038 temere
891 3991 946 4037 et
987 3979 1385 4037 inconsiderate
1417 3982 1596 4036 omnia
1639 3981 1876 4052 faciunt)
1900 4025 1916 4050 ,

341 4090 442 4148 ego
471 4089 682 4147 quoque
712 4074 762 4130 id
789 4074 911 4130 dico
937 4091 952 4129 :
976 4073 1022 4128 si
1045 4082 1222 4128 autem
1244 4081 1302 4127 ut
1327 4073 1417 4143 qui
1439 4082 1587 4130 recte
1617 4075 1918 4146 intelligant

339 4168 610 4238 quomodo
659 4167 767 4222 sint
811 4181 898 4222 res
936 4164 1219 4237 gerendae,
1267 4164 1320 4219 in
1354 4165 1457 4220 hoc
1491 4181 1598 4220 non
1624 4169 1910 4222 assentior.

341 4259 474 4316 Nam
509 4259 575 4314 ad
603 4273 689 4314 res
717 4255 1168 4312 administrandas
1191 4265 1245 4312 ct
1265 4255 1655 4326 dispensandas
1676 4257 1809 4312 nihil
1837 4267 1918 4314 est

338 4367 491 4424 teque
543 4359 724 4421 aptum
770 4357 929 4417 atque
970 4346 1291 4417 prudentia;
1346 4346 1682 4417 prudentiam
1733 4360 1910 4405 autem

343 4443 476 4497 nihil
506 4457 658 4510 aeque
695 4438 936 4510 impedit,
967 4445 1129 4506 atque
1156 4437 1388 4508 pravitas
1413 4447 1469 4493 et
1504 4439 1712 4506 vitium,
1748 4439 1918 4495 fraus-

336 4549 439 4603 que
483 4539 539 4586 et
577 4529 801 4585 insidiie.
851 4528 970 4584 Non
1012 4528 1208 4583 videtis
1249 4529 1436 4584 biliosa
1480 4544 1707 4599 corpora
1755 4545 1912 4600 quam

334 4625 444 4680 sint
490 4621 795 4691 injucunda,
842 4635 963 4675 cum
1001 4621 1174 4676 omnis
1226 4620 1324 4676 flos
1366 4621 1420 4676 in
1447 4621 1526 4676 eis
1555 4622 1915 4678 emarcuerit?

336 4731 494 4787 quam
537 4714 643 4768 sint
672 4711 936 4766 imbecilla
969 4721 1021 4767 et
1048 4713 1272 4782 gracilia
1301 4721 1356 4766 et
1385 4713 1564 4781 inepta
1589 4711 1659 4767 ad
1687 4713 1912 4767 omnia?

330 4808 492 4863 Tales
518 4804 680 4860 etiam
721 4809 848 4856 sunt
892 4801 1196 4870 hujusmodi
1239 4804 1452 4858 animae.
1483 4803 1599 4859 Non
1650 4813 1734 4859 est
1768 4806 1910 4860 enim

333 4900 527 4953 animae
550 4895 688 4950 alius
714 4893 931 4948 morbus
957 4894 1134 4963 regius
1169 4910 1327 4965 quam
1353 4896 1538 4951 vitium
1578 4905 1632 4952 et
1657 4899 1908 4967 pravitas.

335 4987 450 5044 Non
482 5002 610 5057 ergo
637 5027 650 5050 ,
685 4998 792 5039 non
822 4991 904 5037 est
949 4996 1035 5036 res
1065 4984 1214 5037 fortis
1261 4999 1325 5040 ac
1366 4986 1538 5041 valida
1579 4987 1908 5058 improbitas.

338 5079 510 5134 Vultis
541 5090 725 5133 rursus
769 5075 928 5130 etiam
962 5083 1019 5128 ut
1057 5076 1302 5144 exemplo
1347 5078 1680 5147 perspicuum
1723 5080 1911 5137 faciant

337 5173 390 5228 id
437 5171 579 5242 quod
621 5170 778 5236 dico,
810 5167 1055 5223 adductis
1101 5167 1255 5221 vobis
1294 5169 1611 5238 imaginibus
1666 5175 1909 5232 scelerati

335 5263 566 5320 hoininis
595 5271 650 5317 et
674 5261 907 5316 hominis
951 5259 1210 5330 simplicis
1240 5269 1295 5313 et
1325 5273 1428 5314 non
1463 5261 1617 5315 ficti?
1657 5264 1905 5320 Scelera.

337 5366 424 5412 tus
459 5361 513 5409 et
537 5351 682 5407 vafer
705 5362 819 5407 erat
841 5351 1098 5419 Ahsalon,
1119 5359 1174 5407 et
1192 5366 1378 5406 omnes
1403 5351 1468 5406 ad
1494 5367 1617 5408 suas
1642 5354 1908 5413 alliciebat

333 5455 516 5520 partes
549 5463 562 5499 :
591 5442 711 5498 vide
737 5459 864 5511 ergo
904 5453 1101 5514 quanta
1132 5443 1248 5515 ejus
1269 5453 1413 5515 esset
1436 5447 1630 5501 astutia
1661 5455 1715 5502 et
1746 5450 1902 5503 mali-

331 5537 528 5610 gnitas.
587 5531 938 5600 Circumieus,
977 5535 1181 5605 inquit,
1225 5535 1438 5592 dicebat
1466 5553 1479 5590 :
1511 5535 1646 5591 Num
1675 5548 1757 5594 est
1805 5538 1896 5594 tibi

333 5626 635 5700 judicium?
701 5623 889 5678 volens
943 5640 1373 5699 unumquemque
1437 5627 1540 5684 sibi
1611 5629 1900 5684 conciliare

334 5719 426 5781 (ἱ.
460 5717 587 5787 Reg.
623 5715 707 5776 iii.
741 5714 816 5785 3).
849 5715 1010 5772 David
1057 5729 1232 5774 autem
1273 5728 1387 5777 erat
1420 5721 1646 5790 simplex
1692 5730 1744 5776 et
1792 5731 1897 5777 non

1162 278 1217 334 S.
1257 276 1533 335 JOANNIS
1557 275 2026 334 CHRYSOSTODU
2069 282 2383 342 ARClllEP.
2423 287 2949 351 CONSTANTINUP.

3564 310 3660 366 lOS

2086 396 2258 492 fictus.
2289 400 2424 468 Quid
2453 409 2618 476 ergo?
2641 409 3065 470 \‘ideamborum
3091 414 3251 472 linem
3273 461 3287 484 ,
3321 418 3440 475 vide
3465 437 3660 492 quanta

2081 488 2170 544 ille
2197 491 2386 559 plenus
2414 494 2512 551 fuit
2538 501 2790 555 amentia.
2823 501 2956 558 Nam
2984 508 3237 574 quoniam
3269 526 3373 564 nun
3402 488 3509 568 alio
3536 530 3658 583 spe-

2079 580 2255 635 ctabat
2281 598 2440 653 quam
2469 598 2523 640 ut
2565 599 2782 645 noceret
2827 599 2986 661 patri,
3019 596 3070 649 in
3115 597 3236 653 aliis
3264 601 3515 657 omnibus
3545 580 3655 659 erat

2077 682 2392 728 excaecatus.
2415 674 2518 731 Sed
2542 693 2646 733 non
2677 680 2839 735 David
2873 701 2885 735 :
2922 684 3019 749 Qui
3039 688 3182 742 enim
3210 691 3434 746 ambulat
3457 696 3657 765 simpli-

2076 759 2230 826 riter,
2262 767 2484 820 ambulat
2509 771 2820 838 conﬁdenter
2848 774 3044 846 (Prov.
3077 779 3165 835 10.
3193 781 3302 852 9);
3335 783 3386 837 id
3417 794 3500 840 est
3521 826 3536 850 ,
3555 759 3649 856 Iqui

2075 857 2285 914 curiose
2305 860 2435 915 nihil
2462 866 2670 933 quaerit,
2696 868 2784 936 qui
2814 870 3014 925 nullum
3043 873 3241 928 malum
3275 877 3511 934 molitur.
3547 880 3646 934 Pa.

2075 963 2286 1005 reamus
2307 967 2434 1023 ergo
2461 953 2619 1010 beato
2644 957 2811 1013 Paulo
2829 971 2881 1014 et
2901 964 3254 1021 misereamur
3270 983 3332 1023 ac
3357 968 3646 1029 defleamus

2072 1038 2316 1097 homines
2347 1046 2570 1101 acerbos
2593 1089 2609 1114 ,
2637 1057 2692 1104 et
2721 1052 2901 1107 omnia
2930 1068 3150 1124 agamus
3173 1068 3226 1112 et
3253 1057 3510 1116 faciamus
3539 1104 3553 1129 ,
3584 1073 3642 1118 ut

2070 1146 2136 1187 ex
2175 1149 2359 1190 eorum
2395 1140 2590 1196 animis
2632 1143 3006 1202 exbauriamus
3050 1151 3464 1221 improbitatem.
3511 1155 3643 1213 Nam

2069 1227 2336 1291 quomodo
2365 1244 2470 1284 non
2497 1240 2583 1287 est
2606 1234 2920 1301 absurdum,
2950 1253 3069 1294 cum
3101 1241 3152 1295 in
3186 1243 3342 1298 nobis
3372 1246 3494 1300 insit
3523 1248 3642 1304 bilis

2068 1313 2188 1386 (etsi
2214 1319 2341 1374 utile
2381 1320 2451 1375 sit
2477 1323 2800 1380 elementum
2842 1346 2854 1382 :
2880 1345 3001 1384 nam
3031 1332 3232 1404 absque
3258 1336 3363 1391 bile
3395 1339 3504 1401 lieni
3537 1355 3640 1396 non

2067 1417 2242 1476 potest
2269 1420 2322 1463 ut
2357 1412 2424 1466 sit
2455 1413 2616 1470 homo
2637 1457 2650 1480 ,
2675 1417 2741 1473 de
2771 1417 2871 1474 hac
2900 1421 3090 1492 loquor
3116 1424 3223 1480 bile
3247 1428 3555 1484 clentcntari
3578 1431 3596 1500 )
3622 1449 3638 1487 :

2063 1501 2354 1570 quomodo,
2389 1504 2604 1575 inquam
2639 1549 2654 1574 ,
2689 1525 2791 1584 non
2821 1521 2901 1566 est
2945 1514 3230 1570 absurdum
3261 1519 3397 1574 hanc
3425 1521 3636 1590 quidem

2061 1605 2321 1648 evacuare
2348 1611 2443 1663 pro
2473 1598 2694 1665 viribus,
2730 1602 2941 1658 etiamsi
2975 1605 3263 1674 plurimum
3295 1611 3363 1665 ab
3391 1628 3451 1666 ea
3477 1613 3634 1682 juve-

2060 1696 2215 1748 mur;
2249 1697 2366 1738 eam
2395 1696 2574 1742 autem
2608 1704 2726 1758 qua:
2751 1701 2834 1746 est
2860 1694 2912 1747 in
2939 1696 3114 1750 anima
3143 1698 3292 1753 nihili
3325 1701 3517 1765 facere,
3544 1720 3637 1760 ne-

2056 1785 2161 1840 que
2187 1773 2420 1829 studium
2451 1791 2652 1845 ponere
2681 1789 2738 1835 ut
2767 1796 3087 1841 evacuemus
3111 1828 3127 1854 ,
3156 1803 3276 1844 cum
3318 1793 3534 1850 minime
3562 1797 3633 1852 sit

2055 1862 2221 1928 utilis,
2253 1864 2348 1920 sed
2384 1871 2544 1922 etiam
2594 1872 2826 1927 maxime
2872 1874 3076 1932 ltedat?
3122 1879 3222 1946 Qui
3265 1887 3391 1950 vult,
3439 1887 3629 1956 inquit,

2053 1953 2185 2005 inter
2211 1969 2299 2009 vos
2320 1972 2424 2010 esse
2448 1960 2670 2030 sapiens,
2695 1966 2878 2019 stultus
2904 1967 2992 2035 ﬁat
3017 1979 3067 2020 ut
3087 1971 3151 2023 sit
3173 1974 3376 2041 sapiens
3402 1976 3477 2044 (l.
3504 1953 3625 2034 Cor.

2053 2043 2105 2100 5.
2131 2047 2241 2117 18).
2269 2051 2404 2103 Audi
2435 2067 2620 2108 rursus
2647 2053 2843 2111 Lucam
2871 2074 3082 2130 quoque
3104 2062 3366 2120 dicentem
3447 2068 3633 2124 Sume-

2051 2134 2172 2189 bant
2207 2137 2372 2192 cibum
2398 2156 2510 2194 cum
2544 2145 2874 2201 exsultatione
2899 2160 2945 2203 et
2973 2152 3292 2222 simplicitate
3313 2158 3501 2225 cordis,
3523 2161 3628 2214 col-

2048 2229 2312 2286 laudantes
2339 2229 2544 2302 Deum,
2578 2245 2624 2288 et
2655 2235 2902 2293 habebant
2946 2243 3164 2312 gratiam
3189 2245 3258 2298 ad
3284 2262 3480 2302 omnem
3513 2251 3624 2320 pica

2047 2317 2156 2372 bem
2187 2319 2337 2391 (Act.
2364 2320 2417 2375 2.
2449 2324 2537 2378 46.
2571 2325 2638 2379 47
2662 2323 2704 2399 ).
2738 2328 2930 2384 Annon
2963 2331 3202 2388 videmus
3228 2351 3370 2392 nunc
3414 2317 3625 2409 quoque

2045 2410 2314 2481 simplices
2341 2423 2524 2470 etnon
2565 2416 2716 2472 fictos
2751 2434 3089 2478 communem
3122 2424 3380 2482 honorem
3408 2435 3620 2501 assequi

2045 2504 2111 2559 ab
2155 2506 2444 2561 omnibus?
2469 2507 2636 2564 Nemo
2675 2511 2723 2565 ei
2751 2513 2842 2582 qui
2873 2523 2954 2568 est
3000 2516 3263 2586 ejusmodi
3297 2521 3492 2576 invidet
3523 2565 3538 2589 ,
3572 2525 3617 2579 si

2044 2610 2131 2650 res
2158 2611 2282 2652 suas
2309 2609 2454 2654 recte
2489 2610 2678 2670 gerat‘;
2707 2617 2865 2660 nemo
2893 2605 2940 2659 ei
2972 2606 3190 2662 insultat
3211 2651 3224 2675 ,
3255 2610 3298 2664 si
3331 2612 3434 2665 sint
3459 2613 3504 2668 ei
3537 2629 3620 2670 res

2041 2687 2316 2756 adversae;
2350 2691 2443 2747 sed
2470 2693 2590 2748 licet
2617 2693 2727 2748 sint
2753 2696 2800 2750 ei
2829 2711 2916 2753 res
2965 2701 3234 2765 secundm,
3263 2704 3615 2772 gratulantur,

2039 2781 2156 2834 etsi
2185 2780 2363 2850 lapsus
2390 2781 2479 2848 sit,
2511 2783 2850 2840 miserentur.
2873 2787 2965 2842 Sin
2993 2799 3170 2845 autem
3189 2792 3390 2848 homini
3417 2796 3612 2851 acerbo

2039 2872 2395 2927 successerint
2431 2875 2752 2946 quandoque
2781 2893 2867 2935 res
2912 2884 3162 2938 secundae
3182 2925 3199 2950 ,
3233 2887 3451 2955 perinde
3480 2903 3541 2942 ac
3569 2891 3613 2943 si

2037 2963 2253 3033 aliquod
2283 2966 2483 3020 malum
2515 2970 2840 3039 contigerit,
2884 2988 3072 3030 omnes
3103 2978 3453 3047 ingemiscuut
3488 2999 3503 3036 :
3533 2984 3612 3036 sin

2035 3065 2210 3108 autem
2229 3057 2277 3111 ei
2307 3058 2501 3113 fuerint
2524 3075 2609 3115 res
2625 3062 2882 3129 adversm,
2913 3081 3100 3123 omucs
3120 3069 3383 3126 lwtantur.
3415 3074 3611 3128 Eorum

2035 3159 2164 3215 ergo
2196 3149 2550 3206 misereamur
2585 3169 2599 3217 ;
2631 3154 2829 3211 habent
2858 3159 3000 3212 enim
3030 3161 3273 3217 inimicos
3303 3179 3612 3224 communes

2036 3241 2267 3312 undique
2313 3244 2724 3305 circumeuntes.
2777 3250 2940 3307 Jacob
2983 3265 3096 3308 erat
3142 3272 3244 3310 non
3291 3258 3483 3324 fictus;
3515 3259 3608 3315 sed

2033 3331 2237 3386 vafrum
2264 3344 2317 3388 et
2355 3335 2643 3404 malignum
2676 3340 2801 3394 vicit
2832 3341 2973 3396 Esau
3005 3361 3019 3396 :
3055 3343 3192 3399 Nam
3231 3347 3283 3400 in
3325 3365 3530 3417 pravam
3561 3360 3610 3402 et

2031 3423 2306 3492 malignam
2335 3425 2556 3479 animum
2592 3444 2693 3482 non
2729 3431 2939 3485 intrabit
2970 3434 3219 3503 sapientia
3242 3437 3398 3506 (Sap.
3433 3439 3482 3493 ί.
3527 3441 3604 3508 4).

2035 3512 2210 3569 Omnis
2234 3517 2523 3571 amaritudo
2543 3519 2749 3573 tollatur
2767 3538 2799 3574 a
2825 3524 2962 3578 vobis
2987 3540 3007 3579 :
3031 3540 3099 3580 ne
3121 3539 3368 3582 maneant
3395 3529 3603 3598 quidctn

2032 3605 2290 3676 reliquiae.
2335 3605 2467 3662 Nam
2503 3610 2661 3664 etiam
2691 3611 2792 3666 hoc
2834 3614 2877 3667 si
2910 3626 3112 3670 motum
3139 3617 3338 3685 fuerit,
3369 3621 3506 3676 Solet
3550 3633 3604 3677 ut

2029 3695 2096 3748 ab
2142 3697 2316 3766 aliqua
2371 3700 2603 3756 scintilla
2647 3702 2918 3772 integrum
2945 3706 3089 3763 intus
3117 3710 3352 3766 excitare
3393 3727 3599 3782 rogum.

2027 3787 2165 3856 Quid
2217 3790 2287 3844 sit
2333 3806 2460 3861 ergo
2497 3795 2816 3860 amaritudo,
2872 3811 3123 3855 accurate
3174 3804 3595 3858 consideremus.

2028 3879 2269 3950 Exempli
2298 3895 2460 3936 causa
2492 3885 2562 3937 sit
2589 3883 2750 3940 homo
2797 3887 3166 3947 fraudulentus
3193 3903 3246 3947 ct
3273 3894 3556 3950 insidiosus
3583 3938 3595 3960 ,

2026 3971 2247 4027 dolosus
2275 3983 2327 4028 et
2357 3973 2424 4028 ad
2451 3975 2591 4030 male
2619 3976 2923 4034 faciendum
2955 3992 3193 4051 paratus,
3236 3987 3596 4055 suspieiosus:

2025 4063 2092 4117 ab
2123 4077 2188 4118 eo
2219 4079 2432 4134 semper
2461 4068 2696 4123 nascitur
2725 4070 2804 4124 ira
2841 4079 2899 4126 et
2945 4073 3256 4144 indignatio.
3290 4075 3428 4131 Fieri
3457 4077 3597 4132 enim

2026 4170 2130 4208 non
2163 4165 2337 4224 potest
2359 4166 2416 4212 ut
2447 4160 2761 4229 tranquillus
2787 4161 2857 4216 sit
2887 4163 3150 4232 ejusmodi
3177 4166 3389 4221 animus
3417 4184 3430 4220 :
3474 4184 3595 4224 nam

2024 4247 2118 4302 irte
2144 4257 2198 4303 et
2223 4247 2603 4320 indignationis
2639 4251 2789 4307 radix
2815 4265 2898 4310 εει
2922 4255 3185 4312 acerbitas
3222 4267 3276 4312 et
3300 4258 3598 4314 amarulen-

2024 4344 2117 4397 tia.
2159 4341 2261 4408 Qui
2302 4351 2385 4398 est
2410 4343 2696 4413 ejusmodi,
2743 4355 2794 4402 et
2835 4347 2903 4402 ad
2943 4363 3156 4418 gravem
3199 4351 3332 4405 iram
3362 4367 3597 4421 prepon-

2021 4445 2131 4496 sus,
2179 4448 2466 4503 numquam
2511 4436 2732 4490 remittit
2775 4437 3010 4493 animum
3035 4478 3051 4505 ,
3083 4448 3143 4493 ut
3172 4442 3259 4509 qui
3290 4441 3360 4495 sit
3387 4457 3598 4511 semper

2021 4525 2430 4593 cogitabundus,
2484 4541 2696 4596 semper
2739 4527 2926 4583 tristis.
2987 4528 3118 4583 Nam
3178 4531 3301 4601 ipsi,
3357 4543 3414 4585 ut
3459 4531 3590 4596 dixi,

2023 4616 2178 4684 primi
2202 4632 2295 4670 sua
2324 4618 2461 4670 mala
2489 4619 2740 4674 sentiunt.
2773 4618 2840 4673 Et
2863 4619 3073 4688 clamor,
3103 4623 3292 4692 inquit.
3323 4623 3596 4678 Curnam?

2021 4706 2162 4761 tollis
2187 4708 2345 4761 etiam
2376 4709 2704 4765 clamorem?
2732 4709 2862 4766 Nam
2892 4727 3011 4767 eum
3035 4715 3121 4784 qui
3154 4726 3234 4769 est
3266 4716 3408 4770 mitis
3434 4730 3594 4784 opor-

2020 4806 2096 4853 tet
2120 4812 2241 4854 esse
2270 4800 2446 4854 talem.
2473 4800 2686 4858 Clamor
2723 4803 2866 4858 enim
2894 4814 2976 4860 est
3004 4820 3171 4874 equus
3199 4805 3375 4862 ferens
3401 4823 3590 4863 ascen-

2018 4902 2194 4944 sorem
2215 4933 2231 4956 ,
2265 4906 2456 4960 nempe
2485 4893 2616 4946 iram
2670 4903 2724 4949 et
2760 4894 3176 4965 indignationem
3210 4915 3223 4952 :
3256 4913 3451 4968 equum
3493 4900 3590 4952 im-

2021 4979 2180 5051 pedi,
2217 4992 2269 5036 et
2290 4983 2526 5038 evertisti
2555 4998 2914 5040 ascensorem.
2957 4987 3191 5042 Audiaut
3215 4989 3328 5044 inec
3354 4990 3588 5045 maxime

2018 5073 2289 5138 mulieres,
2321 5088 2443 5143 qua:
2469 5073 2521 5127 in
2545 5089 2603 5128 re
2623 5075 2858 5143 qualibet
2873 5076 3105 5131 clamant
3126 5089 3180 5133 et
3211 5080 3587 5135 vociferantur.

2023 5167 2078 5220 In
2107 5181 2213 5220 uno
2243 5165 2362 5220 solo
2392 5165 2518 5220 utile
2545 5176 2626 5220 est
2651 5166 2906 5235 clamare,
2937 5183 3129 5237 nempe
3159 5171 3211 5224 in
3244 5170 3588 5242 praedicando

2017 5269 2072 5314 et
2100 5257 2349 5313 ducendo
2379 5275 2392 5311 :
2433 5272 2691 5327 nusquam
2723 5269 2899 5314 autem
2936 5261 3085 5328 alibi,
3118 5277 3290 5332 neque
3320 5263 3372 5316 in
3405 5277 3590 5332 preca-

2019 5353 2182 5408 tione.
2217 5350 2344 5405 Etsi
2385 5350 2465 5404 vis
2495 5366 2589 5420 per
2609 5365 2695 5405 res
2726 5351 2864 5422 ipsas
2891 5352 3098 5410 discere
3133 5373 3146 5408 :
3175 5369 3461 5423 numquam
3483 5356 3590 5408 cla-

2016 5458 2156 5505 mes,
2189 5452 2242 5497 et
2265 5457 2550 5510 numquam
2571 5442 2819 5498 irasceris
2843 5458 3000 5499 :ecce
3023 5443 3238 5500 modum
3269 5443 3586 5500 evacuandte

2015 5533 2447 5590 irae.Sicutenim
2473 5533 2586 5589 fieri
2606 5549 2709 5590 non
2741 5543 2913 5604 potest
2939 5544 2994 5589 ut
3016 5537 3104 5606 qui
3139 5551 3241 5591 non
3261 5535 3456 5590 clamat
3483 5536 3585 5590 ira-

2015 5635 2213 5691 scatur,
2259 5627 2328 5681 ita
2370 5627 2484 5682 fieri
2537 5645 2638 5681 n~n
2670 5637 2842 5697 potest
2885 5639 2939 5683 ut
2971 5629 3056 5698 qui
3084 5628 3279 5684 clamat
3328 5643 3432 5681 non
3485 5628 3586 5682 ira-

2017 5730 2210 5776 scatur.
2245 5720 2319 5777 Νε
2344 5722 2638 5778 mihienim
2677 5721 2939 5791 objeceris
2976 5721 3119 5791 gravi
3161 5721 3235 5776 ira
3276 5721 3538 5790 percitum
3563 5751 3579 5783 .
