4046 6210
369 295 476 349 ιο·

360 408 504 480 μετὰ
534 403 820 478 ἀκριϐείας
851 401 1106 474 almam;
1151 402 1270 455 Ἰνα
1299 401 1406 456 ἀπὸ
1441 401 1541 471 τῆς
1575 396 1802 469 πικρίας
1835 395 1934 463 τῆς

361 494 648 564 αἰσθητῆς,
697 490 796 560 τῆς
849 490 1074 560 πικρίας
1122 489 1222 559 τῆς
1269 491 1469 561 νοητῆς
1516 487 1615 558 τὴν
1662 484 1934 555 ἀφόρητον

361 579 674 648 αἰσθόμενοι
703 577 926 642 κακίαν,
959 577 1054 629 καὶ
1091 577 1167 640 ὼς
1198 577 1493 647 ὀλόκληρον
1516 576 1616 647 τὴν
1644 575 1934 627 τίκτουσαν

355 667 532 738 ψυχὴν
582 666 799 737 πρῶτον
847 665 1188 735 λυμαίνεται,
1238 666 1415 719 πάντα
1475 665 1589 720 ἄνω
1641 663 1736 717 καὶ
1786 662 1936 715 κάτω

358 759 610 818 ποιοῦσα,
649 756 911 826 φύγωμεν
941 757 1112 826 αὐτῆς
1144 757 1242 826 τὴν
1277 760 1495 827 πεῖραν.
1530 753 1799 823 Καθάπερ
1826 751 1936 821 γὰρ

355 849 499 916 αὕτη
522 848 582 900 τὸ
619 850 880 917 στοιχεῖον
904 848 1045 910 ὅλον,
1076 845 1249 910 οὕτως
1278 847 1461 916 έκείνη
1489 847 1616 908 τοὺς
1640 842 1935 912 λογισμοὺς

357 940 716 1010 ἑμπρήσασα,
771 941 850 1000 είς
899 939 960 990 τὸ
991 940 1090 1008 τῆς
1123 938 1347 1006 γεέννης
1399 937 1605 1004 ἀπάγει
1658 935 1932 1006 βάραθρον

354 1029 448 1081 τὸν
481 1028 697 1080 ἁλόντα.
737 1027 834 1080 ’Ὶν’
864 1022 956 1080 οῦν
993 1026 1166 1079 ταῦτα
1206 1025 1450 1094 ἀκριϐῶς
1500 1023 1933 1093 διερευνώμενοι,

355 1119 516 1174 τοῦτο
539 1119 803 1186 φύγωμεν
820 1117 878 1170 τὸ
899 1117 1088 1181 κακον,
1119 1118 1211 1169 καὶ
1233 1115 1622 1186 χαλινώσωμεν
1644 1114 1701 1166 τὸ
1723 1113 1933 1184 θηρίον,

356 1209 562 1279 μᾶλλον
596 1209 654 1262 δὲ
692 1207 989 1279 πρόρριζον
1020 1207 1452 1276 ἀνασπάσωμεν,
1484 1204 1564 1276 τῷ
1593 1204 1789 1274 Παύλῳ
1816 1220 1937 1256 πει-

353 1303 582 1375 θώμεθα
614 1303 862 1372 λέγοντι·
899 1303 1071 1358 Πᾶσα
1106 1302 1333 1370 πικρία,
1365 1301 1486 1371 οὐχὶ
1519 1299 1862 1371 καθαιρέσθω
1884 1311 1933 1362 ι,

353 1397 493 1450 ἀλλά
523 1396 750 1466 ἀρθήτω
787 1398 884 1465 ἀφ’
913 1395 1085 1464 ὑμῶν.
1116 1394 1181 1448 Τί
1214 1396 1324 1464 γάρ
1363 1411 1454 1463 μοι
1486 1393 1568 1446 δεῖ
1593 1391 1936 1462 πραγμάτων

351 1488 448 1540 καὶ
488 1486 842 1556 κατοχῆςςτί
875 1486 930 1538 δὲ
968 1485 1072 1556 χρὴ
1102 1486 1395 1553 φυλάττειν
1424 1485 1643 1554 θηρίον,
1675 1484 1795 1549 ἐξὸν
1833 1486 1937 1537 άπ-

349 1579 564 1632 οικίσαι
589 1579 689 1647 τῆς
707 1577 886 1647 ψυχῆς
912 1578 1004 1630 καὶ¹
1027 1577 1387 1648 μεταστῆσαι,
1409 1577 1504 1629 καὶ
1529 1578 1608 1640 είς
1638 1575 1936 1647 ὑπερορίαν

348 1669 476 1720 τινὰ
521 1668 873 1735 ἀπαγαγεῖν;
914 1665 1240 1737 Πειθώμεθα
1291 1667 1468 1720 τοίνυν
1508 1666 1586 1736 τῷ
1615 1665 1812 1737 Παύλῳ
1850 1665 1936 1719 λέ-

349 1776 509 1826 γοντι
533 1775 546 1788 ’
579 1756 756 1812 Πᾶσα
772 1759 979 1826 πικρία
1009 1757 1243 1826 ἀρθήτω
1267 1759 1349 1829 ἀρ
1366 1760 1380 1778 ⁹
1405 1758 1590 1827 ὑμῶν.
1624 1758 1760 1810 Ἀλλ’
1790 1759 1935 1828 οῖμοι

347 1851 448 1919 τῆς
478 1847 822 1919 κατεχούσης
853 1851 1000 1919 ἡμᾶς
1033 1849 1364 1919 διαστροφῆς
1385 1863 1397 1877 ·
1449 1849 1566 1902 δέον
1596 1847 1812 1902 ἅπαντα
1845 1850 1937 1902 ἐπὶ

348 1941 532 2009 τούτῳ
567 1942 769 2004 ποιεῖν,
809 1939 953 1991 οὕτω
982 1939 1124 2002 τινές
1158 1939 1296 1990 εἰσιν
1325 1938 1493 2002 ὅντως
1525 1941 1762 2011 ἀνόητοι,
1795 1940 1935 1994 ὥστε

350 2033 446 2084 καὶ
476 2029 712 2092 ἑαυτοὺς
744 2030 800 2081 ὲν
829 2027 1004 2097 τούτῳ
1032 2024 1386 2098 μακαρίζειν,
1419 2029 1516 2081 καὶ
1546 2030 1934 2101 ὲναϐρύνεσθαι

351 2123 429 2193 τῷ
459 2120 642 2191 κακῷ,
693 2123 790 2174 καὶ
839 2119 1367 2187 ἐγκαλλωπίζεσθαι,
1419 2123 1512 2174 καὶ
1560 2124 1687 2193 παρ’
1736 2123 1936 2194 ἐτέρων

352 2213 676 2285 ζηλοῦσθαι.
716 2211 942 2280 Πικρδς,
971 2211 1157 2280 φησὶν,
1195 2211 1481 2282 ἄνθρωπος
1521 2212 1735 2273 ὁδεῖνα.
1778 2229 1940 2284 σκορ-

354 2307 478 2369 πίος
529 2305 700 2368 ἐστὶν,
749 2304 873 2373 όφις
923 2303 1093 2364 ἐστὶν,
1149 2302 1291 2372 ἔχιςο
1345 2303 1576 2374 φοϐερὸν
1625 2305 1936 2374 νομίζουσιν

352 2394 544 2449 αὐτόν.
577 2393 906 2454 Τίδέδοικας
937 2392 1028 2444 τον
1061 2391 1276 2461 πικρὸν,
1296 2391 1588 2463 ἆνθρωπε;
1617 2395 1708 2464 Μὴ
1738 2394 1934 2468 βλάψῃ,

352 2485 514 2555 φησὶ,
553 2483 630 2554 μὴ
657 2483 970 2552 λυμήνηται
998 2498 1011 2512 ο
1060 2481 1284 2550 ἄπειρος
1314 2480 1424 2549 ἐγὼ
1465 2482 1565 2552 τῆς
1600 2485 1808 2536 ἐκείνου
1837 2502 1936 2538 κα-

353 2576 479 2638 κίας
510 2574 666 2644 είμίο
708 2573 925 2626 δέδοικα
964 2573 1038 2642 μή
1074 2588 1140 2642 με
1172 2571 1350 2624 λαϐὼν
1389 2572 1594 2626 ἁπλοῦν
1627 2574 1934 2646 ἄνθρωπον,

352 2669 444 2720 καὶ
479 2667 638 2719 οὐδὲν
675 2664 785 2718 τῶν
828 2663 991 2717 αὐτοῦ
1037 2663 1441 2735 προορώμενον,
1498 2667 1576 2728 είς
1623 2667 1720 2730 τάς
1755 2668 1937 2736 πάγας

353 2757 573 2828 ίμϐἁλη
618 2757 717 2819 τάς
747 2754 932 2820 αὑτοῦ,
979 2754 1212 2816 καὶτοῖς
1253 2753 1492 2818 δικτύοις
1541 2758 1684 2826 ἡμᾶς
1728 2775 1938 2828 συμπο.

350 2851 480 2924 δίσῃ
522 2852 634 2911 τοῖς
669 2845 1097 2919 ἡτοιμασμένοις
1135 2844 1281 2914 αὐτῷ
1321 2847 1454 2916 πρὸς
1490 2848 1766 2918 ἡμετέραν
1797 2849 1936 2902 ἀπά-

352 2957 475 3011 την.
515 2937 664 2991 Γελῶ
695 2937 812 2992 νῦν,
856 2935 920 2987 Τί
951 2933 1188 3004 δήποτε;
1217 2935 1334 2987 Ὀτι
1371 2935 1576 2988 παίδων
1613 2939 1726 2989 ἐστὶ
1767 2938 1938 2992 ταῦτα

354 3035 422 3085 τὰ
453 3033 700 3103 ῥήματα,
733 3029 802 3082 τὰ
836 3027 913 3098 μὴ
947 3025 1153 3096 φοϐερά
1188 3025 1562 3096 φοϐουμένων.
1587 3028 1810 3092 Οὐδενὸς
1839 3028 1938 3098 μὲν

354 3121 446 3176 οὖν
481 3123 631 3176 οὕτω
667 3121 750 3174 δεῖ
772 3120 1160 3189 καταφρονεῖν,
1191 3118 1405 3180 οὐδενὸς
1433 3116 1577 3169 οῦτω
1611 3118 1935 3189 καταγελᾷν,

355 3214 428 3274 ὡς
449 3210 748 3281 ἀνθρώπου
783 3207 985 3280 πικροῦ
1017 3207 1112 3262 καὶ⁵
1145 3207 1404 3277 πονηροῦ.
1434 3208 1598 3261 Οὐδὲν
1631 3209 1738 3279 γὰρ
1767 3208 1939 3271 οὕτως

361 3304 440 3375 [11
464 3301 517 3374 ι]
560 3303 802 3365 ἀσθενὲς,
838 3301 914 3364 ὼς
949 3300 1171 3371 πικρία’
1207 3301 1428 3370 μωροὺς
1475 3303 1622 3353 ποιεῖ
1649 3301 1743 3354 καὶ
1774 3302 1938 3371 ἀνοή-

355 3406 506 3452 τους.

429 3563 499 3636 β’.
524 3565 594 3616 Ἣ
610 3565 706 3633 οὐχ
721 3565 880 3634 όρᾶτε
898 3564 978 3616 ὅτι
994 3564 1189 3632 τυφλὸν
1208 3565 1240 3634 ἡ
1261 3564 1426 3618 κακία
1445 3581 1460 3630 ;
1480 3565 1512 3636 ἦ
1529 3566 1628 3619 οὐκ
1649 3565 1938 3636 ἠκούσατε,

359 3658 440 3708 δτι
475 3659 507 3708 6
537 3655 793 3726 ὀρύσσων
824 3654 1014 3727 βόθρον
1071 3656 1150 3727 τῷ
1193 3656 1441 3727 πλησίον,
1469 3656 1647 3728 ἐαυτῷ
1680 3657 1937 3727 όρύσσει;

366 3749 488 3811 πῶς
518 3744 614 3801 οῦν
645 3749 706 3802 ού
732 3747 838 3819 χρὴ
871 3747 1150 3816 φοϐεῖσθαι
1171 3748 1350 3819 ψυχὴν
1381 3749 1635 3820 ’ταραχῆς
1661 3747 1942 3819 ἐμπεπληο

367 3839 613 3908 σμένην;
649 3839 712 3890 EI
741 3839 838 3908 μὲν
861 3834 972 3902 οὖν,
995 3839 1068 3900 ὡς
1091 3838 1348 3908 δαίμονας
1373 3838 1399 3878 δ
1431 3839 1525 3892 καί⁸
1564 3837 1938 3909 μαινομένους,

365 3930 474 4000 χρὴ
496 3931 588 3982 καὶ
613 3930 740 3992 τοὺς
767 3929 1000 3998 πικροὺς
1019 3928 1319 3998 φοϐεῖσθαι,
1355 3928 1448 3980 καὶ
1474 3927 1549 3991 ὡς
1569 3930 1695 3988 τοὺς
1727 3931 1943 3999 μωροὺς

367 4018 488 4084 (καὶ
502 4018 612 4088 γάρ
639 4019 837 4070 ἐκεῖνοι
854 4018 1042 4081 ἁπλῶς
1059 4019 1273 4071 ἅπαντα
1294 4017 1552 4088 ποιοῦσι),
1581 4037 1654 4090 φη
1664 4019 1724 4088 μὶ
1751 4019 1904 4088 κάγώ
1923 4036 1938 4050 ο

365 4109 411 4158 εί
445 4105 507 4159 δὲ
541 4106 618 4170 ὡς
662 4107 869 4171 δεινοὺς
901 4109 1187 4179 πράγμασι
1230 4107 1486 4179 χρῆσθαι,
1526 4108 1685 4162 τοῦτο
1735 4109 1938 4164 οὐκέτι.

367 4196 536 4250 Οὐδὲν
565 4198 675 4268 γὰρ
693 4198 836 4252 οὕτω
863 4199 999 4270 πρὸς
1021 4201 1364 4271 πραγμάτων
1401 4201 1713 4271 οίκονομίαν
1753 4201 1942 4272 ἐπιτή-

364 4290 529 4354 δειον,
561 4289 639 4351 ὡς
680 4289 914 4354 σύνεσιςο
940 4292 1090 4345 οὐδὲν
1107 4291 1248 4345 οὕτω
1271 4293 1536 4356 συνέσεως
1571 4291 1848 4360 ἐμπόδιον,
1867 4291 1942 4356 ὡς

283 4390 289 4394 ‘
368 4380 604 4450 πονηρία
635 4380 733 4433 καὶ
769 4382 961 4446 κακία,
997 4383 1092 4436 καὶ
1141 4382 1204 4434 τὸ
1238 4382 1490 4434 ὓπουλον.
1535 4382 1646 4451 οὐχ
1673 4382 1836 4452 δρᾶτε
1873 4380 1943 4434 τά

366 4475 601 4541 σώματα
661 4471 731 4525 τὰ
783 4473 1079 4544 χολερικά,
1134 4472 1254 4533 πῶς
1307 4475 1454 4526 έστιν
1509 4473 1684 4542 ἀειδῆ,
1737 4472 1941 4535 παντὸς

364 4563 562 4626 ἄνθους
612 4563 979 4633 μαρανθέντος
1020 4565 1076 4616 έν
1132 4565 1349 4629 αύτοῖς;
1401 4562 1518 4626 πῶς
1562 4564 1710 4614 ἐστιν
1743 4562 1941 4630 ἀσθενῆ

368 4656 461 4706 καὶ
485 4654 682 4717 λεπτὰ,
721 4656 817 4707 καὶ
848 4654 986 4725 πρὸς
1031 4654 1211 4708 πάντα
1244 4653 1634 4724 ἀνεπιτήδειας
1683 4651 1941 4706 Τοιαῦταί

365 4748 472 4799 εἰσι
500 4747 596 4800 καὶ
623 4747 682 4799 αί
729 4746 898 4816 ψυχαὶ
927 4746 984 4798 αἱ
1037 4746 1300 4800 τοιαῦται.
1331 4749 1572 4818 Ἴκτερος
1620 4747 1729 4818 γὰρ
1763 4745 1941 4816 ψυχῆς

367 4835 517 4888 οὐδὲν
555 4836 745 4906 ἔτερόν
780 4839 949 4900 ἐστιν,
975 4837 1086 4891 ἀλλ’
1114 4839 1146 4909 ἢ
1179 4839 1434 4909 πονηρία.
1485 4841 1599 4892 Οὐκ
1648 4839 1796 4891 ἔστιν
1833 4834 1927 4892 οὖν

372 4929 589 5001 ισχυρδν
626 4932 659 5000 ἠ
696 4931 954 5001 πονηρία,
973 4931 1073 4984 οὐκ
1089 4930 1223 4986 ἔστι.
1257 4931 1516 4985 Βούλεσθε
1549 4932 1711 4986 πάλιν
1738 4931 1832 4985 καὶ
1849 4931 1941 4983 ἀπὶ

371 5020 788 5093 ὕποδείγματος,
813 5023 842 5076 δ
875 5023 1036 5092 λέγω,
1091 5025 1302 5095 ποιήσω
1352 5025 1602 5095 φανερὸν,
1629 5023 1940 5094 κακούργου

371 5114 464 5166 καὶ
495 5113 774 5168 ἀπλάστου
806 5115 1146 5184 παραγαγὼν
1179 5116 1308 5186 ὑμῖν
1340 5115 1582 5182 είκόνας;
1617 5115 1937 5186 Κακοῦργος

370 5197 438 5273 ἦν
463 5207 491 5258 6
520 5203 912 5274 ’Δϐεσσαλὼμ,
961 5206 1054 5259 καὶ
1085 5206 1292 5269 πάντας
1329 5206 1636 5258 ίδιοποιείτο
1665 5222 1679 5236 ο
1717 5206 1817 5275 ὅρα
1843 5202 1936 5259 οῦν

373 5297 467 5366 ὅση
493 5292 563 5368 ἦν
589 5299 624 5367 ἡ
653 5297 978 5367 κακουργία.
1011 5297 1263 5368 Περιιὼν,
1289 5297 1472 5367 φησὶν,
1499 5295 1672 5363 ἔλεγε,
1697 5296 1786 5365 Μὴ
1824 5296 1938 5349 ἔστι

374 5403 456 5440 σοι
481 5389 662 5460 κρίσις
689 5405 704 5452 ;
735 5387 1121 5442 οἰκειώσασθαι
1160 5387 1391 5440 ἕκαστον
1422 5384 1764 5454 βουλόμενος.
1802 5385 1860 5439 '0
1882 5385 1938 5438 δὲ

437 5623 461 5687 _‘
488 5622 570 5687 _Sic
591 5625 781 5684 optime
811 5622 960 5687 Marg.
988 5621 1098 5687 Sav,
1123 5620 1402 5683 Legebatur
1426 5624 1754 5687 καθαιρείσθω.
1783 5624 1914 5674 Ευιτ.

434 5680 462 5722 δ
485 5680 695 5735 θυηέυδ
716 5687 886 5735 mallet
911 5680 1242 5744 δαιμονῶντας.

1215 289 1280 344 IN
1322 286 1536 341 EPIST.
1577 285 1664 340 AD
1706 280 1948 340 EPIIES.
1991 280 2140 336 CAP.
2185 277 2275 336 IV.
2344 278 2576 338 ΠΟΜΙΙ..
2608 279 2729 336 XV.

3508 285 3608 342 108

2049 391 2214 445 Δαυῖδ
2235 393 2528 457 ἄπλαστος.
2563 396 2628 448 Τί
2660 392 2752 450 οὖν
2775 413 2790 463 ;
2827 397 2969 468 Ὅρα
2994 399 3318 470 ἀμφοτέρων
3346 399 3407 451 τὸ
3433 399 3606 463 τέλος.

2043 483 2143 552 ὅρα
2167 484 2343 551 πόσης
2381 483 2578 554 ἔγεμεν
2603 488 2806 550 ἐκεῖνος
2837 486 3040 549 ἀνοίας.
3094 486 3308 557 Ἐπειδὴ
3343 488 3450 557 γὰρ
3475 489 3610 559 πρδς

2043 571 2140 642 τὴν
2173 571 2378 643 βλάϐην
2415 572 2565 645 ἑώρα
2590 575 2758 645 μόνην
2798 575 2893 628 τοῦ
2939 576 3164 646 πατρὸς,
3199 577 3258 629 ὲν
3287 578 3398 640 τοῖς
3428 576 3606 640 ἄλλοις

2042 664 2349 734 τετύφλωτο
2372 670 2559 718 πᾶσιν.
2606 666 2746 719 Ἀλλ’
2790 667 2886 736 ούχ
2919 669 2946 720 6
2983 667 3165 721 Δαυῒδ.
3201 667 3256 720 Ὀ
3287 667 3609 736 πορευόμε-

2042 773 2148 821 νος
2180 757 2287 826 γάρ
2323 756 2548 821 ἁπλῶς,
2577 757 2886 824 πορεύεται
2908 758 3222 824 πεποιθώς.
3249 756 3556 823 Τουτέστιν,
3581 759 3611 809 ό

2047 845 2211 915 μηδὲν
2224 863 2290 897 πε
2299 863 2378 915 ριε
2388 845 2739 916 ργαζόμενος,
2754 849 2781 899 6
2798 847 2963 918 μηδὲν
2983 847 3403 910 κατασκευάζων
3421 847 3608 900 κακόν.

2044 934 2369 1005 Πειθὼμεθα
2391 935 2571 988 τοίνυν
2604 937 2681 1007 τῷ
2707 939 2960 1008 μακαρίῳ
2991 937 3206 1007 Παύλῳ,
3241 939 3334 990 καὶ
3373 937 3612 1007 ὲλεῶμεν

2044 1030 2140 1083 καὶ
2182 1028 2505 1100 δακρύωμεν
2551 1031 2673 1094 τοὺς
2723 1031 2974 1102 πικροὺς,
3019 1031 3112 1084 καὶ
3159 1031 3334 1084 πάντα
3362 1031 3608 1100 πράττω-

2048 1139 2146 1191 μεν
2175 1121 2270 1174 καὶ
2305 1121 2565 1190 ποιῶμεν,
2595 1121 2734 1174 ὥστε
2763 1122 2938 1174 αὐτῶν
2967 1122 3072 1176 ἀπὸ
3092 1121 3189 1193 τῆς
3235 1121 3414 1191 ψυχῆς
3455 1121 3608 1188 ἐξαν-

2043 1211 2235 1282 τλῆσαι
2265 1211 2362 1282 τὴν
2399 1212 2677 1283 πονηρίαν.
2715 1213 2836 1276 Πῶς
2873 1214 2982 1284 γάρ
3039 1215 3138 1267 οὐκ
3187 1213 3406 1276 ἄτοπον,
3453 1213 3613 1284 χολῆς

2047 1301 2143 1372 μὲν
2175 1303 2308 1372 ἡμῖν
2337 1300 2560 1371 ἐνούσης
2596 1301 2873 1372 (καίτοιγε
2897 1303 3166 1374 χρήσιμον
3192 1301 3348 1356 τοῦτο
3385 1301 3445 1354 τὸ
3471 1319 3613 1355 στοι-

2045 1397 2206 1464 χεῖον·
2235 1394 2404 1464 χωρίς
2436 1395 2545 1464 γάρ
2576 1393 2737 1464 χολῆς
2782 1393 3067 1464 ἄνθρωπον
3093 1391 3230 1447 εἶναι
3267 1395 3327 1446 ού
3361 1393 3606 1455 δυνατὸν,

2043 1484 2248 1556 ταύτης
2281 1485 2345 1554 δὴ
2366 1485 2510 1552 λέγω
2544 1485 2640 1554 τῆς
2683 1485 3094 1554 στοιχειώδους)”
3142 1485 3259 1548 πῶς
3287 1485 3388 1538 οὐκ
3413 1483 3612 1537 άτοπον

2045 1573 2246 1643 ταύτην
2269 1572 2367 1641 μὲν
2393 1572 2584 1626 κενοῦν
2611 1574 2752 1626 κατά
2774 1571 3027 1643 δύναμιν,
3051 1574 3228 1627 καίτοι
3251 1572 3463 1643 μεγάλα
3486 1575 3612 1641 παρ’

2045 1663 2215 1730 αὐτῆς
2239 1663 2668 1733 ὠφελουμένους·
2689 1663 2785 1734 τὴν
2806 1663 2862 1716 δὲ
2891 1666 2948 1717 έν
2969 1667 3035 1736 τῇ
3069 1665 3218 1735 ψυχῇ
3245 1664 3412 1736 μηδὲν
3439 1666 3613 1718 ποιεῖν

2049 1754 2186 1826 μηδὲ
2218 1753 2538 1819 σπουδάζειν
2567 1754 2705 1808 ὥστε
2741 1755 2950 1817 κενοῦν,
2969 1757 3206 1826 οὐδαμοῦ
3236 1757 3505 1827 χρήσιμον
3525 1753 3614 1810 οὖ-

2049 1863 2166 1910 σαν,
2203 1843 2343 1898 ἀλλά
2366 1846 2455 1898 καὶ
2479 1845 2544 1897 τὰ
2576 1843 2809 1914 μέγιστα
2833 1845 3162 1912 άδικοῦσσ.ν;
3211 1846 3272 1899 Ὀ
3324 1846 3616 1915 βουλόμε-

2045 1953 2172 2002 νος,
2203 1937 2386 2007 φησὶν,
2409 1932 2563 1989 εἶναι
2622 1937 2814 2004 σοφὸς
2850 1937 2920 1989 ἐν
2977 1935 3152 2005 ὑμῖν,
3195 1937 3455 2006 γενέσθω
3494 1955 3614 2007 μω-

2037 2029 2167 2096 ρὸς,
2219 2028 2320 2081 ἵνα
2369 2026 2608 2096 γένηται
2665 2031 2878 2096 σοφός.
2942 2029 3140 2081 ’Ἄκουε
3189 2029 3351 2082 πάλιν
3381 2030 3474 2082 καὶ
3522 2030 3613 2082 τοῦ

2045 2118 2230 2170 Λουκᾶ
2253 2117 2522 2184 λέγοντοςο
2556 2115 3018 2185 Μετελάμϐανον
3047 2117 3271 2191 τροφῆς
3312 2119 3381 2172 ἐν
3429 2119 3613 2189 ἀγαλ-

2044 2205 2244 2258 λιάσει
2281 2206 2377 2258 καὶ
2420 2205 2740 2274 ἀφελότητι
2791 2205 3039 2272 καρδίης
3070 2247 3084 2272 ,
3139 2207 3452 2273 αἰνοῦντες
3509 2205 3617 2260 τόν

2049 2296 2216 2361 Θεὸν,
2245 2296 2341 2349 καὶ
2385 2296 2555 2364 εἶχον
2581 2297 2758 2365 χάμν
2813 2297 2961 2366 πρὸς
3005 2298 3154 2351 ὅλον
3181 2298 3286 2354 τόν
3335 2299 3508 2353 λαόν.
3546 2300 3614 2351 Ἦ

2045 2389 2144 2458 οὐχ
2173 2388 2386 2459 ὁρῶμεν
2426 2391 2520 2442 καὶ
2566 2388 2662 2441 νῦν
2718 2390 2841 2454 τοὺς
2895 2387 3114 2455 ἀφελεῖς
3167 2389 3261 2442 καὶ
3308 2389 3615 2450 ἀπλάστους

2047 2481 2233 2550 κοινῆς
2255 2483 2416 2552 τιμῆς
2455 2483 2608 2553 παρὰ
2643 2485 2857 2536 πάντων
2885 2482 3287 2549 ἀπολαύοντας;
3317 2483 3506 2545 Οὐδεὶς
3535 2483 3614 2554 τῷ

2045 2573 2272 2644 τοιούτῳ
2295 2575 2476 2641 φθονεῖ
2505 2574 2893 2644 εύπραγοῦντι,
2927 2575 3103 2638 οὐδεὶς
3133 2574 3456 2645 ἐπεμϐαίνει
3487 2574 3615 2628 δυσ-

2048 2662 2347 2735 πραγοῦντι
2367 2681 2380 2696 ο
2413 2664 2546 2718 ἀλλά
2579 2665 2779 2730 πάντες
2813 2667 2906 2718 καὶ
2940 2666 3118 2728 καλῶς
3153 2667 3444 2738 πράττοντι
3485 2684 3613 2736 συγ-

2047 2755 2316 2826 χαίρουσι,
2348 2756 2440 2810 καὶ¹
2469 2756 2760 2810 πταίσαντι
2796 2756 3166 2825 συναλγοῦσιν.
3214 2759 3310 2810 Ἂν
3340 2757 3399 2812 δὲ
3424 2758 3617 2830 πικρὸς

2047 2847 2329 2916 ἄνθρωπος
2354 2846 2674 2918 εύημερήσῃ
2709 2848 2858 2911 ποτὲ,
2893 2848 2968 2911 ὡς
3001 2846 3170 2901 κακοῦ
3201 2865 3342 2912 τινος
3378 2848 3620 2918 συμϐάν-ν

2046 2953 2156 3002 τος,
2185 2935 2422 3001 ἅπαντες
2455 2938 2763 3010 στένουσιμ
2782 2938 2865 3011 12]
2891 2955 2902 2967 ”
2933 2939 3034 2993 κᾶν
3048 2938 3405 3011 δυσπραγήσῃ
3424 2938 3611 3003 πάλιν,

2049 3028 2283 3092 ἅπαντες
2314 3031 2616 3100 χαίρουσιν.
2656 3031 2926 3102 Ἐλεῶμεν
2951 3028 3042 3085 οὖν
3071 3031 3280 3095 αύτούς·
3308 3032 3486 3102 ἔχουσι
3509 3032 3618 3104 γάρ

2050 3124 2262 3186 κοινοὺς
2318 3123 2546 3194 ἐχθροὺς
2602 3125 2878 3194 πανταχοῦ
2925 3125 3252 3194 περιιόντας.
3309 3124 3366 3178 '0
3424 3125 3617 3178 Ἰακὼϐ

2054 3213 2332 3278 ἄπλαστος
2373 3211 2461 3286 ἦν,
2495 3216 2629 3269 ἀλλὰ
2652 3215 2744 3271 τὸν
2782 3215 3086 3286 κακοῦργον
3127 3216 3296 3271 Ἦσαῦ
3333 3217 3581 3290 ἐνίκησεν
3603 3236 3616 3249 ο

2050 3309 2153 3374 Είς
2189 3308 2553 3374 κακότεχνον
2574 3307 2682 3377 γὰρ
2716 3308 2928 3376 ψυχὴν
2947 3311 3058 3362 οὐκ
3080 3311 3487 3365 εἰσελεύσεται
3513 3325 3617 3366 σο-

2051 3397 2174 3464 φία.
2204 3395 2377 3451 Πᾶσα
2403 3400 2605 3467 πικρία
2643 3398 2875 3468 ἀρθήτω
2919 3400 3018 3468 ἀφ’
3052 3402 3241 3469 ὑμῶν’
3278 3403 3412 3474 μηδὲ
3436 3403 3618 3474 λείψα-

2049 3506 2138 3541 νον
2163 3491 2387 3560 μενέτω.
2429 3486 2549 3544 Οἷδε
2609 3491 2717 3561 γάρ
2758 3490 2915 3544 τοῦτο
2953 3492 3191 3563 κινηθὲν,
3223 3494 3474 3566 καθάπερ
3511 3497 3618 3549 ἀπὸ

2053 3581 2345 3652 σπινοῆρός
2371 3599 2533 3646 τινος,
2562 3583 2853 3654 ὁλόκληρον
2882 3583 3028 3636 ἔνδον
3057 3583 3281 3652 ποιῆσαι
3327 3585 3519 3654 πυράν.
3552 3585 3618 3638 Τί

2050 3675 2226 3728 τοίνυν
2259 3675 2406 3728 ἐστὶν
2439 3678 2469 3745 ὴ
2495 3674 2687 3746 πικρία
2717 3677 3143 3746 κατανοήσωμεν
3165 3675 3426 3746 ἀκριϐὦςσ
3449 3671 3558 3729 οῗον
3590 3679 3620 3730 6

2053 3765 2281 3829 ὕπουλος
2313 3767 2471 3837 ἀνὴρ,
2505 3769 2532 3820 6
2559 3767 2793 3838 δολερὸς,
2816 3769 2843 3820 6
2876 3767 3010 3837 πρὸς
3046 3767 3104 3820 τὸ
3131 3771 3439 3820 κακοποιεῖν
3475 3785 3616 3838 παρ-

2052 3858 2470 3928 εσκευασμένος,
2494 3859 2904 3946 ὁκαχύποεττος⁶
2941 3857 3047 3911 ἀπὸ
3083 3856 3145 3927 δὴ
3182 3857 3370 3911 τούτου
3406 3858 3493 3912 ἀεὶ
3527 3859 3618 3911 θυο

2055 3951 2154 4021 μὸς
2183 3948 2276 4002 καὶ
2304 3948 2440 4019 ὀργὴ
2461 3947 2718 4002 τίκτεται.
2752 3949 2825 4001 Ού
2858 3949 2967 4020 γὰρ
2999 3947 3146 4002 ἔστιν
3185 3951 3241 4002 ὲν
3274 3950 3479 4022 γαλήνῃ
3519 3951 3620 4023 τὴν

2051 4041 2302 4108 τοιαύτην
2328 4034 2469 4091 εἷναι
2490 4038 2688 4107 ψυχήν·
2726 4037 2848 4107 ῥίζα
2874 4039 2982 4106 γὰρ
3005 4036 3179 4107 θυμοῦ
3214 4040 3307 4092 καὶ
3332 4039 3501 4111 ὀργῆς
3528 4057 3620 4092 πι-

2052 4130 2202 4202 κρία.
2248 4130 2305 4182 ὐ
2328 4128 2564 4192 τοιοῦτος
2599 4130 2693 4182 καὶ
2743 4127 3056 4198 βαρύθυμός
3109 4131 3291 4193 ἐστιν,
3347 4132 3440 4183 καὶ
3477 4131 3626 4183 οὐδέν

2053 4237 2182 4274 ποτε
2211 4219 2392 4288 ἀνίησι
2422 4218 2518 4290 τὴν
2550 4218 2750 4289 ψυχὴν,
2780 4220 2866 4271 ἀεὶ
2895 4219 3118 4282 σύννους
3140 4220 3239 4285 ὣν,
3263 4221 3352 4273 ἀεὶ
3369 4224 3618 4293 σκυθρωο

2052 4313 2172 4376 πός.
2198 4313 2374 4382 Ὅπερ
2398 4311 2506 4382 γάρ
2546 4311 2702 4382 ἔφην,
2731 4311 2886 4364 αὐτοὶ
2925 4313 3130 4382 πρῶτοι
3181 4313 3520 4384 καρποῦνται
3552 4317 3617 4371 τά

2052 4401 2260 4455 ἑαυτῶν
2293 4401 2462 4455 κακά.
2496 4401 2604 4454 Καὶ
2660 4399 2912 4469 κραυγὴ,
2964 4403 3118 4472 φησί.
3152 4402 3218 4454 Τί
3252 4403 3489 4474 δήποτε;
3527 4408 3622 4459 καὶ

2052 4491 2302 4565 κραυγὴν
2332 4492 2571 4562 ἀναιρεῖς
2597 4508 2611 4556 ;
2642 4491 2745 4545 Τὸν
2773 4491 2881 4562 γὰρ
2909 4492 3068 4562 ἧπιον
3083 4491 3321 4546 τοιοῦτον
3333 4490 3471 4549 εἶναι
3489 4497 3618 4570 χρή.

2052 4585 2248 4648 Ἵππος
2285 4583 2392 4655 γάρ
2444 4585 2590 4636 ἐστιν
2618 4581 2893 4653 ἀναϐάτην
2929 4583 3127 4654 φέρων,
3173 4586 3206 4655 ή
3258 4586 3475 4660 κραυγὴ
3523 4589 3622 4660 τὴν

2051 4677 2240 4746 ὀργήν·
2279 4674 2610 4745 συμπόδισον
2638 4674 2728 4727 τὸν
2759 4673 2944 4737 ἵππον,
2987 4673 3082 4728 καὶ
3119 4675 3495 4750 κατέστρεψας
3525 4681 3618 4734 τὸν

2051 4767 2335 4836 ἐπιϐάτην.
2388 4766 2757 4818 Ἀκουέτωσαν
2811 4763 2984 4818 ταῦτα
3037 4765 3272 4837 μάλιστα
3325 4773 3615 4838 γυναῖκες,

2055 4860 2110 4912 αἱ
2142 4861 2198 4912 ὲν
2232 4857 2396 4912 παντὶ
2425 4857 2710 4926 πράγματι
2739 4857 3042 4929 κράζουσαι
3075 4860 3168 4912 καὶ
3186 4858 3408 4929 βοῶσαι.
3429 4861 3516 4912 Ἑν
3536 4861 3619 4916 ἑνὶ

2052 4952 2320 5023 χρήσιμον
2357 4949 2418 5001 τὸ
2445 4947 2668 5017 κράζειν
2703 4949 2882 5018 μόνον,
2912 4951 2970 5004 ὲν
2993 4949 3070 5021 τῷ
3107 4951 3394 5021 κηρύττειν
3423 4953 3515 5004 καὶ
3540 4949 3618 5003 δι.

2050 5043 2294 5104 δάσκειν,
2328 5038 2561 5109 ἀλλαχοῦ
2585 5039 2642 5093 δὲ
2670 5039 2928 5111 οὐδαμοῦ,
2958 5040 3072 5095 ἀλλ’
3101 5041 3224 5095 οὔτε
3245 5043 3302 5096 έν
3331 5041 3484 5112 εὐχῇ.
3511 5042 3620 5096 Καὶ

2051 5139 2098 5188 εί
2124 5135 2302 5205 βούλει
2371 5131 2564 5204 μαθεῖν
2617 5131 2706 5184 διά
2769 5132 2877 5186 τῶν
2927 5135 3288 5204 πραγμάτων,
3349 5133 3615 5204 μηδέποτε

2051 5226 2278 5297 κράζῃς,
2304 5224 2396 5278 καὶ
2414 5223 2669 5276 οὐδέποτε
2707 5223 3029 5296 ὀργισθήση·
3065 5225 3172 5277 ίδοὺ
3197 5224 3396 5294 τρόπος
3416 5225 3619 5297 ἀοργη-

2052 5320 2190 5382 σίας.
2217 5319 2428 5387 Ὥσπερ
2462 5316 2567 5386 γὰρ
2606 5315 2704 5368 οὐκ
2736 5314 2813 5368 ἔνι
2846 5316 2937 5368 τὸν
2966 5315 3041 5386 μὴ
3069 5314 3335 5385 κράζοντα
3358 5315 3616 5388 ὀργισθῆ-

2049 5428 2155 5475 ναι,
2195 5407 2369 5470 οῦτως
2412 5407 2512 5459 ούκ
2556 5407 2634 5458 ενι
2682 5405 2772 5457 τὸν
2811 5406 3082 5476 κράζοντα
3139 5407 3212 5478 μὴ
3272 5408 3613 5480 ὀργισθῆναι.

2049 5501 2138 5571 Μὴ
2159 5501 2268 5568 γάρ
2287 5516 2374 5569 μοι
2405 5499 2496 5551 τὸν
2516 5497 2822 5567 βαρύμηνιν
2851 5497 3013 5568 εἴπῃς
3043 5501 3134 5553 καὶ
3165 5501 3501 5572 μνησίκακον
3522 5506 3616 5556 καὶ

2050 5586 2412 5659 αὐτοπικρίαν
2439 5585 2532 5639 καί
2565 5585 2878 5656 αύτοχολήν⁸
2912 5589 3070 5658 ἡμεῖς
3102 5591 3226 5662 περὶ
3265 5593 3361 5663 τῆς
3391 5592 3482 5646 τοῦ
3508 5595 3613 5648 πά..

2054 5683 2173 5744 θους
2202 5677 2559 5750 συναρπαγῆς
2585 5677 2944 5749 διαλεγόμεθα
2984 5679 3096 5736 νῦν,
