4046 6210
344 300 446 358 ίΰθ

344 428 692 490 acceptaeque
723 418 934 490 injuria:
959 433 1276 483 memorem,
1305 427 1359 473 et
1380 418 1470 487 qui
1498 426 1580 472 est
1608 415 1720 485 ipsa
1747 429 1841 484 per
1869 428 1928 468 se

341 510 701 567 amarulentia
719 521 777 566 et
803 511 924 566 bilis
957 527 973 565 :
1002 525 1102 566 nos
1124 510 1210 565 hie
1240 509 1506 580 loquimur
1531 507 1599 562 de
1626 505 1785 576 hujus
1809 504 1928 560 vitii

345 612 593 672 prompta
636 601 1008 672 subreptione.

414 693 468 749 5.
495 693 576 747 Ad
605 692 708 748 hoc
726 695 905 764 itaque
935 708 1041 748 non
1075 708 1258 761 parum
1285 691 1501 748 confert
1521 689 1786 746 erudiissc
1806 689 1929 743 ani-

341 802 509 852 mam,
539 795 600 840 ut
629 801 919 856 numquam
949 787 1143 841 clamet
1161 793 1216 840 et
1242 785 1581 840 vociferetur.
1613 783 1708 838 lrm
1727 795 1930 852 pennas

339 888 611 947 amputas.
643 879 686 932 si
709 877 923 934 auferas
944 879 1234 933 clamorem
1259 893 1273 943 ;
1302 878 1479 932 cordis
1498 891 1762 931 tumorem
1780 888 1928 929 com-

342 970 554 1038 primis.
609 969 762 1025 Sicut
800 971 944 1024 enim
968 970 1082 1025 fieri
1117 984 1225 1024 non
1257 979 1431 1040 potest
1452 979 1509 1024 ut
1535 969 1786 1032 luctetur,
1835 965 1926 1034 qui

337 1075 537 1115 manus
588 1076 694 1115 non
750 1069 941 1116 contra
989 1063 1294 1133 quempiam
1349 1060 1663 1115 sustulerit:
1712 1059 1781 1113 ita
1813 1058 1925 1112 fieri

337 1166 450 1206 non
480 1161 655 1221 potest
686 1161 746 1206 ut
773 1154 860 1222 qui
891 1168 997 1207 non
1028 1153 1222 1208 clamat
1250 1154 1544 1207 irretiatur.
1570 1151 1700 1221 Liga
1737 1164 1925 1204 manus

336 1243 559 1312 pugiiis,
590 1254 644 1296 et
667 1243 795 1313 juhc
814 1259 1091 1314 pugnare;
1119 1243 1213 1299 sed
1242 1259 1346 1299 non
1375 1244 1569 1314 poterit
1601 1261 1614 1297 :
1643 1242 1722 1297 sic
1752 1255 1926 1310 neque

335 1335 437 1389 ira.
467 1335 688 1390 Clamor
712 1346 891 1390 autem
914 1337 1070 1391 etiam
1094 1351 1210 1391 eam
1233 1351 1351 1406 quae
1374 1351 1480 1390 non
1511 1343 1592 1390 est
1610 1334 1804 1388 excitat
1828 1349 1841 1384 :
1872 1339 1927 1386 et

333 1427 572 1480 maxime
628 1424 755 1481 hinc
800 1426 909 1481 cito
958 1425 1164 1495 capitur
1211 1441 1382 1496 genus
1434 1425 1714 1480 mulierum
1743 1464 1758 1490 ,
1802 1438 1922 1493 qua:

332 1513 556 1584 quando
607 1515 912 1570 irascuntur
941 1516 1185 1582 ancillis,
1236 1525 1400 1571 totam
1431 1514 1646 1568 domum
1699 1514 1924 1582 implent

332 1620 439 1659 suo
467 1606 729 1660 clamore.
775 1605 930 1674 Saepe
971 1615 1146 1660 autem
1175 1605 1221 1658 si
1247 1605 1440 1660 domus
1477 1605 1740 1660 aedificata
1771 1604 1841 1657 sit
1868 1603 1919 1656 in

330 1695 658 1764 angiportu,
709 1711 898 1751 omnes
924 1697 1012 1766 qui
1043 1704 1358 1762 transeunt,
1411 1695 1634 1750 audiunt
1661 1710 1780 1750 eam
1807 1695 1921 1748 cla-

332 1799 599 1853 mantcm,
634 1797 688 1842 et
708 1789 956 1843 ancillam
980 1788 1286 1857 ejulantem.
1322 1787 1588 1856 Quidnam
1619 1787 1779 1842 fuerit
1809 1797 1921 1841 tur-

333 1882 479 1950 pius,
513 1890 568 1936 et
595 1880 765 1951 magis
810 1880 1121 1936 indecorum
1151 1895 1307 1951 quam
1334 1879 1520 1935 audire
1546 1878 1703 1934 fletus
1729 1889 1781 1934 et
1806 1880 1922 1950 eju-

333 1975 521 2028 tatus?
550 1973 748 2029 Omnes
793 1975 971 2029 statim
1001 1975 1387 2045 prOSpicienles
1413 1973 1540 2045 qttid
1578 1973 1686 2028 illic
1721 1972 1917 2027 factum

337 2065 403 2117 sit
434 2066 769 2134 interrogant
797 2083 809 2118 :
835 2064 950 2131 Illa,
980 2066 1247 2136 inquiunt,
1281 2065 1524 2120 ancillam
1555 2079 1704 2119 suam
1733 2066 1919 2120 verbe-

335 2159 450 2211 rat.
511 2150 778 2218 Quidnam
837 2155 940 2210 hoc
973 2155 1134 2211 fuerit
1161 2157 1562 2227 impudentius?
1591 2157 1726 2224 Quid
1745 2157 1917 2226 ergo?

336 2261 443 2297 non
473 2254 682 2313 oportet
709 2245 995 2301 verberare
1022 2246 1044 2300 ?
1072 2246 1185 2300 Non
1214 2247 1316 2302 hoc
1342 2246 1482 2315 dico,
1513 2257 1723 2318 oportet
1747 2249 1914 2312 enim;

335 2338 432 2393 sed
463 2355 562 2394 nec
588 2340 822 2405 assidue,
875 2356 974 2395 nec
1017 2355 1177 2410 supra
1207 2342 1448 2409 modum,
1473 2358 1572 2398 nec
1599 2357 1695 2412 pro
1720 2342 1820 2398 sibi
1849 2340 1918 2396 fa-

335 2430 440 2484 ctis
470 2430 714 2499 injuriis;
759 2432 897 2500 quod
923 2445 1135 2502 semper
1167 2432 1310 2500 dico,
1338 2447 1447 2487 non
1468 2433 1512 2486 si
1541 2433 1592 2487 in
1619 2433 1917 2487 ministerio

334 2519 500 2574 fuerit
546 2520 747 2591 aliquid
787 2521 1078 2588 delictum,
1128 2522 1225 2578 sed
1263 2523 1308 2576 si
1359 2524 1589 2577 animam
1623 2523 1736 2593 ipsa
1764 2537 1915 2578 suam

331 2613 497 2668 laedat
531 2630 544 2668 :
593 2616 638 2669 si
671 2630 768 2684 pro
796 2615 897 2671 hac
940 2631 1098 2671 causa
1139 2632 1256 2672 eam
1289 2618 1575 2685 verberes,
1625 2618 1916 2673 laudabunt

326 2719 547 2770 onmes,
589 2716 644 2760 et
670 2721 828 2760 nemo
859 2708 1249 2776 reprehendet;
1279 2707 1372 2763 sed
1402 2709 1448 2763 si
1475 2723 1572 2779 pro
1604 2709 1765 2764 rebus
1789 2709 1912 2774 tuis,

327 2796 664 2852 damnabunt
693 2814 880 2855 omnes
907 2801 1161 2856 saavitiam
1191 2809 1245 2856 et
1273 2800 1659 2858 crudelitatem.
1681 2803 1745 2857 Et
1773 2802 1914 2872 quod

327 2891 670 2944 estomnium
703 2891 1370 2960 turpissimum,suntadeo
1395 2892 1521 2948 ferte
1550 2903 1604 2949 et
1634 2903 1832 2960 truces,
1859 2903 1916 2949 ut

329 2983 404 3035 ita
435 2983 614 3052 ﬂagris
629 2982 857 3048 caadant,
877 2993 934 3038 ut
948 2999 1014 3039 ne
1038 2984 1154 3054 ipso
1174 2985 1387 3056 quidem
1404 2985 1490 3040 die
1506 2987 1914 3056 exstinguantur

331 3072 552 3128 vibices.
571 3073 792 3129 Nudatis
816 3075 957 3129 enim
990 3076 1180 3146 puellis
1194 3085 1247 3132 et
1273 3077 1466 3132 marito
1487 3078 1553 3133 ad
1581 3078 1682 3133 hoc
1705 3087 1910 3144 vocato,

327 3164 398 3220 ad
419 3166 636 3220 lecticas
649 3181 792 3236 saepe
809 3165 1043 3236 alligant.
1066 3167 1159 3222 llei
1183 3168 1333 3236 mihi,
1354 3185 1458 3224 non
1478 3171 1574 3225 tibi
1589 3185 1656 3226 eo
1673 3179 1914 3241 tempore

329 3259 471 3312 venit
500 3259 556 3312 in
588 3269 822 3312 mentem
853 3261 1111 3314 memoria
1138 3260 1435 3331 gehennaz‘i
1460 3264 1553 3318 sed
1582 3263 1750 3319 nudas
1773 3264 1915 3333 puel-

331 3349 518 3416 lulam,
574 3359 630 3404 et
658 3350 899 3404 ostendis
927 3351 1141 3417 marito,
1175 3361 1227 3407 et
1256 3369 1360 3407 non
1388 3357 1591 3409 vereris
1618 3372 1685 3410 ne
1713 3365 1764 3411 te
1783 3371 1912 3410 con-

327 3441 591 3497 demnet?
640 3451 696 3497 et
716 3458 836 3498 eum
869 3445 1036 3514 magis
1063 3445 1278 3512 irritas,
1336 3455 1392 3500 et
1437 3448 1657 3503 minaris
1695 3458 1746 3504 te
1793 3465 1911 3503 eam

329 3535 655 3601 vincturam,
686 3551 806 3590 cum
837 3537 1087 3592 miseram
1112 3547 1168 3592 et
1197 3537 1464 3594 infelicem
1497 3541 1644 3608 prius
1669 3541 1912 3597 innume-

329 3628 590 3682 rabilibus
642 3627 942 3683 maledictis
999 3630 1323 3699 appetieris,
1377 3631 1744 3687 Thessalidem
1791 3635 1909 3705 (a),

329 3719 604 3788 fugitivam
633 3760 650 3784 ,
703 3720 1042 3789 prostitutam
1073 3735 1190 3774 eam
1218 3721 1513 3791 appellans.
1563 3721 1645 3778 Ira
1674 3724 1814 3778 enim
1845 3742 1912 3782 ne

329 3810 408 3864 ori
431 3811 653 3880 quidem
685 3825 784 3865 suo
810 3811 934 3864 sinit
960 3825 1204 3881 parcere,
1236 3812 1330 3867 sed
1359 3829 1522 3880 unum
1549 3825 1756 3884 spectat
1780 3833 1912 3887 quo-

329 3902 489 3956 modo
510 3917 632 3956 eam
659 3902 969 3966 ulciscatur,
1000 3903 1208 3958 etiamsi
1230 3904 1457 3974 seipsam
1478 3906 1671 3976 probro
1693 3907 1906 3964 afliciat.

330 3993 398 4050 Et
444 4003 566 4063 post
619 3993 735 4049 haec
783 3995 961 4048 omnia
1017 4005 1282 4066 tamquam
1341 4007 1599 4068 tyrannus
1645 4001 1906 4072 quispiam

332 4085 605 4154 prmsidet,
633 4094 687 4139 et
713 4095 866 4139 vocat
891 4100 1102 4154 pueros,
1131 4095 1186 4142 et
1211 4102 1331 4142 cum
1381 4090 1631 4145 stolidum
1659 4093 1907 4148 maritum

332 4176 436 4232 illic
463 4175 704 4241 stiterit}
720 4190 787 4230 eo
814 4185 1081 4247 tamquam
1112 4178 1299 4233 lictore
1326 4180 1510 4235 utitur.
1563 4181 1757 4238 Hmcne
1797 4183 1910 4239 fieri

331 4279 608 4338 oporteret
631 4271 683 4324 in
707 4271 913 4326 aedibus
942 4272 1407 4331 Christianorum?
1459 4278 1527 4330 At
1551 4286 1634 4332 est
1655 4317 1668 4343 ,
1698 4277 1867 4349 inquit
1891 4320 1906 4347 ,

335 4376 557 4431 pravum
607 4376 775 4432 genus
801 4361 1083 4433 audaxque
1110 4373 1164 4418 et
1187 4364 1469 4434 impudens
1493 4408 1510 4434 ,
1559 4377 1612 4422 et
1636 4368 1776 4438 quod
1804 4385 1908 4426 non

336 4462 507 4522 potest
530 4453 749 4524 corrigi.
802 4453 916 4524 Ego
944 4469 1153 4525 quoque
1181 4455 1232 4510 id
1257 4456 1408 4523 scio;
1457 4457 1550 4513 sed
1597 4459 1720 4514 licet
1756 4460 1911 4517 aliter

332 4561 659 4615 componere
697 4563 758 4602 ac
799 4547 1102 4618 corrigere,
1135 4559 1277 4604 metu
1298 4590 1313 4614 ,
1346 4551 1536 4618 minis,
1560 4553 1757 4621 verbis,
1792 4569 1910 4623 quat

337 4640 474 4694 illam
517 4640 690 4708 magis
712 4649 938 4709 possunt
957 4640 1224 4708 mordere,
1269 4650 1326 4698 et
1356 4653 1406 4698 te
1426 4644 1655 4700 liberare
1684 4661 1713 4699 a
1745 4645 1911 4702 dede-

337 4747 475 4787 core.
510 4731 754 4802 Loquuta
783 4747 841 4787 es
863 4731 1022 4787 verba
1055 4734 1248 4802 turpia,
1291 4748 1412 4789 cum
1443 4735 1519 4790 sis
1548 4737 1771 4806 ingenua
1795 4778 1810 4802 ,
1854 4747 1912 4792 et

340 4838 437 4878 non
463 4825 633 4893 magis
659 4824 801 4877 illam
834 4840 990 4894 quam
1022 4825 1246 4893 teipsam
1273 4826 1607 4881 dedecoras?
1635 4828 1834 4884 Deinde
1861 4831 1906 4884 si

340 4923 580 4982 oporteat
625 4916 814 4970 venire
852 4915 918 4969 ad
961 4916 1244 4980 balneum,
1291 4927 1415 4972 sunt
1461 4918 1662 4975 vibices
1705 4920 1756 4974 in
1794 4921 1910 4991 ejus

341 5007 486 5060 nuda:
515 5019 688 5077 tergo,
713 5018 765 5062 et
784 5009 1116 5063 crudelitatis
1138 5010 1446 5066 circumfert
1469 5012 1680 5069 indicia.
1714 5014 1780 5069 At
1803 5025 1904 5080 est,

343 5095 538 5166 inquit,
569 5114 856 5153 servorum
885 5114 1058 5168 genus
1087 5100 1504 5169 intolerandum,
1533 5104 1576 5157 si
1607 5105 1699 5158 fiat
1719 5106 1797 5160 eis
1829 5123 1912 5161 re-

344 5187 539 5245 missio.
589 5189 703 5258 Ego
729 5205 944 5259 quoque
979 5190 1029 5243 id
1055 5191 1202 5254 scio;
1235 5191 1331 5246 sed
1360 5193 1535 5259 aliter,
1562 5205 1617 5248 ut
1643 5195 1750 5250 dixi
1774 5236 1790 5261 ,
1817 5211 1910 5252 eos

342 5290 604 5347 converte,
635 5296 742 5335 non
774 5283 948 5336 solum
977 5281 1157 5352 ﬂagris
1186 5293 1240 5338 et
1261 5294 1424 5349 metu,
1449 5285 1542 5340 sed
1573 5287 1734 5342 etiam
1756 5289 1908 5344 blan-

342 5368 474 5424 ditiis
495 5381 552 5427 et
572 5373 874 5428 beneficiis.
905 5374 1020 5428 Tua
1042 5384 1124 5429 est
1145 5390 1316 5436 soror.
1337 5377 1380 5430 si
1410 5377 1480 5431 sit
1507 5378 1696 5435 fidelis.
1727 5381 1907 5451 Cogita

395 5465 465 5527 (α)
485 5466 799 5530 Thessalides
839 5467 1103 5525 veneﬁcae,
1151 5469 1546 5530 praestigiatriees
1590 5478 1641 5520 et
1682 5473 1910 5524 maleﬁca:

333 5523 424 5596 jam
446 5523 572 5577 ’olim
601 5529 930 5606 ltpbgliantur,
947 5523 1244 5606 .utnviilje'rm
1264 5523 1507 5606 estprapud
1541 5523 1908 5606 AristOphanem

339 5588 534 5658 eiusque
575 5588 875 5658 scitoliasten
891 5629 903 5647 ,
946 5591 995 5639 in
1019 5589 1164 5639 Suida
1193 5596 1250 5658 et
1273 5591 1390 5658 aliis.
1411 5588 1520 5641 lies
1555 5602 1632 5658 est
1657 5588 1764 5644 trita
1786 5599 1908 5658 apud

337 5651 622 5750 Tmarus.
665 5657 717 5700 ει
749 5651 876 5713 apud
904 5661 1071 5713 poetas
1109 5654 1296 5702 Latinos
1316 5653 1558 5712 Plautum,
1587 5651 1832 5704 Horatium
1859 5667 1907 5708 cl

337 5721 359 5750 Ι
379 5722 464 5750 tum-

336 5721 464 5758 aut“.

1233 301 1297 357 IN
1337 297 1552 357 El’iST.
1593 299 1686 354 AD
1724 297 1967 354 EPHES.
2007 296 2161 354 CAP.
2205 295 2291 353 IV.
2334 296 2564 355 HOMIL.
2605 300 2722 356 XV.

3528 311 3628 368 ΗΟ

2041 435 2182 505 quod
2215 447 2270 489 tu
2297 436 2371 490 sis
2386 435 2624 504 domina,
2647 449 2700 494 et
2728 440 2815 493 illa
2841 441 2933 497 tibi
2956 443 3244 500 ministret.
3277 446 3332 502 Si
3354 462 3428 504 stt
3450 450 3630 506 ebrio-

2040 539 2118 586 sa.
2147 525 2297 580 aufer
2315 527 2629 583 occasiones
2658 529 2930 586 ebrietatis
2955 548 2970 598 ;
3001 549 3131 589 voca
3153 537 3424 602 maritum,
3457 549 3507 594 et
3529 543 3623 595 ad-

2041 631 2218 670 mone.
2250 618 2440 673 Annon
2468 620 2619 676 vides
2651 637 2810 692 quam
2842 625 2913 679 sit
2944 635 3096 697 turpe
3125 629 3395 685 verberari
3424 632 3620 688 mulie-

2041 709 2192 761 rem?
2221 708 2319 775 Qui
2349 709 2608 766 adversus
2635 714 2780 768 viros
2822 714 2942 768 latis
2972 715 3175 786 legibus
3199 720 3612 796 innumerabilia

2037 804 2340 852 statuerunt
2363 840 2375 863 ,
2406 801 2678 866 ustiones,
2712 804 3036 873 quaestiones
3060 817 3113 861 et
3141 817 3405 866 tormenta
3432 855 3447 880 ,
3491 830 3616 869 raro

2040 889 2315 944 mulierem
2364 893 2732 962 suspendunt,
2766 895 2859 950 sed
2901 896 2965 952 ad
3015 898 3411 972 impingendam
3453 920 3622 976 usque

2037 977 2242 1046 alapam
2268 979 2398 1033 iram
2429 981 2643 1036 sistunt.
2697 984 2862 1039 Tanta
2895 998 3073 1043 autem
3100 992 3180 1045 usi
3212 1003 3337 1048 sunt
3362 994 3622 1053 adversus

2038 1077 2280 1122 naturam
2311 1072 2628 1126 verecundia
2651 1116 2665 1139 ,
2725 1083 2780 1128 ut
2826 1091 2893 1130 ne
2920 1092 3042 1132 cum
3070 1083 3362 1137 necessitas
3393 1085 3607 1154 quidem

2038 1159 2270 1227 postulat
2313 1175 2431 1214 eam
2480 1163 2844 1232 suspendant,
2877 1169 3110 1224 maxime
3152 1172 3197 1226 si
3229 1187 3508 1243 prmgnaus
3529 1187 3620 1234 su.

2038 1249 2134 1303 Est
2159 1251 2302 1306 enim
2333 1253 2448 1307 viro
2481 1253 2716 1312 dedecus
2744 1259 3036 1316 verberare
3068 1264 3350 1320 mulierem
3381 1289 3395 1324 :
3447 1269 3492 1324 si
3521 1285 3620 1325 au-

2037 1352 2142 1395 tem
2188 1343 2302 1397 viro
2324 1387 2338 1411 ,
2373 1346 2541 1400 multo
2598 1349 2763 1420 magis
2809 1351 2855 1406 ei
2905 1368 3024 1422 qua:
3054 1365 3133 1408 est
3163 1357 3404 1426 ejusdem
3436 1378 3616 1418 sexus.

2037 1434 2171 1490 llinc
2202 1437 2334 1492 fiunt
2378 1441 2508 1497 viris
2537 1457 2714 1498 exosm
2749 1448 3021 1506 mulieres.
3049 1451 3188 1518 Quid
3218 1470 3368 1524 ergo,
3398 1455 3616 1528 quando

2035 1531 2347 1583 scortatur?
2375 1531 2546 1603 Junge
2569 1551 2685 1590 eam
2719 1541 3086 1609 matrimonio,
3132 1557 3347 1616 amputa
3372 1551 3614 1605 oceasio-

2036 1635 2133 1674 nes
2174 1625 2517 1679 scortationis
2543 1667 2556 1691 ,
2613 1643 2680 1682 ne
2711 1630 2857 1685 sinas
2883 1649 3000 1687 eam
3033 1635 3242 1692 deliciis
3271 1650 3326 1693 et
3367 1641 3492 1696 luxu
3521 1641 3621 1695 dif-

2034 1708 2216 1765 fluere.
2249 1713 2384 1780 Quid
2417 1731 2574 1780 vero,
2621 1719 2664 1771 si
2695 1718 2937 1776 foretur?
2972 1724 3193 1781 Custodi
3225 1741 3275 1782 ct
3307 1730 3550 1786 observa.
3573 1734 3618 1787 0

2031 1799 2389 1871 hyperbolen!
2434 1821 2534 1876 ego
2561 1822 2684 1873 ero,
2712 1809 2914 1880 inquit,
2945 1816 3170 1869 custos?
3221 1816 3266 1872 Ο
3286 1823 3574 1876 amentiam
3599 1826 3612 1876 ι

2029 1907 2144 1958 cur,
2187 1909 2338 1962 rogo,
2384 1911 2489 1951 non
2517 1899 2625 1952 eris
2650 1902 2870 1954 custos?
2901 1918 3079 1959 nenne
3107 1907 3347 1974 ejusdem
3373 1912 3566 1966 animae
3591 1954 3604 1974 .

2034 1982 2185 2052 cujus
2218 1993 2272 2038 tu
2300 2026 2313 2048 ,
2343 1995 2425 2040 est
2467 1990 2771 2060 particeps?
2798 2007 2977 2048 nonne
3003 1995 3206 2050 eisdem
3231 2013 3259 2050 a
3293 1999 3401 2054 Deo
3422 2010 3505 2056 est
3529 2003 3610 2058 di-

2028 2086 2184 2145 gnata
2212 2077 2235 2130 ?
2265 2093 2442 2134 nonne
2469 2081 2659 2135 eadem
2693 2099 2875 2139 mensa
2921 2086 3156 2142 fruitur?
3209 2105 3387 2148 nonne
3439 2104 3613 2150 tecum

2029 2167 2187 2222 habet
2226 2183 2565 2226 communem
2593 2175 2809 2243 generis
2839 2177 3212 2235 nobilitatem?
3256 2183 3392 2251 Quid
3421 2187 3464 2240 si
3488 2196 3569 2242 est
3595 2232 3610 2252 ,

2027 2258 2215 2328 inquit,
2249 2261 2531 2329 maledica,
2565 2275 2620 2319 et
2646 2267 3023 2334 conviciatrix,
3052 2271 3245 2343 loquax
3274 2284 3326 2328 et
3352 2275 3612 2334 ebriosa?

2025 2349 2167 2416 Quot
2199 2360 2376 2406 autem
2407 2354 2664 2410 mulieres
2695 2355 2876 2414 libera:
2923 2371 3050 2416 sunt
3090 2363 3399 2434 ejusmodi?
3429 2371 3608 2425 omnia

2028 2453 2210 2496 autem
2268 2443 2553 2499 mulierum
2603 2449 2728 2502 vitia
2785 2458 2839 2505 et
2884 2451 3077 2508 delicta
3117 2455 3255 2513 ferre
3285 2459 3426 2515 viros
3449 2461 3610 2531 jussit

2029 2530 2188 2586 Deus.
2241 2532 2562 2602 Dummodo,
2612 2537 2803 2607 inquit,
2838 2556 2942 2594 non
2990 2543 3059 2596 sit
3085 2557 3361 2614 srortum,
3412 2530 3608 2607 caetera

2025 2621 2202 2675 omnia
2217 2620 2295 2676 fer
2314 2621 2506 2678 delicta
2532 2635 2586 2680 et
2608 2627 2757 2681 vitia.
2791 2629 3014 2686 Etiamsi
3039 2634 3106 2687 sit
3133 2637 3364 2706 ebriOSa,
3386 2641 3605 2699 Etiamsi

2026 2711 2305 2780 maledica,
2360 2714 2568 2769 etiamsi
2614 2717 2828 2786 loquax,
2874 2722 3082 2777 etiamsi
3130 2725 3343 2794 invida,
3399 2733 3604 2788 etiamsi

2030 2811 2362 2872 sumptuosa,
2382 2805 2588 2860 etiamsi
2618 2821 2942 2865 consumens
2967 2813 3264 2882 facultates,
3295 2817 3458 2874 habes
3485 2823 3605 2876 vitm

2023 2893 2262 2949 sociam:
2320 2910 2648 2966 componere
2685 2901 2840 2955 vitam
2885 2919 3104 2960 necesse
3128 2908 3217 2962 tibi
3241 2922 3358 2964 est:
3404 2913 3524 2969 ideo
3551 2925 3604 2972 tu

2023 2998 2082 3038 es
2111 2994 2291 3055 caput.
2321 2986 2598 3059 Compone
2619 3005 2768 3062 ergo,
2794 2992 2878 3049 fac
2903 2997 3044 3066 quod
3077 3008 3223 3055 tuum
3247 3013 3350 3058 est.
3379 3004 3604 3066 Etiamsi

2023 3087 2238 3132 maneat
2260 3079 2524 3148 ejusmodi
2555 3090 2733 3138 utnon
2760 3087 2926 3155 possit
2952 3091 3149 3162 corrigi
3174 3109 3189 3157 ;
3219 3095 3430 3152 etiamsi
3461 3097 3604 3157 fure-

2025 3177 2129 3234 tur,
2151 3183 2302 3223 serva
2331 3181 2587 3240 quaesunt
2614 3183 2701 3229 tua
2731 3193 2743 3229 :
2774 3192 2840 3230 ne
2867 3178 3009 3233 illam
3041 3181 3176 3237 adeo
3198 3186 3402 3243 crucies
3429 3208 3442 3244 :
3473 3191 3515 3245 si
3537 3191 3606 3248 sit

2024 3258 2237 3328 loquax,
2283 3275 2345 3316 os
2369 3261 2419 3316 ei
2449 3263 2686 3320 obstrue.
2718 3265 2829 3322 Hoc
2859 3279 2942 3324 est
2971 3285 3196 3328 summm
3227 3277 3600 3351 philosophiae.

2022 3349 2173 3404 Nunc
2201 3360 2381 3406 autem
2433 3353 2674 3422 qumdam
2706 3359 3005 3416 veniunteo
3034 3366 3254 3421 saevitia:
3277 3378 3332 3424 et
3348 3349 3600 3428 absurdi-

2024 3442 2148 3496 tatis
2169 3483 2185 3508 ,
2213 3450 2272 3496 ut
2302 3454 2462 3514 eaput
2489 3445 2774 3517 detegant,
2803 3461 2856 3504 et
2882 3454 3102 3510 ancillas
3131 3459 3345 3516 trahant
3369 3466 3600 3533 capillis.

2092 3537 2145 3590 Δ.
2175 3535 2283 3590 Cur
2303 3551 2491 3592 omnes
2516 3540 2839 3597 erubuistis?
2868 3543 2982 3599 Non
3001 3549 3250 3606 omnibus
3273 3551 3390 3610 hmc
3416 3555 3604 3612 dicun-

2023 3637 2156 3684 tur:
2205 3629 2297 3684 sed
2353 3630 2415 3684 iis
2460 3647 2580 3701 quae
2626 3633 2692 3686 ad
2743 3644 2940 3690 tantam
2999 3641 3280 3697 trahuntur
3315 3645 3597 3704 feritatem.

2019 3719 2207 3774 Mulier
2230 3735 2296 3775 ne
2317 3722 2388 3775 sit
2410 3721 2616 3779 detecta
2645 3727 2718 3794 (Ι.
2750 3725 2870 3783 Cor.
2903 3730 2987 3785 ll.
3012 3731 3045 3786 6
3076 3733 3116 3802 ),
3152 3734 3339 3805 inquit,
3368 3740 3560 3798 Paulus
3587 3762 3602 3800 :

2022 3818 2075 3863 tu
2130 3817 2306 3864 autem
2357 3814 2577 3869 omnino
2617 3816 2793 3872 velum
2845 3819 3066 3877 aufers?
3117 3824 3276 3882 Vides
3333 3834 3602 3900 quomodo

2022 3901 2247 3970 teipsam
2296 3905 2619 3960 contumelia
2665 3907 2875 3964 afficis?
2922 3913 3098 3983 Atque
3138 3917 3184 3972 si
3239 3920 3333 3975 tibi
3386 3925 3600 3992 quidem

2021 3993 2164 4046 nudo
2204 3995 2379 4064 capite
2405 4008 2678 4068 appareat,
2721 4016 2838 4056 eam
2869 4019 2982 4060 rem
3009 4006 3146 4063 dicis
3173 4017 3548 4072 contumeliam
3585 4037 3599 4073 :

2022 4095 2074 4138 tu
2089 4094 2265 4141 autem
2288 4087 2454 4155 ipsam
2471 4090 2700 4158 nudans,
2721 4093 3025 4165 nihilgrave
3041 4113 3160 4155 esse
3181 4101 3351 4158 dicis?
3377 4105 3577 4165 Deinde

2019 4177 2212 4248 inquit,
2262 4178 2386 4248 quid
2415 4179 2461 4234 si
2505 4197 2610 4234 non
2633 4185 2978 4254 corrigatur?
3028 4189 3182 4259 Virga
3215 4203 3266 4246 et
3295 4195 3461 4266 plagis
3482 4213 3600 4255 eam

2015 4269 2236 4336 castiga.
2261 4269 2401 4334 Quot
2424 4279 2600 4324 autem
2633 4271 2795 4327 habes
2824 4282 2879 4328 tu
2910 4276 3034 4330 vitia
3061 4287 3115 4333 ct
3142 4281 3354 4348 delicta,
3407 4296 3463 4342 et
3491 4304 3594 4344 non

2015 4356 2353 4428 corrigeris?
2389 4363 2516 4414 Hmc
2562 4376 2591 4413 a
2644 4363 2798 4418 nobis
2850 4381 2992 4421 nunc
3019 4383 3122 4424 non
3167 4371 3306 4428 dicta
3346 4387 3468 4430 sunt
3499 4394 3596 4448 pro

2021 4448 2149 4514 illis,
2172 4448 2270 4503 sed
2301 4463 2396 4517 pro
2427 4448 2580 4504 vobis
2607 4467 2726 4519 qua:
2754 4455 2885 4509 estis
2915 4456 3120 4524 liberae,
3152 4468 3210 4514 ut
3232 4463 3362 4518 nihil
3393 4464 3600 4525 faciatis

2018 4538 2325 4594 indecorum
2363 4554 2538 4610 neque
2574 4548 2724 4611 turpe
2745 4583 2762 4608 ,
2795 4559 2861 4599 ne
2886 4561 2984 4602 vos
3011 4548 3153 4616 ipsas
3182 4551 3406 4610 hrdatis.
3440 4555 3495 4612 Si
3537 4560 3590 4614 in

2019 4631 2102 4685 his
2141 4629 2282 4685 domi
2332 4645 2457 4700 erga
2501 4633 2746 4687 ancillam
2776 4628 2942 4691 fueris
2970 4637 3201 4706 erudita,
3249 4647 3373 4700 etsi
3407 4648 3550 4705 mitis
3576 4693 3590 4717 ,

2017 4731 2071 4778 et
2108 4738 2213 4778 non
2253 4724 2428 4793 gravis
2475 4738 2539 4778 ac
2585 4725 2810 4781 molesta
2836 4768 2852 4793 ,
2910 4731 3076 4786 multa
3126 4736 3295 4806 magis
3335 4740 3454 4797 talis
3491 4744 3598 4798 eris

2017 4831 2140 4885 erga
2201 4815 2394 4870 virum.
2446 4815 2578 4870 Nam
2637 4817 2681 4871 si
2740 4833 2861 4873 eum
2923 4822 2974 4876 in
3035 4830 3123 4878 tua
3181 4827 3251 4880 sit
3291 4839 3550 4896 potestate
3584 4875 3596 4897 ,

2018 4905 2149 4960 nihil
2179 4905 2282 4960 tale
2314 4906 2489 4962 facere
2528 4908 2986 4978 deprchendaris,
3044 4916 3211 4970 multo
3254 4921 3422 4989 magis
3468 4925 3598 4979 nihil

2021 4996 2126 5051 tale
2155 4995 2353 5062 facies,
2400 4999 2612 5066 quando
2640 5001 2906 5070 quidpiam
2939 5005 3258 5073 prohibebit.
3309 5011 3426 5077 Quo
3458 5013 3514 5067 fit
3544 5027 3596 5069 ut

2019 5105 2138 5157 qua:
2167 5089 2217 5141 in
2245 5088 2438 5142 ancilla
2488 5103 2768 5147 exercetur
2820 5094 3151 5167 philosophia
3179 5143 3192 5164 ,
3250 5101 3470 5159 multum
3505 5122 3595 5163 vos

2013 5177 2165 5247 juvet
2210 5179 2274 5232 ad
2326 5181 2714 5237 conciliandam
2770 5187 3081 5242 maritorum
3145 5190 3592 5251 benevolentiam.

2025 5266 2161 5320 Nam
2179 5285 2275 5335 qua
2295 5287 2527 5324 mensura
2556 5275 2712 5327 mensi
2734 5277 2948 5345 fueritis,
2981 5278 3155 5330 cadent
3177 5284 3480 5349 rependetur
3501 5303 3586 5343 ro-

2019 5351 2093 5404 bis
2144 5351 2356 5423 (ΜαιιΙι.
2381 5355 2432 5407 7.
2462 5357 2544 5427 2}.
2579 5357 2795 5427 llllponc
2826 5361 2904 5414 ori
2930 5360 3171 5428 frenum;
3199 5375 3253 5420 et
3279 5369 3322 5422 si
3351 5379 3401 5424 te
3427 5388 3587 5430 exer-

2019 5444 2196 5498 cueris
2226 5457 2280 5499 ut
2303 5445 2425 5499 forti
2455 5459 2505 5500 et
2533 5465 2798 5518 generoso
2823 5452 3001 5508 animo
3029 5454 3168 5512 feras
3197 5462 3443 5517 ancillam
3473 5481 3586 5522 mo-

2020 5534 2209 5588 lestam
2226 5549 2286 5588 ac
2303 5535 2594 5601 difﬁcilem,
2627 5553 2724 5593 nec
2745 5555 2860 5594 eam
2883 5552 3003 5612 qua
3022 5555 3104 5600 est
3134 5547 3222 5603 tibi
3255 5567 3347 5618 par
3367 5553 3587 5616 honore,

2024 5640 2088 5679 ne
2117 5625 2159 5679 si
2193 5625 2261 5678 sit
2290 5625 2501 5694 quidem
2531 5631 2932 5700 contumeliosa,
2963 5651 3102 5707 mgre
3126 5638 3297 5706 feres;
3332 5657 3438 5698 non
3457 5661 3594 5716 aegre

2021 5715 2194 5770 ferens
2234 5725 2409 5772 autem
2433 5758 2446 5784 ,
2506 5725 2555 5773 te
2587 5730 2730 5777 recte
2761 5723 2812 5779 in
2859 5741 3067 5784 summa
3096 5734 3328 5800 gesseris
3357 5715 3591 5804 philoso-
3641 5767 3647 5770 -
