4042 6212
450 270 541 325 fil

455 383 598 450 phis.
653 381 788 438 Sunt
818 382 979 437 etiam
1008 380 1251 451 quaedam
1300 395 1420 450 quzc
1460 378 1662 432 addunt
1684 376 1983 446 iuramenta
2012 392 2026 430 :

447 474 575 528 nihil
604 482 687 528 est
714 482 890 528 autem
922 473 1128 542 turpius
1170 487 1327 542 quam
1364 485 1428 525 ea
1476 484 1593 539 qua:
1634 468 1711 522 sic
1762 468 2026 521 irascitur.

449 562 583 630 Quid
619 578 750 619 vero
769 604 786 630 ,
829 564 1034 633 inquit,
1062 562 1107 616 si
1132 560 1253 615 fuco
1283 560 1507 614 utatur?
1535 558 1648 614 Hoc
1677 557 1901 629 prohibe
1921 597 1935 622 ,
1978 566 2032 611 et

449 670 548 720 ego
575 656 668 709 tibi
700 657 997 709 assentiar:
1024 653 1248 724 prohibe
1269 661 1449 706 autem
1471 665 1501 704 a
1531 659 1582 706 te
1612 649 1892 719 incipiens,
1926 664 2029 702 non

451 754 655 800 tantum
705 758 891 810 metu,
942 754 1199 814 quantum
1241 742 1529 812 exemplo:
1572 741 1646 795 sis
1688 741 1738 793 in
1781 738 2032 794 omnibus

452 838 729 909 exemplar
749 837 1120 908 archetypum.
1154 835 1218 889 Et
1246 834 1578 907 blasphemia,
1608 832 1800 902 inquit,
1826 832 2034 885 tollatur

451 945 483 980 a
513 931 665 982 oohis.
693 927 828 983 Vide
853 928 1123 999 quomodo
1148 924 1638 997 proccdatmalum.
1670 921 2031 978 Amarulentia

452 1019 659 1088 peperit
692 1019 826 1072 iram
855 1061 870 1085 ,
917 1018 994 1073 ira
1028 1019 1443 1089 indignationem
1464 1057 1480 1083 ,
1510 1014 1802 1086 indignatio
1831 1014 2034 1070 clamo-

452 1122 564 1161 rem
586 1147 600 1172 ,
627 1108 830 1163 clamor
872 1107 1254 1177 blasphemiam
1276 1149 1291 1174 ,
1323 1106 1373 1162 id
1416 1116 1531 1173 est,
1574 1103 1888 1171 maledicta;
1920 1104 2034 1158 bla-

451 1198 689 1268 sphemia
718 1199 931 1256 demunt
962 1202 1161 1271 plagas,
1190 1201 1358 1270 plaga‘
1390 1200 1627 1263 vulnera,
1655 1197 1767 1252 haec
1785 1205 2033 1251 mortem.

454 1292 523 1343 At
549 1289 679 1343 nihil
705 1287 895 1344 horum
929 1290 1091 1344 voluit
1113 1290 1294 1345 dicere
1322 1289 1538 1352 Paulus,
1566 1287 1661 1342 sed
1688 1288 1788 1342 hoc
1810 1284 2033 1350 tantum,

453 1380 688 1436 Tollatm‘
713 1398 826 1436 cum
868 1383 1005 1436 omni
1049 1382 1264 1437 malitia.
1294 1380 1433 1450 Quid
1460 1388 1542 1436 est
1570 1379 1719 1444 illud,
1750 1377 1873 1432 Cum
1900 1377 2038 1431 omni

458 1472 696 1529 malitia?
747 1471 934 1529 Omnis
981 1474 1122 1529 enim
1166 1473 1364 1528 malitia
1406 1473 1459 1526 itt
1506 1470 1608 1525 hoc
1636 1469 1852 1524 desiuit.
1901 1468 2037 1523 Sunt

459 1561 600 1620 enim
650 1566 866 1637 quidam
895 1567 1034 1620 sicut
1080 1580 1241 1620 canes
1289 1563 1594 1618 mordentes
1636 1561 1899 1625 latenter,
1947 1558 2038 1628 qui

456 1655 727 1711 accedenti
755 1655 973 1726 quidem
1005 1670 1111 1709 non
1140 1654 1390 1708 allatrant
1408 1693 1423 1718 ,
1453 1666 1627 1721 neque
1653 1665 1774 1707 cum
1802 1665 1941 1720 mgre
1964 1649 2039 1705 fe-

458 1754 621 1811 runt,
672 1744 1008 1800 blandientes
1052 1754 1231 1799 autem
1300 1755 1354 1799 et
1408 1742 1643 1798 lenitatis
1692 1741 2038 1797 ostendentes

454 1834 707 1904 speciem,
753 1849 874 1889 cum
904 1851 1008 1889 non
1033 1834 1134 1889 sibi
1163 1842 1415 1889 caventes
1439 1832 1892 1904 apprehenderint
1913 1873 1928 1898 ,
1959 1832 2039 1886 eis

454 1928 642 1981 dentes
667 1925 890 1997 inﬁgunt
918 1945 934 1981 :
971 1927 1004 1980 ii
1032 1936 1154 1981 sunt
1178 1926 1451 1997 graviores
1473 1968 1486 1990 ,
1516 1941 1673 1997 quam
1704 1925 1792 1995 qui
1822 1935 2036 1995 apertas

456 2018 756 2088 suscipiunt
788 2018 1114 2074 inimicitias.
1147 2017 1409 2086 Quoniam
1461 2032 1590 2088 ergo
1629 2024 1755 2072 sunt
1792 2014 2038 2071 homines

456 2124 667 2179 quoque
693 2124 872 2176 canes,
905 2125 1080 2181 neque
1108 2111 1402 2164 clamantes
1430 2125 1603 2180 neque
1632 2110 1922 2165 irascentes
1944 2123 2041 2164 nc-

455 2215 561 2270 que
587 2215 728 2271 {egre
755 2199 988 2255 ferentes
1014 2200 1298 2266 minantur,
1325 2200 1418 2255 sed
1444 2202 1579 2256 clam
1603 2200 1754 2255 dolos
1777 2215 2042 2255 consueu-

459 2301 562 2353 tes.
610 2301 664 2346 et
715 2291 852 2346 mala
897 2301 1168 2346 struentes
1213 2291 1513 2355 innumera,
1560 2301 1614 2347 et
1644 2291 1803 2346 rebus
1831 2291 1958 2361 ipsis
1987 2301 2041 2347 et

463 2381 619 2438 factis
650 2382 986 2448 ulciscentes,
1012 2383 1108 2437 hos
1140 2398 1351 2453 quoque
1381 2382 1754 2437 subindicavit.
1782 2380 2035 2448 Tollatur,

460 2472 653 2544 inquit,
701 2490 732 2526 a
774 2472 910 2528 vobis
949 2490 1065 2528 cum
1110 2473 1246 2527 omni
1273 2472 1490 2527 malitia.
1534 2471 1614 2527 Ne
1636 2473 1809 2527 verbis
1829 2471 2040 2542 quidem

462 2577 673 2632 parcas,
720 2561 876 2620 factis
919 2573 1096 2617 autem
1126 2563 1421 2618 ulciscaris.
1474 2561 1591 2643 Ego
1647 2562 1765 2619 ideo
1810 2562 2040 2634 linguam

463 2654 714 2725 castigari
734 2696 748 2719 ,
781 2663 834 2710 et
860 2654 976 2726 ejus
1003 2654 1293 2710 clamorem
1324 2654 1628 2724 amputavi,
1662 2669 1729 2709 ne
1758 2654 2045 2709 vehemen-

463 2747 656 2799 tiorem
707 2759 891 2816 rogum
945 2745 1300 2802 accenderet:
1348 2745 1592 2801 siautem
1639 2745 1798 2801 etiam
1839 2745 2043 2816 absque

1252 265 1310 322 S.
1337 263 1611 322 JOANNIS
1645 261 2114 319 CHRYSOSTOMI
2154 264 2463 331 ARCHIEP.
2505 269 3029 333 CONSTAAIINOP.

3612 291 3709 344 “9

2137 381 2373 437 clamore
2399 385 2585 440 eadem
2609 387 2761 456 facis,
2794 400 2849 446 et
2875 393 3131 451 inlusalis
3156 413 3341 469 rogum
3359 405 3708 468 etcarhones.

2136 475 2263 542 quid
2295 475 2386 529 tibi
2421 478 2631 546 prodest
2663 481 2975 539 silentium?
3019 502 3085 540 an
3132 491 3311 546 nescis
3355 494 3595 552 incendia
3625 500 3711 557 illa

2136 579 2255 619 esse
2271 567 2607 639 gravissima,
2633 586 2751 641 qua:
2767 589 2887 629 cum
2912 576 3052 633 intus
3075 579 3302 647 alantur,
3324 601 3430 641 non
3454 602 3714 660 apparent

2137 658 2360 728 singulis
2387 662 2478 730 qui
2506 662 2635 717 foris
2661 664 3105 725 circumsistunt?
3132 682 3186 728 et
3214 675 3432 732 vulnera
3459 658 3585 750 quis.
3607 698 3712 739 non

2137 763 2398 820 apparent
2415 754 2466 809 in
2487 757 2792 825 superﬁcie,
2815 769 2869 815 ct
2889 759 3062 819 febres
3077 780 3196 836 quae
3224 767 3430 825 interna
3460 772 3716 830 adurunt?

2141 841 2215 897 lla
2241 843 2402 900 etiam
2435 847 2510 900 ira
2541 849 2625 903 illa
2653 860 2734 905 est
2756 854 2990 922 gravior,
3044 870 3162 927 qua:
3190 859 3430 931 depascit
3458 865 3712 922 animam.

2142 932 2249 988 Sed
2298 936 2411 1005 ipsa
2440 954 2675 1010 quoque,
2706 941 2896 1012 inquit,
2930 946 3146 1003 tollatur
3172 964 3291 1006 cum
3320 956 3465 1008 omni
3494 957 3713 1024 malitia,

2138 1035 2192 1080 et
2224 1040 2380 1094 parva
2409 1037 2462 1083 et
2484 1045 2692 1101 magna.
2724 1032 2778 1088 Si
2807 1049 2934 1106 ergo
2957 1052 3256 1108 pereamus,
3288 1052 3341 1098 et
3363 1060 3575 1102 onmem
3616 1048 3716 1102 tol-

2140 1117 2312 1173 lamus
2349 1123 2758 1180 amaritudinem
2785 1136 2839 1182 et
2868 1130 3148 1196 malitiam,
3173 1149 3242 1188 ne
3270 1135 3482 1193 tristitia
3507 1138 3718 1195 afﬁcia-

2141 1223 2262 1264 mus
2286 1209 2541 1279 Spiritum
2585 1225 2826 1271 sanctum
2859 1236 2873 1272 :
2904 1222 3206 1279 auferamus
3234 1226 3489 1284 radicitus
3515 1232 3716 1286 amari-

2145 1300 2381 1357 tudinem
2401 1344 2417 1369 ,
2462 1320 2581 1359 eam
2610 1305 3001 1365 abscindamus.
3024 1312 3176 1368 Nihil
3206 1314 3332 1370 boni
3385 1332 3557 1389 neque
3599 1323 3715 1377 sani

2141 1392 2269 1445 oriri
2294 1394 2569 1461 poteritex
2588 1411 2767 1453 amara
2787 1400 2963 1455 anima
2985 1420 3000 1456 :
3021 1414 3143 1458 sunt
3163 1407 3343 1461 omnia
3363 1409 3715 1480 calamitates,

2142 1482 2320 1536 omnia
2350 1483 2621 1558 lacrymte,
2651 1490 2829 1544 omnia
2860 1490 3296 1562 lamentationes,
3327 1498 3500 1555 luctus
3527 1513 3580 1557 et
3605 1502 3717 1573 eju-

2145 1570 2302 1664 latus:
2333 1573 2448 1630 Non
2479 1576 2672 1635 videtis
2710 1582 2978 1650 quomodo
3019 1599 3331 1643 aversemur
3369 1590 3572 1648 bestias
3599 1570 3720 1664 quae

2144 1654 2415 1720 clamitnt?
2446 1678 2502 1722 ut
2532 1668 2760 1739 leonem,
2791 1688 3005 1729 ursum:
3037 1675 3131 1733 sed
3152 1692 3261 1733 non
3287 1696 3441 1736 ovem
3470 1700 3484 1735 :
3509 1654 3720 1741 nonest

2144 1755 2284 1809 enim
2332 1757 2442 1812 illic
2482 1759 2719 1829 clamor,
2748 1763 2843 1818 sed
2870 1778 2972 1820 vox
2993 1767 3235 1836 qna-dam
3265 1771 3430 1826 mitis.
3459 1772 3626 1829 Porro
3653 1791 3719 1830 ex

2145 1848 2514 1912 instrumentis
2556 1869 2771 1926 quoque
2817 1859 3035 1915 musicis
3063 1876 3413 1934 quaecumque
3449 1865 3719 1934 clamant,

2145 1951 2269 1997 sunt
2293 1944 2361 1999 ad
2399 1959 2591 2001 sonum
2622 1947 3027 2017 injucundiora,
3080 1961 3137 2006 ut
3168 1962 3416 2024 tympana
3443 1965 3499 2010 et
3528 1957 3669 2012 tubas
3706 1976 3721 2013 :

2144 2050 2266 2103 quae
2288 2046 2468 2092 autem
2499 2051 2603 2093 non
2633 2038 2704 2094 ita
2729 2040 2962 2096 sonitum
2989 2041 3175 2111 edunt,
3204 2045 3298 2100 sed
3331 2046 3610 2112 molliunt,
3657 2063 3722 2103 ea

2147 2136 2269 2183 sunt
2287 2126 2548 2198 jucunda,
2579 2139 2636 2185 ut
2661 2130 2808 2198 tibia,
2834 2131 3038 2189 cithara
3066 2144 3118 2190 et
3142 2134 3353 2191 ﬁstulae.
3381 2137 3469 2193 Sic
3483 2146 3725 2195 nostram

2147 2230 2358 2286 quoque
2384 2233 2770 2290 componamus
2801 2225 3065 2292 animam,
3108 2237 3164 2282 ttt
3194 2244 3299 2283 non
3330 2229 3540 2296 clamet,
3572 2239 3629 2286 et
3655 2232 3730 2287 ita

2150 2309 2442 2377 poterimus
2466 2311 2627 2367 etiam
2652 2328 2907 2384 superare
2939 2317 3097 2377 iram.
3142 2329 3193 2374 et
3231 2336 3295 2376 ea
3322 2332 3593 2390 amputata
3626 2324 3728 2395 ipsi

2147 2398 2306 2470 primi
2330 2399 2572 2456 fruemur
2591 2405 2972 2474 tranquillitate
2995 2447 3010 2472 ,
3059 2417 3115 2464 et
3140 2409 3206 2463 ad
3237 2413 3575 2482 tranquillum
3604 2430 3731 2485 por-

2151 2496 2260 2543 tum
2288 2491 2654 2562 navigabimus
2678 2511 2692 2548 :
2721 2509 2879 2564 quem
2906 2496 3062 2553 detur
3086 2499 3238 2554 nobis
3264 2502 3511 2558 omnibus
3534 2519 3728 2561 conse-

2149 2583 2274 2652 qui,
2305 2583 2360 2639 in
2382 2583 2600 2640 Christo
2622 2584 2749 2642 Jesu
2774 2588 2998 2644 Domino
3028 2599 3233 2659 nostro,
3271 2608 3395 2650 cum
3433 2610 3540 2665 quo
3568 2595 3717 2652 Patri

2150 2673 2308 2728 simul
2361 2688 2480 2730 cum
2525 2684 2710 2732 sancto
2756 2677 2955 2748 Spiritu
2994 2681 3183 2753 gloria,
3219 2687 3491 2755 potentia,
3518 2686 3728 2756 honor,

2154 2780 2295 2820 tumc
2321 2776 2373 2821 et
2400 2780 2649 2837 semper,
2670 2777 2726 2824 et
2754 2770 2806 2824 in
2831 2772 3027 2827 sarcula
3054 2775 3394 2831 smculorum.
3428 2778 3616 2834 Amen.

1829 2928 2175 2993 HOMILIA
2218 2932 2391 2994 XVI.

459 3077 591 3132 (1η.
625 3076 678 3130 4.
705 3092 754 3128 v.
785 3075 874 3131 5L
911 3074 1089 3129 Omnis
1125 3074 1411 3128 amaritudo
1440 3084 1486 3129 et
1515 3075 1594 3129 ira
1620 3084 1667 3130 et
1695 3074 1976 3145 indignatio
2002 3085 2050 3129 et

531 3168 727 3221 clamor
758 3176 805 3220 et
834 3166 1144 3236 blasphemia
1172 3166 1382 3220 tollatur
1406 3183 1437 3219 a
1458 3167 1595 3221 vobis
1619 3182 1733 3220 cum
1758 3167 1896 3221 omni
1935 3183 2048 3220 ma-

534 3260 661 3313 litia.
693 3258 782 3313 3‘2.
811 3257 985 3314 Estote
1008 3268 1178 3314 autem
1202 3259 1411 3313 invicem
1437 3259 1655 3331 benigni,
1681 3260 2047 3328 misericordes,

535 3352 778 3405 donantes
797 3352 1026 3417 invicem,
1055 3352 1183 3406 sicut
1208 3359 1254 3405 ct
1282 3350 1416 3406 Deus
1446 3352 1650 3407 donavit
1676 3351 1826 3409 vobis.

539 3444 588 3497 l.
619 3441 734 3497 Non
769 3440 961 3497 sufﬁcit
992 3442 1207 3498 liberari
1234 3459 1263 3498 a
1292 3443 1456 3511 vitio,
1498 3445 1543 3499 si
1584 3454 1795 3515 oportet
1838 3446 2050 3516 assequi

464 3548 687 3603 regnum
718 3533 992 3599 caelorum,
1022 3534 1114 3590 sed
1141 3534 1301 3591 etiam
1332 3536 1500 3590 multo
1530 3536 1782 3591 virtutum
1811 3552 1944 3607 opus
1969 3545 2053 3593 est

465 3627 745 3682 exercitio.
771 3626 903 3682 Nam
936 3636 991 3682 ut
1020 3642 1051 3681 a
1076 3628 1319 3696 gehenna
1339 3628 1552 3698 quidem
1585 3629 1896 3696 liberemur,
1925 3631 2051 3686 abs-

468 3717 641 3771 linere
663 3726 877 3785 oportet
901 3732 928 3770 a
958 3718 1197 3783 scelere;
1227 3730 1283 3773 ut
1312 3727 1488 3773 autem
1532 3734 1752 3788 regnum
1801 3735 2054 3792 assequa-

469 3823 606 3871 tuur,
637 3807 806 3861 virtus
836 3816 913 3862 est
942 3808 1333 3877 amplecti-mla.
1367 3810 1447 3864 An
1474 3810 1693 3865 nescitis
1713 3810 1854 3881 quod
1886 3812 1937 3866 in
1960 3826 2054 3867 ex-

468 3900 637 3955 ternis
656 3900 814 3954 etiam
832 3899 1067 3971 judiciis.
1094 3901 1307 3971 quando
1332 3901 1467 3957 facta
1489 3903 1881 3970 examinantur,
1904 3914 1959 3960 et
1983 3905 2050 3960 ad

468 3992 779 4047 concionem
810 3992 1064 4047 convenit
1095 4002 1200 4048 tota
1228 3993 1437 4059 civitas,
1470 3995 1540 4050 ita
1573 3994 1699 4050 ﬁat?
1725 3996 1783 4052 In
1810 3997 2049 4054 externis

466 4083 610 4138 enim
647 4083 863 4153 jodiciis
897 4092 1050 4139 vetus
1076 4094 1190 4141 erat
1220 4100 1368 4152 mos,
1397 4095 1454 4141 ut
1480 4100 1677 4141 corona
1704 4096 2051 4144 coronaretur

470 4188 652 4236 aurea,
687 4188 793 4228 non
826 4175 916 4245 qui
948 4175 1077 4229 nihil
1107 4175 1230 4229 mali
1264 4175 1465 4232 fecerat
1501 4177 1722 4242 civitati.
1763 4179 1866 4235 hoc
1904 4181 2049 4236 enim

466 4267 642 4321 solum
671 4265 872 4321 sufﬁcit
905 4266 971 4321 ad
1009 4280 1114 4321 non
1154 4266 1361 4323 dandas
1402 4284 1621 4338 poenas;
1652 4269 1746 4326 sed
1774 4271 1935 4326 etiam
1960 4273 2048 4341 qui

470 4358 679 4428 magnis
707 4372 824 4413 eam
852 4357 1107 4414 affecerat
1142 4358 1438 4415 beneﬁciis.
1480 4359 1569 4417 Sic
1608 4361 1891 4431 Oportebat
1930 4361 2051 4417 duci

466 4449 532 4502 ad
564 4448 705 4504 hunc
732 4449 1007 4505 honorem.
1040 4448 1147 4505 Sed
1176 4451 1357 4506 nescio
1379 4453 1647 4521 quomodo
1667 4452 2052 4523 propemodum

471 4552 559 4592 nte
596 4537 776 4608 effugit
796 4580 812 4604 ,
843 4541 987 4610 quod
1015 4540 1164 4595 vobis
1195 4542 1426 4597 maxime
1455 4557 1676 4599 necesse
1709 4553 1826 4598 erat
1849 4544 2049 4601 dicere.

470 4627 641 4697 Hujus
666 4632 806 4684 enim
831 4631 1107 4688 divisionis
1130 4634 1355 4704 primam
1379 4649 1595 4691 resumo
1622 4646 1825 4707 partem
1845 4678 1862 4705 ,
1889 4653 2052 4708 parva

470 4716 701 4787 quadam
744 4719 979 4776 adhibita
1025 4726 1380 4782 correctione.
1429 4725 1562 4782 Nam
1609 4728 1856 4797 quoniam
1904 4728 2049 4796 dixi,

468 4807 616 4879 quod
648 4823 715 4864 ne
737 4809 989 4865 cedamus
1017 4812 1068 4866 in
1095 4816 1394 4883 gehennam
1417 4858 1432 4884 ,
1465 4816 1663 4873 sufﬁcit
1689 4818 1845 4873 nobis
1874 4835 2053 4876 reces-

467 4913 567 4955 sus
592 4914 622 4955 a
654 4901 813 4963 malo.
839 4901 1050 4957 interim
1076 4904 1201 4959 dum
1224 4906 1364 4971 dico,
1389 4908 1519 4963 mihi
1538 4919 1799 4966 venerunt
1826 4911 1876 4967 in
1906 4928 2053 4969 men-

472 5002 583 5047 tem
618 4992 860 5063 quadam
889 4993 1047 5048 minas
1074 4997 1346 5053 terribiles
1375 5000 1695 5069 supplicium
1726 4998 2015 5060 inferentes
2034 5045 2050 5071 ,

470 5098 582 5139 non
622 5084 686 5140 iis
725 5083 815 5156 qui
855 5086 978 5140 mali
1022 5087 1289 5158 quidpiam
1327 5089 1682 5162 admiserunt,
1708 5093 1801 5149 sed
1828 5109 1922 5151 eos
1952 5110 2050 5166 pu-

468 5175 702 5242 uientes,
742 5179 830 5249 qui
872 5178 994 5233 boni
1037 5180 1232 5250 aliquid
1272 5185 1749 5251 praetermiserunt.
1793 5186 2048 5256 Quaenam

475 5276 651 5320 autem
692 5283 770 5323 ea:
811 5271 973 5326 sunt?
1010 5270 1142 5327 Cum
1184 5272 1498 5340 advenerit,
1546 5276 1757 5347 inquit,
1804 5277 1919 5333 dies
1962 5280 2053 5336 ille

466 5357 760 5423 terribilis,
809 5378 915 5433 quo
961 5378 1021 5420 se
1067 5365 1258 5420 sistere
1301 5374 1541 5435 oportet,
1585 5367 1638 5421 in
1686 5368 1934 5425 tribunali
1958 5385 2051 5427 se-

470 5447 610 5504 deus
640 5450 832 5517 Judex,
862 5458 1051 5513 ovibus
1077 5460 1288 5530 quidem
1322 5462 1534 5517 statutis
1557 5476 1586 5517 a
1608 5460 1811 5519 dextris
1830 5506 1845 5529 ,
1878 5464 2051 5522 [undis

473 5548 604 5596 vero
624 5556 653 5595 a
682 5542 933 5610 sinistris,
961 5550 1147 5605 ovibus
1175 5553 1388 5621 quidem
1416 5553 1558 5610 dicet
1588 5571 1602 5609 :
1646 5553 2050 5619 Venite,benedi-

463 5630 534 5685 di
565 5630 736 5688 Patris
765 5635 859 5690 mri
878 5677 892 5702 ,
929 5641 1175 5706 possidete
1210 5660 1418 5714 regnum
1445 5645 1581 5701 vobis
1603 5657 1836 5718 paratum
1865 5666 1895 5703 a
1922 5664 2044 5703 con-

2156 3076 2412 3132 stitutione
2438 3078 2644 3145 mundi;
2672 3080 2852 3134 esurivi
2878 3082 3033 3146 enim,
3057 3092 3102 3138 et
3132 3084 3337 3140 dedistis
3359 3086 3482 3140 mihi
3502 3087 3571 3140 ad
3592 3104 3733 3142 com-

2156 3167 2401 3221 edendum
2417 3168 2633 3238 (Matth.
2653 3170 2743 3227 25.
2768 3172 2856 3226 54.
2871 3172 2984 3241 35).
3008 3173 3119 3229 Hoc
3142 3176 3393 3244 praeclare
3417 3195 3432 3232 :
3454 3178 3736 3248 oportebat

2154 3258 2296 3312 enim
2318 3273 2413 3313 eos
2441 3265 2601 3315 tanta:
2627 3259 2971 3332 benignitatis
2997 3265 3133 3322 hanc
3162 3267 3404 3338 accipere
3424 3286 3736 3326 remunera-

2157 3349 2354 3405 tionem
2384 3367 2398 3404 :
2429 3351 2568 3421 quod
2597 3362 2772 3408 autem
2802 3356 2891 3426 qui
2922 3358 3198 3428 egentibus
3228 3375 3331 3414 non
3362 3361 3736 3432 imperticrunt

2155 3457 2220 3498 ex
2250 3444 2315 3497 iis
2343 3459 2463 3514 qua:
2485 3445 2584 3515 ipsi
2610 3445 2895 3515 habebant,
2927 3463 3034 3504 non
3064 3451 3234 3505 solum
3263 3451 3332 3506 ita
3358 3453 3644 3522 puniantur
3669 3464 3734 3511 ut

2157 3533 2430 3604 priventur
2453 3537 2605 3591 bonis
2622 3578 2639 3605 ,
2669 3537 2763 3593 sed
2790 3539 2949 3594 etiam
2976 3538 3041 3594 ad
3074 3540 3245 3611 ignem
3274 3542 3533 3612 gehennae
3554 3552 3731 3600 trans-

2156 3625 2454 3691 mittantur,
2480 3628 2581 3682 hoc
2605 3642 2887 3697 quantnam
2919 3629 3079 3685 habet
3100 3631 3407 3688 rationem?
3438 3633 3607 3689 liabet
3631 3648 3732 3689 an-

2159 3726 2264 3774 tem
2294 3719 2396 3775 hoc
2421 3735 2633 3792 quoque
2662 3736 2769 3776 non
2795 3723 2967 3777 minus
2992 3734 3391 3795 congruentem,
3417 3741 3573 3796 quam
3601 3725 3734 3782 illud

2158 3813 2326 3881 prius,
2354 3813 2637 3869 rationem.
2680 3814 2810 3870 Nam
2852 3831 2950 3886 per
2991 3816 3092 3872 hoc
3125 3817 3419 3884 erudimur,
3459 3818 3598 3886 quod
3641 3821 3734 3891 qui

2157 3904 2292 3958 bona
2329 3904 2542 3974 quidem
2584 3905 2841 3972 fecerunt,
2886 3907 3130 3964 fruentur
3170 3909 3324 3965 bonis
3363 3925 3480 3981 quae
3518 3920 3643 3966 sunt
3678 3913 3733 3966 in

2156 3994 2340 4049 uelis:
2371 3996 2404 4049 ii
2429 4010 2588 4062 vero,
2619 3996 2670 4050 in
2714 4011 2847 4067 quos
2882 4014 2987 4053 non
3030 4000 3172 4055 cadit
3216 4002 3564 4070 reprehensio
3586 4002 3733 4073 quod

2155 4085 2352 4156 aliquid
2378 4087 2501 4141 mali
2526 4088 2768 4155 fecerint,
2791 4090 2989 4160 aliquid
3015 4101 3191 4146 autem
3221 4087 3345 4146 boui
3374 4093 3736 4162 praetermise-

2155 4187 2299 4245 runt,
2333 4195 2453 4234 cum
2476 4181 2539 4235 iis
2562 4182 2650 4252 qui
2680 4183 2816 4238 mala
2844 4182 3102 4248 fecerunt,
3128 4182 3457 4239 abducentur
3477 4185 3528 4239 in
3554 4184 3735 4254 ignem

2155 4271 2434 4342 gehennae.
2462 4272 2572 4329 Nisi
2594 4276 2711 4346 quis
2730 4275 2868 4332 dicat
2893 4277 3035 4348 quod
3060 4276 3258 4331 bonum
3287 4276 3477 4333 fecisse
3505 4287 3586 4333 est
3610 4292 3737 4346 pars

2156 4363 2302 4430 vitii;
2336 4364 2438 4421 hoc
2475 4365 2619 4421 enim
2657 4375 2740 4422 est
2779 4367 2895 4431 otii,
2923 4368 3088 4422 otium
3116 4377 3293 4424 autem
3319 4377 3405 4424 est
3429 4383 3553 4439 pars
3582 4369 3733 4435 vitii;

2158 4456 2243 4511 vel
2269 4456 2442 4527 potius
2471 4472 2576 4512 non
2607 4472 2750 4528 pars,
2773 4457 2867 4512 sed
2897 4458 3109 4514 occasio
3134 4467 3190 4514 ct
3210 4475 3368 4529 prava
3399 4459 3547 4513 radix
3575 4474 3735 4514 :nam

2157 4563 2317 4604 omne
2352 4549 2533 4604 vitium
2575 4548 2758 4606 docuit
2800 4550 2990 4605 otium.
3038 4549 3117 4606 Ne
3148 4565 3277 4621 ergo
3305 4550 3617 4619 insipienter
3642 4548 3740 4605 has

2160 4638 2496 4710 proferamus
2540 4641 3004 4717 interrogationes.
3048 4641 3149 4710 Qui
3194 4640 3325 4697 nihil
3361 4642 3446 4698 vel
3489 4642 3613 4696 mali
3658 4643 3738 4695 vel

2159 4732 2283 4788 boni
2312 4731 2457 4800 fecit,
2485 4748 2769 4804 quemnam
2795 4735 2970 4791 locum
2997 4733 3258 4805 accipiet?
3299 4735 3508 4790 Etenim
3536 4734 3739 4790 bonum

2159 4839 2263 4879 non
2295 4823 2510 4892 fecisse,
2543 4823 2646 4882 hoc
2667 4834 2750 4881 est
2772 4826 2961 4882 fecisse
2984 4827 3207 4882 malum.
3236 4825 3371 4883 Nam
3397 4827 3482 4882 dic
3510 4825 3663 4893 mihi,
3697 4828 3740 4880 si

2157 4931 2315 4985 quem
2347 4916 2544 4972 habeas
2575 4916 2855 4985 famulum,
2883 4919 2974 4989 qui
3006 4934 3179 4988 neque
3204 4918 3433 4985 foretur,
3465 4932 3640 4986 neque
3673 4919 3739 4970 sit

2157 5009 2609 5075 contumeliosus,
2657 5024 2833 5080 neque
2876 5010 3228 5078 contradicat,
3269 5020 3322 5067 et
3365 5010 3434 5068 ab
3478 5009 3742 5066 ebrietate

2158 5099 2418 5155 abstineat
2451 5100 2520 5154 ab
2555 5100 2781 5171 aliisque
2819 5102 3089 5168 omnibus,
3124 5102 3220 5160 sed
3258 5112 3515 5175 perpetuo
3553 5102 3742 5158 sedeat

2159 5192 2382 5258 otiosus,
2412 5200 2466 5248 et
2494 5191 2625 5249 nihil
2652 5195 2810 5250 faciat
2832 5212 2897 5251 ex
2925 5197 2990 5252 iis
3016 5211 3133 5267 quae
3160 5196 3390 5252 famulus
3416 5197 3578 5252 debet
3606 5195 3739 5249 hero

2162 5294 2438 5354 praestare,
2479 5300 2585 5340 non
2634 5301 2756 5342 eum
2801 5287 2978 5343 caules
3018 5287 3222 5358 ﬂagris.
3269 5304 3375 5344 non
3422 5285 3740 5361 lorquebisi

2160 5375 2355 5442 Etiam,
2379 5377 2607 5448 inquies.
2631 5377 2792 5450 Atqui
2813 5378 2942 5433 nihil
2965 5380 3086 5434 mali
3109 5379 3254 5435 fecit.
3285 5379 3396 5435 Hoc
3417 5379 3589 5450 ipsum
3611 5388 3739 5447 ergo

2159 5480 2241 5525 est
2259 5470 2476 5525 malum.
2495 5470 2623 5537 Sed,
2642 5471 2685 5525 si
2708 5472 2901 5542 placet,
2920 5470 3245 5529 deducamus
3260 5473 3556 5529 orationem
3575 5470 3738 5526 etiam

2159 5562 2224 5616 ad
2253 5563 2511 5633 reliquam
2547 5564 2735 5620 vitam.
2777 5564 2859 5622 Sit
2898 5565 3090 5637 aliquis
3131 5566 3383 5639 agricola,
3416 5565 3507 5637 qui
3535 5563 3739 5619 nostris

2160 5652 2494 5710 facultatibus
2516 5652 2647 5711 nihil
2676 5654 2801 5711 mali
2826 5650 3032 5724 afferat,
3056 5671 3228 5733 neque
3257 5654 3537 5713 insidietur
3559 5669 3734 5727 neque
