4046 6210
278 296 378 365 ιιι

277 411 577 476 τραύματα
641 409 891 467 θάνατον.
950 413 1088 466 Ἀλλ’
1141 415 1295 469 οὐδὲν
1356 417 1564 472 τούτων
1618 417 1854 488 ἠθέλησε

272 492 622 561 φθεγξασθαι
677 494 918 558 Παῦλος,
950 496 1063 549 ἀλλ’
1117 497 1151 568 ἢ
1187 497 1345 551 τοῦτο
1378 500 1561 570 μόνον,
1608 499 1859 568 Ἀρθήτω

274 575 402 628 σὺν
428 575 599 643 πάσῃ
625 578 826 643 κακίᾳ.
861 578 925 630 Τί
949 578 1086 642 ἐστι,
1114 581 1239 634 Σὺν
1268 580 1435 648 πάσῃ
1465 586 1643 651 κακίᾳ
1660 598 1680 646 ;
1704 583 1860 635 Πᾶσα

273 657 390 727 γὰρ
422 659 594 710 κακία
627 660 707 720 εἰς
746 658 908 712 τοῦτο
941 661 1185 732 τελευτᾷ.
1226 663 1348 715 Είσί
1379 664 1484 736 γάρ
1514 683 1657 728 τινες
1687 664 1858 719 καθά-

274 757 389 810 περ
416 742 467 792 οἰ
503 740 865 811 λαθροδῆκται
899 742 1007 795 τῶν
1044 744 1244 806 κυνῶν,
1262 746 1310 799 οἳ
1329 748 1453 810 τοὺς
1480 749 1579 819 μὲν
1602 748 1859 818 προσιόν-

274 837 381 884 τας
409 822 563 874 οὐδὲν
594 822 944 891 ὑλακτοῦσιν,
976 825 1097 878 ούδέ
1128 827 1559 899 δυσχεραίνουσι·
1585 831 1862 893 σαίνοντες

276 903 337 957 δὲ
366 905 465 957 καὶ
489 906 762 975 προσηνὲς
796 907 1228 979 ἐπιδεικνύμενοι
1271 911 1479 981 σχῆμα,
1512 912 1860 981 ἀφυλάκτους

276 986 562 1052 λαϐόντες,
616 989 743 1052 τοὺς
778 990 997 1055 ὀδόντας
1030 992 1322 1062 ἐνέπηξαν“
1357 990 1505 1049 οὗτοι
1543 994 1861 1066 χαλεπώτε-

281 1086 373 1141 ροι
395 1069 507 1123 τῶν
542 1071 607 1123 ἐκ
636 1072 873 1143 φανεροῦ
900 1074 1001 1144 τὴν
1015 1074 1214 1146 ἔχθραν
1235 1077 1668 1147 ἀναδεχομένων.
1709 1078 1864 1132 Ἐπεὶ

278 1149 379 1207 οὖν
413 1155 513 1207 καὶ
560 1152 837 1224 ἄνθρωποί
879 1159 986 1210 είσι
1028 1158 1213 1224 κύνες,
1248 1160 1342 1212 καὶ
1375 1161 1502 1214 οὔτε
1542 1162 1860 1231 κράζοντες,

277 1234 409 1290 οὔτε
456 1235 821 1307 ὀργιζόμενοι,
884 1237 1006 1292 οὔτε
1066 1239 1509 1313 δυσχεραίνοντες
1550 1242 1859 1308 ἀπειλοῦσι,

281 1317 468 1386 λάθρα
499 1319 557 1371 δέ
604 1319 907 1388 ράπτοντες
961 1321 1166 1385 δόλους,
1221 1324 1318 1377 καὶ
1363 1325 1864 1389 κατασκευάζοντες

285 1401 462 1471 μυρία
492 1400 662 1462 κακὰ,
689 1403 785 1454 καὶ
822 1402 891 1455 δι’
913 1402 1087 1474 ἔργων
1114 1405 1469 1476 ἀμυνόμενοι,
1502 1408 1597 1459 καί
1638 1406 1863 1470 τούτους

279 1484 530 1553 ᾐνίξατο.
598 1484 860 1551 Ἀρθήτω
901 1486 1002 1555 ἀφ’
1042 1488 1211 1557 ὑμῶν
1233 1529 1247 1554 ,
1306 1490 1460 1560 φησὶ,
1516 1489 1641 1544 σὺν
1695 1488 1862 1559 πάσῃ

282 1566 489 1632 κακίᾳ.
520 1564 615 1634 Μὴ
646 1566 909 1637 ῥημάτων
951 1568 1047 1637 μέν
1079 1570 1285 1637 φείδου,
1316 1571 1405 1625 διὰ
1440 1570 1498 1624 δὲ
1542 1572 1649 1625 τῶν
1685 1572 1863 1643 ἔργων

280 1648 522 1716 ἀμύνου.
564 1648 706 1715 Ἐγὼ
742 1649 834 1703 διά
867 1649 1026 1703 τοῦτο
1056 1654 1157 1722 τὴν
1185 1652 1437 1721 γλῶσσαν
1470 1653 1727 1716 ἐκόλασα,
1762 1656 1858 1707 καὶ

282 1730 386 1801 τὴν
418 1729 670 1801 κραυγὴν
707 1731 880 1801 αὐτῆς
911 1733 1236 1804 περιέκοψα,
1266 1734 1354 1787 ἵνα
1398 1734 1473 1806 μὴ
1513 1735 1607 1788 τὸν
1652 1736 1864 1808 πυρσὸν

283 1813 473 1883 ἀνάψει
507 1814 889 1885 σφοδρότερον·
923 1818 974 1868 εἰ
1024 1817 1081 1870 δὲ
1133 1818 1228 1870 καὶ
1279 1819 1452 1889 χωρὶς
1509 1818 1758 1889 κραυγῆς
1796 1818 1865 1871 τὰ

282 1897 433 1950 αύτά
464 1900 664 1962 ποιεῖς,
699 1898 796 1950 καὶ
821 1897 966 1951 ἐνδον
996 1899 1223 1970 τρέφεις
1250 1901 1351 1971 τὴν
1394 1901 1579 1974 πυράν
1621 1903 1865 1966 καὶτοὺς

285 1979 591 2050 ἄνθρακας.
620 1980 675 2034 τί
705 1981 769 2034 τὸ
792 1982 983 2050 ὄφελος
1011 1986 1111 2053 τῆς
1144 1984 1339 2053 σιγῆς;
1370 1985 1441 2037 Ἦ
1465 1986 1566 2038 οὐκ
1590 1981 1758 2048 οἶδας,
1783 1986 1867 2038 ὅτι

289 2063 349 2116 αἰ
401 2063 669 2134 πυρκαίαὶ
718 2065 955 2134 μάλιστά
1009 2068 1116 2120 εἰσι
1159 2067 1564 2138 χαλεπώταται,
1607 2069 1774 2140 αἵπερ
1802 2069 1868 2123 ἂν

288 2144 440 2197 ἔνδον
466 2146 806 2217 τρεφόμεναι
838 2147 916 2219 μὴ
957 2150 1256 2218 φαίνωνται
1298 2154 1413 2214 τοῖς
1450 2152 1868 2222 περιεστηκόσιν

290 2230 485 2295 (3:10;;
538 2231 630 2282 καὶ
653 2230 970 2302 τραύματα,
1004 2233 1148 2303 άπερ
1194 2232 1259 2287 ἀν
1317 2235 1393 2305 μὴ
1431 2236 1511 2297 εἰς
1535 2234 1632 2304 τὴν
1661 2235 1867 2305 ἐπιφάο

291 2327 443 2365 νειαν
467 2307 744 2385 ἐξανθήσῃ
765 2329 780 2378 ;
804 2314 899 2367 καὶ
928 2318 1148 2386 πυρετοί
1175 2316 1291 2369 ὅσοι
1316 2316 1385 2370 τά
1400 2316 1646 2371 ἐντόσθια
1675 2317 1865 2371 καίου-

1151 300 1217 356 IN
1257 299 1476 359 EPIST.
1517 301 1608 356 AD
1642 301 1885 360 EPHES.
1917 302 2073 359 CAP.
2115 303 2208 358 Ν.
2235 299 2474 357 ῖιοιιιιι.
2515 300 2659 358 XVI.

3434 302 3539 359 ΗΞ

1969 433 2055 470 σιν
2080 432 2096 482 ;
2140 414 2301 468 Οὕτω
2339 415 2433 467 καὶ
2463 414 2599 485 ὀργὴ
2624 413 2763 484 αὕτη
2793 412 3149 485 καὶεπωτέρα
3178 414 3210 485 ή
3245 412 3342 484 τὴν
3363 414 3539 485 ψυχὴν

1963 496 2352 568 ἐπινεμομένη.
2397 497 2557 550 Ἀλλά
2605 498 2699 551 καὶ
2744 496 2880 567 αὕτη
2929 495 3172 565 ἀρθήτω,
3236 497 3393 565 φησὶ,
3442 498 3540 549 σὺν

1964 582 2114 654 πάσῃ
2160 581 2349 654 κακία,
2408 581 2504 633 καὶ
2564 581 2736 651 μικρᾷ
2786 581 2882 633 καὶ
2935 579 3165 651 μεγάλῃ.
3221 577 3542 648 Πειθώμεθα

1959 652 2141 716 τοίνυν
2167 652 2338 731 αὐτῷ,
2374 662 2469 715 καὶ
2503 664 2685 715 πᾶσαν
2710 660 2935 732 πικρίαν
2984 664 3079 715 καὶ
3106 662 3287 715 πᾶσαν
3338 662 3537 716 κακίαν

1961 746 2291 816 ἐξαίρωμεν,
2322 745 2409 798 ἵνα
2466 746 2539 815 μὴ
2568 744 2830 815 λυπῶμεν
2878 745 2940 797 τὸ
2986 743 3211 815 Πνεῦμα
3252 744 3313 797 τὸ
3356 744 3533 813 ἀγιον.

1974 829 2275 898 Ἀνέλωμεν
2297 825 2590 899 πρόρριζον
2608 828 2707 898 τὴν
2720 827 2967 899 πικρίαν,
2994 827 3315 897 ἐκτέμωμεν
3334 828 3508 898 αὐτήν
3526 841 3539 855 '

1961 909 2126 963 Ούδέν
2136 910 2337 978 ἀγαθὸν
2354 910 2462 964 ἀπὸ
2476 910 2678 979 πικρᾶς
2696 909 2908 977 γένοιτο
2922 910 2986 963 ἂν
3004 909 3076 978 ᾡυ
3084 909 3357 980 χῆς,ούδέν
3371 908 3540 978 ὑγιὲς.

1960 992 2138 1047 πάντα
2166 991 2461 1063 συμφοραὶ,
2480 992 2657 1045 πάντα
2688 991 2918 1062 δάκρυα,
2937 992 3115 1044 πάντα
3134 990 3321 1060 θρῆνοι
3342 991 3436 1044 καὶ
3460 993 3542 1043 οἰ-

1966 1078 2165 1149 μωγαί.
2207 1077 2319 1147 Ούχ
2338 1077 2499 1146 ὁρᾶτε
2520 1074 2744 1129 καὶτῶν
2775 1074 2979 1145 θηρίων
3004 1076 3105 1128 ὅσα
3126 1074 3190 1127 ἀν
3209 1074 3406 1145 κράζῃ,
3428 1073 3545 1136 πῶς

1961 1158 2415 1230 ἀποστρεφόμεθα
2435 1174 2447 1186 ·
2468 1151 2578 1211 οἷον
2596 1157 2686 1210 τὸν
2702 1157 2911 1218 λέοντα,
2930 1156 3029 1227 τὴν
3050 1156 3270 1227 ἄρκτον,
3291 1155 3405 1207 ἀλλ’
3426 1155 3545 1226 οὐχὶ

1961 1241 2022 1296 τὸ
2049 1242 2356 1313 πρόϐατον;
2392 1241 2452 1293 ού
2482 1239 2591 1311 γάρ
2626 1241 2774 1294 ἐστιν
2797 1240 2913 1292 ἐκεῖ
2936 1239 3174 1310 κραυγή,
3203 1238 3340 1292 ἀλλά
3372 1252 3545 1308 προσ·

1962 1328 2101 1396 ηνής
2122 1342 2206 1388 τις
2269 1324 2445 1395 φωνή.
2482 1325 2589 1376 Καὶ
2615 1322 2724 1377 τῶν
2755 1324 3005 1394 ὀργάνων
3037 1323 3093 1375 δὲ
3119 1321 3227 1375 τῶν
3248 1320 3543 1391 μουσικῶν,

1958 1408 2058 1461 ὅσα
2084 1406 2183 1477 μὲν
2218 1406 2283 1460 ἂν
2327 1405 2532 1477 κράζῃ,
2573 1406 2883 1477 ἀηδέστερά
2908 1408 3024 1458 ἐστι
3085 1404 3222 1474 πρὸς
3258 1404 3349 1457 τὸν
3379 1402 3549 1473 φθόγ-

1961 1505 2080 1557 γον,
2103 1482 2212 1541 οἷον
2234 1486 2513 1557 τύμπανα,
2544 1487 2863 1556 σάλπιγγες·
2885 1487 2954 1541 τὰ
2980 1487 3035 1540 δέ
3075 1487 3149 1557 μὴ
3184 1484 3378 1549 οὕτως,
3412 1484 3549 1539 ἀλλά

1967 1571 2330 1643 μαλάττοντα,
2362 1569 2533 1622 ταῦτα
2570 1569 2724 1639 ήδέα,
2746 1566 2859 1623 οἷον
2881 1570 3043 1632 αὐλὸς
3084 1569 3178 1623 καὶ
3211 1567 3413 1639 κιθάρα
3439 1568 3534 1621 καὶ

1963 1652 2243 1725 σύριγγες.
2280 1650 2467 1715 υῦτως
2510 1647 2603 1705 οὖν
2646 1652 2802 1722 ⁴ήμῶν
2834 1652 2933 1722 τὴν
2961 1651 3138 1722 ψυχὴν
3172 1654 3535 1720 καταστήσω·
3567 1689 3575 1695 .

1967 1753 2089 1808 μεν,
2114 1735 2254 1788 ὥστε
2283 1735 2358 1807 μὴ
2391 1734 2635 1805 κράζειν·
2676 1737 2769 1787 καί
2801 1734 2945 1788 οὕτω
2964 1734 3306 1804 δυνησόμεθα
3330 1733 3422 1786 καὶ
3448 1733 3548 1803 τῆς

1964 1821 2135 1894 ὀργῆς
2161 1818 2546 1891 περιγενέσθαι
2573 1832 2587 1848 ⁸
2638 1817 2846 1889 ταύτην
2883 1818 2940 1871 δὲ
2991 1817 3346 1886 ἐκκόψαντες,
3394 1817 3548 1870 αὐτοί⁵

1966 1905 2176 1977 πρῶτοι
2207 1905 2305 1974 τῆς
2334 1904 2579 1973 γαλήνης
2615 1902 3022 1973 ἀπολαύσομεν,
3046 1901 3138 1955 καὶ
3164 1902 3245 1963 εἰς
3263 1900 3355 1952 τὸν
3376 1898 3549 1952 εὖδιον

1970 1985 2317 2057 πλευσόμεθα
2351 1985 2572 2054 λιμένα·
2601 1978 2663 2037 οὗ
2692 1984 2903 2053 γένοιτο
2926 1983 3134 2046 πάντας
3182 1983 3332 2053 ἡμᾶς
3356 1982 3548 2034 ἐπιτυο

1971 2072 2089 2139 χεῖν
2123 2071 2180 2122 ἐν
2210 2068 2432 2140 Χριστῷ
2472 2065 2649 2138 Ἰησοῦ
2687 2066 2764 2137 τῷ
2798 2066 2989 2138 Κυρίῳ
3022 2064 3198 2136 ήμῶν,
3226 2065 3348 2134 μεθ’
3380 2057 3442 2117 οὗ
3473 2063 3550 2133 τῷ

1973 2154 2148 2223 Πατρὶ
2197 2152 2311 2223 ἅμα
2338 2152 2417 2224 τῷ
2450 2152 2593 2221 ἁγίῳ
2640 2150 2919 2220 Πνεύματι
2956 2148 3104 2214 δόξα,
3135 2148 3361 2219 κράτος,
3386 2147 3544 2217 τιμὴ,

1971 2236 2067 2289 νῦν
2126 2236 2221 2289 καὶ
2276 2236 2383 2301 ἀεὶ,
2443 2236 2539 2288 καὶ
2589 2236 2669 2298 εἰς
2718 2234 2844 2297 τοὺς
2892 2232 3094 2297 αἰῶνας
3152 2230 3261 2285 τῶν
3313 2230 3546 2283 αἰώνων.

1974 2319 2041 2373 Ἀ
2053 2319 2158 2391 μήν

1641 2690 1792 2764 [ne]
1829 2692 2072 2746 03mm
2107 2689 2221 2759 ις’.

294 2809 471 2891 Πᾶσα
502 2811 714 2891 πικρία
754 2809 869 2891 καίΔ
889 2811 1076 2891 Qum};
1103 2810 1202 2891 καί
1228 2811 1373 2891 ὀργὴ
1396 2811 1501 2891 ’καί
1521 2812 1753 2891 κραυγὴ
1775 2811 1874 2891 καί

356 2880 733 2949 βλασφημία
758 2879 995 2947 ἀρθήτω
1020 2881 1120 2949 ἀφ’
1155 2879 1320 2949 ὐμῶώ
1341 2882 1462 2935 σὺν
1478 2881 1645 2949 πάσῃ
1675 2879 1874 2948 κακίᾳ.

364 2951 630 3004 Γίνεσθε
660 2949 845 3020 δὲλείς
881 2950 1197 3020 ἀλλήλους
1236 2952 1510 3020 χρηστοί,
1563 2953 1876 3020 εὔσπλαγ-

363 3036 530 3089 χνοι.
590 3018 955 3089 χαριζόμενοι
1005 3018 1284 3086 ἑαυτοῖς,
1318 3021 1514 3087 καθὼς
1537 3021 1635 3075 καί
1668 3024 1700 3075 ό
1734 3018 1874 3086 Θεὸς

364 3088 694 3157 ἐχαρίσατο
726 3092 806 3158 ὐμ
815 3088 893 3143 Ir.

367 3247 439 3293 α’.
458 3240 575 3295 οὐκ
596 3240 758 3312 ἀρκεῖ
771 3239 966 3305 κακίας
988 3240 1384 3312 ἀπαλλαγῆναι,
1405 3244 1451 3295 εἰ
1487 3241 1570 3295 δεῖ
1595 3242 1692 3313 τῆς
1728 3240 1879 3312 βασι-

296 3325 452 3391 λείας
500 3327 610 3382 τῶν
655 3327 900 3398 οὐρανῶν
946 3329 1247 3399 ἐπιτυχεῖν,
1278 3328 1414 3384 ἀλλά
1440 3329 1520 3383 δεῖ
1551 3329 1644 3383 καί
1679 3328 1877 3400 πολλῆς

295 3417 402 3485 τῆς
450 3413 561 3466 τῶν
606 3413 823 3484 ἀρετῶν
870 3414 1154 3485 ἐργασίας.
1191 3416 1307 3469 Ἵνα
1356 3415 1455 3486 μὲν
1502 3415 1611 3485 γὰρ
1658 3415 1881 3486 γεέννης

299 3500 729 3571 ἀπαλλαγῶμεν,
748 3500 1047 3572 ἀπέχεσθαι
1074 3501 1155 3555 δεῖ
1182 3502 1449 3573 πονηρίας
1472 3519 1488 3534 ·
1515 3503 1605 3556 ἵνα
1636 3502 1691 3555 δέ
1726 3501 1880 3572 βασι-

296 3589 456 3652 λείας
503 3588 877 3660 ἐπιτύχωμεν,
902 3590 1226 3661 ἀντέχεσθαι
1279 3592 1378 3662 τῆς
1414 3592 1638 3663 ἀρετῆς.
1684 3592 1753 3644 Ἦ
1782 3591 1883 3644 οὐκ

301 3675 424 3729 ἴστε
447 3714 463 3739 ,
516 3676 600 3728 ὅτι
626 3676 721 3729 καὶ
750 3677 807 3729 ἐν
844 3678 956 3740 τοῖς
991 3676 1189 3744 ἔξωθεν
1217 3677 1610 3750 δικαστηρίοις,
1640 3679 1770 3732 ὅταν
1795 3677 1882 3743 ἐξ-

298 3761 497 3825 έτασις
516 3760 551 3834 ᾖ
572 3762 683 3815 τῶν
716 3762 1131 3834 εἰργασμένων,
1160 3765 1256 3818 καὶ
1287 3765 1624 3836 ἐκκλησιάζῃ
1663 3767 1814 3818 πᾶσα
1847 3765 1881 3834 ἡ

296 3849 465 3913 πόλις
492 3890 509 3914 ,
539 3849 682 3902 οῦτω
725 3849 933 3919 γίνεται
957 3867 972 3917 ;
1007 3852 1114 3905 Καὶ
1143 3853 1251 3922 γάρ
1279 3852 1375 3905 ἐπὶ⁵
1395 3853 1506 3906 τῶν
1532 3850 1730 3917 ἔξωθεν
1762 3851 1883 3914 ἔθος

296 3934 374 4009 ἦν
423 3938 688 3999 παλαιὸν,
720 3938 909 4010 χρυσῷ
957 3940 1357 4008 στεφανοῦσθαι
1401 3941 1672 4012 στεφάνῳ,
1705 3941 1766 3994 ού
1791 3939 1883 3994 τὸν

305 4026 481 4098 μηδὲν
521 4026 693 4079 κακὸν
723 4026 1103 4097 ἐργασάμενον
1146 4026 1245 4099 τὴν
1301 4027 1457 4082 πόλιν
1499 4044 1515 4059 ·
1559 4027 1719 4083 τοῦτο
1772 4029 1881 4099 γὰρ

302 4113 443 4166 αὐτὸ
471 4113 610 4182 πρὸς
634 4112 698 4166 τδ
736 4113 813 4185 μὴ
841 4112 1027 4167 δοῦναι
1069 4113 1228 4185 δίκην
1261 4115 1478 4187 ἀπόχρη
1517 4116 1677 4186 μόνον
1701 4133 1715 4147 ·
1750 4116 1886 4170 ἀλλά

299 4202 401 4255 τὸν
449 4200 697 4270 μεγάλας
746 4201 1069 4270 εὐεργεσίας
1109 4202 1540 4273 ἐπιδειξάμενον.
1577 4201 1764 4266 Οῦτως
1795 4203 1888 4257 ἐπὶ

298 4286 519 4358 ταύτην
579 4287 747 4358 ἐχρῆν
791 4287 1019 4355 ἄγεσθαι
1065 4288 1166 4359 τὴν
1217 4292 1402 4360 τιμήν.
1447 4289 1609 4343 Ἀλλά
1648 4290 1754 4364 γὰρ
1787 4290 1888 4344 οὐκ

302 4374 428 4432 (Ia:
469 4374 591 4437 πῶς
619 4374 817 4445 μικροῦ
850 4375 960 4427 δεῖν
1007 4392 1072 4445 με
1106 4376 1412 4447 παρέλαθεν
1435 4375 1463 4429 ὖ
1487 4377 1721 4449 μάλιστα
1751 4378 1889 4448 πρὸς

303 4462 458 4532 ὑμᾶς
488 4463 788 4531 ἀναγκαῖον
825 4458 892 4533 ῆν
921 4465 1113 4516 εἰπεῖν.
1143 4464 1255 4534 Τῆς
1287 4463 1395 4536 γὰρ
1422 4464 1737 4537 διαιρέσεως
1761 4466 1889 4520 ταύ-

304 4565 412 4619 της
443 4550 504 4604 τὸ
525 4549 743 4619 πρῶτον
768 4550 1093 4621 ἀνατίθεμαι
1126 4552 1311 4622 μέρος,
1338 4554 1509 4625 μικρᾷ
1524 4571 1630 4607 τινι
1651 4554 1891 4634 ἐπιδιορ-

306 4637 476 4692 θώσει
522 4638 889 4708 χρησάμενος.
948 4638 1165 4712 Ἐπειδὴ
1203 4639 1313 4712 γάρ
1345 4641 1505 4714 ἔφην,
1556 4642 1694 4714 πρὸς
1723 4642 1785 4695 τὸ
1815 4641 1890 4713 μὴ

309 4728 638 4796 περιπεσεῖν
676 4725 873 4796 γεέννῃ
898 4725 979 4779 ὅτι
1011 4726 1120 4779 τῶν
1154 4726 1341 4781 κακῶν
1365 4730 1497 4799 ἡμῖν
1536 4729 1568 4800 ἠ
1600 4728 1890 4801 ἀναχώρη-

310 4830 401 4877 σις
435 4814 619 4883 ἀρκεῖ,
660 4811 864 4883 μεταξύ
913 4830 981 4883 με
1012 4813 1239 4883 λέγοντα
1262 4815 1558 4886 ύπεισῆλθέ
1582 4833 1666 4881 τις
1690 4816 1889 4887 ἀπειλὴ

310 4899 524 4971 φοϐερά
550 4940 565 4961 ,
603 4901 665 4953 ού
718 4902 832 4962 τοῖς
879 4900 1050 4954 κακόν
1073 4917 1125 4954 τι
1146 4899 1453 4972 τολμήσασι
1482 4902 1581 4975 τὴν
1617 4902 1892 4974 τιμωρίαν

308 4988 614 5055 ἐπάγουσα,
658 4986 796 5040 ἀλλὰ
844 4988 971 5051 τοὺς
1030 4987 1411 5053 ἐλλελοιπότας
1436 5006 1490 5043 τι
1519 4989 1628 5043 τῶν
1671 4988 1892 5059 ἀγαθῶν

310 5074 637 5139 κολάζουσα.
670 5073 767 5136 Τίς
802 5073 866 5144 δὴ
891 5069 985 5128 οὖν
1014 5074 1154 5146 αῦτη
1190 5075 1308 5129 ἐστί
1331 5093 1347 5142 ;
1374 5075 1486 5145 Τῆς
1511 5076 1747 5148 ἡμέρας.
1780 5094 1890 5148 φη-

312 5163 419 5224 σὶν,
452 5161 762 5232 ἐπιστάσης
812 5160 912 5231 τῆς
972 5161 1214 5233 φοϐερᾶς
1234 5201 1249 5226 ,
1288 5163 1384 5217 καὶ
1439 5165 1893 5235 παραγενομένης

309 5250 411 5318 τῆς
457 5249 677 5320 κυρίας,
710 5247 1003 5312 καθεσθεὶς
1045 5249 1139 5304 ἐπὶ
1181 5250 1276 5304 τοῦ
1319 5250 1563 5323 βήματος
1594 5254 1624 5306 ό
1656 5253 1888 5324 Κριτὴς,

310 5337 407 5390 καὶ
429 5338 499 5390 τά
531 5338 630 5406 μὲν
673 5335 928 5407 πρόϐατα
971 5338 1177 5408 στήσας
1204 5339 1268 5391 ἐκ
1287 5337 1496 5405 δεξιῶν,
1521 5339 1590 5394 τά
1617 5340 1673 5394 δέ
1701 5340 1889 5412 ἐρίφια

312 5422 373 5489 ἐξ
395 5424 729 5496 ἀριστερῶν,
757 5423 896 5493 πρὸς
951 5424 1053 5494 μὲν
1083 5423 1153 5478 τα
1184 5424 1432 5497 πρόϐατα
1452 5425 1607 5494 ἔλεγε
1632 5443 1645 5456 ’
1683 5428 1883 5488 Δεῦτε,

311 5512 366 5564 al
388 5508 791 5581 εὐλογημένοι
829 5510 938 5564 τοῦ
969 5512 1199 5579 Πατρός
1234 5528 1376 5581 μου,
1395 5516 1891 5584 κληρονομήσατε

316 5596 431 5666 τὴν
458 5598 923 5669 ἡτοιμασμένην
954 5597 1099 5668 ὑμῖν
1128 5599 1466 5664 ,βασιλειαν
1490 5600 1613 5656 ἀπὸ
1638 5605 1889 5657 καταϐο·

319 5684 438 5755 λῆς
464 5688 709 5756 κόσμου
735 5698 752 5715 '
776 5684 1073 5741 ἐπείνασα
1095 5687 1227 5757 γὰρ,
1268 5689 1366 5743 καί
1383 5686 1639 5745 ἐδώκατέ
1654 5706 1755 5759 μοι
1779 5705 1893 5758 φα-

1977 2811 2127 2882 γεῖν.
2166 2811 2338 2865 Τοῦτο
2365 2809 2545 2875 καλῶς
2569 2826 2584 2841 ⁸
2622 2809 2731 2863 εδει
2760 2822 2870 2879 γαρ
2908 2805 3109 2872 αὐτοὺς
3145 2807 3246 2877 τῆς
3285 2805 3553 2877 τοσαύτης

1978 2896 2393 2969 φιλανθρωπίας
2460 2892 2668 2965 ταύτὴν
2736 2896 2922 2951 λαϐεῖν
2973 2897 3073 2964 τὴν
3131 2892 3433 2948 ἀντίδοσιν
3491 2892 3554 2945 τὸ

1983 2986 2168 3055 μέντοι
2225 2987 2353 3049 τοὺς
2394 2986 2469 3057 μὴ
2501 2985 2832 3056 μεταδόντας
2856 2987 2971 3049 τοίς
2993 2983 3273 3055 δεομένοις
3295 2981 3355 3046 ἐξ
3379 2973 3453 3036 ὧν
3476 2976 3551 3034 εἴη

1979 3091 2071 3144 χον
2087 3074 2260 3140 αὐτοὶ,
2283 3072 2357 3144 μὴ
2376 3073 2538 3145 μέχρι
2552 3074 2651 3144 τῆς
2670 3072 2778 3126 τῶν
2808 3072 3028 3142 ἀγαθῶν
3058 3071 3366 3142 στερήσεως
3392 3066 3554 3122 κολά-

1979 3159 2188 3225 ζεσθαι,
2239 3160 2375 3214 ἀλλά
2418 3160 2510 3215 καὶ
2554 3160 2634 3231 τῷ
2673 3162 2772 3232 τῆς
2813 3160 3038 3230 γεέννης
3087 3154 3553 3230 παραπέμπεσθαι

1979 3247 2135 3319 πυρὶ,
2169 3251 2322 3301 ποῖον
2372 3247 2439 3301 ἂν
2495 3246 2610 3317 ἔχοι
2643 3246 2802 3315 λόγον
2846 3245 3005 3300 τοῦτο
3034 3245 3135 3315 δή;
3171 3242 3423 3298 Μάλιστα
3456 3243 3555 3312 μὲν

1979 3332 2075 3388 οὖν
2106 3335 2201 3389 καὶ
2230 3334 2389 3388 τοῦτο
2412 3333 2769 3404 εὐπρόσωπον
2794 3334 2858 3387 ἂν
2887 3332 3000 3403 ἔχοι
3026 3332 3206 3400 λόγον,
3242 3330 3341 3401 οὐχ
3391 3325 3555 3400 ἦττον

1980 3422 2015 3494 ἢ
2057 3424 2231 3477 ἐκεῖνο
2258 3421 2320 3475 τὸ
2350 3421 2637 3493 πρότερον.
2669 3420 2772 3474 Διά
2797 3420 2907 3492 γὰρ
2940 3418 3131 3473 τούτου
3163 3416 3553 3490 παιδευόμεθα,

1980 3509 2061 3563 ὃτι
2085 3511 2136 3563 οἰ
2167 3508 2265 3580 μὲν
2310 3508 2379 3562 τά
2408 3507 2592 3576 ἀγαθὰ
2630 3507 2958 3578 πράξαντες,
2994 3506 3102 3558 τῶν
3128 3505 3186 3558 ἐν
3226 3506 3336 3568 τοῖς
3389 3504 3556 3571 οὐρα-

1981 3613 2092 3659 νοις
2121 3595 2516 3650 ἀπολαύσονται
2538 3594 2760 3665 ἀγαθῶν
2784 3612 2798 3626 ·
2831 3593 2958 3647 οἰδέ
2996 3592 3328 3662 ἐγκληθῆναι
3348 3590 3448 3660 μὲν
3463 3590 3557 3642 06-

1981 3685 2070 3739 δέν
2127 3683 2342 3755 ἔχοντες
2390 3683 2560 3737 κακὸν
2584 3723 2597 3748 ,
2623 3681 2996 3754 ἐλλελοιπότες
3016 3679 3072 3734 δέ
3100 3697 3153 3733 τι
3182 3679 3291 3732 τῶν
3312 3676 3557 3746 ἀγαθῶν,

1988 3770 2126 3842 μετά
2148 3771 2257 3825 τῶν
2278 3770 2349 3824 τὰ
2385 3770 2532 3824 κακά
2562 3768 2952 3840 ἐργασαμένων
2978 3769 3057 3831 εἰς
3093 3766 3156 3820 τὸ
3183 3766 3408 3835 γεέννης
3445 3768 3555 3819 ἀπο

1985 3859 2315 3929 αχθήσονται
2348 3857 2480 3929 πῦρ.
2520 3858 2585 3910 Εί
2619 3858 2693 3928 μή
2725 3873 2808 3919 τις
2853 3857 3029 3909 ἐκεῖνο
3055 3853 3223 3921 λέγοι,
3257 3853 3340 3907 ὅτι
3381 3853 3475 3906 καὶ
3500 3853 3561 3907 τὸ

1985 3944 2188 4011 ἀγαθὸν
2222 3943 2298 4015 μὴ
2325 3947 2570 4014 ποιῆσαι,
2599 3942 2800 4005 κακίας
2825 3941 2988 4014 μέρος
3018 3940 3166 3995 ἐστίν
3186 3955 3199 3969 ⁸
3227 3939 3424 4011 ἀργίας
3452 3940 3562 4010 γάρ

1985 4030 2145 4085 τοῦτό
2187 4031 2369 4095 ἐστιν,
2401 4030 2569 4102 ἀργία
2616 4030 2673 4084 δὲ
2718 4030 2920 4091 κακίας
2954 4028 3119 4100 μέρος
3145 4044 3159 4061 ·
3193 4027 3392 4098 μᾶλλον
3417 4026 3474 4079 δέ
3499 4026 3560 4079 ού

1992 4118 2177 4191 μέρος.
2208 4119 2346 4173 ἀλλά
2368 4118 2625 4182 ὑπόθεσις
2647 4118 2741 4172 καὶ
2775 4118 2899 4191 ῥίζα
2924 4114 3080 4189 [H7]
3109 4117 3320 4185 πονηρά
3341 4131 3355 4145 ·
3381 4115 3563 4168 πᾶσαν

1987 4208 2097 4278 γὰρ
2143 4207 2343 4263 κακίαν
2389 4205 2631 4272 ἐδίδαξεν
2658 4207 2692 4277 ή
2747 4205 2939 4278 ἀργία.
2969 4205 3061 4274 Μὴ
3109 4205 3288 4257 τοίνυν
3321 4203 3563 4271 ἀνοήτως
3609 4276 3614 4281 .

1986 4295 2190 4358 ταύτας
2244 4294 2344 4356 τὰς
2377 4295 2680 4364 ἐρωτήσεις
2704 4292 3018 4362 ἐρωτῶμεν,
3041 4285 3172 4354 οἷον,
3212 4291 3241 4342 ὁ
3271 4288 3439 4359 μηδὲν
3466 4304 3565 4339 πε-

1992 4379 2232 4451 ποιηκὼς
2255 4379 2444 4442 κακὸν,
2467 4379 2633 4449 μηδὲν
2663 4378 2889 4446 ἀγαθὸν,
2923 4379 3075 4430 ποῖον
3105 4375 3316 4440 δέξεται
3345 4373 3513 4427 τόπον
3541 4389 3558 4439 ;

1991 4468 2063 4520 Τὸ
2104 4468 2214 4538 γάρ
2264 4466 2338 4538 μὴ
2363 4465 2591 4535 ποιῆσαι
2631 4465 2856 4535 ἀγαθὸν,
2876 4463 3047 4518 τοῦτο
3078 4462 3302 4531 ποιῆσαί
3327 4462 3565 4514 ἐστικα-

1991 4553 2105 4609 κόν.
2146 4553 2281 4606 Εἰπέ
2309 4552 2419 4623 γάρ
2451 4569 2541 4622 μοι
2561 4592 2577 4615 ,
2608 4551 2662 4605 εί
2686 4569 2801 4606 τινα
2827 4551 3046 4620 οἰκέτην
3070 4549 3235 4620 ἔχοις,
3263 4550 3399 4619 μήτε
3432 4545 3563 4599 κλέ-

1994 4657 2213 4702 πτοντα,
2259 4640 2396 4711 μήτε
2455 4639 2768 4710 ὑϐρίζοντα,
2816 4641 2953 4709 μήτε
3002 4636 3372 4704 ἀντιλέγοντα,
3430 4633 3569 4688 ἀλλά

1991 4730 2085 4785 καὶ
2112 4727 2283 4799 μέθης
2314 4725 2620 4796 κρατοῦντα
2639 4727 2751 4779 -καὶ
2776 4725 2883 4779 τῶν
2917 4724 3093 4779 ἀλλων
3128 4722 3407 4787 ἀπάντων,
3430 4722 3568 4776 καθ-

1992 4820 2191 4889 ήμενον
2236 4815 2295 4869 δὲ
2345 4814 2636 4878 διαπαντὸς
2683 4814 2873 4885 ἀργὸν,
2915 4812 3010 4866 καὶ
3061 4810 3215 4865 οὐδὲν
3260 4810 3368 4864 τῶν
3418 4811 3574 4878 ὀφει-

1991 4904 2188 4958 λόντων
2218 4900 2371 4973 πσρά
2400 4902 2612 4956 οἰκέτου
2643 4900 2882 4971 δεσπότῃ
2928 4898 3268 4971 πληροῦσθαι
3291 4895 3571 4959 ποιοῦντα,

1992 4994 2054 5047 οὐ
2101 4994 2490 5065 μαστιγώσεις,
2528 4989 2589 5042 οὐ
2619 4988 2979 5059 στρεϐλώσεις
3008 4986 3201 5051 αύτόνς
3228 4985 3358 5047 Ναὶ,
3392 4981 3525 5053 φησί
3549 4996 3571 5012 ⁸

1992 5083 2086 5136 καὶ
2111 5080 2215 5152 μὴν
2254 5080 2405 5132 οὐδὲν
2443 5077 2736 5150 εἰργάσατο
2763 5077 2952 5132 κακόν.
2979 5076 3121 5130 Αύτδ
3152 5074 3251 5147 μὲν
3298 5070 3391 5126 οὖν
3412 5069 3578 5124 τοῦτό

1993 5171 2104 5224 ἐστι
2131 5169 2318 5222 κακόν.
2350 5166 2511 5232 Ἀλλ’,
2533 5168 2582 5219 εἰ
2602 5165 2767 5230 δοκεῖ,
2788 5165 3083 5234 ἀγάγωμεν
3105 5163 3199 5217 καὶ⁵
3221 5162 3313 5213 ὲπί
3339 5159 3431 5211 τὸν
3455 5157 3570 5211 λοι-

1994 5257 2094 5310 πὸν
2117 5254 2230 5326 βίον
2260 5254 2342 5307 τὸν
2364 5252 2540 5322 λόγον.
2561 5253 2741 5306 Ἔστω
2763 5269 2846 5314 τις
2866 5249 3131 5321 γεωργός,
3156 5247 3249 5300 καὶ
3283 5244 3447 5315 μηδὲν
3476 5242 3574 5296 λυ-

1990 5342 2260 5415 μαινέσθω
2280 5342 2434 5412 τοῖςή
2449 5340 2573 5409 μετέ
2581 5357 2695 5410 ροις
2717 5339 3042 5409 ὑπάρχουσι,
3067 5335 3203 5405 μήτε
3235 5330 3577 5393 ἐπιϐουλευέ,

1987 5448 2084 5494 τω,
2100 5435 2234 5501 μήτε
2266 5430 2567 5494 κλεπτέτω,
2585 5429 2744 5498 μόνον
2758 5426 2814 5479 δὲ
2826 5426 2927 5487 τάς
2959 5421 3125 5476 αὑτοῦ
3165 5424 3354 5493 χεῖρας
3379 5421 3572 5491 δήσας,

1988 5518 2125 5571 οἴκοι
2148 5515 2459 5580 καθεζέοθω
2479 5517 2614 5586 μήτε
2647 5514 2903 5586 σπείρων,
2931 5512 3068 5583 μήτε
3100 5508 3313 5564 αὓλακα
3338 5510 3574 5580 τέμνων,

1994 5605 2132 5677 μήτε
2191 5602 2314 5671 βοῦς
2352 5602 2714 5671 ύποζευγνὺς,
2759 5602 2897 5673 μήτε
2940 5598 3182 5671 ἄμπελον
3234 5596 3574 5667 θεραπεύων,

1997 5698 2132 5765 μήτε
2162 5695 2288 5750 άλλο
2311 5712 2362 5750 τι
2385 5696 2493 5749 τῶν
2530 5693 2655 5764 περὶ
2686 5695 2782 5765 τὴν
2799 5694 2904 5764 γῆν
2938 5693 3112 5750 πονῶν
3133 5711 3145 5725 ο
3185 5684 3311 5763 ἄρα’
3333 5689 3393 5744 οὐ
3418 5687 3584 5747 κολά-
