4046 6210
539 291 642 346 H3

544 423 704 477 ςομεν
746 405 836 460 τδν
877 406 1117 460 τοιοῦτον
1145 424 1160 473 ;
1200 408 1395 463 Καίτοι
1416 426 1479 478 γε
1510 410 1660 463 οὐδὲν
1687 410 1964 481 ἠδίκησεν,
1991 410 2111 464 οὐδὲ

541 495 739 563 ἐχομεν
778 492 1025 562 ἐγκαλεῖν
1051 492 1199 565 αὐτῷ
1228 511 1281 547 τι
1306 510 1319 524 ’
1354 495 1473 549 ἀλλ’
1503 497 1654 566 αὐτῷ
1691 498 1789 567 μὲν
1819 494 1912 551 οὖν
1939 496 2114 564 τούτῳ

542 580 801 651 ἠδίκησεν
824 597 839 611 ’
884 582 1060 636 ἀδικεῖ
1085 584 1194 653 γάρ
1234 584 1399 654 κοινῷ
1443 585 1607 655 λιῖγῳ,
1639 584 1738 656 τὴν
1766 587 1898 656 παρ’
1920 585 2114 638 ἐαυτοῦ

545 669 851 723 συντέλειαν
884 670 957 741 μὴ
981 670 1371 742 παρεχόμενος.
1400 671 1464 725 Τί
1495 673 1573 738 δὲ,
1611 673 1733 727 εἰπέ
1767 690 1888 744 μοις
1916 674 1982 726 ἂν
2008 672 2117 726 τῶν

542 755 889 827 δημιουργῶν
914 757 1142 820 ἕκαστος
1179 758 1272 811 καὶ
1312 761 1668 830 χειροτεχνῶν
1692 760 1780 813 τὸν
1817 760 1915 830 μὲν
1932 760 2115 829 ἐτερό-

546 859 752 912 τεχνον.
789 843 926 896 άλλά
974 844 1111 915 μηδὲ
1159 846 1251 898 τὸν
1292 845 1585 916 ὁμότεχνον
1642 846 1853 918 βλάπτῃ
1911 846 2114 917 μηδὲν,

543 929 687 1001 ἀργῇ
736 930 793 983 δέ
840 932 1018 1002 μόνον,
1081 934 1202 1004 οὐχὶ
1248 935 1524 988 ἀπόλωλεν
1562 935 1708 998 ἀπας
1770 937 1897 1006 ὑμῖν
1928 938 1955 989 6
2001 935 2114 1005 βίος

544 1016 687 1069 οὓτω
734 1018 830 1070 καὶ
872 1018 1190 1090 διέφθαρται
1218 1037 1234 1088 ;
1266 1021 1457 1074 Βούλει
1508 1023 1601 1076 καλ⁵
1623 1021 1716 1074 ἐπὶ
1737 1021 1831 1075 τοῦ
1861 1021 2115 1092 σώματος

543 1103 634 1157 τὸν
672 1104 827 1171 λόγον
851 1104 1165 1176 ἑλκύσωμεν
1190 1116 1244 1173 ⁸;
1273 1108 1483 1161 Οὐκοῦν
1507 1110 1540 1180 ἡ
1568 1108 1687 1179 χεὶρ
1721 1109 1794 1179 μὴ
1832 1107 2117 1173 πληττέτω

544 1191 643 1262 τὴν
672 1191 933 1261 κεφαλὴν,
973 1192 1107 1263 μηδὲ
1161 1195 1474 1249 ἐκκοπτέτω
1527 1194 1625 1265 τὴν
1671 1194 1943 1263 γλῶσσαν,
1982 1196 2118 1266 μηδὲ

547 1278 881 1348 ἐξορυττέτω
910 1279 998 1331 τὸν
1022 1279 1323 1351 ὀφθαλμὸν,
1344 1283 1479 1352 μηδέ
1501 1281 1627 1336 ἄλλο
1658 1300 1712 1337 τι
1746 1283 1985 1337 τοιοῦτον
2023 1284 2116 1354 ἐρ-

546 1364 798 1431 γαζέσθω
823 1365 1018 1418 κακόν·
1052 1367 1212 1436 μόνον
1229 1366 1287 1420 δὲ
1316 1367 1461 1437 ἀργὴ
1495 1369 1724 1437 μενέτω,
1754 1368 1958 1440 καὶτὴν
1985 1369 2117 1442 παρ’

547 1452 747 1522 ἑαυτῆς
774 1451 1113 1523 λειτουργίαν
1147 1453 1221 1522 μὴ
1258 1454 1546 1525 πληρούτω
1568 1455 1647 1526 τῷ
1679 1458 1840 1510 παντὶ
1864 1456 2079 1528 σώματι
2101 1473 2118 1488 ’

548 1532 660 1609 ἆρα
690 1538 793 1591 οὐκ
830 1538 979 1605 ἀξιον
1022 1540 1322 1609 ἐκκοπῆναι
1365 1540 1612 1611 αύτὴν,ῆ
1651 1542 1967 1611 περιφέρειν
2018 1544 2115 1615 ἀρ-

550 1623 772 1691 γοῦσαν,
803 1626 897 1679 καὶ
922 1626 1086 1678 παντὶ
1106 1626 1511 1696 λυμαινομένην
1532 1624 1609 1695 τῷ
1641 1625 1856 1697 σώματι
1886 1646 1901 1692 ;
1930 1627 1995 1680 Τί
2025 1628 2115 1693 δές

552 1711 617 1764 ἀν
639 1711 702 1764 τὸ
725 1711 899 1781 στόμα
942 1712 1017 1782 μὴ
1065 1712 1326 1782 κατεσθίῃ
1357 1712 1455 1782 τὴν
1480 1715 1657 1783 χεῖρα,
1690 1714 1824 1784 μηδὲ
1858 1715 2029 1786 δάκνῃ
2057 1717 2119 1768 τὸ

552 1800 766 1869 στῆθος,
797 1801 865 1853 τὰ
899 1801 955 1854 δέ
982 1800 1109 1870 παρ’
1139 1801 1334 1854 ἐαυτοῦ
1364 1803 1542 1856 πάντα
1565 1803 1808 1874 ἐλλείπῃ,
1830 1804 1890 1857 οὐ
1912 1803 2118 1874 βέλτιον

551 1886 935 1957 ἐμπεφράχθαι
969 1886 1170 1957 μᾶλλον
1187 1907 1201 1952 ;
1217 1888 1282 1941 Et
1307 1888 1488 1941 τοίνυν
1511 1889 1607 1942 καὶ
1636 1889 1854 1943 ἐπὶτῶν
1870 1889 2115 1955 οἰκετῶν,

552 1973 647 2026 καὶ
675 1974 767 2025 ἐπὶ
790 1974 900 2025 τῶν
923 1972 1294 2045 δημιουργῶν,
1324 1975 1418 2027 καὶ
1448 1975 1541 2027 ἐπὶ
1564 1974 1658 2027 τοῦ
1700 1973 1953 2046 σώματος
1979 1991 2117 2029 παν·

550 2059 642 2123 τὸς
669 2059 847 2113 ἀδικία
879 2060 1113 2131 μεγάλη,
1144 2061 1204 2112 οὐ
1239 2061 1398 2129 μόνον
1426 2060 1486 2113 τὸ
1510 2061 1676 2114 κακόν
1701 2078 1750 2114 τι
1775 2062 2001 2131 πρᾶξαι,
2021 2060 2118 2115 ἀλη

552 2145 619 2201 λά
652 2147 747 2201 καὶ⁴
780 2147 814 2216 ἡ
855 2145 964 2199 τῶν
1023 2146 1243 2213 ἀγαθῶν
1303 2145 1559 2213 ἔλλειψις,
1586 2146 1766 2217 πολλῷ
1795 2148 1996 2219 μᾶλλον
2027 2148 2121 2202 ἐπὶ

551 2232 645 2286 τοῦ
676 2229 926 2302 σώματος
951 2230 1044 2284 τοῦ
1072 2230 1311 2303 Χριστοῦ
1339 2230 1497 2285 τοῦτο
1518 2231 1716 2301 γένοιτ’
1745 2231 1833 2287 ἄν.

622 2369 690 2441 β’.
717 2369 815 2424 Διά
835 2369 991 2424 τοῦτο
1012 2371 1104 2424 καὶ
1123 2373 1151 2425 6
1175 2370 1444 2443 μακάριος
1477 2371 1689 2436 Παῦλος
1714 2371 1945 2440 ἀπάγων
1973 2371 2120 2443 ἡμᾶς

551 2457 649 2525 τῆς
673 2455 955 2528 πονηρίας,
983 2456 1106 2525 ἄγει
1127 2456 1261 2528 πρὸς
1290 2457 1386 2528 τὴν
1412 2459 1635 2530 ἀρετήν.
1671 2458 1736 2511 Τί
1759 2460 1868 2529 γὰρ
1906 2458 2118 2527 ὄφελος,

553 2543 673 2597 εἰπέ
698 2561 810 2615 μοι,
836 2543 935 2606 τὰς
967 2543 1210 2607 ἀκάνθας
1235 2544 1538 2615 ἐκκοπῆναι
1566 2545 1764 2609 πάσας,
1795 2543 1861 2599 ἂν
1888 2545 1956 2597 τὰ
1982 2561 2120 2616 χρη-

556 2630 657 2683 στὰ
684 2629 759 2702 μὴ
785 2628 1163 2700 καταϐἀληται
1198 2629 1495 2701 σπέρματα
1518 2648 1533 2697 ;
1568 2632 1662 2695 Είς
1686 2632 1796 2703 γάρ
1821 2631 1920 2703 τὴν
1950 2629 2121 2702 αὐτὴν

556 2718 945 2789 περιστήσεται
978 2716 1139 2771 πάλιν
1166 2715 1369 2787 ζημίαν
1398 2717 1529 2787 ήμῖν
1558 2719 1585 2771 6
1608 2718 1767 2781 πόνος
1795 2717 1985 2787 μείνας
2004 2718 2122 2770 ἀτε-

552 2805 671 2875 λής.
705 2805 804 2858 Διά
830 2822 912 2859 τοι
956 2804 1116 2859 τοῦτο
1163 2806 1258 2858 καὶ
1287 2807 1315 2858 6
1345 2805 1558 2868 Παῦλος
1594 2806 1798 2877 σφόδρα
1826 2804 2122 2875 κηδόμενος

553 2891 738 2963 ἡμῶν,
766 2893 827 2945 ού
853 2891 1014 2963 μέχρι
1047 2890 1146 2960 τῆς
1173 2889 1280 2944 τῶν
1309 2892 1493 2944 κακῶν
1520 2892 1762 2959 ἐκκοπῆς
1789 2892 1882 2944 καὶ
1902 2891 2120 2963 ἀναιρέ-

553 2995 692 3044 σεως
738 2979 920 3049 ἵστησι
958 2976 1028 3031 τὰ
1052 2978 1512 3049 παραγγέλματα,
1544 2977 1680 3032 ἀλλά
1708 2978 1805 3032 καὶ
1834 2979 1971 3049 ταχυ
2014 2979 2121 3031 τῶν

551 3065 773 3133 ἀγαθῶν
791 3067 893 3133 τὴν
922 3063 1325 3133 καταφύτευσιν
1353 3063 1760 3119 ἐπιδείκνυσθαι
1801 3065 2118 3135 προτρέπει.

555 3152 736 3208 Εἰπὼν
764 3152 894 3223 γὰρ,
931 3150 1106 3207 Πᾶσα
1137 3151 1343 3220 πικρία
1380 3150 1478 3206 καὶ
1506 3152 1692 3221 θυμὸς
1718 3151 1816 3206 καί
1851 3151 1994 3222 ὀργὴ
2025 3151 2121 3204 καὶ

554 3241 782 3311 κραυγὴ
831 3241 930 3295 καὶ
978 3240 1349 3309 ,βλασφημία
1398 3240 1635 3308 ἀρθήτω
1685 3238 1976 3309 ἀφ’ὑμῶν
1999 3238 2123 3293 σὺν

553 3327 722 3396 πάσῃ
748 3329 946 3396 κακίᾳ,
981 3329 1227 3397 ἐπήγαγε
1253 3342 1267 3356 ο
1304 3328 1558 3381 Γίνεσθε
1586 3328 1656 3379 δὲ
1683 3329 1771 3392 είς
1807 3325 2124 3392 ἀλλήλους

564 3415 811 3492 χρηστοὶ
847 3453 864 3476 .
917 3416 1365 3486 εὔσπλαγχνοι,
1442 3415 1808 3486 χαριζόμενοι
1863 3414 2119 3481 ἑαυτοῖς.

569 3505 739 3572 Ἐξεις
771 3505 879 3577 γάρ
910 3509 1046 3560 εἰσιν
1075 3501 1233 3561 αὗται
1253 3507 1349 3560 καὶ
1376 3506 1665 3569 διαθέσεις.
1701 3507 1809 3560 Καὶ
1837 3505 1937 3558 οὐκ
1962 3505 2124 3575 ἀρκεῖ

561 3597 595 3663 ὴ
626 3590 723 3661 τῆς
761 3590 951 3660 ἐτέρας
998 3591 1287 3659 ἀπαλλαγὴ
1338 3591 1418 3653 είς
1450 3589 1601 3663 [HS]
1634 3591 1731 3662 τὴν
1781 3591 1882 3660 τῆς
1930 3589 2124 3661 ἐτέρας

554 3679 703 3749 ἡμᾶς
747 3677 862 3742 ἐξιν
901 3679 1241 3749 καταστῆσαι
1276 3679 1461 3742 πάλιν,
1497 3677 1637 3731 ἀλλά
1665 3678 1746 3730 δεῖ
1773 3679 1935 3732 πάλιν
1969 3679 2124 3750 κινή-

556 3764 693 3827 σεώς
711 3780 877 3829 τινος,
907 3764 1003 3817 καὶ
1027 3766 1202 3835 ὁρμῆς
1225 3765 1324 3817 οὐκ
1346 3765 1626 3824 ἐλάττονος
1657 3764 1756 3835 τῆς
1783 3766 1841 3817 ἐν
1869 3767 1934 3836 τῇ
1973 3769 2121 3838 φυγῇ

552 3850 662 3903 τῶν
705 3851 891 3903 κακῶν
914 3890 928 3915 ,
956 3849 1096 3903 ὥστε
1120 3850 1374 3917 γενέσθαι
1420 3852 1477 3903 ἐν
1521 3852 1588 3921 τῇ
1634 3851 1823 3922 κτήσει
1855 3852 1960 3904 τῶν
1988 3854 2125 3921 ἀγα-

555 3935 685 3991 θῶν.
716 3937 831 3992 Καὶ
854 3937 945 3991 ἐπὶ
973 3935 1066 3989 τοῦ
1096 3936 1346 4005 σώματος
1375 3939 1404 3989 6
1431 3936 1596 4007 μέλας
1618 3935 1683 3990 ἀν
1706 3936 1994 4009 ἀπαλλαγῇ
2024 3939 2123 4009 τῆς

555 4023 841 4092 ποιότητος
868 4021 1094 4092 ταύτης,
1118 4022 1217 4074 οὐκ
1248 4022 1452 4086 εὐθέως
1487 4020 1696 4090 γίνεται
1730 4021 1942 4089 λευκός.
1975 4024 2124 4079 Μᾶλ-

556 4108 648 4163 λον
679 4109 738 4163 δέ
773 4108 848 4180 μὴ
884 4110 979 4162 ἐπὶ
1007 4108 1115 4162 τῶν
1143 4108 1389 4178 φυσικῶν
1413 4110 1504 4163 τὸν
1536 4109 1694 4179 λόγον
1723 4113 2121 4184 γυμνάσωμεν,

556 4194 673 4271 an;
703 4196 799 4250 ἐπὶ
839 4196 947 4250 τῶν
988 4195 1131 4251 κα.τά
1169 4197 1485 4268 προαίρεσιν
1518 4198 1580 4252 τὸ
1607 4199 1951 4270 παράδειγμα
1983 4219 2126 4272 παρ-

559 4284 879 4355 ἀγάγωμεν.
897 4285 954 4337 ’0
982 4283 1055 4355 μὴ
1085 4284 1277 4356 ἐχθρὸς
1302 4286 1363 4338 οὐ
1391 4286 1607 4349 πάντως
1629 4286 1782 4354 φίλος
1813 4288 1982 4351 ἐστὶν,
2007 4288 2122 4341 ἀλλ’

557 4371 671 4424 ἐστι
699 4388 753 4424 τι
777 4372 962 4442 μέσον,
999 4371 1027 4424 ὃ
1061 4374 1195 4443 μήτε
1230 4371 1449 4445 ἔχθρας,
1473 4374 1608 4444 μήτε
1644 4373 1827 4443 φιλίας
1859 4375 2029 4443 ἐστὶν,
2064 4376 2124 4431 ἐν

553 4452 601 4526 ᾧ
640 4459 872 4531 μάλιστα
918 4461 970 4514 οί
1020 4460 1237 4523 πλείους
1269 4460 1376 4513 τῶν
1421 4459 1723 4534 ἀνθρώπων
1749 4462 2124 4536 καθεστήκασι

556 4546 691 4616 πρὸς
748 4548 916 4617 ἡμᾶς.
953 4547 1014 4601 ὐ
1048 4547 1123 4618 μὴ
1155 4547 1429 4619 δακρύων,
1454 4550 1517 4602 ού
1566 4549 1783 4613 πάντως
1828 4552 1919 4605 καὶ
1966 4551 2119 4623 γελᾷ,

553 4635 670 4687 ἀλλ’
693 4634 808 4687 ἔστι
851 4636 991 4705 μέση
1025 4638 1377 4700 κατάστασις.
1424 4634 1582 4691 Οὕτω
1638 4637 1701 4707 δὴ
1738 4638 1833 4691 καὶ
1862 4639 2118 4705 ἐνταῦθα,

554 4719 654 4788 οὐχ
687 4720 716 4772 6
752 4718 826 4789 μὴ
845 4721 1043 4790 πικρὸς
1074 4721 1290 4785 πάντως
1316 4722 1552 4793 χρηστὸς
1572 4763 1586 4785 ,
1608 4723 1728 4777 οὐδὲ
1760 4724 1789 4776 6
1826 4723 1900 4796 μὴ
1935 4724 2121 4796 θυμώ-

553 4805 651 4873 δης
704 4807 921 4868 πάντως
971 4804 1346 4877 εῦοπλαγχνος
1374 4825 1389 4841 ο
1420 4808 1555 4863 ἀλλά
1614 4809 1697 4863 δεῖ
1735 4809 1894 4863 πάλιν
1926 4810 2120 4882 ἐτέρας

557 4888 813 4960 σπουδῆς,
846 4888 987 4944 ὥστε
1018 4891 1319 4961 κτήσασθαι
1347 4892 1505 4946 τοῦτο
1534 4892 1594 4946 τὸ
1623 4893 1798 4949 καλόν.

627 5033 741 5087 Καὶ
768 5031 865 5086 θέα
892 5033 1011 5098 πῶς
1038 5035 1174 5088 κατά
1219 5036 1383 5105 νόμον
1411 5035 1641 5109 ἀρίστης
1664 5038 1940 5108 γεωργίας
1967 5040 1994 5092 6
2022 5057 2125 5110 μα-

557 5122 746 5192 κάριος
800 5119 1009 5184 Παῦλος
1032 5120 1131 5192 τὴν
1152 5123 1607 5192 ἐμπιστευθεῖσαν
1652 5124 1800 5195 αὐτῷ
1832 5125 1939 5197 γῆν
1971 5126 2122 5197 παρά

557 5210 649 5263 τοῦ
677 5209 930 5280 Γεωργοῦ
963 5210 1303 5281 διακαθαίρει
1331 5228 1391 5264 τε
1426 5214 1520 5266 καὶ
1558 5214 1869 5284 ἐργάζεται.
1921 5215 2121 5268 Ἀνεῖλε

562 5296 626 5350 τά
662 5296 790 5351 νόθα
838 5298 1156 5370 σπέρματα,
1190 5299 1498 5370 παρακαλεῖ
1531 5299 1717 5353 λοιπὸν
1737 5341 1751 5365 ,
1776 5301 1914 5356 ὥστε
1952 5319 2123 5356 κατα⁴

559 5384 706 5452 σχεῖν
737 5382 808 5437 τά
837 5386 1034 5456 γνήσια
1066 5385 1227 5454 φυτά.
1246 5386 1497 5441 Γίνεσθε
1511 5388 1783 5455 χρηστοί,
1813 5393 1995 5459 φησιν.
2027 5390 2125 5443 “Av

557 5469 665 5539 γὰρ
715 5468 823 5522 τῶν
878 5472 1129 5526 ἀκανθῶν
1186 5473 1632 5529 ἀνισπασθεισῶν
1682 5475 1818 5549 μένῃ
1885 5478 1917 5546 ἠ
1975 5476 2124 5548 χώρα

518 5716 523 5717 γ
617 5660 644 5692 ⁸
666 5660 802 5713 Unus
823 5661 976 5714 codex
1000 5670 1053 5715 ει
1074 5679 1228 5730 marg.
1256 5666 1431 5720 Savil..
1452 5670 1863 5733 μεταῦιὸάσωμεν.

1224 292 1285 348 S.
1323 291 1610 350 JOANNIS
1648 289 2142 350 CIIRYSOSTOMl
2181 288 2502 348 ARCNIEP.
2539 288 3094 349 CONSTANTINOP.

3679 288 3788 345 ιιι

2218 409 2481 482 ἀργοῦσα,
2531 410 2821 477 ἀνονήτους
2863 405 3025 458 πάλιν
3072 402 3207 457 οἴσει
3254 399 3500 471 βοτάνας.
3544 402 3637 455 Διὸ
3682 405 3791 472 τὴν

2217 496 2412 567 σχολὴν
2439 495 2609 565 αὐτῆς
2641 494 2736 549 καὶ
2775 492 2874 564 τὴν
2898 491 3098 562 ἀργίαν
3122 485 3676 560 προκαταλαμϐάνειν
3698 487 3788 541 δεῖ

2216 587 2283 655 τῇ
2318 583 2428 637 τῶν
2452 580 2674 650 ἀγαθῶν
2701 579 3035 653 σπερμάτων
3064 594 3124 629 τε
3150 575 3246 628 καὶ
3267 573 3450 643 φυτῶν
3482 572 3785 645 καταϐολῇ.

2228 670 2468 724 Ἀνεῖλεν
2498 669 2689 740 ὀργὴν,
2726 667 2888 736 ἔθηκε
2916 662 3265 735 χρηστότητα
3291 679 3305 691 ·
3334 660 3513 716 ἀνεῖλε
3536 660 3787 731 πικρίαν.

2217 758 2413 827 έθηκεν
2445 754 2853 826 εὐσπλαγχνίαν
2872 770 2886 787 ο
2925 750 3149 821 ἐξέτεμε
3177 748 3376 802 κακίαν
3410 748 3507 802 καὶ
3541 747 3791 819 βλασφηε

2219 844 2370 916 μίαν,
2422 841 2687 912 ἐφύτευσε
2745 838 3074 909 συγγνώμην
3109 851 3121 866 ·
3153 836 3213 889 τὸ
3244 835 3375 907 γὰρ,
3408 833 3789 904 Χαριζὸμειοοι

2215 932 2472 1000 ἑαυτοῖς,
2519 930 2679 986 τοῦτό
2739 930 2877 982 ἐστι.
2915 923 3316 994 Συγγνωμικοὶ,
3351 921 3504 993 φησὶ,
3539 920 3787 989 γίνεσθε.

2216 1019 2435 1085 Mefva
2476 1018 2586 1089 γάρ
2620 1015 2757 1085 αῦτη
2787 1016 2821 1085 ή
2856 1014 3015 1084 χάρις
3040 1013 3137 1079 τῆς
3160 1011 3217 1062 ἐν
3246 1010 3357 1072 τοῖς
3393 1007 3694 1079 χρήμάσιν.
3724 1007 3790 1061 Ὀ

2221 1107 2317 1177 μὲν
2342 1107 2451 1179 γάρ
2483 1106 2740 1177 χρήματα
2754 1102 2931 1171 ἀφιεὶς
2956 1098 3032 1168 τῷ
3047 1094 3418 1166 δανεισαμένῳ
3442 1095 3570 1163 παρ’
3593 1092 3788 1157 αὑτοῦ,

2217 1192 2401 1246 καινὸν
2456 1192 2554 1263 μὲν
2599 1188 2890 1260 ἐργάζεται
2940 1185 3100 1257 ἔργον
3146 1183 3240 1235 καὶ
3285 1180 3612 1250 θαυμαστὸν.
3644 1179 3792 1251 πλὴν

2217 1278 2352 1333 ἀλλά
2386 1277 2548 1348 μέχρι
2585 1274 2680 1329 τοῦ
2726 1273 2977 1343 σώματος
3011 1273 3045 1341 ή
3073 1269 3251 1340 χάρις.
3276 1268 3325 1320 εί
3360 1268 3453 1320 καὶ
3476 1265 3654 1336 ἐαυτῷ
3684 1267 3791 1335 τὴν

2217 1364 2452 1435 ἀμοιϐὴν
2500 1364 2557 1416 ἐν
2604 1363 2716 1425 τοῖς
2758 1358 3148 1428 πνευματικοῖς
3177 1354 3399 1416 καὶτοῖς
3438 1352 3579 1406 κατὰ
3605 1350 3790 1423 ψυχὴν

2217 1451 2514 1506 ἀποδίδωσι
2557 1447 2751 1519 δώροις
2786 1463 2800 1478 ·
2842 1448 2870 1500 6
2899 1444 2958 1499 δὲ
2998 1443 3371 1515 ἁμαρτήματα
3396 1444 3787 1510 χαρισάμενος,

2216 1541 2312 1610 τήν
2344 1555 2402 1593 τε
2430 1537 2607 1608 ψυχὴν
2645 1534 2895 1604 ὠφέλησε
2943 1530 3043 1602 τὴν
3089 1526 3303 1593 ἐαυτοῦ,
3343 1526 3439 1580 καὶ
3458 1525 3555 1596 τὴν
3574 1525 3789 1578 ἐκείνου

2216 1625 2309 1680 τοῦ
2350 1625 2453 1695 τῆς
2485 1621 2815 1692 συγγνώμης
2836 1619 3091 1688 τυχόντος
3120 1632 3133 1646 ·
3162 1616 3225 1669 οὐ
3259 1613 3370 1685 γὰρ
3407 1613 3599 1666 ἐαυτὸν
3622 1613 3791 1683 μόνον

2217 1713 2388 1781 τούτῳ
2410 1710 2488 1781 τῷ
2516 1709 2720 1779 τρόπῳ,
2745 1706 2879 1761 ἀλλά
2906 1706 3152 1759 κάκεῖνον
3168 1700 3568 1771 ἐπιεικέστερον
3593 1698 3792 1770 ἐποίηο

2220 1799 2412 1853 σιν.οὑ
2428 1796 2536 1867 γὰρ
2550 1792 2720 1857 οὕτως
2737 1790 3150 1861 ἐπεξερχόμενοι
3159 1790 3272 1853 τοῖς
3289 1786 3603 1857 ἠδικηκόσιν
3613 1786 3789 1856 ἡμᾶς,

2214 1883 2290 1947 ὡς
2327 1880 2735 1952 συγχωροῦντες
2759 1879 3024 1947 δάκνομεν
3049 1875 3227 1929 αὐτῶν
3252 1875 3350 1938 τάς
3365 1873 3542 1943 ψυχὰς
3562 1911 3579 1936 ,
3607 1871 3797 1942 ἐντρέ-

2219 1987 2412 2033 ποντες
2432 1967 2528 2022 καὶ
2545 1964 2940 2028 δυσωποῦντες.
2957 1963 3211 2026 Ἐκείνως
3238 1960 3338 2032 μὲν
3364 1959 3474 2031 γὰρ
3493 1957 3619 2013 οὔτε
3635 1959 3793 2029 ἡμᾶς

2216 2057 2435 2120 αὐτοὺς,
2473 2053 2597 2108 οὔτε
2633 2052 2879 2116 ἐκείνους
2917 2051 3231 2119 ώνήσαμεν,
3283 2047 3397 2102 ἀλλ’
3442 2045 3793 2117 ἀμφοτέρως

2217 2144 2553 2215 ἐϐλάψαμεν,
2588 2140 2741 2194 αὐτοί
2762 2156 2823 2193 τε
2847 2139 2908 2192 τὸ
2937 2136 3285 2206 ἀνταπόδομα
3324 2131 3610 2199 διώξαντες
3644 2129 3795 2185 κατά

2216 2234 2342 2293 τοὺς
2365 2228 2516 2300 παρὰ
2530 2225 2800 2289 Ἰουδαίοις
2817 2225 3107 2296 ἄρχοντας,
3127 2223 3225 2277 καὶ
3249 2223 3338 2276 τὸν
3365 2223 3422 2275 ἐν
3443 2219 3672 2281 ἐκείνοις
3692 2218 3794 2271 ἐκ-

2219 2319 2517 2378 καύσαντες
2537 2313 2707 2385 θυμόν
2721 2330 2737 2344 ο
2758 2313 2824 2367 ἂν
2839 2312 2895 2366 δέ
2911 2312 3181 2383 ἐπιεικείᾳ
3195 2311 3294 2381 τὴν
3310 2308 3521 2363 ἀδικίαν
3539 2303 3796 2377 ἀμειψώ-

2222 2407 2382 2479 μεθα,
2408 2406 2587 2459 πᾶσαν
2624 2399 2789 2457 αὑτοῦ
2823 2398 2920 2469 τὴν
2947 2397 3115 2471 ὀργὴν
3141 2395 3491 2459 ἐκλύσαντες,
3524 2391 3793 2446 ἐκαθίσαο

2222 2510 2320 2564 μεν
2337 2510 2411 2546 πα
2418 2490 2624 2564 ρἀὐτῷ
2638 2487 2982 2557 δικαστήριον
2999 2486 3134 2556 ἡμῖν
3154 2482 3318 2553 φέρον
3334 2481 3429 2545 τάς
3448 2481 3680 2552 ψήφους,
3695 2495 3798 2532 κα-

2219 2580 2502 2646 ταδικάζον
2530 2578 2693 2633 αὑτὸν
2712 2574 3087 2647 χαλεπώτερον
3118 2572 3348 2643 ἥήμεῖς.
3365 2566 3796 2637 Καταγνώσεται

2220 2669 2329 2741 γὰρ
2344 2668 2508 2722 αὑτοῦ
2524 2666 2622 2720 καὶ
2634 2662 3081 2733 καταψηφιεῖται,
3098 2662 3192 2715 καὶ
3204 2660 3386 2713 πᾶσαν
3402 2656 3627 2741 ζητήσει
3651 2652 3794 2741 πρό-

2222 2738 2405 2826 φασιν,
2427 2753 2494 2807 δι’
2522 2748 2589 2825 ἦς
2613 2751 2863 2804 ἀποτίσει
2892 2749 2951 2802 τὸ
2977 2747 3259 2801 δανεισθὲν
3282 2747 3382 2814 τῆς
3406 2738 3798 2826 μακροθυμίας

2228 2825 2391 2917 μέρος
2436 2840 2573 2912 μετὰ
2623 2838 2871 2900 πλείονος
2923 2834 3018 2888 τοῦ
3038 2833 3274 2917 μέτρου,
3303 2827 3555 2917 εἰδώς-ἂν
3592 2827 3692 2917 μὲν
3730 2825 3799 2917 τδ

2221 2906 2333 2982 ίσον
2379 2906 2586 2993 ἀποδῷ,
2631 2922 2726 2975 καὶ
2772 2918 2945 2981 οὕτως
2997 2916 3326 2985 ἠλάττωται,
3373 2911 3450 2981 τῷ
3490 2909 3567 2980 μὴ
3627 2906 3798 2971 αὐτὸς

2221 3011 2513 3085 ἄρξασθαι,
2550 3007 2690 3064 ἀλλά
2740 3004 2891 3079 [119]
2917 3002 2994 3074 τῷ
3019 3003 3149 3073 παρ’
3183 2998 3339 3071 ἡμῶν
3377 2998 3438 3051 τὸ

2220 3080 2404 3154 λαϐεῖν
2452 3097 2672 3151 ἐλαττον
2708 3096 2909 3163 φέρων.
2949 3089 3250 3144 Σπουδάσει
3281 3086 3460 3140 τοίνυν
3483 3080 3796 3152 ὑπερϐαλέ-

2223 3188 2344 3241 σθαι
2373 3186 2449 3256 τῷ
2475 3184 2678 3255 μέτρῳ,
2703 3183 2789 3236 ἴνα
2817 3179 2915 3250 τὴν
2950 3177 3266 3239 ἐλάττωσιν,
3301 3175 3367 3243 ἢν
3395 3174 3459 3226 ἐκ
3483 3170 3577 3225 τοῦ
3602 3169 3792 3224 δεύτε-

2223 3290 2314 3344 ρος
2370 3269 2544 3324 ἐλθεῖν
2593 3268 2684 3322 ἐπὶ
2734 3265 2834 3338 τὴν
2882 3263 3239 3318 ἀνταπόδοσιν
3273 3259 3553 3331 ὑπέμεινε,
3589 3258 3657 3328 τῇ
3690 3256 3796 3344 τῆς

2220 3341 2538 3420 ἀντιδόσεως
2587 3353 2859 3424 ὑπερϐολῇ
2910 3349 3243 3422 κατακρύψῃ
3263 3390 3278 3413 ,
3309 3347 3404 3401 καὶ
3435 3346 3532 3416 τὴν
3558 3344 3666 3397 ἀπὸ
3694 3341 3791 3395 τοῦ

2221 3447 2413 3519 χρόνου
2468 3442 2769 3514 γενομένην
2822 3437 2972 3510 αὐτῷ
3026 3437 3323 3492 ἐλάττωσιν
3366 3435 3461 3487 τοῦ
3520 3429 3792 3519 προτέρου

2222 3516 2484 3599 παθόντος
2533 3530 2737 3594 κακῶς,
2767 3526 2971 3599 ταύτην
3025 3525 3133 3580 ἀπὸ
3183 3525 3283 3596 τῆς
3326 3522 3447 3576 καθ’
3484 3516 3795 3590 ὑπερϐολὴν

2221 3620 2518 3683 ἐπιεικείας
2548 3617 2731 3687 κοινὴν
2757 3616 3080 3687 ἐργάσηται.
3112 3613 3176 3666 Ol
3202 3611 3309 3681 γὰρ
3335 3608 3633 3679 ἄνθρωποι,
3659 3605 3796 3659 ὅταν

2220 3708 2564 3780 εὐγνώμονες
2610 3698 2769 3771 ῶσιν,
2806 3703 2905 3772 οὺχ
2935 3699 3109 3764 οὕτως
3150 3697 3244 3751 ἐπὶ
3306 3698 3420 3760 τοῖς
3460 3696 3677 3780 κακοῖς,

2221 3799 2314 3852 ἐπὶ
2354 3778 2466 3859 τοῖς
2508 3790 2753 3861 ἀγαθοῖς,
2786 3783 2867 3850 οἷς
2892 3787 2957 3842 ἀν
2991 3782 3050 3841 εὖ
3076 3785 3332 3856 πάσχωσι
3358 3781 3512 3851 παρά
3534 3778 3641 3834 τῶν
3674 3778 3797 3848 ηδι-

2221 3883 2496 3953 κημένων,
2555 3877 2821 3932 στένουσι.
2860 3874 2934 3928 Τδ
2965 3873 3064 3944 μὲν
3115 3873 3224 3944 γὰρ
3273 3868 3490 3953 κακίας,
3516 3866 3578 3920 τὸ
3614 3865 3673 3918 δὲ
3695 3867 3798 3953 καὶ

2220 3950 2455 4029 ὀνείδους
2515 3965 2610 4019 καὶ⁵
2653 3963 2890 4033 γέλωτος
2934 3960 3151 4032 μεστὸν,
3182 3957 3274 4011 τδν
3329 3951 3388 4010 εὖ
3430 3952 3669 4008 παθόντα
3716 3950 3798 4022 μὴ

2221 4056 2579 4111 ἀντευποιεῖν.
2615 4050 2788 4104 Τοῦτο
2850 4049 2948 4121 μέν
3003 4047 3112 4118 γάρ
3144 4045 3368 4100 ἔπαινον
3395 4042 3508 4114 ἔχει
3533 4040 3629 4096 καὶ
3659 4038 3798 4110 κρόο

2222 4165 2347 4212 τους
2407 4145 2557 4217 παρὰ
2618 4143 2835 4197 πάντων
2888 4139 2983 4195 καὶ
3026 4134 3422 4211 εὐφημίας,τὸ
3456 4133 3799 4198 κακῶς-πα-

2226 4236 2387 4291 θόντα
2437 4234 2511 4305 μὴ
2565 4228 2991 4297 ἀντεπεξελθεῖν.
3030 4226 3132 4282 Διά
3170 4225 3329 4281 τοῦτο
3361 4223 3595 4296 μάλιστα
3619 4219 3801 4289 τούτῳ

2224 4323 2529 4377 δάκνονται.
2559 4320 2746 4382 Ὥστε,
2773 4319 2821 4371 εί
2866 4316 3045 4387 βούλει
3095 4313 3431 4385 ἀμύνασθαι,
3451 4310 3627 4379 τούτῳ
3649 4305 3798 4377 ἀμύ-

2226 4429 2319 4465 νου
2349 4408 2426 4479 τῷ
2451 4407 2639 4480 τρόπῳ
2671 4421 2685 4436 ο
2722 4407 2913 4468 κακοῖς
2943 4402 3124 4479 ἀγαθά
3144 4400 3464 4466 ἀνταπόδος,
3505 4397 3596 4451 ἵνα
3629 4392 3799 4450 αὐτὸν

2225 4498 2320 4554 καὶ
2345 4495 2625 4568 ὀφειλέτην
2641 4494 3007 4564 καταστήσῃς,
3031 4491 3125 4545 καὶ
3151 4491 3379 4561 νικήσῃς
3405 4487 3558 4557 νίκην
3582 4485 3798 4555 θαυμα-

2228 4582 2638 4657 στήν.Ἕπαθες
2664 4580 2879 4647 κακῶς;
2903 4579 3134 4648 Ποίησον
3158 4576 3357 4640 καλῶς,
3382 4574 3554 4635 οὕτως
3583 4569 3797 4642 ἀμύνου

2223 4675 2316 4727 τὸν
2353 4670 2565 4743 ἐχθρόν.
2607 4670 2705 4722 Ἂν
2742 4669 2841 4739 μὲν
2877 4667 2987 4740 γὰρ
3020 4665 3348 4737 ἐπεξέλθῃς,
3374 4661 3580 4734 ὁμοίως
3610 4659 3707 4714 καὶ
3735 4659 3799 4712 σὲ

2224 4762 2477 4816 κάκεῖνον
2536 4758 2776 4820 ἅπαντες
2828 4755 3137 4827 μέμφονται
3162 4769 3176 4784 ·
3206 4752 3270 4807 ἂν
3290 4752 3347 4806 δὲ
3381 4752 3636 4820 ἐνέγκῃς,
3672 4746 3799 4799 ἐτέ-

2225 4866 2334 4923 ρως
2366 4864 2424 4901 σε
2466 4846 2566 4917 μὲν
2604 4846 2931 4918 κροτήσουσι
2962 4843 3057 4896 καὶ
3081 4840 3478 4913 θαυμάσονται,
3514 4835 3719 4890 ἐκείιον
3734 4833 3797 4888 δὶ

2224 4936 2679 5006 κατηγορήσουσι.

2291 5057 2361 5120 γ’.
2377 5049 2441 5103 Τί
2455 5050 2511 5104 δέ
2528 5048 2706 5122 ἐχθρῷ
2723 5049 2933 5117 γένοιτο
2952 5047 3018 5103 ἀν
3039 5045 3222 5118 μεῖζον
3238 5046 3332 5101 τοῦ
3350 5046 3439 5100 τὸν
3455 5043 3650 5116 ἐχθρὸν
3667 5041 3798 5095 ίδεῖν

2224 5139 2377 5211 παρά
2430 5137 2648 5192 πάντων
2703 5135 3119 5207 θαυμαζόμενον
3159 5135 3254 5189 καὶ
3304 5132 3707 5204 κροτούμενον;
3741 5129 3798 5182 τί

2223 5224 2401 5295 ἐχθρῷ
2435 5223 2761 5295 πικρότερον
2807 5222 2902 5276 τοῦ
2930 5221 3121 5275 ἑαυτὸν
3142 5221 3444 5276 θεάσασθαι
3472 5218 3624 5289 παρά
3653 5216 3800 5271 πάν-

2225 5330 2331 5365 των
2369 5312 2726 5383 ὑϐριζόμενον
2757 5310 2844 5363 ἐπ’
2888 5310 3045 5380 ὂψεσι
3071 5309 3165 5363 τοῦ
3193 5308 3427 5381 ἐχθροῦ;
3475 5307 3603 5361 Ἐὰν
3632 5305 3799 5360 αὑτὸν

2224 5398 2426 5473 ἀμύνῃ.
2455 5401 2549 5453 καὶ
2582 5396 2963 5469 κατεγνώσθης
2996 5399 3147 5463 ίσως,
3182 5397 3275 5450 καὶ
3298 5396 3363 5450 σὺ
3393 5395 3552 5467 μόνος
3577 5391 3796 5464 ὴμύνιιν

2224 5486 2291 5540 ἂν
2343 5486 2401 5539 δὲ
2445 5487 2610 5558 ἀφῇς.
2647 5486 2767 5540 ἀντὶ
2824 5485 2918 5541 σοῦ
2964 5486 3164 5548 πάντες
3208 5485 3546 5555 ἀμυνοῦνται
3585 5480 3753 5535 αὐτόν
3781 5495 3795 5508 ο

2224 5579 2361 5647 ὅπερ
2389 5577 2482 5630 τοῦ
2522 5577 2712 5632 παθεῖν
2735 5575 2920 5641 κακῶς
2949 5574 3354 5647 χαλεπώτερον,
3392 5574 3454 5628 τὸ
3480 5573 3573 5626 τὸν
3600 5570 3801 5643 ἐχθρὸν

2231 5662 2515 5727 τοσούτους
2560 5665 2683 5727 τοὺς
2733 5663 3038 5735 ἀμύνοντας
3069 5662 3234 5734 ἐχειν.
3273 5663 3370 5718 Ἂν
3398 5659 3618 5733 ἀνοίξῃς
3654 5660 3802 5714 συιδ
