4046 6210
248 282 348 334 1Ιῖ

244 371 488 438 foretur,
515 370 691 426 solum
721 378 898 424 autem
930 368 1120 423 vinctis
1149 370 1390 422 manibus
1417 369 1560 422 domi
1601 368 1818 435 sedeat,

248 478 424 533 neque
470 463 764 526 seminans,
804 475 976 530 neque
1012 460 1213 514 sulcum
1254 459 1622 528 proscindens,
1651 474 1822 527 neque

246 555 410 609 boves
451 553 701 622 jungens,
744 567 915 621 neque
957 551 1118 605 vitem
1157 549 1360 615 colens,
1402 563 1572 618 neque
1609 549 1823 618 aliquod

241 645 385 699 aliud
415 661 550 714 opus
575 643 773 697 faciens
795 643 846 697 in
872 652 1007 697 terra
1035 641 1256 696 colenda
1280 660 1294 696 :
1317 657 1492 697 annon
1515 657 1636 697 eum
1663 643 1824 696 casti—

243 735 528 806 gabimus?
569 734 727 804 Atqui
757 734 954 788 nullam
986 733 1110 788 fecit
1139 733 1384 802 injuriam
1406 775 1419 798 ,
1455 749 1626 804 neque
1655 732 1822 786 liabe-

247 841 366 880 mus
412 826 614 879 crimen
661 826 812 893 cujus
850 841 970 878 eum
1011 838 1330 894 arguamus;
1371 824 1464 878 scd
1502 826 1546 878 is
1578 823 1678 878 hoc
1708 825 1824 894 ipso

247 919 372 972 facit
411 916 657 986 injuriam
689 933 702 968 :
733 931 856 969 nam
883 915 1150 970 communi
1177 916 1364 968 rationi
1393 914 1517 969 facit
1543 914 1785 985 injuriam
1804 956 1820 981 ,

250 1021 304 1064 ut
330 1009 419 1080 qui
443 1023 594 1064 suum
617 1024 811 1061 munus
834 1023 938 1060 non
963 1007 1218 1062 conferat.
1250 1005 1386 1074 Quid
1410 1022 1556 1071 vero,
1586 1007 1630 1060 si
1660 1023 1822 1060 unus-

248 1103 474 1172 quisque
523 1117 589 1154 ex
636 1099 914 1168 cpificibus
960 1107 1014 1153 et
1057 1098 1348 1152 artiﬁcibus
1394 1099 1589 1153 nemini
1637 1107 1825 1152 noceat

251 1209 424 1263 neque
451 1208 513 1246 ex
543 1192 605 1246 iis
630 1191 720 1262 qui
750 1200 874 1245 sunt
903 1191 1155 1256 alterius,
1187 1204 1360 1259 neque
1391 1203 1455 1244 ex
1487 1190 1550 1244 iis
1580 1189 1669 1260 qui
1701 1197 1824 1244 sunt

250 1285 489 1352 ejusdem
530 1281 692 1346 artis,
729 1279 902 1334 solum
943 1289 1118 1334 autem
1164 1279 1234 1332 sit
1267 1279 1470 1332 otiosus
1503 1296 1515 1331 :
1546 1294 1719 1332 annon
1747 1278 1825 1333 sic

253 1373 405 1427 nobis
440 1382 548 1425 tota
578 1371 683 1424 vita
715 1369 851 1439 perit
874 1378 928 1424 et
954 1369 1170 1425 interit?
1211 1368 1300 1422 Vis
1339 1369 1499 1423 etiam
1529 1369 1820 1423 orationem

248 1462 576 1518 deducamus
604 1460 656 1515 in
685 1459 918 1528 corpus?
946 1459 1130 1512 Manus
1159 1473 1287 1528 ergo
1311 1467 1469 1526 caput
1502 1473 1601 1510 non
1633 1457 1821 1525 feriat,

251 1568 422 1624 neque
443 1554 681 1620 linguam
707 1547 1002 1613 exscindat,
1029 1565 1199 1619 neque
1225 1548 1434 1602 oculum
1463 1546 1695 1612 effodiat,
1727 1562 1822 1602 ne-

247 1661 351 1717 que
391 1642 594 1714 aliquid
632 1641 775 1695 aliud
816 1640 920 1695 tale
965 1640 1162 1693 malum
1201 1637 1377 1705 faciat,
1405 1639 1578 1693 solum
1612 1647 1826 1693 maneat

245 1737 414 1791 otiosa
446 1743 500 1789 et
529 1747 684 1788 suum
710 1747 902 1787 munus
932 1731 1026 1786 toti
1057 1730 1266 1800 corpori
1297 1745 1401 1784 non
1433 1730 1650 1800 impleat
1680 1749 1694 1785 :
1724 1745 1823 1784 an-

246 1844 352 1883 uon
371 1835 593 1896 praestat
612 1840 730 1881 eam
753 1823 1014 1890 exscindi,
1038 1839 1192 1892 quam
1216 1822 1822 1902 circumferreootiosam,

244 1930 296 1976 et
324 1921 421 1974 toti
451 1918 663 1989 corpori
686 1917 978 1988 perniciem
999 1916 1342 1970 all‘ercntem?
1368 1915 1504 1982 Quid
1527 1931 1677 1984 vero,
1699 1917 1742 1971 si
1766 1931 1826 1970 os

248 2027 464 2066 manum
495 2025 601 2063 non
629 2007 842 2073 exedat,
877 2022 1045 2077 neque
1073 2016 1258 2078 peetus
1286 2006 1547 2072 mordeat,
1576 2005 1669 2061 sed
1705 2022 1826 2076 quae

247 2110 374 2155 sunt
401 2101 470 2153 ab
499 2101 615 2170 ipso
640 2096 882 2154 facienda
910 2098 1085 2152 omnia
1117 2097 1515 2165 prietermittat;
1544 2113 1718 2151 annon
1740 2113 1828 2152 es-

247 2202 329 2247 set
348 2193 515 2246 satius
533 2192 704 2260 ipsum
725 2204 845 2245 esse
861 2189 1223 2244 obstructum?
1243 2189 1300 2244 Si
1321 2203 1448 2259 ergo
1466 2198 1522 2245 et
1540 2188 1592 2244 iu
1615 2189 1826 2244 famulis

247 2292 300 2337 et
329 2283 381 2336 in
411 2280 689 2351 opificibus
719 2288 772 2334 et
799 2280 851 2334 in
885 2288 996 2333 toto
1020 2292 1244 2349 corpore
1271 2293 1456 2348 magna
1486 2287 1570 2334 est
1598 2278 1786 2348 injuria
1807 2319 1822 2342 ,

250 2388 352 2427 non
397 2373 568 2427 solum
605 2371 804 2442 aliquid
847 2370 968 2425 mali
1007 2370 1215 2436 fecisse,
1247 2371 1340 2425 sed
1381 2370 1539 2424 etiam
1579 2370 1633 2425 in
1674 2371 1826 2426 bonis

245 2465 534 2530 defecisse,
567 2464 734 2519 multo
761 2464 927 2533 magis
959 2462 1058 2517 hoc
1089 2462 1242 2517 fuerit
1272 2461 1324 2516 in
1351 2478 1576 2532 corpore
1603 2461 1820 2518 Christi.

317 2554 371 2608 2.
405 2555 691 2624 Propterea
721 2553 910 2608 beatus
934 2567 1143 2622 quoque
1165 2551 1359 2607 Paulus
1383 2567 1479 2606 nos
1500 2551 1768 2607 abducens
1795 2568 1824 2607 a

247 2648 376 2704 vitio
402 2656 455 2702 et
476 2645 839 2716 improbitate,
865 2644 1076 2699 deducit
1107 2643 1174 2698 ad
1200 2645 1467 2698 virtutem.
1491 2643 1627 2712 Quid
1659 2643 1821 2707 enim,

245 2738 554 2809 dic,qn:cso,
577 2737 731 2806 juvat
751 2735 892 2806 quod
920 2749 1106 2792 omnes
1129 2736 1296 2805 spinae
1320 2736 1426 2790 sint
1452 2745 1756 2804 amputatae,
1780 2735 1824 2788 si

249 2844 351 2884 non
375 2829 484 2883 sint
505 2842 688 2896 sparsa
711 2827 847 2881 bona
869 2826 1107 2880 semina?
1132 2825 1212 2879 Ad
1239 2824 1378 2880 idem
1404 2827 1543 2880 enim
1571 2825 1822 2880 damnum

246 2935 435 2974 rursus
479 2917 677 2973 redibit
713 2917 886 2985 labor,
914 2916 959 2972 si
989 2916 1245 2970 manserit
1285 2915 1646 2985 imperfectus.
1693 2915 1823 2970 Pro-

249 3023 436 3080 pterea
481 3009 675 3064 Paulus
712 3022 926 3080 quoque
969 3009 1138 3062 nostri
1165 3021 1346 3062 curam
1381 3021 1592 3077 gerens,
1622 3021 1730 3062 non
1757 3006 1825 3061 ad

250 3102 522 3156 malorum
562 3115 728 3170 usque
769 3099 1186 3169 amputationem
1229 3109 1284 3153 et
1326 3098 1648 3153 ablutionem
1686 3098 1826 3154 sistit

249 3202 537 3263 percepta,
568 3191 664 3246 sed
707 3193 866 3246 etiam
906 3189 1152 3244 hortatur
1195 3199 1251 3244 tit
1293 3190 1400 3243 cito
1439 3189 1528 3243 fiat
1564 3188 1824 3244 bonorum

250 3283 528 3352 planktlio.
559 3281 692 3336 Nam
721 3297 841 3336 cum
868 3281 1126 3346 dixisset,
1160 3279 1336 3333 Omnis
1362 3279 1650 3332 amaritudo
1674 3288 1725 3334 et
1749 3280 1827 3333 ira

250 3381 296 3425 et
318 3371 610 3442 indignatio
642 3381 687 3424 et
727 3371 919 3424 clamor
941 3380 987 3424 et
1015 3369 1326 3440 blasphemia
1362 3369 1571 3423 tollatur
1597 3388 1628 3422 a
1654 3371 1789 3424 vobis
1807 3412 1823 3436 ,

250 3480 360 3516 cum
409 3463 548 3516 omni
587 3461 822 3524 malitia;
865 3461 1169 3529 subjunxit,
1215 3460 1384 3514 Eslote
1420 3470 1585 3514 autem
1619 3462 1828 3515 invicem

251 3553 473 3624 benigni,
503 3551 872 3617 misericordes,
909 3551 1149 3605 donantes
1182 3551 1412 3607 invicem.
1449 3551 1509 3606 Hi
1538 3553 1676 3606 enim
1705 3562 1827 3606 sunt

253 3643 462 3698 habitus
489 3653 544 3696 et
571 3641 899 3697 affectiones.
929 3642 1036 3697 Nec
1056 3642 1253 3698 sufficit
1282 3643 1349 3697 ab
1372 3644 1540 3696 altero
1562 3658 1824 3707 recessus,

255 3744 309 3789 ut
349 3735 506 3789 nobis
545 3733 766 3789 alterius
806 3734 1040 3787 habitum
1083 3748 1264 3787 rursus
1290 3735 1701 3798 constituamus;
1734 3733 1825 3786 sed

254 3844 440 3884 rursus
468 3841 606 3896 opus
631 3837 713 3881 est
738 3825 967 3896 quodam
996 3833 1164 3891 motu,
1196 3834 1250 3878 et
1281 3840 1382 3878 non
1413 3824 1603 3878 minori
1633 3823 1825 3878 alacri-

255 3930 359 3975 tate
401 3935 564 3989 quam
612 3918 663 3972 in
708 3916 972 3987 fugiendis
1001 3917 1172 3983 malis,
1206 3926 1261 3970 ut
1292 3917 1342 3970 in
1373 3915 1630 3970 bonorum
1661 3917 1826 3971 simus

257 4013 619 4082 possessione.
653 4009 862 4064 Etenim
891 4009 942 4062 in
972 4023 1216 4076 corpore,
1251 4007 1292 4061 si
1333 4008 1481 4077 niger
1507 4007 1661 4061 fuerit
1692 4007 1825 4061 libe-

259 4113 400 4156 ratus
425 4102 494 4155 ab
522 4100 623 4155 hac
649 4099 921 4170 qualitate,
952 4113 1056 4152 non
1081 4099 1325 4168 protinus
1347 4097 1514 4151 factus
1541 4107 1624 4151 est
1651 4097 1820 4150 albus.

262 4192 364 4245 lmo
381 4207 512 4246 vero
533 4208 640 4245 non
663 4192 713 4245 in
737 4189 1062 4243 naturalibus
1083 4188 1133 4242 id
1157 4188 1296 4258 quod
1325 4188 1515 4242 dicitur
1543 4188 1823 4256 agitemus,

261 4285 344 4336 sed
393 4282 702 4351 exemplum
744 4281 1068 4335 adducamus
1095 4279 1146 4334 in
1177 4281 1240 4333 iis
1266 4294 1383 4348 quae
1415 4279 1545 4332 fiunt
1572 4294 1634 4333 ex
1664 4279 1827 4334 animi

258 4376 498 4431 instituto
524 4385 578 4428 et
606 4375 771 4428 libero
791 4373 1048 4429 arbitrio:
1072 4372 1161 4442 qui
1189 4387 1293 4427 non
1319 4381 1401 4426 est
1430 4373 1694 4436 inimicus,
1721 4387 1825 4426 non

253 4475 334 4519 est
355 4465 580 4518 omnino
606 4464 830 4530 amicus,
848 4463 940 4518 sed
962 4472 1044 4518 est
1067 4463 1264 4531 aliquid
1291 4462 1544 4526 medium,
1568 4463 1706 4532 quod
1731 4478 1828 4517 nec

259 4555 655 4610 inimicitiarum
694 4568 872 4623 neque
907 4548 1173 4618 amicitiae,
1211 4555 1263 4608 in
1305 4568 1411 4624 quo
1450 4555 1679 4607 maxime
1706 4563 1830 4608 sunt

259 4648 432 4713 plures
461 4644 605 4713 apud
633 4659 734 4698 nos
757 4643 1019 4699 homines.
1067 4645 1167 4710 Qui
1197 4660 1301 4699 non
1333 4645 1655 4715 lacrymatur
1675 4684 1690 4708 ,
1724 4660 1826 4698 non

257 4737 410 4790 etiam
449 4734 676 4790 omnino
722 4734 876 4803 ridet,
907 4735 1000 4790 sed
1037 4747 1120 4792 est
1154 4735 1359 4790 medius
1397 4743 1588 4792 status.
1628 4735 1703 4789 lta
1745 4735 1830 4790 hic

259 4832 464 4898 quoqite
492 4844 509 4881 :
541 4827 632 4897 qui
655 4841 760 4880 non
789 4838 868 4880 est
893 4842 1124 4895 amarus,
1149 4842 1253 4882 non
1281 4836 1454 4882 tamen
1483 4835 1565 4882 est
1591 4827 1757 4880 comis
1778 4835 1831 4881 et

260 4917 549 4988 benignus;
579 4931 754 4986 neque
780 4916 868 4986 qui
897 4931 1002 4972 non
1030 4927 1112 4972 est
1131 4916 1416 4972 iracundus
1439 4958 1454 4983 ,
1498 4927 1576 4971 est
1609 4917 1750 4970 mitis
1777 4927 1830 4970 et

261 5007 560 5063 misericors
593 5023 609 5061 :
642 5006 737 5061 sed
767 5007 874 5061 alio
900 5023 1081 5063 rursus
1109 5007 1286 5063 studio
1311 5021 1444 5077 opus
1469 5015 1552 5062 est
1572 5049 1585 5074 ,
1628 5016 1684 5061 ut
1728 5007 1829 5062 lioc

259 5096 448 5152 bonum
475 5101 837 5170 acquiramus.

331 5188 502 5244 Virtus
520 5191 807 5255 inserenda,
832 5191 952 5244 vitia
971 5191 1248 5244 evellenda.
1275 5188 1413 5244 Ultio
1435 5205 1568 5254 vero,
1585 5189 1714 5242 bona
1737 5205 1826 5258 pro

258 5281 402 5335 malis
437 5282 732 5351 rependere.
765 5311 838 5321 —
867 5281 998 5336 Vide
1033 5291 1208 5337 autem
1250 5295 1407 5351 quam
1445 5280 1830 5334 convenienter

262 5373 354 5442 legi
393 5374 609 5445 optima:
645 5374 983 5443 agriculturae
1024 5375 1212 5429 beatus
1253 5373 1446 5428 Paulus
1490 5382 1684 5428 terram
1727 5370 1827 5424 sibi

260 5464 508 5517 creditam
537 5462 606 5518 ab
643 5464 899 5534 agricola,
928 5474 1185 5535 expurgat
1209 5473 1264 5520 et
1289 5472 1558 5534 operatur.
1605 5461 1827 5518 Sustulit

261 5556 459 5608 semina
488 5555 808 5621 adulterina,
837 5555 904 5612 de
924 5567 1119 5612 caetero
1145 5565 1296 5628 rogat
1323 5565 1379 5611 ut
1400 5571 1553 5612 veras
1579 5565 1632 5611 et
1657 5555 1830 5610 since—

256 5662 336 5700 ras
380 5649 592 5718 plantas
636 5653 857 5704 teneat:
891 5648 1076 5716 Ertote,
1118 5650 1303 5718 inquit,
1349 5647 1565 5718 benigni.
1608 5645 1738 5702 Nam
1778 5645 1824 5700 si

1139 277 1201 332 IN
1240 277 1457 334 EPIST.
1503 277 1592 331 AD
1633 275 1824 332 EPHE!

1932 276 2064 332 ἊΡ.
2113 277 2197 332 ιγ.
2244 278 2466 336 ιιοιιιι..
2511 281 2648 338 XVI.
3401 288 3499 342 lli

1931 369 2098 438 Spinis
2127 373 2322 426 evulsis
2349 383 2486 428 terra
2519 384 2728 429 mani-at
2754 377 2958 438 otiosa,
3002 379 3128 433 feret
3163 397 3346 436 rursus
3376 383 3500 435 lii-r-

1928 459 2026 514 bas
2079 461 2310 516 inutiles.
2364 464 2718 530 Quamobrem
2772 468 2886 536 ejus
2935 471 3086 537 quies
3121 479 3176 524 et
3215 472 3377 524 otium
3420 482 3502 526 est

1929 553 2404 620 prmoccupandum
2460 555 2719 610 bonorum
2772 559 3035 612 seminum
3091 570 3146 614 et
3199 561 3497 628 plantarum

1927 640 2244 710 dejectione.
2277 645 2499 700 Sustulit
2525 647 2674 712 iram,
2711 650 2882 715 posuit
2913 650 3288 718 benignitatem
3321 667 3333 702 :
3367 665 3490 703 sus-

1929 734 2045 788 tulit
2089 737 2516 804 amaritudinem,
2553 741 2727 806 posuit
2767 740 3184 795 misericordiam
3214 759 3226 792 :
3258 742 3497 796 exsecuit

1930 825 2112 878 vitium
2157 837 2208 880 et
2249 827 2652 896 blasphemiam,
2679 831 2934 898 plantavit
2959 832 3163 886 veniam
3191 849 3203 884 :
3229 831 3326 885 hoc
3355 833 3494 886 enim

1927 926 2009 969 est
2049 917 2197 981 illttd,
2235 918 2489 974 Donantes
2527 921 2754 974 invicem.
2787 922 2989 988 Estote,
3025 924 3214 991 inquit,
3248 924 3498 992 propensi

1928 1008 1992 1062 ad
2022 1011 2421 1078 ignoscendum.
2471 1011 2595 1066 llzrc
2631 1018 2774 1066 enim
2816 1015 2978 1081 gratia
3019 1023 3103 1068 est
3145 1015 3314 1084 major
3341 1030 3496 1084 quam

1928 1113 2044 1167 qua:
2067 1108 2147 1152 est
2174 1100 2224 1152 in
2255 1101 2509 1169 pecuniis.
2532 1100 2663 1155 Nam
2686 1103 2773 1171 qui
2807 1103 3026 1156 remittit
3050 1106 3298 1173 pecunias
3317 1106 3387 1171 ei,
3409 1105 3498 1175 qui

1927 1188 1993 1242 ab
2029 1189 2143 1258 ipso
2169 1191 2373 1257 accepit
2401 1190 2622 1253 fmuori,
2655 1191 2850 1244 bonum
2889 1192 3100 1261 quidem
3134 1193 3256 1246 facit
3283 1209 3416 1263 opus
3445 1203 3500 1248 et

1927 1278 2268 1345 admirabile;
2314 1281 2408 1336 sed
2449 1281 2692 1351 pervenit
2728 1281 2794 1335 ad
2841 1297 3034 1352 corpus
3082 1299 3248 1352 usque
3291 1284 3498 1354 gratia,

1928 1370 2134 1425 etiamsi
2159 1372 2259 1427 sibi
2287 1372 2461 1428 reddit
2491 1374 2974 1430 remunerationem
2999 1375 3050 1428 in
3079 1374 3233 1428 donis
3253 1375 3499 1443 spiritua-

1929 1461 2070 1517 libus
2096 1470 2152 1516 et
2178 1478 2295 1532 qua:
2326 1472 2570 1533 spectant
2597 1465 2828 1518 animum
2860 1483 2873 1518 :
2911 1466 2997 1534 qui
3026 1473 3203 1519 autem
3235 1464 3502 1519 condouat

1930 1562 2166 1623 peccata,
2197 1561 2251 1607 et
2277 1568 2429 1608 suam
2453 1553 2602 1622 juvat
2629 1555 2884 1620 animam,
2913 1564 2968 1609 et
3000 1555 3137 1609 illius
3165 1555 3254 1623 qui
3290 1555 3499 1609 veniam

1929 1651 2010 1697 est
2035 1651 2355 1712 assequutus
2385 1661 2397 1696 :
2428 1643 2529 1698 hoc
2558 1645 2700 1698 enim
2731 1645 2888 1698 modo
2914 1661 3019 1698 non
3048 1645 3220 1700 solum
3243 1650 3497 1712 seipsum,

1930 1734 2024 1790 sed
2052 1734 2196 1789 illum
2225 1749 2436 1805 quoque
2461 1735 2583 1789 facit
2605 1736 2866 1789 mitiorem
2885 1745 2937 1790 et
2959 1737 3358 1791 modestiorem.
3382 1735 3496 1792 Non

1929 1831 2072 1884 enim
2109 1830 2178 1883 ita
2205 1844 2298 1884 eos
2321 1829 2408 1900 qui
2441 1829 2686 1898 injuriam
2731 1829 2970 1883 fecerunt
3012 1839 3412 1898 persequentes,
3442 1838 3501 1882 ut

1929 1921 2009 1976 eis
2033 1923 2416 1986 condonantes,
2441 1936 2625 1976 eorum
2658 1920 2965 1974 mordemus
2989 1921 3218 1985 animos,
3245 1920 3498 1988 pudorem

1931 2011 2268 2066 incutientes.
2294 2011 2426 2066 Nam
2453 2010 2544 2065 illo
2565 2010 2775 2084 quidem
2804 2008 2961 2064 modo
2989 2023 3160 2078 neque
3191 2008 3343 2062 nobis
3375 2007 3502 2077 ipsis

1929 2115 2103 2172 neque
2129 2101 2236 2155 illis
2260 2114 2578 2172 prosumus,
2615 2099 2710 2154 sed
2752 2099 2991 2168 utrisque
3025 2098 3296 2162 obsumus,
3333 2095 3502 2166 utqui

1929 2209 2037 2250 non
2065 2207 2218 2248 secus
2243 2203 2403 2262 atque
2438 2191 2746 2247 Iudaeorum
2779 2191 3046 2260 principes
3069 2231 3083 2254 ,
3123 2204 3504 2259 persequamur

1932 2287 2441 2352 remunerationem,
2479 2291 2534 2339 ct
2575 2283 2630 2338 in
2670 2283 2775 2337 illis
2815 2283 2947 2336 iram
2989 2285 3342 2338 accendamus
3375 2298 3388 2332 :
3419 2280 3502 2334 sin

1931 2386 2108 2432 autem
2154 2377 2371 2431 lenitate
2413 2384 2469 2432 el.
2509 2374 2794 2430 clementia
2840 2373 3194 2442 rependamus
3232 2371 3499 2439 injuriam,

1931 2470 2102 2526 soluta
2125 2468 2268 2522 omni
2295 2466 2411 2537 ejus
2432 2467 2530 2531 ira,
2557 2465 2695 2535 apud
2720 2465 2891 2534 ipsum
2913 2464 3100 2519 sedere
3123 2462 3344 2516 ferimus
3365 2461 3502 2530 judi-

1931 2566 2096 2628 cium,
2128 2576 2225 2630 pro
2258 2560 2411 2614 nobis
2438 2559 2617 2614 ferens
2643 2557 2986 2618 sententiam,
3010 2563 3063 2608 et
3088 2555 3301 2623 gravius
3332 2554 3501 2622 ip~um

1932 2667 2092 2722 qttam
2123 2665 2218 2704 nos
2246 2649 2629 2703 condcmnans.
2657 2647 2903 2714 Seipsum
2931 2645 3074 2698 enim
3103 2644 3500 2704 condemnabit,

1929 2749 1987 2798 et
2014 2755 2227 2794 omnem
2255 2747 2459 2808 qureret
2483 2734 2838 2798 occasionem,
2866 2748 2958 2802 per
2982 2747 3137 2801 quam
3165 2746 3284 2785 cum
3317 2731 3504 2798 majori

1935 2846 2182 2887 mensura
2207 2831 2394 2885 reddet
2416 2828 2648 2884 lenitatis
2671 2834 2725 2882 et
2751 2824 3020 2895 patientizr
3043 2832 3248 2893 partem
3268 2837 3384 2891 quae
3405 2821 3502 2875 fuit

1933 2925 2034 2980 sibi
2061 2924 2181 2978 data
2210 2921 2401 2978 fmnori
2431 2938 2446 2976 :
2474 2930 2530 2974 ut
2565 2918 2656 2990 qui
2696 2917 2830 2971 sciat
2864 2915 3026 2985 quod,
3069 2915 3114 2970 si
3160 2929 3254 2983 par
3290 2912 3501 2982 quidem

1935 3013 2257 3079 reddiderit,
2296 3026 2362 3066 eo
2405 3019 2580 3064 tamen
2609 3017 2690 3063 est
2717 3007 2935 3062 inferior
2954 3005 3092 3076 quod
3119 3019 3222 3059 non
3256 3005 3367 3074 ipse
3389 3017 3505 3059 cm-

1933 3106 2090 3178 pcrit,
2123 3105 2214 3160 sed
2240 3118 2303 3158 eo
2338 3101 2477 3172 quod
2520 3099 2820 3168 exemplum
2850 3113 2880 3151 a
2907 3097 3058 3152 nobis
3087 3097 3370 3165 acceperit,
3406 3095 3506 3148 mi-

1935 3211 2035 3252 nus
2076 3193 2276 3251 ferens.
2321 3191 2566 3247 Studium
2597 3204 2724 3259 ergo
2750 3197 2908 3257 ponet
2949 3195 3006 3242 ut
3045 3186 3248 3241 semina
3290 3195 3506 3254 superet

1934 3299 2205 3347 mensura,
2235 3293 2292 3337 tit
2329 3283 2706 3336 detrimentum
2747 3278 2886 3349 quod
2928 3279 3122 3347 petitur
3155 3294 3218 3331 ex
3261 3292 3326 3332 eo
3361 3277 3503 3347 quod

1934 3374 2200 3431 secundus
2229 3375 2434 3427 venerit
2459 3370 2524 3424 ad
2556 3369 3070 3434 remunerationem,
3102 3367 3249 3423 tollat
3274 3383 3503 3437 exsupeo

1935 3464 2140 3519 ratione
2170 3458 2612 3516 remunerationis
2633 3501 2648 3525 ,
2680 3471 2732 3514 et
2762 3457 2900 3526 quod
2931 3473 2997 3512 ex
3037 3466 3273 3527 tempore
3309 3457 3502 3512 factum

1933 3563 2018 3611 cst
2043 3553 2424 3608 detrimentum
2457 3549 2571 3620 ejus
2609 3549 2698 3619 qui
2741 3549 2886 3618 prius
2924 3548 3060 3602 male
3101 3562 3287 3617 passus
3315 3557 3416 3612 est,
3451 3547 3502 3599 id

1931 3659 2216 3701 commune
2243 3645 2399 3698 faciat
2421 3659 2484 3698 ex
2513 3657 2716 3696 summa
2740 3641 2954 3696 lenitati:
2975 3651 3026 3695 et
3047 3640 3346 3694 clementia.
3371 3638 3502 3693 Nam

1935 3739 2197 3800 homines,
2222 3733 2433 3805 quando
2453 3744 2572 3788 sunt
2593 3733 2726 3804 grati
2748 3743 2802 3787 et
2823 3747 3085 3786 memores
3107 3730 3370 3796 beneficii,
3396 3744 3504 3784 non

1934 3836 2042 3882 tam
2081 3827 2433 3896 ingemiscunt
2466 3825 2536 3879 ob
2565 3825 2722 3888 mala,
2752 3839 2908 3894 quam
2940 3822 3010 3878 ob
3039 3823 3172 3876 bona
3201 3838 3318 3890 qua:
3347 3837 3502 3877 acce-

1935 3930 2124 3993 perunt
2154 3921 2220 3975 ab
2262 3920 2326 3974 iis
2367 3920 2451 3990 qui
2495 3929 2618 3973 sunt
2654 3917 2827 3972 all‘ecti
2869 3916 3081 3985 injuria.
3124 3915 3334 3970 Etenim
3373 3913 3502 3970 illud

1935 3999 2164 4080 nequitia
2189 4053 2202 4075 ,
2245 4012 2345 4064 hoc
2387 4007 2677 4078 opprobrio
2706 4018 2758 4063 et
2790 4009 2894 4061 risu
2926 4008 3135 4077 plenum
3176 4016 3278 4072 est,
3308 4021 3427 4061 cum
3460 4006 3503 4061 is

1933 4103 2019 4171 qui
2052 4102 2362 4156 beneficium
2390 4102 2624 4170 accepit,
2657 4115 2760 4154 non
2793 4098 3054 4168 rependit.
3097 4097 3226 4151 Nam
3260 4097 3359 4150 hoc
3386 4098 3504 4166 qui-

1935 4193 2055 4247 dem
2087 4193 2244 4246 habet
2277 4191 2508 4246 laudem.
2540 4192 2776 4259 plausum
2808 4200 2860 4244 et
2889 4189 3405 4243 commendationem
3436 4189 3506 4242 ab

1933 4283 2213 4345 omnibus,
2241 4281 2381 4351 quod
2413 4281 2548 4335 male
2585 4294 2771 4348 passus
2798 4294 2892 4348 par
2918 4280 3023 4347 pari
3056 4293 3159 4330 non
3193 4277 3504 4331 reddiderit.

1935 4373 2158 4442 Propter
2190 4376 2290 4426 hoc
2313 4373 2542 4424 maxime
2573 4369 2900 4424 mordentur.
2935 4369 3312 4436 Quamobrem,
3345 4370 3386 4421 si
3416 4384 3507 4422 ve-

1935 4465 2001 4519 lis
2025 4462 2230 4528 ulcisci,
2262 4461 2360 4515 hoc
2384 4459 2542 4514 modo
2567 4460 2822 4513 ulciscere
2855 4475 2869 4510 :
2904 4459 3038 4511 mala
3072 4457 3302 4526 repende
3330 4457 3502 4523 bonis,

1937 4564 1994 4608 ut
2023 4568 2143 4608 eum
2173 4551 2365 4606 reddas
2388 4550 2704 4611 debitorem,
2728 4560 2775 4603 et
2805 4548 3101 4602 admirabili
3132 4547 3311 4601 vincas
3341 4549 3507 4602 victo-

1938 4644 2036 4698 ria.
2061 4643 2195 4697 Male
2217 4655 2401 4711 passus
2427 4639 2518 4694 es?
2539 4639 2679 4693 Bene
2703 4638 2783 4693 fac
2807 4657 2819 4692 :
2845 4639 2913 4691 ita
2937 4637 3206 4692 inimicum
3227 4637 3502 4695 ulciscere.

1938 4735 2068 4790 Nam
2117 4734 2160 4788 si
2213 4733 2356 4786 illum
2398 4731 2608 4802 quidem
2652 4730 3004 4800 persequaris,
3037 4743 3221 4784 omnes
3265 4741 3320 4785 et
3362 4739 3414 4784 te
3452 4740 3508 4786 et

1939 4827 2090 4882 illum
2134 4825 2377 4879 similiter
2407 4824 2750 4893 vituperant:
2780 4821 2862 4875 sin
2906 4829 3081 4877 autem
3128 4819 3303 4889 feras,
3350 4822 3506 4876 aliter

1939 4919 2030 4972 tibi
2071 4916 2283 4987 quidem
2329 4913 2650 4984 applaudent
2691 4921 2745 4967 et
2787 4922 2840 4968 te
2880 4912 3306 4978 admirabuntur,
3354 4911 3502 4966 illum

1936 5018 2111 5062 autem
2146 5005 2485 5060 accusabunt.

2007 5100 2057 5155 5.
2092 5097 2225 5165 Quid
2255 5107 2429 5150 autem
2457 5093 2628 5164 majus
2665 5094 2776 5149 fleri
2806 5093 3037 5164 potuerit
3067 5093 3282 5147 inimico
3301 5133 3316 5158 ,
3345 5107 3506 5161 quam

1938 5190 2118 5242 videre
2162 5188 2434 5240 inimicum
2463 5199 2580 5239 esse
2613 5183 2666 5238 in
2704 5184 3054 5237 admiratione
3080 5180 3216 5252 apud
3243 5195 3428 5234 omnes
3455 5191 3508 5237 et

1937 5283 1984 5337 ei
2015 5279 2299 5350 applaudi?
2341 5279 2465 5350 quid
2505 5279 2720 5333 inimico
2745 5276 2985 5331 acerbius
3009 5315 3024 5339 ,
3061 5288 3216 5344 quam
3245 5271 3424 5329 videre
3447 5289 3507 5330 se

1937 5373 2132 5444 probro
2171 5381 2225 5426 et
2262 5370 2584 5426 contumelia
2612 5369 2748 5424 afﬁci
2777 5369 2842 5422 ab
2871 5365 3136 5430 omnibus,
3167 5363 3378 5419 vidente
3401 5364 3505 5419 ini-

1936 5463 2113 5518 mico?
2141 5462 2197 5519 Si
2221 5462 2390 5532 ipsum
2418 5461 2707 5522 ulciscaris,
2735 5468 2788 5513 et
2813 5458 3036 5512 fortasse
3055 5456 3345 5523 damnaris,
3370 5467 3423 5512 et
3451 5467 3508 5511 tu

1937 5553 2081 5608 solus
2102 5553 2374 5607 ulcisceris
2404 5569 2416 5603 :
2447 5552 2526 5605 sin
2553 5560 2727 5604 autem
2755 5549 2802 5602 ei
2827 5549 3087 5610 remittas,
3115 5562 3302 5604 omnes
3330 5563 3425 5617 pro
3457 5560 3509 5603 to

1939 5645 2114 5715 ipsum
2138 5643 2467 5696 ulciscuntur
2497 5660 2507 5694 :
2543 5638 2680 5711 quod
2723 5636 2934 5710 quidem
2983 5649 3062 5694 est
3100 5639 3310 5710 gravius
3349 5653 3506 5693 quam
