4042 6212
447 223 548 276 H5

448 341 586 393 male
613 338 740 406 pati.
767 336 908 407 quod
941 331 1420 392 scilicet'inimicus
1463 333 1652 388 habeat
1693 342 1802 387 tam
1841 331 2036 387 multos

449 431 537 499 qui
569 429 742 498 ipsum
772 428 1120 484 ulciscuntur.
1146 426 1202 482 Si
1231 436 1284 480 tu
1312 440 1373 479 os
1395 426 1624 494 aperias,
1645 424 1720 478 illi
1745 423 1994 479 tacebunt
2019 439 2032 476 :

367 531 369 533 '
449 524 532 576 sin
561 532 736 575 autem
767 529 822 574 ιιι
850 529 1048 583 taceas,
1069 533 1173 571 non
1204 517 1384 586 utique
1415 530 1521 569 uno
1548 529 1663 581 ore,
1687 513 1782 569 scd
1808 513 2038 568 aliorum

455 632 576 671 eum
606 615 764 669 feries
789 610 1288 672 innumerabilibus,
1311 617 1366 663 et
1395 608 1561 677 magis
1583 606 1875 662 ulcisceris.
1901 606 1965 659 Et
1989 613 2041 658 te

453 708 665 778 quidem
694 707 888 775 probro
906 713 958 758 et
978 700 1296 757 contumelia
1325 706 1685 768 appetentem,
1707 697 1858 752 multi
1883 711 2042 751 accu-

455 809 604 862 sant;
637 797 817 850 dicunt
843 794 984 847 enim
1010 806 1130 847 esse
1153 790 1310 845 verba
1337 789 1558 844 affectus
1585 805 1598 841 :
1629 787 1839 859 quando
1864 797 2046 840 autem

457 888 545 958 qui
574 886 715 939 nulla
747 885 969 938 allectus
998 894 1082 938 est
1109 883 1299 950 injuria
1323 881 1373 935 in
1397 896 1519 936 eum
1557 881 1751 950 probra
1777 879 1970 948 ingerit
1992 886 2047 932 et

457 977 834 1041 contumelias,
866 986 991 1031 tunc
1035 976 1170 1030 ultio
1196 983 1277 1030 est
1315 975 1548 1029 maxime
1589 973 1754 1028 libera
1802 973 1869 1026 ab
1897 969 2044 1026 omni

459 1069 782 1137 suspicione.
815 1067 1040 1135 Quando
1065 1066 1206 1120 enim
1240 1065 1330 1134 qui
1376 1065 1506 1119 nihil
1536 1079 1697 1134 grave
1723 1071 1846 1118 sunt
1871 1062 2045 1130 passi,

464 1172 684 1230 prepter
716 1175 979 1214 summam
1025 1167 1170 1212 tuam
1201 1159 1473 1214 lenitatem
1496 1199 1510 1223 ,
1558 1165 1823 1227 tamquam
1856 1153 2048 1225 injuria

467 1251 645 1306 allecti
676 1250 834 1306 simul
857 1250 1040 1305 dolent
1076 1259 1128 1304 et
1154 1248 1624 1314 commiserautur,
1667 1247 1734 1301 ab
1777 1245 1925 1300 omni
1956 1260 2051 1298 su-

464 1344 704 1412 spicione
733 1357 862 1412 pura
891 1342 1006 1397 haec
1026 1341 1278 1396 vindicta.
1299 1338 1438 1408 Quid
1468 1354 1614 1404 vero,
1648 1337 1838 1406 inquit,
1863 1337 1906 1390 si
1935 1336 2054 1390 uul-

467 1434 551 1488 lus
576 1432 903 1488 ulciscatur?
933 1432 1072 1487 Fieri
1119 1447 1225 1486 non
1259 1440 1436 1499 potest
1467 1438 1524 1484 ut
1549 1428 1795 1482 homines
1823 1429 1933 1482 sint
1974 1429 2054 1482 la-

469 1524 647 1594 pidei,
697 1531 750 1578 et
779 1538 883 1576 non
929 1521 1261 1576 admirentur
1292 1519 1532 1574 videntes
1573 1529 1775 1573 tantam
1819 1517 2056 1586 philoso-

471 1615 650 1682 phiam
679 1631 692 1666 :
723 1625 777 1668 et
813 1613 860 1668 si
891 1621 1015 1668 tunc
1062 1627 1169 1666 non
1213 1612 1557 1675 ulciscantur,
1591 1622 1772 1681 postea
1802 1620 1978 1664 tamen
2005 1608 2055 1663 id

483 1707 682 1762 faciunt
737 1721 796 1761 re
844 1720 1139 1774 perpensa,
1189 1704 1336 1758 illum
1391 1703 1615 1757 irrident
1658 1712 1712 1758 et
1759 1700 2058 1756 maledictis

481 1809 755 1870 appetunt.
783 1797 934 1864 Quod
960 1797 1002 1850 si
1048 1797 1207 1850 etiam
1259 1796 1433 1849 nullus
1460 1794 1594 1848 alius
1637 1805 1689 1849 te
1729 1793 2059 1857 admiretur,

479 1890 567 1945 ille
595 1892 707 1959 ipse
739 1899 788 1944 tc
820 1888 1038 1943 omnino
1069 1887 1450 1952 admirabitur,
1495 1885 1706 1940 etiamsi
1756 1899 1861 1938 non
1901 1883 2061 1937 dicat.

483 1981 610 2050 Ejus
658 1979 800 2034 enim
832 1977 972 2047 quod
1006 1977 1204 2031 bonum
1233 1985 1287 2029 et
1316 1975 1598 2030 honestum
1641 1981 1726 2028 est
1771 1973 2063 2042 judicium,

481 2070 693 2124 etiamsi
720 2069 1028 2123 venerimus
1060 2068 1110 2120 in
1149 2067 1324 2135 ipsum
1348 2065 1461 2121 vitii
1515 2063 1859 2134 profundum,
1890 2072 2070 2118 manet

484 2161 876 2228 incorruptum,
909 2171 1006 2211 nec
1034 2166 1208 2226 potest
1235 2157 1486 2226 perverti.
1518 2155 1649 2210 Nam
1681 2171 1778 2210 cur
1797 2155 2072 2210 existimas

487 2251 771 2305 Dominum
803 2258 1041 2302 nostrum
1082 2247 1262 2302 Jesum
1306 2247 1577 2301 Christum
1624 2247 1737 2301 hare
1765 2247 1977 2312 dicere,
2011 2246 2072 2300 Si

488 2341 599 2409 quis
630 2350 676 2392 te
716 2340 1013 2409 percusserit
1042 2338 1095 2392 in
1128 2339 1383 2393 dexteram
1411 2338 1675 2392 maxillam
1719 2347 1878 2404 tuam,
1908 2337 2074 2407 pra’be

491 2432 536 2484 ei
563 2442 608 2484 et
634 2432 847 2484 alteram
876 2430 1100 2500 (Matth.
1126 2430 1179 2484 5.
1213 2431 1280 2484 59
1300 2431 1354 2502 )?
1392 2446 1569 2485 nonne
1601 2431 1852 2500 quoniam
1881 2430 1924 2483 si
1955 2429 2075 2500 quis

494 2520 654 2576 fuerit
685 2522 822 2576 leuis
848 2530 902 2575 et
924 2522 1152 2591 patiens,
1183 2535 1251 2576 eo
1282 2521 1536 2590 majorem
1559 2531 1612 2576 et
1635 2521 1733 2576 sibi
1755 2531 1808 2574 et
1833 2521 1907 2574 illi
1937 2529 2074 2574 attu-

496 2613 620 2668 lerit
650 2611 970 2666 utilitatem?
1009 2613 1294 2682 Propterea
1325 2622 1377 2667 et
1403 2612 1558 2666 aliam
1581 2612 1738 2682 jussit
1773 2612 2074 2674 obvertere,

499 2715 554 2759 ut
592 2705 707 2773 ejus
735 2705 822 2773 qui
851 2705 1097 2760 irascitur
1126 2706 1344 2766 impleat
1386 2706 1750 2774 cupiditatem.
1779 2705 1908 2772 Quis
1935 2707 2074 2760 enim

419 2866 427 2873 _
497 2806 576 2851 est
605 2797 739 2850 adeo
770 2796 932 2859 ferus,
958 2807 1015 2851 ut
1036 2796 1144 2866 jam
1167 2797 1370 2867 pudore
1399 2812 1502 2852 non
1524 2797 1890 2852 sulfundatur?
1911 2797 2080 2852 Canes

502 2887 752 2942 dicuntur
779 2887 881 2941 hoc
909 2886 1084 2941 facere
1117 2905 1130 2941 :
1162 2889 1204 2941 si
1231 2888 1426 2942 latrent
1449 2897 1502 2942 et
1529 2888 1798 2951 invadant,
1835 2889 1877 2942 is
1905 2899 2080 2944 autem

502 2978 584 3030 cui
611 2978 859 3032 allatrant
881 3018 897 3044 ,
929 2992 987 3034 se
1014 2978 1261 3047 supinum
1311 2979 1566 3048 ahjecerit
1607 2987 1656 3034 et
1689 2980 1820 3034 nihil
1863 2981 2079 3047 fecerit,

506 3078 670 3120 totam
718 3068 848 3121 iram
894 3069 1198 3138 exstinguit.
1249 3068 1304 3122 Si
1332 3084 1458 3139 ergo
1491 3069 1564 3123 illi
1593 3085 1715 3124 eum
1751 3070 1838 3140 qni
1868 3069 1934 3123 ab
1958 3070 2085 3139 ipsis

511 3170 722 3228 paratus
749 3172 831 3214 est
877 3160 981 3229 pati
1013 3169 1326 3214 reverentur
1351 3201 1362 3222 ,
1397 3161 1562 3214 multo
1592 3160 1758 3230 magis
1785 3177 1952 3229 genus
1983 3161 2084 3215 hu-

511 3266 724 3305 manum
746 3251 886 3320 quod
909 3258 986 3305 est
1017 3249 1184 3320 magis
1213 3251 1476 3320 particeps
1506 3251 1741 3305 rationis.
1777 3251 1882 3306 Sed
1911 3267 2088 3320 opera:

513 3345 739 3412 pretium
789 3352 869 3398 est
922 3358 1025 3397 non
1085 3345 1357 3412 praeterire
1389 3343 1439 3397 id
1468 3343 1608 3412 quod
1641 3359 1809 3414 nuper
1847 3345 1990 3398 venit
2036 3344 2088 3397 in

515 3443 770 3499 utentem,
802 3443 855 3488 et
889 3433 1175 3488 adductum
1206 3445 1284 3489 est
1329 3436 1380 3490 in
1413 3437 1795 3490 testimonium.
1828 3435 1961 3502 Quid
1992 3435 2093 3490 hoc

1151 219 1206 276 S.
1249 219 1526 276 JOANNIS
1563 215 2029 278 CHRYSOSTOMI
2069 214 2385 273 ARClllEP.
2427 215 2956 273 CONSTANTINOP.

3629 219 3729 276 HG

2141 331 2261 385 est?
2290 330 2604 385 Dicebamus
2625 331 2689 386 de
2710 330 2910 388 Judaeis
2935 340 2989 386 et
3014 345 3198 386 eorum
3216 331 3563 402 principibus,
3588 334 3730 404 quod

2143 431 2495 491 arguerentur
2521 431 2579 476 ut
2606 421 2695 492 qui
2735 431 3191 492 persequerentur
3219 422 3411 478 similis
3442 438 3611 492 paena:
3647 440 3732 479 reo

2146 514 2396 569 lationem
2423 524 2477 570 et
2506 515 2756 570 talionem
2796 534 2808 569 :
2838 516 2938 571 etsi
2970 516 3054 570 lex
3084 517 3163 572 eis
3195 517 3557 587 permittebat,
3591 516 3727 573 Ocu-

2148 605 2252 660 lum
2297 623 2388 674 pro
2440 606 2617 673 oculo,
2678 607 2876 660 dentem
2931 623 3022 676 pro
3072 606 3218 663 dente
3263 607 3461 680 (Leuit.
3491 607 3580 663 24.
3639 610 3727 672 1ος

2151 696 2303 750 Deut.
2332 697 2416 752 l9.
2459 695 2521 751 2l
2549 699 2602 768 );
2636 697 2729 752 sed
2754 713 2858 752 non
2910 706 2967 752 ut
2990 697 3126 752 alter
3145 698 3366 752 alterius
3393 700 3579 753 oculos
3604 699 3738 754 cffo—

2149 786 2369 852 derent,
2422 803 2606 842 verum
2651 798 2708 842 ut
2758 798 2901 842 metu
2929 788 3191 858 patiendi,
3243 788 3478 843 cohibita
3511 789 3739 846 faciendi

2151 880 2394 944 audacia,
2421 896 2596 951 neque
2635 880 2831 952 aliquid
2865 881 2990 936 mali
3014 880 3249 937 facerent
3269 881 3408 948 aliis,
3441 898 3611 953 neque
3635 883 3738 952 ipsi

2155 978 2466 1039 paterentur
2519 971 2586 1026 ab
2629 971 2768 1026 aliis.
2819 971 3108 1042 Propterea
3159 971 3340 1027 dixit:
3374 971 3590 1028 Oculum
3644 991 3740 1040 pro

2153 1065 2298 1119 oculo
2318 1082 2336 1118 :
2359 1074 2414 1119 ut
2438 1065 2581 1119 illius
2606 1064 2797 1134 ligaret
2817 1082 3032 1132 manus,
3061 1082 3165 1122 non
3190 1077 3247 1121 ut
3268 1077 3386 1122 tuas
3403 1079 3586 1123 contra
3605 1068 3742 1123 edu-

2155 1168 2333 1222 ceret;
2353 1173 2456 1212 non
2484 1167 2541 1212 ut
2568 1158 2739 1212 solum
2761 1167 2969 1213 arceret
2991 1159 3268 1214 oculorum
3293 1169 3504 1214 tuorum
3525 1175 3740 1224 noxam,

2157 1249 2251 1303 sed
2285 1249 2527 1304 utetiam
2572 1249 2714 1304 illius
2753 1251 2940 1304 oculos
2988 1250 3168 1305 salvos
3222 1259 3588 1305 conservaret.
3636 1251 3744 1307 Sed

2157 1337 2298 1408 quod
2326 1339 2655 1408 quaerebam,
2688 1355 2918 1410 quanam
2946 1340 3014 1396 de
3042 1355 3201 1396 causa
3227 1357 3349 1396 cum
3378 1341 3456 1396 eis
3481 1356 3743 1397 concessa

2158 1439 2300 1484 esset
2318 1431 2465 1496 ultio,
2498 1430 2857 1500 arguebantur
2877 1433 2964 1502 qui
2982 1446 3046 1486 ea
3072 1432 3153 1487 usi
3184 1433 3339 1486 sunt?
3363 1432 3613 1502 quidnam
3643 1432 3749 1488 hoc

2160 1523 2275 1574 est?
2305 1519 2401 1574 Hic
2432 1520 2560 1575 dicit
2586 1521 2796 1591 injuriae
2819 1530 3054 1590 accepta:
3081 1523 3418 1577 memoriam.
3451 1522 3584 1577 Nam
3617 1538 3749 1576 con-

2162 1611 2304 1666 cedit
2325 1612 2541 1682 quidem
2571 1623 2629 1667 ut
2653 1613 2741 1683 qui
2766 1628 2955 1682 passus
2978 1623 3079 1680 est,
3114 1617 3290 1668 statim
3315 1625 3461 1686 agat,
3496 1615 3669 1679 illum,
3689 1622 3755 1668 ut

2163 1702 2294 1769 dixi,
2328 1703 2564 1758 retinens
2589 1719 2652 1758 ac
2673 1705 3006 1775 reprimens;
3037 1721 3141 1759 non
3179 1707 3438 1775 permittit
3459 1717 3636 1764 autem
3669 1711 3754 1764 in-

2161 1792 2316 1862 juria:
2341 1802 2574 1862 accepta:
2596 1808 2716 1848 esse
2751 1809 3044 1850 memorem
3077 1818 3091 1850 :
3121 1811 3228 1851 non
3265 1807 3350 1852 est
3389 1798 3531 1853 enim
3562 1800 3611 1854 id
3640 1816 3758 1855 am-

2170 1884 2308 1953 plius
2340 1884 2454 1948 inc,
2484 1900 2657 1954 neque
2683 1883 2938 1939 ferventis
2966 1886 3214 1956 impetus,
3246 1887 3341 1942 sed
3370 1888 3607 1944 meditati
3633 1905 3758 1946 scc-

2170 1976 2316 2031 leris.
2351 1976 2494 2031 Deus
2513 1985 2688 2031 autem
2713 1979 2777 2031 iis
2805 1978 3046 2048 ignoscit,
3079 1994 3212 2049 quos
3229 1981 3452 2050 arripuit
3475 1982 3757 2037 insolentis

2171 2069 2508 2123 contumelia
2536 2069 2787 2134 insultus,
2815 2078 2869 2125 et
2909 2070 2974 2125 ad
3020 2070 3275 2126 ultionem
3325 2081 3453 2127 sunt
3506 2073 3754 2128 incitati:

2176 2157 2298 2213 ideo
2325 2159 2473 2221 dicit,
2509 2157 2727 2214 Oculum
2773 2177 2865 2231 pro
2892 2161 3072 2227 oculo;
3101 2171 3156 2218 et
3193 2177 3406 2226 rursus,
3451 2163 3556 2218 Vite
3583 2181 3761 2218 eorum

2175 2251 2262 2322 qui
2289 2261 2404 2305 sunt
2443 2253 2645 2322 injuriw
2676 2269 2937 2320 memores,
2963 2264 3078 2307 sunt
3102 2254 3171 2306 ad
3207 2265 3416 2309 mortem
3442 2257 3460 2325 (
3486 2255 3636 2310 Prov.
3667 2257 3755 2311 l2.

2178 2343 2303 2412 29).
2347 2343 2402 2398 Si
2436 2360 2562 2398 vero
2593 2344 2679 2397 uhi
2731 2344 2926 2398 licebat
2953 2344 3167 2399 oculum
3210 2361 3401 2400 eruere
3429 2361 3527 2417 pro
3566 2347 3759 2410 oculo,

2183 2444 2381 2487 tantum
2401 2433 2713 2503 proponitur
2733 2433 3046 2503 supplicium
3071 2435 3154 2500 iis,
3175 2435 3262 2505 qui
3289 2443 3523 2506 accepta:
3555 2436 3764 2504 injuria

2180 2532 2298 2578 sunt
2329 2539 2616 2588 memores,
2647 2534 2844 2594 quanto
2874 2525 3044 2594 magis
3092 2527 3177 2592 iis,
3212 2527 3404 2596 quibus
3445 2527 3651 2596 jussum
3681 2539 3768 2582 est

2183 2631 2240 2671 se
2268 2617 2507 2686 praebere
2536 2625 2748 2686 paratos
2777 2617 2842 2671 ad
2870 2617 3216 2686 patiendum?
3242 2618 3318 2674 Ne
3341 2620 3505 2673 simus
3527 2634 3656 2689 ergo
3686 2619 3772 2672 iu-

2177 2708 2334 2778 juriae
2363 2723 2662 2774 memores,
2717 2708 2810 2763 sed
2865 2709 2997 2762 iram
3026 2710 3464 2779 exstingnamus,
3514 2718 3574 2764 ut
3617 2709 3766 2780 digni

2185 2814 2501 2854 censeamnr
2556 2800 2647 2870 qui
2694 2799 2812 2868 ejus
2871 2814 3264 2870 consequamur
3318 2800 3768 2854 misericordiam.

2190 2891 2325 2946 Nam
2351 2909 2470 2962 qua,
2499 2893 2690 2962 inquit,
2715 2909 2948 2946 mensura
2977 2892 3238 2957 metimini,
3271 2908 3330 2945 ea
3350 2891 3486 2946 vobis
3515 2891 3762 2960 repende-

2189 2993 2292 3048 tur,
2326 2992 2373 3037 et
2399 2984 2449 3036 in
2466 2999 2562 3054 quo
2580 2982 2782 3053 judicio
2803 2983 3074 3054 judicatis,
3093 2981 3443 3046 iudicabimini
3467 2980 3687 3050 (Matth.
3712 2981 3769 3036 7.

2189 3076 2276 3147 2).
2303 3078 2480 3132 Simus
2507 3077 2666 3147 igitur
2690 3091 2814 3144 erga
2855 3089 3142 3130 conservos
3187 3073 3582 3139 misericordes,
3613 3082 3670 3127 ut
3719 3082 3778 3126 et

2191 3183 2284 3222 eos
2311 3168 2400 3237 qui
2439 3178 2562 3223 sunt
2591 3169 2641 3222 in
2682 3167 2932 3238 prtesenti
2961 3167 3064 3220 vita
3088 3166 3309 3236 laqueos
3341 3165 3655 3235 ctlugiamus
3675 3205 3691 3229 ,
3723 3175 3780 3218 et

2195 3261 2244 3315 iu
2269 3260 2355 3315 die
2385 3260 2568 3315 futuro
2593 3259 2661 3314 ab
2681 3275 2746 3314 eo
2769 3259 2976 3314 veniam
2996 3273 3371 3328 assequamur,
3401 3256 3568 3326 gratia
3594 3263 3646 3311 et
3676 3256 3778 3310 be-

2197 3353 2473 3421 nignitate,
2502 3361 2604 3406 etc.

1854 3615 2198 3675 HOMILIA
2245 3613 2440 3673 XVII.

511 3733 642 3788 CAP.
684 3739 736 3790 ι.
778 3753 830 3792 v.
871 3737 959 3792 52.
1003 3737 1176 3790 Estote
1199 3746 1366 3789 autem
1406 3735 1615 3788 invicem
1652 3733 1873 3806 benigni,
1901 3734 2096 3786 miseri-

586 3825 782 3890 cordes,
814 3825 1059 3878 donantes
1103 3827 1338 3888 invicem,
1392 3825 1519 3878 sicut
1560 3834 1606 3876 et
1634 3822 1775 3876 Deus
1815 3825 1868 3875 in
1897 3821 2096 3877 Christo

587 3913 792 3967 donavit
839 3914 996 3968 vobis.
1028 3914 1155 3968 CAP.
1188 3915 1242 3970 5.
1285 3929 1335 3966 v.
1383 3914 1432 3968 l.
1473 3912 1648 3968 Estote
1676 3928 1794 3982 ergo
1823 3913 2096 3968 imitatores

594 4003 704 4070 Dei,
734 4004 860 4058 sicut
883 4005 978 4071 ﬁlii
1003 4005 1271 4066 carissimi,
1292 4004 1346 4060 2.
1374 4013 1420 4058 et
1441 4003 1694 4058 ambulate
1719 4005 1772 4056 in
1809 4003 2094 4068 dilectione,

589 4097 717 4152 sicut
742 4106 786 4150 et
817 4095 1046 4162 Christus
1090 4096 1270 4150 dilexit
1300 4113 1411 4160 nos,
1442 4104 1488 4150 et
1529 4096 1736 4149 tradidit
1775 4097 2098 4162 semetipsum

595 4207 685 4255 pro
709 4189 851 4244 nobis
875 4189 1178 4244 oblationem
1206 4199 1252 4242 et
1278 4189 1496 4243 hostium
1526 4188 1628 4242 Deo
1659 4189 1711 4241 in
1739 4187 1946 4242 odorem
1979 4205 2099 4244 sua-

593 4282 784 4334 vitatis.
1917 4327 1920 4331 .

600 4376 649 4427 1.
696 4372 966 4428 Prmterita
995 4374 1253 4443 majorem
1279 4373 1386 4428 vim
1419 4373 1616 4429 habent
1644 4388 1802 4442 quam
1828 4373 2025 4438 futura,
2047 4381 2102 4427 et

523 4463 775 4517 videntur
799 4478 920 4518 esse
959 4463 1355 4518 admirabiliora
1383 4474 1435 4518 et
1461 4464 1826 4520 eredibiliora.
1869 4464 1938 4518 Et
1981 4463 2102 4518 ideo

525 4555 721 4609 Paulus
748 4555 1177 4610 adhortationem
1199 4571 1265 4610 ex
1289 4555 1352 4608 iis
1385 4555 1509 4608 facit
1547 4570 1665 4624 qua:
1705 4553 1951 4608 fuerunt:
1978 4568 2100 4607 nam

525 4645 615 4698 illa
643 4644 856 4714 quidem
899 4647 1153 4716 majorem
1181 4648 1289 4702 vim
1320 4645 1520 4701 habent
1549 4655 1766 4716 propter
1805 4645 2102 4702 Christum.

527 4731 658 4787 Nam
685 4733 1174 4799 dicerezRemitte,
1215 4749 1268 4791 et
1294 4737 1593 4792 remittetur
1634 4737 1760 4803 tibi;
1789 4745 1865 4805 et,
1910 4735 1966 4792 Si
1997 4753 2104 4791 non

527 4825 867 4888 remiseritis,
896 4841 1000 4880 non
1028 4829 1326 4884 remittetur
1351 4829 1503 4884 vobis
1531 4829 1741 4900 (Matth.
1772 4829 1826 4884 6.
1860 4829 1950 4884 14.
1980 4829 2104 4898 15);

527 4916 577 4971 si
604 4917 812 4971 dicatur
833 4917 1048 4985 quidem
1076 4917 1207 4973 viris
1239 4918 1576 4988 pltilosOphis
1595 4928 1648 4972 et
1676 4917 1848 4973 futura
1877 4918 2104 4974 creden-

529 5006 694 5073 tibus,
713 5007 935 5060 multum
965 5016 1169 5075 potest:
1198 5008 1392 5062 Paulus
1414 5017 1592 5064 autem
1615 5024 1719 5063 non
1741 5024 1806 5064 ex
1828 5007 1912 5063 his
1933 5009 2106 5063 solum

533 5097 722 5152 incutit
753 5095 1029 5167 pudorem,
1055 5095 1149 5150 sed
1177 5095 1336 5150 etiam
1366 5112 1430 5150 ex
1457 5096 1524 5151 iis
1563 5113 1681 5169 qua:
1717 5099 1950 5154 fuerunt.
1974 5096 2106 5152 Nam

534 5187 664 5241 illud
693 5187 906 5260 quidem
934 5193 1016 5240 est
1048 5184 1232 5255 fugere
1258 5185 1605 5255 supplicium;
1645 5187 1747 5242 hoc
1785 5197 1961 5244 autem
1989 5203 2108 5242 esse

537 5276 660 5334 boui
689 5279 913 5348 alicujus
955 5277 1287 5347 participem.
1336 5275 1548 5333 Imitare
1592 5277 1883 5345 Christum,
1913 5279 2106 5350 inquit.

537 5365 650 5420 l-loc
688 5369 858 5422 solum
911 5368 1107 5424 sufﬁcit
1151 5367 1218 5422 ad
1271 5367 1662 5424 exhortandum
1713 5370 1778 5424 ad
1826 5370 2107 5433 virtutem,

539 5460 706 5514 Deum
733 5461 928 5515 imitari
953 5481 966 5516 :
999 5462 1101 5518 hoc
1130 5462 1301 5532 majus
1325 5471 1407 5517 est
1449 5462 1560 5528 illo,
1589 5478 1800 5534 nempe,
1813 5462 1912 5528 Qui
1953 5463 2108 5516 solem

535 5550 658 5621 facit
684 5551 806 5604 oriri
831 5569 982 5622 super
1007 5553 1166 5607 malos
1189 5563 1234 5608 et
1257 5552 1436 5620 bonos,
1463 5562 1509 5605 et
1539 5552 1669 5622 pluit
1693 5570 1845 5623 super
1864 5553 2034 5623 justos
2065 5561 2110 5606 et

532 5643 750 5712 injustas
773 5641 981 5699 (Matth.
1006 5645 1058 5700 5.
1089 5646 1198 5715 45).
1219 5645 1336 5700 Non
1353 5647 1495 5700 enim
1515 5645 1646 5700 dixit
1672 5646 1843 5700 solum
1869 5655 1922 5700 ut
1945 5645 2107 5698 Deum

2203 3734 2490 3799 imitemur,
2521 3733 2613 3788 sed
2658 3734 2708 3787 in
2758 3733 2842 3799 iis,
2884 3732 2939 3787 in
2982 3731 3174 3803 quibus
3200 3731 3461 3786 beneﬁcio
3487 3728 3780 3794 afﬁcimur,

2201 3826 2316 3879 vult
2342 3841 2440 3878 nos
2479 3826 2616 3878 inter
2652 3839 2748 3877 nos
2789 3823 2988 3878 habere
3040 3823 3243 3878 viscera
3291 3831 3532 3891 patrum:
3572 3821 3784 3875 viscera

2200 3917 2343 3972 enim
2373 3916 2486 3970 hrrc
2513 3915 2764 3970 dicuntur
2800 3915 3103 3970 humanitas
3127 3924 3182 3972 et
3212 3913 3604 3970 miserationes.
3643 3911 3784 3966 Nam

2202 4009 2450 4080 quoniam
2484 4007 2595 4062 fieri
2620 4022 2724 4061 non
2748 4016 2922 4077 potest
2949 4016 3006 4061 ut
3031 4023 3150 4062 cum
3183 4006 3349 4060 simus
3371 4006 3639 4066 homines,
3670 4018 3781 4057 nec

2203 4099 2415 4154 molesti
2460 4099 2649 4161 simus,
2693 4113 2792 4154 nec
2842 4098 3085 4153 moIeSIia
3132 4097 3451 4159 afﬁciamur,
3481 4094 3784 4150 scctmdum

2205 4190 2408 4246 invenit
2432 4190 2904 4256 medicamentum,
2937 4199 2995 4244 ut
3021 4189 3160 4244 dona
3192 4188 3344 4242 nobis
3380 4199 3564 4240 mutuo
3588 4187 3783 4239 confe-

2204 4300 2418 4339 ramus:
2443 4282 2726 4348 Donantes,
2759 4283 2949 4352 inquit,
2980 4283 3214 4338 invicem.
3244 4279 3400 4350 Atqui
3425 4279 3642 4332 minime
3659 4287 3788 4332 sunt

2207 4376 2386 4444 paria:
2420 4390 2540 4429 nam
2567 4375 2610 4428 si
2640 4383 2694 4428 tu
2723 4389 2864 4428 nunc
2892 4373 3104 4442 quidem
3137 4372 3306 4426 dones
3344 4385 3407 4424 ac
3441 4369 3787 4440 gratiliceris,

2208 4467 2298 4520 ille
2337 4480 2522 4520 rursus
2563 4466 2654 4519 tibi
2679 4464 2897 4519 donabit
2921 4474 2976 4519 et
3009 4463 3431 4534 'gratificabitnr;
3468 4461 3576 4515 Deo
3602 4470 3787 4514 autem

2209 4555 2343 4610 nihil
2371 4555 2580 4610 donasti
2607 4572 2619 4607 :
2650 4563 2704 4608 et
2734 4565 2786 4608 tu
2830 4554 3044 4624 quidem
3095 4568 3388 4616 conservo;
3421 4552 3562 4606 Dens
3603 4560 3788 4604 autem

2209 4661 2365 4701 servo
2391 4656 2445 4701 et
2469 4647 2706 4708 inimico,
2730 4655 2785 4700 et
2805 4647 2850 4699 ei
2882 4646 2974 4715 qui
3005 4646 3179 4714 ipsum
3211 4644 3342 4698 odit.
3375 4642 3524 4698 Sicut
3550 4649 3596 4694 et
3625 4640 3791 4706 Deus,

2211 4738 2400 4808 inquit,
2441 4738 2494 4792 in
2523 4738 2721 4792 Christo
2743 4737 2946 4791 donauit
2975 4736 3136 4790 nobis.
3157 4735 3268 4790 lloc
3293 4747 3504 4806 quoque
3530 4746 3788 4801 magnum

2210 4827 2374 4883 habet
2398 4827 2646 4898 aenigma.
2669 4827 2784 4882 Non
2807 4826 3138 4897 simpliciter,
3163 4825 3348 4895 inquit.
3385 4825 3503 4878 sine
3551 4821 3797 4892 periculo

2213 4920 2366 4974 nobis
2393 4919 2629 4984 donavit,
2663 4919 2757 4973 sed
2786 4934 2906 4974 cum
2941 4917 3176 4988 periculo
3201 4912 3343 4972 Filii.
3376 4913 3446 4971 Ut
3490 4913 3586 4968 tibi
3632 4913 3796 4981 igno-

2211 5019 2405 5076 sceret,
2453 5009 2769 5064 sacrilicavit
2816 5009 3054 5063 Filium:
3094 5017 3147 5062 tu
3195 5016 3370 5061 autem
3415 5020 3559 5074 saepe
3603 5004 3801 5057 videns

2213 5099 2657 5156 condonationem
2695 5112 2816 5152 esse
2859 5099 2976 5152 sine
3028 5097 3268 5167 periculo
3314 5105 3368 5150 et
3405 5095 3522 5150 sine
3553 5101 3796 5162 sumptu,

2213 5206 2321 5245 non
2352 5191 2499 5244 lacis.
2529 5189 2702 5244 Estote
2729 5206 2847 5260 ergo
2873 5191 3148 5244 imitatores
3175 5189 3293 5254 Dei,
3321 5189 3447 5241 sicut
3470 5187 3568 5256 filii
3590 5185 3802 5240 carissi-

2215 5283 2303 5346 mi,
2327 5290 2375 5334 et
2401 5281 2653 5334 ambulate
2680 5283 2733 5334 in
2763 5280 3050 5345 dilectione,
3089 5281 3216 5336 sicut
3253 5289 3301 5334 et
3345 5277 3577 5332 Christus
3615 5274 3807 5330 dilein

2215 5387 2327 5433 nos,
2360 5380 2405 5424 et
2431 5371 2641 5423 tradidit
2665 5372 2983 5439 semetipsum
3005 5386 3096 5438 pro
3122 5371 3263 5424 nobis
3291 5368 3595 5423 oblationem
3625 5376 3671 5420 et
3696 5365 3806 5419 Ito-

2216 5463 2363 5514 stiam
2394 5459 2499 5515 Deo
2544 5463 2596 5515 iu
2639 5461 2844 5515 odorem
2893 5460 3175 5514 suavitatis.
3208 5459 3284 5515 Nc
3311 5467 3488 5513 autem
3516 5455 3810 5512 existimes

2217 5567 2328 5606 rem
2353 5568 2470 5608 esse
2499 5552 2852 5618 necessitatis,
2881 5551 3002 5608 andi
3033 5551 3158 5623 quid
3185 5552 3345 5613 dicat.
3377 5549 3615 5620 Seipsstm
3637 5548 3812 5602 tradi-

2219 5644 2325 5709 dit;
2359 5661 2420 5700 ac
2465 5646 2509 5698 si
2551 5645 2773 5711 diceret,
2804 5643 2936 5700 Cum
2965 5660 3113 5701 esses
3165 5645 3427 5708 inimicus,
3463 5641 3720 5698 Dominus
3751 5651 3812 5698 te
