4046 6210
481 259 576 316 117

472 379 726 445 πρᾶγμα,
757 375 988 428 ἄκουσον
1015 377 1130 439 πῶς
1163 379 1260 448 οὐχ
1290 378 1495 442 ἁπλῶς,
1531 381 1643 433 ἀλλ’
1667 383 1748 434 ὅτι
1780 381 2033 434 Ἑαυτὸν

473 463 834 528 παρέδωκεν,
874 457 1052 516 εἶπεν·
1083 461 1215 516 ὡσεὶ
1244 464 1427 530 ἔλεγεν
1447 482 1460 496 ⁸
1492 465 1720 537 Ἐχθρὸν
1762 467 1895 521 ὅντα
1925 485 1982 520 σε
2013 468 2042 518 6

470 550 745 620 Δεσπότης
775 549 1081 620 ἠγάπησεν,
1113 549 1396 619 ἀγάπησον
1413 553 1476 604 σὺ
1499 551 1590 604 τὸν
1629 554 1781 622 φίλον
1802 571 1816 586 ο
1843 554 2043 623 μᾶλλον

471 635 527 688 δὲ
562 636 682 688 οὐδὲ
711 637 851 690 οὕτω
885 637 1110 707 δυνήσῃ,
1145 638 1284 706 πλὴν
1317 639 1432 690 ἀλλ’
1464 639 1538 702 ὼς
1559 641 1804 695 δύνασαι.
1837 641 2037 694 Βαϐαίί

472 719 524 770 τί
561 719 763 789 ταύτης
787 721 882 790 τῆς
919 722 1100 788 φωνῆς
1131 723 1542 794 μακαριώτερον
1568 725 1764 792 γένοιτ’
1795 725 1860 778 ἀν
1885 742 1900 791 ;
1927 724 2044 776 Κᾶν

475 806 748 873 βασιλείαν
791 808 969 878 εἴπῃς,
1003 806 1104 860 κᾶν
1148 809 1345 871 ὁτιοῦν,
1381 810 1532 862 οὐδὲν
1577 810 1709 865 ἴσον.
1758 811 1907 884 [122]
1941 812 2043 864 Τὸν

473 892 603 945 Θεὸν
633 895 794 963 μιμῇ,
825 895 902 962 τῷ
947 894 1066 964 Θεῴ
1099 894 1464 965 ἐξομοιοῦσαι,
1496 897 1622 949 ὅταν
1670 901 2035 969 συγχωρήσῃς

473 981 686 1050 ἐκείνῳ.
722 982 936 1035 Μᾶλλον
974 984 1349 1054 ἁμαρτήματα
1386 985 1466 1037 δεῖ
1496 991 1816 1056 συγχωρεῖν,
1845 987 1878 1056 ἦ
1913 988 2046 1056 χρήο

477 1085 646 1136 ματα.
677 1069 948 1139 Χρήματα
981 1071 1078 1140 μὲν
1110 1071 1218 1142 γὰρ
1250 1073 1344 1126 ὲάν
1389 1075 1766 1144 συγχωρήσῃς,
1795 1075 1891 1126 οὐκ
1920 1076 2044 1140 ἐμι-

475 1160 634 1228 μήσω
677 1159 766 1210 τὸν
801 1159 964 1212 Θεόν·
1014 1161 1390 1232 ἁμαρτήματα
1431 1163 1490 1215 δὲ
1525 1163 1620 1215 ἐὰν
1655 1165 2040 1236 συγχωρήσῃς,

473 1245 561 1296 τὸν
585 1246 715 1297 Θεὸν
747 1249 909 1315 μιμῇ.
946 1247 1091 1317 Πλὴν
1110 1248 1226 1310 πῶς
1256 1248 1457 1320 δυνήσῃ
1475 1249 1674 1319 λέγειν,
1712 1250 1887 1320 Πένης
1905 1252 2043 1320 είμὶ,

475 1332 567 1383 καὶ
617 1333 678 1384 οὐ
713 1331 947 1402 δύναμαι
995 1334 1382 1406 συγχωρῆσαι,
1426 1337 1553 1390 ὅταν
1589 1337 1684 1390 καὶ
1733 1336 1769 1390 ἀ
1819 1336 2043 1389 δύνασαι

477 1423 849 1489 συγχωρῆσαι,
889 1420 963 1492 μὴ
1001 1425 1382 1496 συγχωρήσῃς,
1421 1427 1516 1477 καὶ
1559 1424 1792 1478 ἐνταῦθα
1840 1425 2042 1495 ζημίαν

476 1507 604 1576 ἡγῇ,
662 1509 781 1576 οὐχὶ
813 1507 1042 1561 πλοῦτον
1099 1510 1318 1578 μᾶλλον,
1372 1510 1492 1580 οὐχὶ
1536 1513 1874 1581 περιουσίαν,
1921 1511 2041 1582 οὐχὶ

473 1594 772 1663 εὐπορίανς
806 1595 1057 1649 Γίνεσθε
1095 1592 1209 1650 οὖν
1255 1597 1502 1665 μιμηταί
1543 1599 1649 1652 τοῦ
1691 1599 1858 1653 Θεοῦ.
1911 1599 2041 1653 Ἰδοὺ

475 1679 570 1731 καὶ
591 1678 723 1747 ἄλλη
759 1679 1102 1747 παράκλησις
1139 1680 1516 1751 εὐγενεστέρα.
1557 1683 1651 1748 Ὠς
1677 1683 1859 1736 τέκνα
1903 1685 2045 1752 ἁγα-

474 1762 654 1822 πητὰ,
687 1764 872 1831 φησίν.
905 1763 1096 1831 Ἔχετε
1131 1765 1223 1816 καὶ
1254 1764 1417 1834 ἄλλην
1443 1765 1690 1836 ἀνάγκην
1720 1765 1813 1818 τοῦ
1861 1768 2044 1835 μιμεῖ-

475 1849 595 1900 σθαι
644 1848 830 1908 αὐτὸν,
869 1849 929 1901 οὐ
966 1850 1044 1919 τῷ
1080 1851 1273 1904 παθεῖν
1326 1847 1384 1904 εὖ
1423 1853 1604 1922 μόνον,
1645 1853 1780 1906 ἀλλά
1825 1854 1920 1906 καὶ
1966 1851 2044 1922 τῷ

471 1937 637 1990 τέκνα
671 1938 948 2005 γενέσθαι.
992 1939 1088 2005 Ὠς
1134 1941 1315 1994 τέκνα
1347 1942 1640 2010 ἀγαπητά.
1685 1941 1903 2012 Ἐπειδὴ
1934 1942 2043 2010 γάρ

469 2024 532 2076 οὐ
586 2025 788 2088 πάντες
833 2027 940 2079 υἱοὶ
979 2027 1106 2090 τοὺς
1155 2029 1405 2099 πατέρας
1460 2029 1776 2100 μιμοῦνται,
1829 2029 1944 2082 ἀλλ’
1994 2030 2045 2081 οί

471 2113 780 2182 ἀγαπητοὶ,
817 2113 904 2167 διὰ
952 2114 1108 2168 τοῦτό
1141 2131 1340 2185 φησιν·
1401 2117 1493 2182 Ὠς
1524 2117 1704 2170 τέκνα
1744 2116 2042 2185 ἀγαπητά.

471 2199 854 2266 Περιπατεῖτε
882 2199 951 2252 ἐν
979 2199 1203 2269 ἀγάπῃ.
1251 2201 1380 2255 Ἰδοὺ
1413 2203 1631 2255 πάντων
1674 2203 1707 2273 ἡ
1752 2202 2042 2266 ὑπόθεσις·

469 2287 666 2340 οὐκοῦν
687 2287 886 2356 ταύτης
908 2287 1096 2357 οὔσης,
1124 2289 1184 2341 οὐ
1211 2288 1399 2360 θυμὸς,
1423 2290 1522 2342 οὐκ
1537 2289 1696 2361 όργη,
1717 2290 1778 2342 οὐ
1807 2291 2043 2361 κραυγὴ,

469 2374 532 2426 οὐ
568 2373 905 2444 βλασφημία,
947 2374 1084 2427 ἀλλά
1132 2376 1313 2428 πάντα
1360 2375 1648 2446 ἀνῄρηται.
1692 2376 1784 2429 Διὸ
1819 2375 2047 2447 ὕστερον

469 2459 530 2513 τὸ
571 2461 860 2529 κεφάλαιον
889 2462 1092 2533 τίθησι.
1132 2463 1302 2516 Πόθεν
1338 2465 1524 2531 ἐγένου
1559 2464 1781 2530 τέκνον;
1826 2464 2044 2534 Ἐπειδὴ

473 2549 830 2620 συνεχωρήθη
866 2567 966 2604 σοι.
1006 2551 1139 2604 Ἀπὸ
1168 2553 1268 2621 τῆς
1289 2551 1619 2617 ὑποθέσεως,
1649 2554 1739 2621 ἀφ’
1764 2548 1831 2624 ἧς
1861 2552 2047 2606 τοσαύ-

467 2651 568 2704 της
597 2635 836 2706 ἡξιὼθης
863 2641 1046 2708 τιμῆς,
1084 2638 1192 2691 ἀπὸ
1232 2639 1332 2708 τῆς
1376 2639 1544 2710 αὐτῆς
1576 2641 1669 2692 καὶ
1706 2640 1783 2710 τῷ
1818 2640 2044 2710 πλησίον

472 2723 845 2795 συγχώρησον.
892 2727 1025 2779 Είπὲ
1052 2727 1115 2798 δή
1151 2745 1262 2798 μοι,
1295 2727 1350 2780 εί
1381 2730 1463 2792 τίς
1498 2745 1556 2780 σε
1583 2729 1865 2800 δεσμώτην
1892 2730 2041 2794 ὄντα,

469 2811 565 2864 καὶ
607 2812 816 2882 μυρίων
846 2813 1143 2868 ὑπεύθυνον
1163 2816 1372 2883 κακῶν,
1402 2817 1609 2886 ἢγαγεν
1655 2819 1747 2870 ἐπὶ
1779 2818 1848 2871 τά
1884 2818 2041 2888 βασί-

471 2898 592 2952 λεια
613 2915 626 2929 °
659 2900 860 2970 μᾶλλον
886 2901 942 2953 δὲ
966 2905 1123 2954 τοῦτο
1149 2903 1376 2973 ἀφῶμεν
1393 2921 1406 2933 °
1441 2905 1495 2956 εῖ
1512 2903 1596 2967 τίς
1624 2922 1684 2958 σε
1709 2907 2044 2975 πυρέττοντα

473 2989 565 3042 καί⁵
589 2987 1045 3060 ψυχορραγοῦντα
1074 2991 1322 3060 ὠφέλησε
1346 2993 1624 3066 φαρμάκῳ
1645 2996 1773 3056 τινὶ,
1807 2990 1916 3064 ἆρα
1943 2995 2044 3048 οὐκ

468 3075 534 3129 ἂν
559 3076 720 3128 αὐτὸν
748 3075 965 3129 πάντων
993 3077 1394 3150 προύτίμησας,
1424 3081 1516 3132 καὶ
1532 3079 1664 3133 αὐτὸ
1692 3080 1930 3149 τοῦνομα
1947 3082 2040 3134 τοῦ

472 3163 800 3232 φαρμάκου;
843 3161 905 3215 El
936 3163 1044 3234 γάρ
1074 3166 1299 3236 καιροὺς
1324 3166 1416 3218 καὶ
1444 3166 1661 3231 τόπους,
1701 3166 1768 3218 δι’
1793 3160 1866 3220 ὧν
1897 3167 2041 3234 ὠφε-

471 3248 727 3314 λούμεθα,
756 3249 931 3312 οὕτως
953 3250 1149 3320 ἔχομεν
1176 3251 1251 3314 ὡς
1276 3253 1374 3314 τάς
1399 3252 1608 3306 ἑαυτῶν
1635 3252 1834 3322 ψυχὰς,
1864 3253 2044 3323 πολλῷ

475 3335 673 3407 μᾶλλον
708 3335 846 3388 αὐτὰ
879 3337 948 3388 τά
977 3337 1299 3407 πράγματα.
1344 3338 1610 3410 Ἐραστὴς
1648 3339 1739 3391 ἔσο
1763 3339 1862 3410 τῆς
1901 3339 2040 3408 ἁγά-

472 3442 580 3495 πης
603 3441 619 3456 ο
645 3427 710 3477 δι’
737 3426 906 3496 αὐτῆς
938 3426 1046 3496 γάρ
1072 3427 1306 3499 ἐσώθης,
1334 3429 1403 3482 δι’
1429 3427 1598 3497 αὐτῆς
1627 3429 1741 3492 υἱὸς
1775 3430 2006 3497 γέγονας
2027 3444 2042 3459 ο

473 3509 573 3564 κᾶν
623 3511 810 3584 ἕτερον
863 3512 1100 3585 δυνηθῇς
1154 3514 1348 3582 σῶσαι,
1385 3518 1504 3587 οὐχὶ
1548 3516 1624 3586 τῷ
1672 3517 1819 3586 αὐτῷ
1864 3518 2044 3587 χρήσῃ

471 3602 748 3672 φαρμάκῳ
773 3644 785 3667 ,
837 3603 930 3657 καὶ
983 3606 1328 3672 παραινέσεις
1393 3609 1536 3662 πᾶσι,
1577 3606 1667 3670 τὸ,
1697 3607 1917 3675 Ἀφετε,
1958 3605 2044 3658 ἵνα

470 3689 644 3760 ἀφεθῇ
677 3692 839 3760 ὑμῖν;
895 3692 1266 3762 Εὐγνωμόνων
1315 3693 1503 3762 ψυχῶν
1549 3693 1705 3745 τοῦτο
1733 3734 1746 3757 ,
1785 3692 1845 3744 τὸ
1902 3691 2045 3744 οὕτω

473 3775 892 3844 προτρέπεσθαι,
938 3780 1031 3828 καὶ
1080 3779 1378 3848 ἐλευθέρων
1421 3778 1512 3830 καὶ
1549 3778 1804 3844 εὐγενῶν.
1836 3778 2042 3842 Καθὼς

470 3859 567 3910 καί
592 3863 626 3912 ό
652 3861 895 3928 Χριςτὸς
926 3863 1244 3930 ἠγάπησεν
1268 3861 1444 3932 ἡμᾶς,
1465 3865 1616 3936 φησί.
1644 3866 1714 3917 Σὺ
1740 3865 1848 3916 τῶν
1877 3864 2043 3932 φίλων

470 3947 650 4019 φείδῃ,
683 3950 887 4012 ἐκεῖνος
909 3949 1019 4003 τῶν
1044 3950 1285 4022 ἐχθρῶν·
1325 3953 1521 4004 οὐκοῦν
1557 3954 1736 4024 πολλῷ
1775 3953 1956 4024 μεῖζον
1985 3955 2045 4006 τὸ

471 4034 622 4103 παρά
652 4036 744 4088 τοῦ
777 4038 1048 4090 Δεσπότου
1077 4040 1378 4109 γινόμενον.
1412 4040 1483 4093 Τὸ
1505 4042 1632 4111 γὰρ,
1669 4042 1894 4108 Καθὼς,
1928 4043 2044 4104 πῶς

473 4117 703 4184 σώζεται
735 4131 785 4186 ⁸;
819 4117 894 4174 Ἶ·1
935 4123 1093 4194 δῆλον
1119 4125 1221 4189 ὄτι,
1250 4127 1344 4179 ἐὰν
1372 4127 1501 4188 τοὺς
1531 4129 1760 4198 ἐχθροὺς
1782 4125 1840 4181 εὖ
1877 4129 2046 4180 ποιῶ-

473 4223 591 4276 μεν.
610 4208 717 4261 Καὶ
744 4209 1086 4276 παρέδωκεν
1105 4212 1320 4266 ἑαυτὸν
1344 4215 1693 4283 προσφορὰν
1711 4215 1808 4267 καὶ
1829 4216 2048 4269 θυσίαν

467 4293 550 4362 τῷ
587 4295 709 4362 Θεῷ
741 4301 827 4364 εἰς
854 4299 1051 4369 ὀσμὴν
1081 4301 1352 4368 εὐωδίας.
1394 4302 1555 4374 Ὁρᾷς
1583 4305 1643 4356 τὸ
1666 4303 1805 4374 ὑπὲρ
1841 4303 2047 4374 ἐχθρῶν

469 4386 682 4444 παθεῖν,
723 4387 804 4438 ὅτι
846 4387 988 4459 ὀσμὴ
1017 4390 1246 4454 εὐωδίας
1287 4392 1422 4455 ἐστὶ,
1447 4393 1539 4444 καὶ
1565 4391 1724 4444 θυσία
1754 4393 2047 4463 εὐπρόσδε-

469 4489 627 4538 κτος;
672 4475 788 4528 Κᾶν
828 4477 1134 4550 ἀποθάνῃς,
1164 4481 1283 4533 τότε
1320 4481 1418 4553 ἔσῃ
1453 4480 1644 4535 θυσία·
1676 4482 1836 4535 τοῦτο
1873 4483 2046 4553 μιμή-

469 4563 666 4615 σασθαί
696 4565 811 4617 ἐστι
843 4565 935 4618 τὸν
975 4567 1127 4621 Θεόν.
1175 4571 1431 4636 Πορνεία
1462 4570 1530 4624 δὲ
1573 4572 1672 4625 καὶ
1705 4571 1874 4627 πᾶσα
1902 4573 2046 4626 ἀκα-

468 4649 708 4714 θαρσία,
751 4651 786 4717 ἢ
818 4653 1160 4718 πλεονεξία,
1189 4657 1342 4726 μηδὲ
1374 4657 1749 4726 ὀνομαζέσθω
1782 4661 1851 4712 ἐν
1882 4660 2041 4728 ὑμῖν,

469 4732 662 4800 καθὼς
687 4737 896 4803 πρέπει
926 4741 1136 4808 ἁγίοις.

540 4903 673 4962 Eine
707 4909 836 4979 περί⁸
877 4909 971 4962 τοῦ
1021 4911 1218 4980 πικροῦ
1261 4912 1462 4972 πάθους
1495 4910 1590 4965 τοῦ
1633 4911 1841 4982 θυμοῦ’
1883 4909 2044 4982 ἦλθεν

467 4995 561 5048 ἐπί
585 4996 646 5049 τὸ
677 4991 841 5069 ἦττον
871 4996 1060 5050 κακόν.
1096 4999 1215 5050 ’Ὁτι
1249 4999 1354 5070 γὰρ
1389 4995 1550 5069 ἦττον
1581 5000 1749 5052 κακὸν
1784 5001 1817 5070 ἡ
1850 5000 2040 5054 ἐπιθυ-

471 5082 590 5150 μία,
623 5083 789 5136 ἄκουε
813 5084 907 5136 καὶ
936 5085 994 5136 ἐν
1020 5085 1098 5154 τῷ
1131 5086 1281 5156 νόμῳ
1307 5087 1584 5150 Μωῦσέως
1613 5087 1865 5155 λέγοντος
1886 5089 2041 5159 πρῶ·-

467 5185 582 5234 τον,
620 5173 702 5226 οὐ
735 5173 1074 5241 φονεύσεις,
1107 5173 1243 5242 ὅπερ
1276 5174 1392 5226 ἐστὶ
1425 5173 1516 5226 τοῦ
1544 5175 1739 5246 θυμοῦ,
1777 5176 1870 5230 καὶ
1895 5177 2040 5241 τότε,

472 5257 555 5309 οὐ
578 5259 942 5327 μοιχεύσεις,
970 5261 1110 5330 ὅπερ
1141 5260 1256 5313 ἐστὶ
1292 5260 1392 5330 τῆς
1425 5259 1741 5332 ἐπιθυμίας.
1773 5263 2042 5336 Καθάπερ

468 5342 579 5414 γὰρ
608 5344 642 5413 ἡ
679 5347 872 5416 πικρία
909 5347 1000 5400 καὶ
1050 5350 1080 5418 ἡ
1119 5349 1334 5419 κραυγὴ
1388 5349 1485 5401 καὶ
1533 5352 1684 5403 πᾶσα
1743 5352 1909 5405 κακία
1947 5353 2042 5405 καὶ

469 5429 811 5500 βλασφημία.
861 5435 958 5488 καὶ
985 5435 1084 5490 ὃσα
1127 5436 1374 5502 τοιαῦτα,
1423 5436 1518 5490 τοῦ
1555 5436 1834 5508 θυμώδους
1861 5441 2040 5494 ἐστίν’

537 5625 554 5645 ⁶
577 5627 725 5693 Hal-3.
753 5629 924 5692 Sull,
945 5631 1038 5681 ποῦ
1061 5635 1271 5691 σώζεται.

1216 257 1273 314 S.
1306 259 1590 316 JOANNS
1621 259 2111 316 CHRYSOSTOMI
2143 259 2460 320 ABCIIIEP.
2503 262 3049 320 CONSTANTINOP.

3623 264 3727 320 118

2151 379 2293 433 οὕτω
2314 383 2407 435 καὶ
2428 381 2518 436 τοῦ
2543 381 2936 453 ἐπιθυμητικοῦ
2962 380 3111 454 [125]
3129 380 3372 451 πορνεία,
3390 381 3724 454 ἀκαθαρσία,

2152 463 2467 531 πλεονεξία·
2513 465 2589 536 τῷ
2630 468 2736 537 γὰρ
2771 467 2916 536 αὐτῷ
2971 468 3272 536 χρημάτων
3337 465 3573 536 ἐρῶμεν,
3628 469 3727 520 καὶ

2151 553 2438 621 σωμάτων.
2481 555 2618 606 Ἀλλ’
2653 554 2841 624 ῶσπερ
2877 557 2992 606 ἐκεῖ
3017 555 3114 623 τὴν
3149 552 3394 624 κραυγὴν
3427 555 3722 624 περιεῖλεν,

2148 637 2330 708 ὄχημα
2347 636 2508 692 οὖσαν
2532 641 2630 710 τῆς
2647 642 2834 711 ὀργῆς,
2853 641 2993 694 οὕτω
3006 642 3097 694 νῦν
3115 642 3212 711 τὴν
3231 641 3614 710 αἰσχρολογίαν
3629 641 3722 694 καὶ

2149 726 2508 796 εὐτραπελίαν
2535 727 2716 797 ὄχημα
2743 725 2906 780 οὖσαν
2928 729 3026 797 τῆς
3044 727 3315 799 πορνείας.
3341 729 3446 781 Καὶ
3468 729 3724 797 αἰσχρό-

2149 830 2251 878 της
2287 813 2416 883 γὰρ,
2457 816 2606 884 φησὶ,
2643 819 2735 869 καὶ
2763 817 3119 885 μωρολογία,
3155 817 3190 884 ἢ
3233 817 3614 884 εὐτραπελία,
3651 815 3727 868 τὰ

2150 901 2260 951 οὐκ
2277 898 2596 965 ἀνήκοντα,
2615 903 2774 956 ἀλλὰ
2791 903 3033 972 μᾶλλον
3052 905 3419 973 εὐχαριστία.
3448 904 3538 974 Μὴ
3562 905 3724 975 εῐπῃς

2151 987 2340 1038 ἀστεῖα
2354 988 2474 1056 μηδ’
2493 988 2714 1058 αἰσχρὰ,
2732 991 2864 1058 μηδέ
2880 990 3108 1062 πράξῃς,
3131 992 3221 1041 καὶ
3235 989 3594 1053 κατασϐέσεις
3620 991 3724 1059 τὴν

2151 1073 2342 1140 φλόγα.
2359 1073 2525 1140 Μηδὲ
2549 1073 2943 1142 ὀνομαζέσθω,
2963 1076 3146 1146 φησὶν,
3166 1077 3234 1129 ἐν
3253 1075 3395 1145 ὑμῖν
3411 1092 3422 1104 ·
3448 1077 3721 1139 τουτέστι,

2155 1157 2401 1228 μηδαμοῦ
2435 1159 2570 1230 μηδέ
2601 1160 2891 1227 φαινέσθω.
2926 1161 3096 1214 Τοῦτο
3118 1164 3210 1216 καί
3233 1162 3539 1233 Κορινθίοις
3570 1165 3719 1234 γρᾶο

2153 1263 2266 1314 φων
2319 1247 2538 1316 ἔλεγεν·
2597 1248 2792 1313 Ὀλως
2838 1250 3118 1304 ἀκούεται
3162 1252 3232 1304 ἐν
3260 1249 3402 1319 ὑμῖν
3446 1251 3721 1317 πορνεία.

2153 1333 2196 1384 Τ
2199 1333 2430 1397 ουτέστι,
2463 1335 2665 1399 Πάντες
2704 1335 2929 1408 καθαροὶ
2953 1338 3195 1405 γένεσθε.
3219 1339 3281 1390 Οἱ
3306 1339 3416 1408 γὰρ
3441 1337 3587 1405 λόγοι
3612 1336 3726 1388 τῶν

2154 1423 2492 1492 πραγμάτων
2537 1423 2675 1476 εἰσὶν
2717 1423 2844 1478 ὁδοί.
2877 1422 3011 1478 Εἶτα
3045 1426 3134 1479 ἴνα
3181 1426 3255 1496 μὴ
3294 1425 3421 1494 δόξῃ
3462 1423 3728 1495 φορτικός

2152 1525 2234 1573 τις
2278 1508 2417 1562 εἶναι
2473 1511 2566 1563 καὶ
2617 1510 2808 1582 βαρὺς,
2868 1513 2963 1565 καὶ
3011 1513 3369 1582 εὐτραπελίαν
3412 1512 3722 1572 ἐκκόπτων,

2152 1598 2400 1666 ἐπήγαγε
2448 1599 2539 1649 καὶ
2576 1597 2672 1668 τὴν
2713 1597 2910 1662 αἰτίαν,
2949 1597 3138 1663 εἰπὼν,
3177 1598 3253 1652 Τὰ
3275 1599 3360 1668 μὴ
3394 1598 3724 1664 ἀνήκοντα.

2149 1684 2218 1737 τὰ
2251 1685 2402 1738 οὐδὲν
2444 1685 2578 1756 πρὸς
2611 1687 2781 1756 ἡμᾶς,
2839 1687 3024 1758 φησὶν,
3055 1688 3216 1741 ἀλλὰ
3252 1686 3495 1756 μᾶλλον
3541 1688 3727 1754 ebla-

2144 1789 2367 1840 ριστια.

2219 1934 2282 2004 β’.
2303 1936 2366 1987 Τί
2383 1935 2580 2004 ὠφελεῖ
2603 1939 2662 1992 τὸ
2679 1939 2888 1990 ἀστεῖον
2907 1939 3107 2004 είπεῖνς
3126 1937 3342 1991 Γέλωτα
3363 1937 3616 2007 ἐκίνησας
3635 1935 3729 2005 μά

2149 2039 2258 2077 νον.
2290 2024 2424 2077 Εἰπέ
2455 2041 2565 2092 μοι,
2601 2024 2629 2076 6
2662 2026 2992 2097 σκυτοτόμος
3029 2027 3320 2097 ἐργάσεταί
3362 2026 3413 2078 τί
3447 2042 3576 2077 ποτε
3612 2025 3730 2077 τῶν

2149 2109 2246 2162 οὐκ
2298 2110 2608 2178 ἀνηκόντων
2632 2114 2710 2175 εἰς
2738 2113 2835 2182 τὴν
2868 2113 3029 2166 αὑτοῦ
3069 2113 3297 2182 τέχνην;
3323 2112 3356 2183 ἢ
3382 2111 3641 2181 κτήσεταί
3669 2127 3729 2164 τι

2148 2195 2387 2249 τοιοῦτον
2401 2197 2658 2268 δργανον;
2685 2198 2946 2268 Οὐδαμῶς
2961 2216 2974 2230 ·
3001 2200 3064 2252 τὰ
3082 2199 3188 2269 γάρ
3205 2201 3302 2252 οὐκ
3320 2200 3375 2250 ἐν
3389 2199 3547 2268 χρεία
3569 2197 3731 2250 οὐδὲν

2151 2284 2286 2353 πρὸς
2311 2286 2478 2354 ἡμᾶς.
2511 2285 2714 2351 Μηδεὶς
2742 2285 2882 2338 ἔστω
2911 2285 3069 2354 λόγος
3118 2288 3285 2358 ἀργός
3309 2302 3324 2316 ο
3353 2285 3460 2339 ἀπό
3485 2285 3593 2353 γὰρ
3625 2284 3728 2338 τοῦ

2149 2371 2320 2441 ἀργοῦ
2351 2373 2446 2424 καὶ
2473 2374 2554 2435 είς
2583 2373 2814 2435 ἀτόπους
2837 2375 3270 2444 καταπίπτομεν.
3330 2373 3402 2427 Οὐ
3428 2373 3731 2444 διαχύσεως

2149 2461 2176 2511 ὁ
2205 2458 2392 2529 παρὼν
2417 2459 2626 2529 καιρὸς,
2658 2460 2791 2512 ἀλλά
2811 2461 3056 2526 πένθους,
3083 2461 3313 2530 θλίψεων
3339 2460 3429 2512 καὶ
3451 2459 3726 2530 ὀδυρμῶνο

2151 2547 2214 2598 σὺ
2237 2546 2295 2598 δὲ
2322 2546 2692 2617 εὐτραπελεύῃ
2715 2564 2728 2612 ;
2754 2548 2848 2609 TE;
2868 2547 3102 2617 ἀθλητὴς
3132 2549 3210 2611 είς
3231 2549 3291 2599 τὸ
3315 2547 3525 2600 στάδιον
3549 2545 3730 2599 είσελο

2149 2631 2276 2695 θὼν,
2321 2634 2413 2686 καὶ
2441 2633 2539 2703 τὴν
2564 2633 2800 2701 ἀγωνίαν
2833 2635 2990 2701 ἀφεὶς
3013 2635 3111 2703 τὴν
3143 2633 3277 2703 πρὸς
3317 2633 3408 2686 τὸν
3433 2633 3727 2700 ἀντίδικον,

2148 2721 2339 2772 ἀστεῖα
2365 2719 2688 2788 φθέγγεται;
2726 2720 3058 2791 Ἐφέστηκεν
3090 2723 3118 2774 6
3141 2721 3405 2784 διάϐολος,
3436 2722 3729 2792 περιέρχε-

2146 2825 2237 2862 ται
2281 2808 2588 2879 ὠρυόμενος
2622 2809 2714 2862 τοῦ
2743 2811 3005 2880 ἁρπάσαι,
3054 2810 3230 2864 πάντα
3259 2813 3398 2863 κινεῖ
3427 2809 3519 2863 καὶ
3545 2811 3727 2863 πάντα

2149 2897 2368 2968 στρέφει
2407 2899 2546 2952 κατὰ
2585 2900 2682 2969 τῆς
2704 2900 2802 2971 σῆς
2837 2900 3095 2971 κεφαλῆς,
3141 2900 3234 2953 καὶ
3275 2903 3579 2970 μηχανᾶται
3625 2901 3728 2970 τῆς

2147 2985 2339 3048 καλιᾶς
2380 3004 2439 3039 σε
2485 2985 2752 3052 ἐκϐαλεῖν,
2786 2988 2960 3058 τρίζει
2998 2989 3124 3051 τοὺς
3151 2989 3388 3052 ὀδόντας,
3438 2987 3726 3058 βρυχᾶται,

2149 3073 2258 3145 πῦρ
2281 3077 2402 3128 πνεῖ
2422 3075 2560 3128 κατᾶ
2578 3076 2675 3145 τῆς
2707 3078 2978 3146 σωτηρίας
3000 3076 3096 3145 τῆς
3116 3075 3215 3145 σῆς
3236 3091 3248 3104 ·
3277 3076 3368 3128 καὶ
3395 3077 3458 3128 σὺ
3484 3075 3728 3145 κάθησαι

2148 3162 2338 3213 ἀστεῖα
2367 3162 2560 3229 λέγων,
2595 3164 2688 3215 καὶ
2739 3163 3084 3232 μωρολογῶν,
3115 3164 3209 3216 καὶ
3233 3163 3300 3216 τὰ
3334 3163 3408 3233 μὴ
3454 3164 3730 3233 ἀνήκοντα

2149 3249 2513 3318 φθεγγόμενος
2535 3267 2548 3315 ;
2571 3249 2762 3302 οὐκοῦν
2785 3250 2962 3312 καλῶς
2984 3251 3147 3304 αὐτοῦ
3173 3250 3548 3320 περιγενέσθαι
3566 3250 3732 3320 δυνήο

2151 3353 2252 3406 σῃ;
2305 3335 2597 3405 Παίζομεν,
2637 3337 2922 3405 ἀγαπητοί.
2956 3337 3143 3390 Βούλει
3179 3337 3368 3406 μαθεῖν
3412 3337 3520 3390 τῶν
3553 3336 3729 3404 ἁγίων

2147 3422 2243 3494 τὴν
2263 3421 2538 3492 διαγωγήν
2559 3439 2572 3487 ;
2605 3422 2765 3475 ἄκουε
2790 3423 3002 3476 Παύλου
3028 3424 3276 3491 λέγοντος
3295 3441 3306 3453 ·
3341 3427 3600 3491 Τριετίαν
3622 3424 3730 3477 νύ-

2149 3527 2261 3564 κτα
2301 3509 2400 3562 καί
2443 3510 2671 3578 ἡμέραν
2709 3512 2818 3564 οὐκ
2862 3511 3225 3580 ἐπαυσάμην
3260 3512 3411 3580 μετὰ
3453 3511 3730 3580 δακρύων

2148 3595 2446 3651 νουθετῶν
2469 3597 2576 3650 ἕνα
2598 3597 2860 3652 ἕκαστον
2887 3597 3074 3667 ὑμῶν.
3110 3598 3171 3651 Εἰ
3196 3600 3252 3653 δὲ
3278 3601 3418 3670 ὑπὲρ
3447 3599 3730 3668 Μιλησίων

2151 3686 2244 3738 καὶ
2289 3685 2551 3755 Ἐφεσίων
2581 3684 2817 3756 τοσαύτῃ
2842 3687 3108 3755 ἐχρήσατο
3140 3687 3362 3756 σπουδῇ,
3389 3687 3510 3755 οὐχὶ
3540 3687 3731 3738 ἀστεῖα

2151 3773 2342 3842 λέγων,
2371 3773 2505 3827 ἀλλά
2547 3775 2684 3844 μετὰ
2713 3775 2964 3845 δακρύων
2996 3774 3092 3839 τὴν
3121 3775 3401 3827 νουθεσίαν
3433 3777 3728 3844 εἰσφέρων,

2151 3861 2204 3914 τί
2223 3879 2287 3913 πε
2297 3861 2350 3929 pl
2364 3861 2471 3913 τῶν
2492 3861 2666 3914 ἄλλων
2679 3863 2820 3914 εῖποι
2833 3878 2916 3923 τις
2929 3861 3013 3925 ἄν;
3037 3863 3232 3915 ’Ἄκουε
3245 3862 3300 3914 δὲ
3314 3863 3405 3915 καὶ
3423 3862 3731 3930 Κορινθίοις

2149 3947 2202 3999 τί
2235 3960 2428 4016 φησιν·
2470 3948 2563 3998 Ἐκ
2594 3945 2833 4014 πολλῆς
2862 3948 3121 4014 θλίψεως
3159 3947 3259 4002 καὶ
3287 3945 3560 4015 συνοχῆς
3589 3963 3731 4012 καρ-

2149 4031 2281 4097 δίας
2297 4032 2529 4099 ἔγραψα
2555 4031 2692 4100 ὑμῖν
2710 4031 2807 4084 διὰ
2832 4032 3079 4086 πολλῶν
3093 4033 3366 4100 δακρύων
3387 4050 3401 4063 ο
3425 4033 3520 4085 καὶ
3539 4033 3725 4087 πάλιν·

2156 4121 2251 4184 Τίς
2277 4119 2538 4183 ἀσθενεῖ,
2567 4121 2664 4173 καὶ
2692 4123 2802 4174 οὐκ
2829 4120 3099 4185 ἀσθενῶ;
3131 4123 3220 4186 τίς
3242 4118 3726 4183 σκανδαλίζεται,

2152 4207 2251 4260 καὶ
2269 4209 2379 4260 οὐκ
2399 4207 2515 4276 ἐγὼ
2540 4207 2869 4275 πιφοῦμαι;
2892 4210 3088 4261 Ἀκουε
3111 4209 3167 4261 δὲ
3189 4208 3352 4261 αὐτοῦ
3380 4210 3474 4260 καὶ
3492 4206 3730 4276 ἀλλαχοῦ

2151 4295 2416 4363 λέγοντος,
2442 4296 2532 4348 καὶ
2549 4296 2669 4350 καθ’
2685 4296 2919 4364 ἑκάστην
2938 4296 3168 4366 ἡμέραν,
3191 4297 3266 4355 ὼς
3282 4296 3473 4358 είπεῖν,
3493 4293 3730 4359 ἐξελθεῖν

2153 4384 2217 4435 ἐκ
2238 4382 2327 4435 τοῦ
2348 4382 2552 4451 κόσμου
2572 4381 2966 4450 ἐπιθυμοῦντος
2985 4400 2999 4413 ·
3021 4383 3124 4436 Καὶ
3150 4382 3260 4453 γὰρ
3286 4381 3458 4451 ἡμεῖς
3479 4383 3532 4434 οἱ
3552 4381 3730 4447 ὄντες

2151 4470 2220 4522 ἐν
2238 4469 2315 4535 τῷ
2335 4471 2568 4535 σκήνει,
2594 4470 2975 4540 στενὰζῖτμεν.
3005 4471 3078 4525 Σὺ
3099 4471 3153 4524 δὲ
3169 4471 3328 4540 γελᾷς
3354 4471 3447 4524 καὶ
3474 4470 3685 4532 παίζεις
3712 4485 3727 4532 ;

2152 4558 2388 4628 πολέμου
2424 4559 2634 4628 καιρὸς,
2663 4559 2756 4612 καὶ
2787 4560 2851 4612 σὺ
2876 4560 2942 4613 τὰ
2969 4560 3075 4613 τῶν
3104 4559 3434 4630 χορευόντων
3472 4574 3730 4628 μεταχει-

2155 4644 2308 4717 ρίξῃς
2341 4646 2450 4715 Οὐχ
2483 4647 2614 4716 ὁρᾷς
2645 4645 2753 4698 τῶν
2776 4647 3153 4719 πολεμούντων
3179 4647 3249 4699 τά
3277 4647 3564 4716 πρόσωπα,
3610 4645 3732 4708 πῶς

2151 4733 2258 4783 εἱσι
2289 4732 2607 4802 σκυθρωπά,
2634 4733 2746 4796 πῶς
2784 4734 3116 4802 συνηγμένα,
3145 4734 3316 4803 ὀφρῦς
3337 4734 3447 4803 γὰρ
3478 4732 3605 4802 παρ’
3629 4733 3730 4785 αὐ-

2149 4821 2261 4881 τοῖς
2287 4819 2493 4890 φοϐερὰ
2523 4819 2616 4872 καὶ
2643 4819 2842 4892 φρίκης
2865 4822 3126 4891 γέμουσα.
3158 4821 3319 4892 Ὁρᾷς
3343 4820 3494 4889 όμμα
3520 4821 3728 4889 αὐστη-

2153 4909 2267 4978 ρὸν,
2309 4909 2534 4979 καρδίαν
2565 4910 2997 4982 διεγηγερμένην
3037 4911 3130 4964 καὶ
3165 4911 3418 4980 πηδῶσαν
3449 4909 3542 4962 καὶ
3569 4908 3730 4961 ἀλλο-

2155 4999 2343 5070 μένην,
2363 4997 2518 5071 [124]
2542 5000 2876 5070 συνηγμένον
2892 5000 3311 5072 νοῦν,τρέμοντα
3333 4999 3426 5052 καὶ
3449 4997 3730 5066 ἀγωνιῶν-

2149 5103 2236 5147 τα,
2254 5085 2449 5157 πολλὴν
2463 5086 2558 5156 τὴν
2571 5086 2842 5152 εὐταξίαν,
2862 5086 3057 5156 πολλὴν
3073 5087 3173 5157 τὴν
3185 5087 3505 5157 εὐρυθμίαν,
3522 5085 3729 5151 πολλὴν

2149 5174 2247 5243 τὴν
2281 5173 2436 5245 σιγὴν
2483 5177 2539 5228 ἐν
2572 5176 2683 5237 τοῖς
2718 5173 3130 5245 στρατοπέδοις·
3164 5174 3224 5226 οὺ
3270 5173 3432 5242 λέγω,
3465 5173 3604 5226 ῶστε
3637 5175 3729 5226 αίιο

2151 5260 2312 5332 σχρὺν
2342 5260 2495 5331 ῥῆμα
2513 5261 2585 5330 μὴ
2607 5263 2800 5322 εἰπεῖν,
2830 5261 2963 5314 ἀλλὰ
2997 5260 3131 5330 μηδέ
3155 5258 3341 5322 ἁπλῶς
3366 5257 3725 5328 φθέγξασθαι.

2151 5349 2213 5402 Εἰ
2245 5347 2352 5416 γὰρ
2389 5348 2520 5418 πρὸς
2552 5348 2840 5418 αἰσθητοὺς
2877 5348 3090 5419 ἔχοντες
3130 5347 3412 5417 πολεμίους
3437 5345 3463 5386 δ
3504 5347 3725 5409 ἐκεῖνοι,

2150 5647 2177 5695 ἆ
2209 5585 2240 5660 ξ
2267 5585 2571 5648 Legendum,
2606 5584 2768 5648 inquit
2796 5587 3024 5649 Dunaeus,
3050 5589 3088 5636 τί
3115 5589 3164 5636 δέ
3186 5589 3300 5650 πρὸς
3324 5587 3446 5635 αίσθ.
3471 5584 3544 5646 ἐκ.
3567 5586 3726 5635 νικὸν

2183 5663 2330 5695 γωνα.

2183 5663 2330 5706 γωναο
