4042 6212
270 306 382 361 H‘l

271 419 499 483 dilexit;
528 426 588 473 tu
610 414 774 485 dilige
798 411 1065 469 amicum:
1099 408 1208 462 imo
1231 422 1363 468 vero
1402 420 1501 467 nec
1526 405 1602 459 sic
1635 402 1858 474 poteris,

272 514 370 570 sed
391 512 477 566 fac
502 518 561 564 ut
598 516 774 579 potes.
804 503 994 574 Papml
1034 500 1164 572 qttid
1190 500 1290 555 bac
1324 513 1455 553 voce
1485 496 1717 567 potuerit
1743 508 1864 549 esse

271 603 527 671 beatius?
551 597 777 657 Etiamsi
806 610 1029 666 regnum
1060 593 1282 657 dixeris,
1324 590 1535 646 etiamsi
1563 587 1858 658 quodlibet,

275 713 387 755 non
432 701 562 750 sunt
611 691 799 761 paria.
827 687 998 743 Deum
1040 684 1302 748 imitaris,
1352 682 1465 743 Deo
1511 679 1863 746 assimilaris,

273 784 495 856 quando
544 760 623 837 illi
667 760 1080 835 condonaveris.
1125 773 1291 844 Magis
1334 781 1458 827 sunt
1510 769 1860 861 condonanda

276 885 495 945 peccata
522 886 683 943 quam
712 869 975 940 pecuniae.
1002 866 1137 923 Nam
1160 864 1415 936 pecunias
1439 861 1653 934 quidem
1680 862 1725 922 si
1741 875 1862 915 con-

272 968 518 1030 donaris.
549 966 715 1021 Deum
746 978 852 1021 non
893 959 1151 1023 imitaris;
1200 964 1420 1028 peccata
1446 965 1625 1010 autem
1654 953 1699 1008 si
1725 968 1861 1011 con-

274 1057 517 1122 donaris,
542 1056 770 1113 imitaris
793 1055 980 1109 Deum.
1010 1050 1117 1107 Sed
1133 1047 1404 1120 quomodo
1430 1045 1634 1116 poteris
1659 1047 1857 1100 dicere:

274 1149 407 1211 sum
436 1162 639 1218 pauper
659 1160 763 1203 nec
797 1156 1015 1214 possum
1058 1138 1387 1205 condonare,
1439 1136 1653 1207 quando
1695 1136 1857 1191 etiam

274 1254 396 1309 qua:
409 1246 560 1308 potes
577 1234 912 1298 condonare,
936 1247 1042 1287 non
1063 1230 1361 1293 eondonas,
1376 1237 1431 1283 et
1450 1237 1604 1298 putas
1630 1241 1750 1281 esse
1769 1225 1862 1280 da-

273 1345 483 1397 mnum,
505 1344 615 1384 non
638 1326 875 1389 divitias,
906 1337 1012 1379 non
1051 1321 1329 1377 facultates
1356 1327 1410 1376 el
1436 1318 1658 1389 cepias?
1680 1316 1859 1372 Estote

273 1439 394 1492 ergo
413 1422 693 1475 imitatores
726 1416 838 1471 Dei.
875 1416 1012 1470 Ecce
1034 1413 1140 1468 alia
1165 1425 1381 1484 quoque
1415 1409 1727 1480 generosior
1756 1422 1854 1470 cx-

276 1513 529 1569 bortatio.
559 1509 712 1566 Sicut
755 1508 853 1578 ﬁlii
879 1504 1147 1570 carissimi,
1191 1502 1385 1573 inquit.
1422 1500 1594 1568 Aliam
1646 1498 1854 1554 habetis

278 1602 649 1660 necessitatem
672 1598 790 1669 ejus
836 1594 1097 1661 imitandi,
1126 1607 1232 1648 non
1258 1592 1431 1650 solum
1459 1606 1525 1646 eo
1553 1589 1694 1659 quod
1737 1588 1855 1644 sitis

271 1693 453 1754 allecti
474 1689 770 1754 beneﬁciis,
792 1690 884 1743 sed
909 1694 966 1742 et
983 1684 1123 1756 quod
1145 1683 1266 1738 facti
1293 1681 1409 1737 sitis
1433 1681 1546 1737 filii.
1571 1680 1855 1750 Tamquam

269 1789 372 1856 ﬁlii
398 1784 666 1841 carissimi.
704 1780 839 1838 Nam
875 1778 1128 1850 quoniam
1161 1791 1268 1831 non
1297 1788 1485 1833 omnes
1516 1773 1612 1834 lilii
1642 1773 1856 1826 imitan-

270 1891 363 1934 tur
388 1885 595 1948 patres,
621 1873 714 1935 sed
735 1872 824 1944 qui
852 1880 980 1938 sunt
1002 1869 1202 1934 dilecti,
1229 1876 1511 1938 propterea
1534 1865 1682 1936 dicit,
1705 1864 1856 1923 Tam-

269 1984 437 2037 quam
458 1966 554 2036 ﬁlii
571 1964 756 2029 dilecti.
771 1962 1039 2019 Ambulate
1062 1960 1115 2015 in
1137 1959 1422 2025 dilectione.
1447 1957 1584 2012 Ecce
1614 1956 1851 2016 omnium

272 2058 706 2120 fundamentum.
733 2054 858 2117 llaac
884 2051 932 2108 si
958 2052 1049 2119 sit,
1078 2064 1188 2107 non
1215 2057 1298 2113 est
1325 2049 1403 2116 ira
1431 2062 1531 2104 nec
1561 2047 1854 2119 indignatio

266 2169 380 2211 nec
411 2152 614 2206 clamor
636 2163 734 2204 nec
758 2144 1115 2216 blasphemia,
1144 2142 1238 2198 sed
1267 2141 1475 2197 sublata
1497 2149 1623 2194 sunt
1645 2137 1848 2201 omnia.

270 2244 343 2305 Et
373 2244 497 2297 ideo
522 2249 682 2311 caput
709 2249 763 2299 et
794 2252 1059 2305 summam
1087 2235 1237 2305 ponit
1264 2232 1548 2304 posterius.
1573 2230 1851 2287 Undenam

271 2335 445 2391 factus
468 2349 528 2389 es
556 2331 728 2387 (ilius?
749 2330 1013 2398 Quoniam
1038 2327 1136 2387 fuit
1160 2325 1254 2389 tibi
1277 2324 1655 2390 condonatum.
1680 2322 1757 2387 ΕΧ
1784 2337 1855 2382 eo

269 2426 623 2481 fundamento
646 2438 715 2478 es
739 2436 849 2493 quo
873 2420 1119 2490 dignatus
1145 2432 1206 2472 es
1236 2423 1383 2471 tanto
1413 2414 1637 2477 honore,
1666 2428 1732 2469 ex
1754 2427 1851 2477 eo-

267 2520 397 2575 dch
425 2518 584 2572 etiam
607 2514 852 2571 condona
881 2511 1142 2582 proximo.
1174 2509 1268 2563 Dic
1289 2507 1418 2562 mihi
1439 2517 1616 2562 autem
1637 2523 1651 2559 :
1674 2506 1853 2578 siquis

270 2619 329 2664 te
351 2623 472 2662 cum
498 2622 650 2662 esses
675 2607 906 2672 vinctus,
931 2613 985 2659 et
1008 2600 1274 2658 obnoxius
1304 2600 1456 2655 malis
1495 2599 1854 2655 innumerabi-
1885 2642 1893 2649 .

269 2698 435 2763 libus,
462 2695 683 2752 adduxit
709 2694 778 2749 ad
807 2694 1045 2764 regiam;
1073 2691 1159 2750 vel
1186 2690 1361 2760 potius
1382 2689 1484 2743 hoc
1500 2688 1848 2757 dimittamus:

266 2789 319 2845 si
342 2789 461 2859 quis
503 2797 557 2842 te
596 2784 993 2850 febricitantem
1020 2793 1076 2838 et
1103 2781 1285 2844 animo
1310 2779 1644 2838 deficientem
1673 2779 1853 2850 aliquo

260 2878 496 2947 iuvisset
515 2875 930 2940 medicamento,
948 2888 1124 2927 annon
1144 2871 1318 2943 ipsum
1338 2870 1665 2940 prtetnlisscs
1679 2873 1854 2926 omni-

268 2970 395 3033 bus,
438 2977 492 3021 et
525 2967 700 3036 ipsum
729 2979 925 3020 nomen
953 2963 1363 3019 medicamenti?
1391 2962 1524 3016 Nam
1552 2963 1596 3016 si
1624 2962 1677 3017 in
1720 2970 1852 3016 tem-

267 3076 407 3130 pora
433 3069 487 3114 et
505 3061 643 3125 loca,
666 3074 764 3129 per
789 3073 908 3129 qua:
932 3057 1237 3126 accepimus
1261 3056 1564 3118 utilitatem,
1584 3055 1654 3108 ita
1677 3053 1849 3110 allecti

264 3165 461 3213 sumus
502 3150 641 3204 sicut
684 3150 738 3204 in
778 3158 990 3203 nostras
1029 3146 1256 3211 animas,
1288 3145 1456 3200 multo
1483 3145 1650 3214 magis
1680 3145 1731 3199 in
1764 3160 1851 3199 res

265 3242 434 3311 ipsas.
466 3240 554 3296 Sis
586 3249 793 3294 amator
816 3236 1084 3302 caritatis;
1125 3251 1223 3306 per
1247 3235 1414 3305 ipsam
1448 3243 1768 3304 assequutus
1794 3248 1852 3297 es

266 3332 519 3395 salutem,
547 3346 645 3402 per
666 3330 835 3399 ipsam
863 3327 1034 3383 factus
1058 3326 1316 3402 estilius;
1347 3334 1397 3380 et
1427 3325 1472 3399 si
1503 3325 1737 3401 potueris
1764 3325 1849 3389 al:-

267 3423 373 3476 teri
397 3420 588 3477 aﬂerre
615 3421 866 3490 salutem,
892 3434 998 3487 non
1020 3417 1214 3489 eodem
1243 3417 1409 3493 uteris
1434 3417 1843 3493 medicamento,

264 3524 327 3568 et
349 3512 651 3583 bortaberis
673 3525 883 3578 omnes,
914 3511 1207 3583 iiemittite,
1236 3518 1296 3573 ut
1323 3510 1625 3569 remittatur
1658 3509 1850 3565 vobis?

264 3604 388 3661 Hoc
412 3612 497 3658 est
520 3613 797 3674 gratorum
828 3602 1125 3657 animorum
1152 3611 1207 3657 et
1236 3600 1479 3669 beneﬁcii
1524 3616 1845 3673 memorum,

263 3699 345 3754 ita
370 3697 641 3753 adhortari
669 3705 754 3750 est
785 3697 1137 3767 ingenuorum
1167 3702 1223 3759 et
1266 3707 1668 3765 generosarum.
1703 3692 1849 3760 Sicut

256 3801 312 3851 et
340 3791 570 3845 Christus
597 3789 776 3844 dilexit
804 3805 915 3853 nos,
956 3787 1146 3858 inquit.
1186 3785 1264 3843 Tu
1309 3784 1482 3856 parcis
1511 3784 1717 3855 amicis,
1760 3785 1849 3849 ille

261 3880 503 3942 inimicis
538 3897 554 3932 :
583 3889 668 3934 est
703 3893 832 3949 ergo
861 3878 1028 3933 multo
1065 3876 1241 3947 majus
1281 3875 1422 3947 qtth
1470 3876 1665 3943 factum
1711 3885 1790 3931 est
1817 3891 1846 3939 a

259 3971 521 4036 Domino.
550 3969 683 4034 Illud
711 3970 879 4037 enim,
903 3966 1068 4037 Sicut,
1102 3966 1318 4037 ubinam
1345 3967 1730 4032 conservatur?
1753 3982 1847 4028 an-

257 4078 380 4121 non
408 4062 748 4132 perspicuum
768 4059 936 4132 quod,
967 4059 1012 4116 si
1034 4059 1172 4116 bene
1200 4057 1457 4118 faciamus
1485 4058 1750 4125 inimicis?
1778 4059 1847 4119 Et

234 4142 480 4211 vndidit
502 4152 825 4220 semetipsum
855 4148 1156 4221 oblationem
1181 4157 1229 4202 rt
1254 4148 1469 4201 hostium
1500 4149 1605 4202 Deo
1640 4150 1693 4202 in
1719 4151 1848 4203 odo-

256 4262 379 4303 rem
400 4244 687 4303 suavitatis.
719 4242 884 4307 Vides
909 4240 1050 4313 quod
1078 4255 1292 4311 passum
1319 4255 1440 4296 esse
1483 4255 1580 4309 pro
1623 4242 1849 4297 inimicis

254 4349 347 4395 est
378 4336 515 4393 odor
540 4336 742 4402 suavis,
772 4334 945 4389 hostia
969 4342 1119 4405 grata
1140 4343 1194 4389 et
1216 4333 1475 4404 accepta?
1501 4334 1555 4390 Si
1581 4336 1847 4397 moriaris,

255 4440 404 4483 tunc
426 4426 534 4482 eris
558 4426 767 4481 hostia:
797 4424 899 4480 hoc
925 4435 1007 4481 est
1036 4426 1198 4480 Deum
1231 4424 1445 4479 imitari.
1467 4426 1522 4480 5.
1555 4423 1851 4478 Fornicatio

254 4529 465 4584 autem,
490 4528 536 4571 et
561 4517 728 4572 omnis
763 4516 1104 4580 immunditia,
1132 4525 1220 4570 aut
1247 4515 1484 4583 avaritia,
1515 4531 1603 4569 nec
1634 4515 1853 4581 nomine-

254 4620 348 4663 tur
366 4608 434 4660 ἱιι
456 4608 611 4674 vobis,
639 4607 769 4661 sicut
793 4606 932 4660 decet
958 4615 1184 4663 sanctos.

332 4698 762 4769 Concupiscentia
788 4701 955 4751 minus
981 4698 1171 4762 malum
1211 4714 1361 4765 quam
1403 4698 1590 4752 ira.-—-
1611 4696 1756 4764 Dixit
1783 4697 1852 4753 de

255 4804 457 4843 amara
479 4790 786 4856 atl'ectione,
819 4802 1010 4857 nempe
1036 4786 1104 4853 de
1135 4788 1243 4854 ira;
1271 4788 1417 4844 venit
1437 4787 1500 4843 ad
1523 4788 1698 4842 minus
1734 4804 1851 4844 ma-

262 4883 407 4935 lum.
426 4880 553 4947 Nam
571 4880 715 4949 quod
733 4878 1165 4948 concupiscentia
1193 4879 1262 4951 sit
1289 4879 1466 4937 minus
1490 4879 1705 4943 malum,
1726 4878 1852 4933 audi

260 4973 434 5026 etiam
459 4968 696 5039 Moysem
725 4966 991 5022 dicentem
1023 4968 1073 5021 in
1097 4967 1235 5038 lege,
1266 4967 1530 5038 primum:
1563 4967 1682 5029 Non
1716 4969 1853 5022 occi-

261 5067 382 5123 des,
410 5060 547 5129 quod
569 5070 653 5114 est
673 5060 803 5123 irae;
832 5067 887 5112 et
912 5057 1125 5127 deinde,
1162 5058 1279 5129 Non
1309 5059 1631 5126 mmehaberis
1653 5058 1850 5128 (Exod,

263 5152 366 5206 20.
423 5152 505 5211 l3.
551 5152 660 5222 ii),
692 5150 839 5221 quod
879 5160 963 5205 est
1004 5152 1468 5216 concupiscentia).
1515 5151 1664 5215 Sicut
1710 5152 1855 5207 enim

258 5241 579 5296 amaritudo
601 5253 658 5299 et
682 5244 888 5298 clamor
914 5252 968 5296 et
993 5244 1165 5297 omnis
1193 5244 1391 5297 malitia
1418 5252 1473 5298 ct
1502 5243 1850 5313 blasphemia,

258 5344 323 5389 et
372 5346 501 5403 qua:
538 5342 656 5405 sunt
705 5333 1032 5401 huiusmodi,
1064 5342 1187 5387 sunt
1210 5334 1370 5387 animi
1399 5342 1453 5388 et
1480 5335 1741 5389 irascendi
1772 5335 1854 5390 fa-

257 5424 528 5481 cultatis:
553 5428 622 5491 iia
652 5430 727 5487 et
765 5424 1179 5495 concupiscendi
1212 5424 1501 5498 facultatis,
1548 5426 1852 5494 tornicatio,

263 5517 634 5583 inmunditia,
659 5526 713 5574 et
740 5517 965 5571 avaritia
988 5538 1002 5573 :
1030 5533 1152 5573 nam
1190 5518 1378 5576 eadem
1409 5535 1467 5574 re
1499 5533 1739 5574 amamus
1766 5537 1858 5590 pe-

263 5612 475 5678 conisu
494 5616 542 5661 et
559 5622 807 5679 corpora.
834 5607 944 5663 Sed
958 5609 1096 5663 sicut
1116 5609 1225 5666 illic
1238 5610 1530 5679 amputavit
1545 5610 1857 5678 clamorem,

270 5705 327 5762 ul
344 5698 454 5775 qui
484 5700 547 5754 sit
569 5699 666 5756 ira
689 5699 1019 5767 vehiculum,
1050 5701 1120 5755 ita
1149 5714 1292 5755 nunc
1313 5714 1524 5775 quoque
1544 5702 1856 5779 obsctxnuni

601 5801 870 5877 Panos.
910 5802 1030 5864 Gn.
1081 5797 1266 5882 LXI],

1134 293 1200 349 IN
1242 291 1458 348 EPIST.
1500 293 1594 347 AD
1632 290 1872 348 EPIIES.
1914 290 2066 345 CAP.
2113 292 2174 345 ν.
2216 290 2445 347 liOMlL.
2485 291 2650 349 XVII.

3458 297 3553 355 με

1980 417 2284 458 sermonem
2314 416 2369 461 et
2397 406 2779 461 scurrilitatem
2807 420 2926 477 qua:
2967 416 3051 465 est
3077 408 3377 464 vehiculum
3408 427 3557 474 sem.r

1974 493 2209 549 tationis.
2239 495 2290 550 l.
2327 494 2393 548 Et
2421 496 2682 567 turpitudo
2707 507 2753 551 et
2780 497 3150 569 stultiloquium
3181 511 3227 555 et
3250 506 3553 571 scurrilitati,

1968 598 2084 650 qua:
2108 584 2177 638 ad
2204 602 2306 639 rem
2341 603 2439 646 non
2469 587 2753 656 pertinent;
2771 589 2859 644 sed
2893 591 3054 661 magis
3077 591 3360 662 gratiarum
3396 595 3563 661 artio..

1968 672 2046 727 Ne
2073 672 2273 743 dixeris
2310 674 2532 733 facetias
2571 693 2670 733 nec
2698 680 2894 753 turpia,
2940 695 3039 744 nec
3077 681 3289 748 feceris,
3318 692 3372 745 et
3400 683 3550 742 llum-

1968 780 2110 825 mam
2137 766 2465 836 exstingues.
2496 767 2609 823 Nec
2630 771 2934 838 nominetur,
2959 771 3147 843 inquit,
3179 773 3235 827 in
3261 775 3433 833 vobis:
3454 775 3555 836 hoc

1966 869 2069 924 est,
2105 876 2173 916 ne
2196 876 2418 932 usquam
2449 861 2666 931 quidem
2695 874 2975 933 appareat.
3000 865 3114 920 lloc
3139 868 3300 921 etiam
3340 868 3554 934 dicebai

1966 951 2212 1007 scribens
2231 953 2296 1007 ad
2319 952 2623 1009 Corinthios
2647 972 2659 1006 :
2688 953 2906 1009 Omnino
2945 957 3151 1011 auditur
3184 959 3314 1011 inter
3340 974 3425 1013 uos
3445 960 3550 1029 [ar-

1965 1042 2152 1103 nicatio
2182 1042 2256 1111 (t.
2288 1041 2407 1097 Cor.
2436 1043 2489 1108 5.
2524 1045 2599 1113 l).
2631 1044 2745 1100 Hoc
2793 1055 2896 1114 est,
2942 1045 3071 1103 Sitis
3114 1062 3303 1103 omnes
3342 1050 3547 1119 mundi,

1963 1130 2249 1190 Sermones
2273 1133 2414 1189 enim
2446 1145 2570 1189 sunt
2597 1136 2694 1189 via:
2731 1152 2934 1191 rerum.
2982 1138 3183 1193 Deinde
3213 1153 3280 1193 ne
3306 1138 3547 1196 videatur

1964 1235 2085 1277 esse
2107 1224 2283 1292 gravis
2305 1236 2358 1280 et
2378 1225 2735 1295 importunus,
2755 1236 2810 1288 et
2828 1228 3143 1292 exscindere
3167 1229 3543 1298 urbanitatem.

1962 1313 2241 1383 subjunxit
2256 1316 2415 1371 etiam
2443 1332 2681 1384 causam,
2705 1317 2925 1380 dicens:
2957 1318 3084 1384 Qua:
3098 1321 3166 1385 ad
3186 1337 3289 1378 rem
3316 1338 3413 1374 non
3433 1338 3520 1390 per
3538 1350 3550 1360 -

1964 1405 2143 1468 tinent,
2171 1422 2290 1475 quae
2319 1418 2496 1465 nostra
2527 1408 2658 1468 nihil
2692 1408 2955 1479 referunt,
3003 1409 3197 1481 inquit,
3250 1412 3341 1465 sed
3387 1412 3547 1482 magis

1959 1497 2240 1564 gratiarum
2277 1500 2547 1554 actionem.

2029 1585 2085 1640 Ξ.
2115 1586 2249 1652 Quid
2302 1588 2521 1657 prodeSt
2545 1589 2743 1660 aliquid
2796 1592 3058 1648 urbanum
3117 1593 3543 1658 dicere?solttm

1962 1692 2151 1732 moves
2196 1678 2387 1747 risum.
2417 1681 2508 1734 Dic
2531 1680 2660 1752 inibi
2686 1699 2700 1735 :
2724 1692 2877 1740 sutor
2906 1684 3135 1749 facietne
3156 1687 3356 1758 aliquid
3387 1704 3450 1743 ex
3480 1690 3543 1749 iis

1959 1785 2079 1840 qua:
2107 1769 2172 1827 ad
2195 1780 2366 1835 artem
2420 1785 2570 1827 suam
2601 1789 2705 1828 non
2757 1776 3049 1844 pertinent,
3109 1787 3200 1839 aut
3250 1778 3544 1846 possidebit

1960 1860 2170 1932 aliquod
2193 1862 2458 1933 ejusmodi
2503 1863 2917 1921 instrumentum
2943 1866 2966 1920 ?
2996 1865 3339 1937 Nequaquam
3373 1888 3387 1923 :
3416 1884 3539 1931 nam

1958 1967 2077 2022 qua:
2099 1968 2205 2006 non
2236 1962 2359 2008 sunt
2377 1954 2428 2007 iu
2455 1969 2574 2019 usu,
2600 1970 2660 2010 ea
2686 1956 2819 2010 nihil
2851 1956 2916 2010 ad
2941 1971 3061 2012 nos.
3120 1957 3307 2012 Nullus
3332 1960 3395 2013 sit
3427 1975 3541 2014 ser-

1960 2057 2048 2097 mo
2074 2044 2278 2098 otiosus
2320 2062 2333 2098 :
2367 2059 2491 2099 nam
2533 2045 2600 2099 ab
2621 2047 2795 2102 otioso
2844 2062 3093 2104 sermone
3118 2049 3169 2102 in
3194 2049 3459 2104 absurdos
3488 2062 3538 2116 ei

1968 2132 2309 2204 importunus
2324 2135 2643 2203 decidimus.
2676 2138 2790 2192 Non
2819 2148 2900 2194 est
2928 2154 3167 2213 prmsens
3194 2149 3404 2212 tempus
3434 2141 3531 2211 dii"-

1960 2223 2088 2279 lusa:
2114 2225 2338 2290 lmlilim,
2370 2228 2464 2292 sed
2491 2230 2683 2304 luctus,
2706 2230 3079 2298 afﬂictionum,
3111 2243 3166 2295 et
3185 2233 3444 2303 eiulatus:
3483 2248 3535 2289 tu

1957 2324 2140 2384 autem
2191 2317 2242 2371 in
2292 2316 2450 2383 dictis
2479 2319 2665 2382 facetis
2692 2329 2901 2391 tempus
2948 2323 3120 2380 teris?
3169 2324 3299 2391 Quis
3339 2324 3537 2389 athleta

1958 2406 2188 2463 stadium
2243 2409 2553 2479 ingressus,
2600 2414 2762 2467 missa
2813 2413 3178 2471 sollicitudine
3228 2416 3537 2486 decertandi

1958 2512 2079 2561 cum
2140 2499 2473 2567 adversario,
2525 2503 2723 2559 urbana
2754 2515 2808 2560 et
2833 2505 3004 2562 faceta
3056 2509 3218 2564 verba
3254 2510 3489 2581 loquitur
3518 2515 3549 2568 γ.

1960 2590 2128 2654 instat
2157 2593 2423 2662 diabolus,
2452 2596 2644 2657 circuit
2689 2598 2918 2667 ululans,
2960 2616 3208 2670 quarens
3236 2607 3483 2675 ttlrapiai
3519 2650 3534 2681 ρ

1957 2686 2137 2751 omnia
2164 2695 2364 2753 movet,
2392 2696 2447 2752 et
2477 2688 2526 2742 in
2556 2699 2716 2757 caput
2743 2699 2890 2753 tuum
2916 2693 3076 2747 vertit
3101 2693 3305 2759 omnia,
3338 2705 3392 2751 et
3422 2714 3537 2751 mo-

1958 2776 2085 2833 litur
2111 2785 2171 2831 ut
2196 2789 2250 2831 te
2292 2778 2479 2834 enido
2527 2780 2736 2849 ejiciat,
2783 2780 3035 2838 dentibus
3075 2784 3308 2854 stridet,
3361 2791 3530 2858 rngit,

1959 2867 2138 2937 ignem
2184 2870 2352 2940 spirat
2404 2870 2666 2928 adversus
2718 2882 2860 2928 tuam
2917 2874 3144 2932 salutem
3173 2894 3185 2930 :
3217 2888 3273 2932 et
3299 2890 3352 2932 tu
3381 2880 3536 2935 sedes

1959 2962 2159 3017 urbana
2180 2972 2234 3019 et
2254 2962 2422 3017 faceta
2455 2963 2615 3018 verba
2660 2964 2866 3032 dicens,
2890 2972 2944 3020 et
2982 2968 3145 3023 stulta
3197 2969 3455 3040 loquens,
3481 2981 3537 3046 et

1957 3069 2075 3123 quae
2100 3054 2168 3109 ad
2203 3071 2313 3110 rem
2344 3071 2452 3111 non
2483 3056 2752 3124 pertinent
2798 3056 3116 3125 proferens?
3162 3071 3379 3121 rectene
3407 3078 3534 3129 ergo

1960 3147 2160 3214 poteris
2186 3162 2312 3209 eum
2335 3149 2631 3216 superare?
2655 3149 2934 3215 Ludimus,
2956 3166 2990 3205 ο
3011 3151 3214 3208 dilecti.
3241 3152 3334 3216 Yis
3356 3154 3530 3214 disce-

1956 3251 2016 3291 re
2044 3252 2290 3307 qumnam
2316 3239 2386 3303 sit
2409 3248 2715 3303 sanctorum
2758 3242 2882 3298 vita:
2915 3242 3137 3313 agenda:
3181 3243 3365 3307 ratio?
3401 3246 3524 3303 andi

1957 3328 2177 3393 Paulum
2236 3329 2527 3393 dicentem,
2569 3330 2671 3400 Per
2716 3333 2987 3399 triennium
3036 3346 3181 3391 nocte
3217 3347 3264 3391 et
3300 3339 3383 3391 die
3428 3356 3527 3392 non

1955 3423 2142 3479 cessavi
2166 3438 2279 3478 cum
2322 3422 2561 3493 lacrymis
2618 3441 2826 3482 monens
2872 3443 3275 3500 unumquemque
3314 3442 3530 3486 vestram

1956 3510 1974 3580 (
2005 3511 2118 3577 Act.
2148 3511 2236 3578 20.
2269 3513 2330 3567 5t
2359 3513 2402 3583 ).
2451 3512 2506 3569 Si
2572 3523 2750 3569 autem
2806 3533 2902 3587 pro
2944 3518 3165 3581 Milesiis
3190 3529 3245 3576 et
3287 3522 3531 3590 Ephesiis

1958 3612 2107 3657 tanto
2135 3617 2262 3657 usus
2281 3613 2364 3659 cst
2390 3605 2589 3669 studio,
2617 3620 2722 3660 non
2770 3608 2971 3663 urbana
3009 3611 3231 3681 loquens
3251 3653 3267 3678 ,
3290 3612 3382 3667 sed
3412 3630 3530 3667 cum

1956 3692 2469 3765 lacrymisail'erens
2508 3695 2925 3754 admonitionem
2951 3740 2966 3763 ,
2995 3701 3215 3785 qui(de
3237 3703 3354 3757 aliis
3379 3703 3530 3759 dixe-

1955 3782 2069 3843 ris?
2093 3783 2229 3839 Audi
2257 3785 2418 3851 etiain
2446 3786 2571 3855 quid
2599 3786 2744 3846 dicat
2772 3786 3066 3857 Corinthiis
3091 3811 3104 3847 :
3128 3782 3230 3848 Ἐπ
3259 3793 3415 3848 multa
3442 3797 3532 3849 tri-

1953 3874 2210 3939 bulatigne
2245 3883 2290 3928 et
2319 3877 2560 3946 angustia
2582 3879 2750 3933 cordis
2769 3881 2951 3950 scripsi
2966 3883 3107 3941 vobis
3135 3900 3224 3952 per
3247 3885 3431 3944 multas
3459 3887 3526 3938 Ia-

1956 3982 2159 4036 crgmas
2191 3965 2276 4037 (2.
2308 3966 2425 4021 Cor.
2454 3967 2511 4022 2.
2541 3969 2574 4022 ι
2600 3969 2655 4038 );
2683 3979 2737 4025 ct
2762 3987 2982 4036 rursus,
3019 3974 3147 4044 Quis
3190 3976 3485 4045 inﬁrmatur
3513 4018 3529 4041 ,

1956 4065 2003 4111 et
2039 4072 2131 4127 ego
2177 4072 2278 4111 non
2318 4057 2553 4127 inﬁrmor
2574 4061 2600 4114 .’
2638 4062 2753 4131 quis
2792 4064 3190 4131 scandalizatur,
3219 4079 3269 4133 et
3295 4084 3388 4138 ego
3430 4086 3529 4135 non

1954 4163 2076 4202 uror
2099 4146 2259 4219 (Ibid.
2290 4146 2483 4219 “3.9)
2507 4149 2531 4203 ?
2555 4150 2691 4209 Audi
2730 4152 2890 4208 etiam
2918 4170 3039 4219 eum
3069 4156 3194 4213 alibi
3222 4155 3484 4219 dicentem
3514 4197 3530 4220 ,

1955 4248 2010 4294 et
2033 4241 2293 4311 quotidie,
2326 4251 2383 4296 ut
2412 4244 2483 4298 ita
2513 4243 2710 4306 dicam,
2737 4257 2801 4306 es
2830 4243 3028 4298 mundo
3051 4244 3284 4312 migrare
3309 4246 3531 4314 cupien-

1957 4339 2062 4386 tem
2095 4350 2108 4386 :
2138 4331 2275 4391 Nam
2302 4343 2348 4387 et
2382 4351 2472 4398 nos
2496 4335 2583 4403 qui
2609 4349 2782 4387 sumus
2808 4335 2859 4391 in
2886 4335 2981 4392 hoc
3027 4334 3368 4400 tabernaculo,
3393 4337 3531 4406 ingr-

1956 4424 2211 4485 atiscimus
2258 4423 2447 4493 (lln'd.
2501 4424 2554 4479 5.
2582 4424 2673 4494 ὁ).
2707 4423 2788 4479 Τιι
2839 4434 3013 4478 autem
3066 4423 3209 4478 rides
3255 4434 3309 4480 et
3349 4426 3530 4495 ludis?

1957 4524 2040 4571 est
2060 4523 2269 4584 tempus
2294 4514 2454 4581 belli,
2486 4525 2541 4570 et
2566 4526 2620 4571 tu
2646 4530 2709 4571 ea
2733 4524 2929 4576 tractas
2952 4531 3070 4586 qua:
3094 4526 3218 4579 sunt
3237 4530 3420 4577 eorum
3439 4520 3529 4594 qui

1958 4606 2161 4663 ducunt
2187 4607 2428 4669 choros?
2453 4607 2568 4663 Non
2590 4606 2740 4666 vides
2783 4608 2957 4663 vultus
2997 4623 3186 4673 eorum
3213 4610 3304 4679 qui
3336 4610 3531 4675 bellum

1959 4707 2172 4769 gerunt,
2204 4714 2362 4768 quam
2397 4699 2505 4757 sint
2535 4699 2733 4763 tristes,
2758 4714 2915 4768 quam
2963 4700 3266 4759 contracti?
3290 4704 3535 4773 superci-

1960 4792 2090 4847 lium
2134 4794 2279 4849 enim
2317 4809 2503 4848 eorum
2557 4801 2641 4853 est
2690 4793 2930 4850 terribile
2955 4805 3011 4850 et
3036 4795 3251 4867 plenum
3292 4797 3531 4855 horrore.

1966 4884 2126 4940 Vides
2159 4884 2370 4940 oculum
2396 4899 2665 4951 severum,
2712 4899 2805 4943 eor
2856 4887 3169 4957 excitatum,
3218 4888 3432 4943 vibrans
3481 4899 3535 4940 ot

1963 4975 2238 5039 exsilicns,
2285 4984 2520 5035 mentem
2564 4983 2914 5042 contractam,
2966 4987 3307 5045 trementem,
3336 4979 3535 5033 sollici-

1963 5075 2069 5119 tam
2090 5077 2143 5120 et
2173 5066 2407 5131 anxiam,
2434 5065 2651 5123 multam
2682 5065 3023 5130 modestiam,
3054 5080 3341 5139 aptamque
3361 5083 3424 5122 ac
3444 5068 3538 5122 de-

1965 5171 2146 5214 coram
2171 5155 2614 5221 moderationem,
2642 5157 2867 5211 multum
2907 5158 3179 5214 silentium
3210 5160 3260 5211 in
3284 5159 3537 5230 exerciti-

1963 5246 2099 5311 bus;
2128 5262 2232 5301 non
2262 5246 2404 5309 dico,
2430 5256 2487 5299 ut
2512 5246 2718 5301 nullum
2749 5249 2966 5303 verbum
2996 5248 3176 5303 dicant
3220 5259 3393 5319 turpe,
3441 5249 3534 5311 sel

1964 5353 2140 5408 neque
2160 5339 2448 5408 loquantur
2473 5339 2714 5399 omnino.
2744 5339 2876 5406 Nam
2908 5339 2954 5407 si
2990 5340 3045 5403 ii,
3079 5340 3167 5406 qtti
3193 5340 3393 5408 bellum
3442 5354 3546 5410 ge-

1965 5438 2092 5485 runt
2117 5428 2375 5493 adversus
2405 5431 2585 5485 hostes
2635 5429 2882 5493 sensiles,
2910 5438 2964 5483 et
2992 5446 3023 5499 ξι
3049 5430 3228 5493 verbis
3271 5434 3406 5489 nihil
3442 5438 3538 5493 la:-

1967 5522 2202 5583 duntur,
2236 5528 2384 5572 tanto
2439 5529 2661 5573 utuntur
2707 5520 2919 5578 silentio
2945 5538 2959 5585 ;
2985 5534 3039 5587 iu
3065 5524 3158 5592 qui
3184 5533 3239 5585 et
3267 5526 3319 5587 in
3362 5530 3542 5583 verbis

1968 5614 2170 5673 bellum
2194 5611 2383 5678 babes,
2413 5622 2467 5666 et
2492 5612 2751 5681 majorem
2769 5613 2891 5669 belli
2921 5626 3150 5687 partem,
3174 5619 3313 5682 banc
3334 5632 3544 5693 partem

1968 5705 2065 5782 tibi
2115 5703 2249 5780 sipis
2276 5717 2398 5773 esse
2442 5703 2639 5777 nudum
2664 5703 2688 5759 ?
2726 5720 2795 5775 an
2826 5706 3039 5778 ignoras
3061 5711 3203 5779 quod
3235 5712 3361 5770 hinc
3385 5715 3541 5785 nobis

3156 5875 3180 5888 ,ι
