4042 6212
468 321 564 377 H9
1203 318 1260 374 S.
1299 312 1576 374 JOANNIS
1611 302 2084 367 CHRYSOSTOMI
2123 301 2438 358 ARCIIIEP.
2479 301 3010 366 CONSTAN'HNOP.

463 435 704 506 plurimre
731 441 986 504 parantur
1008 431 1255 488 insidiae?
1277 426 1462 491 Ludis,
1490 423 1760 480 deliciaris
1783 464 1798 490 ,
1835 421 2030 476 faceta-

463 545 567 598 que
597 539 650 583 ct
675 527 876 582 urbana
907 525 1065 590 dicis,
1106 532 1160 579 et
1183 524 1351 578 risum
1401 532 1608 584 moves,
1643 529 1865 585 remque
1910 511 2047 567 nihil

469 619 790 676 existimas?
820 622 861 673 A
893 615 1086 688 lepidis
1111 623 1166 669 et
1196 611 1417 667 urbanis
1442 608 1602 665 dictis
1629 616 1762 678 quot
1789 605 2048 678 perjuria,

464 724 596 783 quot
646 711 862 774 damna,
894 704 1237 782 quammulta
1281 701 1441 757 verba
1471 701 1646 770 turpia
1670 708 1722 754 et
1755 697 2006 752 obscmna
2026 694 2053 747 ?

465 805 534 857 At
565 819 668 860 oon
687 810 831 864 sunt,
858 797 1048 868 inquit,
1072 792 1332 865 ejusmodi
1361 792 1501 848 dicta
1524 790 1746 845 ttrbana.
1769 787 1876 844 Sed
1902 785 2047 840 audi:

464 909 676 950 omnem
707 892 1062 946 urbanitatem
1102 896 1156 943 et
1181 886 1522 942 dicacitatem
1545 883 1789 953 expellit.
1815 881 2051 950 Tempus

470 989 591 1044 aelii
630 997 684 1043 et
720 999 927 1056 pugnae,
959 982 1174 1054 vigiliae,
1203 977 1488 1044 custodiae,
1520 983 1808 1031 armaturae
1835 982 1888 1029 et
1915 973 2049 1028 aciei

467 1075 795 1133 instruendae
826 1093 838 1131 :
868 1074 1070 1130 nullum
1106 1073 1282 1128 locum
1312 1069 1398 1124 hic
1423 1069 1620 1122 habere
1640 1074 1815 1137 potest
1844 1075 2053 1135 tempus

468 1172 642 1226 risus:
674 1169 778 1223 hoc
820 1167 962 1222 enim
999 1154 1084 1220 est
1111 1173 1323 1232 tempus
1360 1159 1565 1214 mundi.
1614 1157 1756 1212 Audi
1781 1156 2051 1211 Christum

467 1262 769 1316 dicentem:
803 1257 1029 1312 Mundus
1051 1252 1308 1327 gaudebit,
1335 1265 1422 1306 vos
1442 1260 1610 1304 autem
1632 1246 2056 1302 contristobimin-i

467 1352 669 1424 (Joan.
693 1349 779 1406 l6.
802 1349 930 1422 20).
953 1345 1200 1402 Christus
1224 1344 1278 1398 in
1310 1357 1528 1397 crucem
1557 1349 1708 1394 actus
1735 1347 1818 1393 est
1840 1347 2056 1408 propter

468 1455 558 1500 ttta
588 1443 725 1498 mala
759 1458 772 1494 :
801 1453 857 1494 tu
887 1448 1065 1494 autem
1121 1433 1314 1491 rides?
1356 1433 1602 1503 impactze
1632 1438 1758 1484 sunt
1781 1428 1860 1483 illi
1887 1428 2056 1496 alapae

467 1551 522 1594 et
551 1535 784 1607 colaplti,
808 1542 864 1589 et
891 1543 996 1586 tam
1016 1531 1179 1585 multa
1208 1540 1398 1598 passus
1426 1534 1507 1580 est
1537 1532 1756 1594 prepter
1799 1530 1942 1575 tuam
1963 1533 2054 1574 ca-

470 1629 782 1692 lamitatem,
811 1635 862 1680 et
888 1637 1006 1694 quae
1029 1631 1082 1676 te
1103 1614 1583 1687 comprehenderat
1631 1621 2002 1682 tempestatem
2040 1627 2053 1665 :

470 1732 524 1776 tu
552 1728 730 1775 autem
758 1717 906 1786 degis
924 1714 976 1768 in
997 1709 1247 1768 deliciis?
1272 1709 1337 1763 Et
1360 1705 1631 1777 quomodo
1659 1721 1764 1759 non
1787 1720 1908 1758 eum
1941 1719 2056 1757 ma-

468 1813 550 1884 gis
576 1809 797 1867 irritas?
826 1805 930 1863 Sed
960 1803 1213 1876 quoniam
1235 1800 1448 1856 videtur
1473 1796 1792 1868 quibusdam
1823 1810 1909 1850 res
1937 1808 2058 1850 esse

469 1901 801 1965 indifferens,
834 1911 995 1967 quam
1021 1894 1237 1966 quidem
1268 1905 1462 1948 cavere
1495 1899 1578 1945 est
1607 1887 1894 1943 admodum
1919 1885 2058 1940 ditii-

469 1994 592 2059 ci-lc,
612 2007 709 2063 age
723 1991 788 2046 de
805 2005 870 2045 eo
882 1988 1064 2059 paucis
1080 1986 1430 2048 disseramus,
1447 1982 1704 2036 docentes
1717 1989 1972 2050 quantum
1988 1979 2059 2033 sit

470 2086 688 2140 malum.
706 2083 817 2138 Hoc
829 2080 1063 2137 estenim
1078 2093 1212 2147 Opus
1226 2075 1445 2139 diaboli,
1461 2072 1674 2127 efficere
1693 2082 1744 2125 ut
1759 2070 2058 2140 despician-

472 2187 553 2230 tur
571 2190 688 2245 qua:
704 2181 827 2228 sunt
856 2167 1232 2226 indifferentia.
1268 2167 1445 2235 Atque
1465 2164 1694 2234 primum
1717 2161 1932 2231 quidem
1956 2201 1970 2227 ,
2011 2161 2054 2215 si

471 2262 951 2326 cssetindifferens,
967 2274 1034 2314 ne
1047 2260 1124 2313 sic
1147 2256 1364 2328 quidem
1384 2256 1557 2324 ipsum
1579 2263 1853 2322 oporteret
1879 2251 2060 2321 despi—

473 2373 617 2422 cere,
641 2357 898 2411 scientem
925 2352 1065 2422 quod
1093 2366 1159 2406 ex
1181 2364 1246 2405 eo
1265 2347 1428 2403 multa
1451 2355 1736 2402 nascantur
1759 2345 1916 2405 mala,
1941 2358 2059 2399 crc-

475 2457 731 2515 scantque
745 2453 797 2500 et
818 2457 960 2513 saepe
976 2441 1224 2497 desinant
1243 2439 1293 2493 in
1308 2439 1708 2492 scortationem:
1725 2434 1863 2503 quod
1880 2442 2057 2488 autem

476 2557 581 2594 non
611 2539 681 2594 sit
711 2535 1054 2600 indifferens,
1090 2531 1212 2586 inde
1252 2540 1331 2585 cst
1380 2530 1740 2599 perspicuum.
1772 2526 2060 2581 Videamus

477 2646 605 2700 ergo
635 2629 776 2699 unde
805 2633 1088 2689 nascatur;
1132 2623 1216 2677 vel
1257 2622 1429 2690 potius
1461 2619 1738 2674 videamus
1762 2617 2060 2687 cujusmodi

475 2731 685 2790 oportet
712 2733 833 2774 esse
861 2727 1127 2781 sanctum,
1151 2713 1356 2775 mitem,
1380 2719 1741 2773 mansuetum,
1767 2709 2059 2779 lugentem,

479 2819 887 2874 lamentantem,
921 2807 1199 2862 afﬂictum.
1233 2805 1331 2870 Qui
1360 2817 1491 2872 ergo
1518 2801 1647 2855 dicit
1676 2800 1874 2854 urbana
1905 2809 1956 2853 et
1987 2799 2062 2851 fa-

477 2918 592 2961 ecta
615 2947 628 2971 ,
665 2919 768 2958 non
801 2910 884 2957 est
913 2907 1131 2955 sanctus
1157 2913 1172 2954 :
1197 2897 1405 2952 etiamsi
1437 2895 1503 2949 sit
1527 2893 1745 2949 Grmcus
1769 2933 1784 2959 ,
1810 2891 1856 2946 is
1880 2901 1962 2946 est
1993 2890 2065 2944 ri-

479 2999 687 3054 diculus
711 3013 724 3053 :
752 2997 815 3052 iis
845 2994 976 3051 solis
1002 2993 1090 3064 qui
1118 2998 1243 3046 sunt
1264 2989 1314 3044 in
1337 3003 1495 3043 scena
1519 2987 1634 3041 haec
1665 2983 2060 3054 permittuntur.

482 3091 582 3146 Ubi
615 3098 698 3145 est
729 3085 1000 3156 turpitudo
1020 3124 1034 3150 ,
1065 3080 1172 3138 illic
1197 3089 1280 3135 est
1308 3078 1467 3134 etiam
1496 3075 1793 3131 scurrilitas
1822 3091 1834 3128 :
1866 3073 1951 3126 ubi
1983 3082 2066 3126 est

485 3184 624 3237 risus
665 3181 1038 3250 importunus,
1085 3174 1195 3229 illic
1231 3178 1315 3227 est
1360 3169 1521 3225 etiam
1564 3167 1880 3222 scurrilitas.
1928 3164 2062 3219 Audi

481 3271 798 3343 prophetam
844 3268 1110 3324 dicentem
1147 3283 1160 3318 :
1193 3261 1389 3318 Servite
1427 3257 1646 3314 Domino
1683 3259 1734 3311 in
1772 3257 1980 3318 timore,
2020 3264 2065 3308 et

484 3365 731 3420 exsrtltate
760 3363 804 3416 ei
840 3361 892 3414 in
923 3368 1136 3412 tremore
1170 3353 1344 3427 (Paul.
1372 3351 1426 3406 Ξ.
1463 3350 1572 3420 Η).
1604 3349 1733 3403 Nam
1771 3346 2067 3402 scurrilitas

487 3455 699 3510 mollem
728 3450 890 3507 efficit
918 3449 1151 3504 animam
1180 3445 1514 3516 pigramque,
1545 3439 1740 3494 attollit
1765 3447 1821 3492 et
1847 3436 2064 3502 excitat,

487 3549 757 3617 multaque
803 3544 992 3615 probra
1037 3538 1262 3612 parturit
1302 3544 1357 3593 et
1395 3533 1746 3591 contumelias
1771 3573 1786 3598 ,
1831 3540 1884 3586 et
1926 3528 2065 3585 bella

485 3640 626 3693 facit.

561 3729 614 3782 3.
644 3727 780 3794 Quid
824 3723 990 3780 vero?
1019 3735 1196 3775 annon
1238 3717 1436 3772 relatus
1473 3727 1533 3769 es
1573 3713 1712 3766 inter
1746 3711 1928 3766 viros?
1963 3708 2068 3764 Fac

487 3833 617 3888 ergo
647 3827 703 3872 ut
732 3823 945 3870 cessent
973 3826 1092 3882 quae
1120 3817 1242 3863 sunt
1271 3803 1498 3877 parvuli.
1531 3802 1635 3857 Sed
1668 3801 1920 3856 famulum
1949 3798 2067 3868 qui-

489 3911 610 3965 dem
639 3919 786 3962 tunm
816 3920 920 3960 non
962 3905 1044 3957 vis
1083 3903 1136 3957 in
1167 3902 1281 3954 foro
1309 3898 1490 3952 dicere
1519 3911 1638 3965 qua:
1676 3903 1802 3948 sunt
1830 3893 2066 3956 inutilia;

492 4014 545 4056 tu
577 4010 775 4065 autem,
804 3997 894 4068 qui
919 3993 1055 4053 dicis
1082 4002 1134 4047 te
1166 4005 1286 4045 esse
1318 3989 1407 4044 Dei
1439 3985 1691 4041 famulutn
1719 4025 1733 4049 ,
1766 3983 1818 4036 in
1850 3981 1967 4037 foro
1993 3984 2067 4035 Io-

491 4091 672 4164 queris
709 4089 910 4143 urbana
942 4094 996 4141 et
1024 4081 1287 4139 scurrilia.
1329 4077 1593 4133 Prmclare
1620 4072 1834 4142 quidem
1863 4072 2068 4141 agitur,

491 4185 534 4239 si
564 4181 744 4237 sobria
773 4180 947 4235 anima
977 4174 1159 4230 furtim
1191 4185 1296 4226 non
1323 4169 1582 4238 rapiatur,
1612 4165 1849 4219 laetitiam
1890 4171 2068 4216 autem

494 4278 738 4331 diffusam
765 4272 884 4344 quis
910 4284 1014 4323 non
1042 4265 1218 4335 capiet
1241 4273 1295 4318 et
1315 4257 1678 4330 expugnabit?
1701 4257 1812 4325 ipsa
1839 4270 1870 4308 a
1897 4255 2068 4324 seipsa

496 4368 792 4438 conligetur
817 4405 831 4430 ,
871 4377 974 4418 nec
999 4349 1134 4430 opus
1167 4357 1266 4412 erit
1309 4352 1518 4409 insidiis
1545 4359 1600 4406 et
1627 4348 1824 4404 insulto
1851 4344 2068 4400 diaboli.

498 4460 569 4516 Ut
596 4436 774 4514 autem
805 4454 1000 4514 discas,
1033 4448 1155 4503 vide
1180 4447 1343 4502 etiam
1373 4444 1545 4514 ipsum
1577 4455 1771 4496 nomen
1797 4456 1810 4492 :
1833 4436 2076 4492 scurrilis

496 4552 711 4618 dicitur,
745 4549 832 4620 qui
860 4555 941 4603 est
967 4545 1180 4608 varius,
1211 4537 1558 4607 omnigenus,
1589 4532 1874 4594 instabilis,
1907 4529 2076 4583 facilis

494 4659 556 4696 ac
585 4643 735 4705 levis,
767 4650 818 4694 et
849 4639 900 4691 in
931 4649 1117 4691 omnes
1149 4647 1207 4687 se
1247 4637 1461 4684 vertens
1489 4625 1698 4694 species
1723 4639 1735 4674 :
1764 4621 1866 4675 hoc
1895 4629 2071 4672 autem

497 4737 654 4801 longe
683 4731 833 4783 abest
864 4727 930 4781 ab
960 4727 1024 4779 iis
1048 4723 1136 4795 qui
1167 4730 1329 4790 petrae
1359 4715 1617 4772 serviunt.
1647 4711 1698 4767 Is
1727 4710 1880 4765 facile
1906 4707 2072 4762 verti-

498 4835 582 4878 tur
611 4831 668 4879 et
691 4827 928 4874 mutatur
952 4835 964 4870 :
987 4820 1200 4884 oportet
1223 4810 1368 4866 enim
1393 4821 1514 4863 eum
1541 4812 1595 4859 et
1622 4802 1842 4872 figuram
1873 4807 1928 4854 et
1957 4812 2077 4851 ver-

499 4920 621 4972 bum
651 4923 705 4971 et
735 4913 901 4967 risum
945 4918 998 4963 et
1045 4907 1311 4961 incessum
1348 4911 1402 4958 et
1443 4898 1619 4953 omnia
1650 4892 1885 4956 imitari;
1919 4892 2074 4960 quin-

499 5010 656 5066 etiam
685 5011 896 5076 Oportet
925 5015 1047 5055 eum
1080 4995 1384 5066 excogitare
1410 4996 1702 5046 scommata
1729 4994 1784 5041 et
1813 4982 2030 5038 dicteria
2057 4996 2070 5032 :

503 5119 622 5158 nam
650 5073 954 5170 eo—quoque
980 5092 1026 5146 ei
1055 5102 1188 5159 opus
1213 5095 1315 5142 est.
1347 5082 1538 5138 Procul
1563 5089 1741 5135 autem
1771 5084 1851 5131 est
1871 5089 1900 5128 a
1922 5073 2078 5128 Chri-

500 5197 673 5251 stiano
703 5188 923 5248 comicis
952 5183 1107 5240 dictis
1135 5183 1420 5235 incessere.
1457 5175 1517 5228 Et
1550 5185 1769 5226 necesse
1799 5176 1882 5221 est
1909 5166 1957 5220 ei
1985 5164 2073 5233 qui

501 5287 813 5342 scurrilibus
838 5279 996 5338 (lictis
1023 5276 1203 5337 utitur,
1229 5279 1650 5338 supervacaneas
1681 5261 1949 5328 suscipere
1971 5255 2075 5309 ini-

503 5382 730 5436 micitias
765 5391 950 5432 eorum
995 5372 1082 5442 qui
1124 5378 1326 5422 temere
1355 5358 1592 5414 dicteriis
1619 5354 1934 5412 irridentur,
1961 5348 2076 5402 sive

501 5470 680 5525 adsint
700 5509 713 5529 ,
743 5468 855 5521 sive
881 5440 1129 5519 absentes
1153 5454 1436 5512 audierint.
1466 5449 1520 5504 Si
1556 5460 1642 5502 res
1669 5454 1750 5500 est
1778 5440 1996 5513 pnlebra
2023 5449 2076 5493 et

503 5563 751 5617 honesta.
778 5572 873 5610 cur
893 5553 1209 5622 relinquitur
1232 5544 1445 5603 mimis?
1470 5542 1657 5596 Mimos
1677 5536 1880 5599 evadis,
1900 5543 2073 5588 etnon

511 5665 562 5708 te
600 5648 796 5721 pudet?
831 5647 940 5701 Cur
965 5643 1151 5699 liberis
1179 5638 1368 5710 puellis
1400 5633 1590 5688 vestris
1626 5629 1726 5684 hoc
1765 5626 1940 5680 facere
1971 5637 2075 5676 non

503 5738 842 5816 permittitis?
871 5749 1047 5790 annon
1074 5729 1332 5787 statuistis
1359 5740 1471 5780 rem
1503 5735 1623 5776 esse
1653 5714 1939 5779 inhonesti,
1970 5725 2074 5766 non

2159 415 2383 470 modesti
2427 415 2572 470 viri?
2615 415 2798 486 stagna
2839 415 2976 468 mala
3023 415 3264 470 habitant
3311 417 3361 470 in
3411 417 3589 470 anima
3626 434 3743 484 qua:

2158 507 2320 560 verba
2349 515 2570 577 usurpat
2595 505 2835 562 scurrilia
2858 517 2911 561 et
2935 507 3124 573 faceta,
3148 521 3336 576 magna
3363 507 3662 573 dissolutio,
3693 520 3742 566 et

2157 598 2280 653 hinc
2310 598 2542 653 solitudo
2562 598 2579 631 ¹
2605 616 2618 651 :
2644 597 2758 653 hiat
2783 613 3043 668 compago
3065 639 3079 660 ,
3113 600 3396 654 marcescit
3422 597 3739 666 aedificium,

2156 691 2542 745 exterminatur
2579 692 2770 755 timor,
2809 690 2959 745 abest
3007 690 3195 758 pietas.
3246 689 3420 745 llabes
3468 690 3739 761 linguam,

2157 795 2264 835 non
2285 789 2340 834 ut
2361 780 2582 856 comicis
2597 780 2755 834 dictis
2773 780 3030 843 incessus,
3055 780 3148 834 sed
3173 789 3230 833 ut
3252 781 3359 836 Deo
3375 796 3498 848 agas
3519 785 3742 850 gratias.

2156 871 2272 927 Non
2315 872 2466 927 vides
2505 872 2814 938 moriones,
2853 872 2941 942 qui
2981 880 3284 938 γελωτοποιοὶ
3322 872 3573 928 d‘euntur
3597 873 3742 941 quod

2158 965 2325 1020 risum
2364 973 2648 1029 moveant,
2686 971 2740 1018 et
2780 963 2940 1032 vulgo
2977 971 3236 1017 vocantur
3268 969 3484 1034 κόρδακος
3513 965 3632 1034 (a)?
3657 964 3745 1020 isti

2158 1063 2284 1108 sunt
2307 1058 2620 1126 εὐτράπελοι,
2648 1053 2700 1108 id
2725 1062 2807 1109 est
2828 1091 2843 1118 ,
2875 1053 3133 1108 senrriles
3157 1062 3214 1108 et
3238 1053 3415 1108 faceti.
3449 1053 3741 1123 Expellite,

2159 1161 2324 1219 rogo,
2356 1162 2386 1201 a
2413 1153 2712 1201 vestrarum
2751 1145 3048 1200 animarum
3093 1145 3286 1200 finibus
3315 1145 3572 1215 ingratam
3603 1145 3744 1202 hanc

2157 1241 2379 1311 gratiam
2405 1257 2420 1294 :
2444 1255 2529 1294 res
2550 1247 2635 1296 est
2665 1241 3040 1308 parasitorum,
3069 1239 3377 1303 mimorum,
3403 1240 3743 1305 saltatornm,

2160 1334 2564 1402 prostitutarum
2591 1332 2877 1388 mulierum
2906 1351 2919 1387 :
2943 1333 3126 1401 procul
3155 1333 3225 1385 sit
3250 1331 3319 1386 ab
3346 1333 3520 1386 anima
3551 1333 3742 1399 libera,

2162 1424 2348 1493 procul
2377 1423 2445 1479 ab
2474 1425 2724 1494 ingenua,
2755 1431 2810 1478 et
2840 1423 3021 1492 procul
3045 1437 3073 1475 a
3101 1423 3291 1476 servis.
3325 1421 3380 1477 Si
3406 1423 3523 1492 quis
3548 1431 3629 1476 est
3655 1421 3746 1476 in-

2163 1517 2314 1570 famis
2333 1557 2348 1583 ,
2379 1517 2422 1571 si
2455 1517 2575 1587 quis
2600 1515 2771 1586 turpis
2799 1523 2852 1569 et
2877 1515 3191 1580 obscoenos,
3224 1516 3266 1567 is
3297 1524 3379 1568 est
3407 1514 3564 1568 etiam
3591 1527 3750 1568 scur-

2161 1608 2299 1664 rilis.
2327 1608 2502 1662 Multis
2524 1615 2704 1662 autem
2731 1605 2944 1661 videtur
2963 1605 3076 1659 hare
3101 1619 3187 1659 res
3213 1606 3374 1660 etiam
3398 1619 3518 1661 esse
3538 1605 3750 1660 virtus:

2162 1710 2215 1755 et
2240 1710 2320 1755 cst
2349 1699 2449 1754 hoc
2482 1697 2786 1768 lugendum.
2823 1697 2891 1753 lit
2930 1698 3073 1751 enim
3103 1697 3530 1765 concupiscentia
3557 1696 3746 1765 paula-

2164 1795 2256 1847 tim
2297 1793 2514 1848 devenit
2553 1791 2620 1846 ad
2660 1791 3036 1846 scortationem
3067 1831 3080 1853 ,
3127 1789 3198 1842 ita
3244 1789 3402 1841 etiam
3450 1788 3751 1842 scurrilitas

2162 1886 2376 1942 videtur
2409 1899 2529 1940 esse
2573 1899 2659 1938 res
2699 1885 2974 1954 gratiosa;
3007 1881 3101 1936 sed
3145 1879 3276 1933 nihil
3316 1887 3399 1933 est
3429 1878 3528 1934 hoc
3570 1879 3748 1932 mimis

2161 1980 2478 2051 gratiosum.
2522 1976 2660 2031 Audi
2701 1975 2844 2029 enim
2890 1973 3221 2042 Scriptorum
3268 1970 3576 2025 dicentem:
3617 1969 3752 2023 Ante

2163 2072 2351 2124 tonitru
2394 2078 2632 2139 properat
2675 2065 2888 2137 fulgur,
2924 2073 2970 2118 et
3015 2063 3281 2132 pudentem
3317 2061 3552 2131 prteredit
3579 2060 3758 2130 gratia

2164 2161 2353 2232 (Eccli.
2383 2159 2472 2215 5‘2.
2504 2159 2615 2229 14).
2637 2157 2859 2213 Scurrili
2887 2165 3063 2209 autem
3095 2153 3222 2207 nihil
3253 2160 3337 2206 est
3365 2150 3744 2220 impudentius.

2163 2256 2338 2320 Quare
2379 2268 2439 2306 os
2478 2251 2592 2320 ejus
2617 2257 2701 2304 est
2729 2249 2942 2318 plenum
2966 2289 2981 2313 ,
3017 2262 3122 2300 non
3156 2244 3323 2314 gratia
3346 2286 3359 2310 ,
3405 2243 3498 2298 sed
3537 2242 3752 2296 dolore.

2167 2345 2316 2401 Hunc
2348 2357 2550 2398 morem
2581 2340 2914 2411 expellamus
2945 2354 2972 2392 a
3005 2338 3227 2392 mensis.
3261 2333 3396 2390 Sunt
3423 2335 3582 2389 etiam
3621 2335 3740 2402 qui-

2165 2440 2286 2494 dam
2317 2438 2406 2505 qui
2439 2449 2698 2506 pauperes
2724 2433 2825 2487 hoc
2846 2433 3057 2486 docent.
3083 2429 3126 2484 0
3150 2427 3532 2482 alisurditatem
3557 2427 3570 2478 !
3595 2439 3744 2479 scur-

2168 2529 2296 2585 riles
2321 2543 2440 2583 esse
2471 2527 2670 2580 faciunt
2698 2539 2795 2580 eos
2831 2522 2921 2593 qui
2959 2530 3084 2576 sunt
3117 2521 3169 2574 in
3209 2518 3583 2574 afflictionibus
3612 2519 3628 2570 !
3656 2516 3747 2570 ubi

2167 2621 2307 2675 enim
2333 2620 2440 2689 jam
2463 2624 2673 2672 nonest
2700 2614 2786 2670 hic
2813 2610 3197 2668 morbus?.lam
3227 2611 3386 2664 etiam
3417 2607 3748 2661 introductus

2167 2723 2250 2768 est
2294 2712 2344 2765 in
2390 2709 2684 2764 Ecclesium
2715 2706 2860 2777 :jam
2903 2706 3060 2759 etiam
3102 2701 3273 2771 attigit
3303 2700 3622 2769 Siripturas.
3657 2696 3748 2751 Di-

2167 2820 2356 2859 eamne
2392 2800 2588 2872 aliquid
2610 2841 2625 2865 ,
2660 2809 2718 2855 ut
2754 2798 2881 2854 mali
2922 2795 3198 2851 ostendam
3236 2790 3747 2862 exsuperatiuneni?

2169 2900 2248 2954 ille
2270 2897 2481 2967 quidem
2507 2893 2686 2965 pudet,
2708 2892 2799 2947 scd
2820 2899 2995 2944 tamen
3019 2889 3193 2942 dicam
3220 2903 3234 2940 :
3260 2887 3380 2939 volo
3400 2885 3541 2937 enim
3563 2893 3745 2937 osten-

2169 2991 2298 3046 dere
2323 3002 2428 3059 quo
2450 2985 2709 3057 processit
2732 2984 2953 3049 malum,
2978 2996 3045 3034 ne
3069 2979 3251 3034 videar
3271 2978 3337 3034 de
3361 2976 3518 3032 rebus
3543 2975 3752 3045 pusillis

2169 3096 2330 3152 agere
2358 3088 2413 3134 et
2441 3078 2508 3132 de
2545 3093 2604 3131 re
2633 3077 2804 3146 aliqua
2835 3087 2992 3142 parva
3018 3071 3284 3125 disserere
3304 3109 3320 3136 ,
3350 3067 3441 3123 sed
3473 3074 3530 3120 ut
3556 3065 3637 3118 vel
3670 3066 3751 3118 sic

2171 3174 2367 3244 possim
2412 3170 2480 3224 ab
2527 3184 2712 3223 errore
2759 3182 2853 3220 vos
2893 3163 3182 3219 abducere.
3226 3160 3336 3215 Nec
3365 3173 3450 3214 me
3479 3158 3752 3213 etistimct

2140 3329 2144 3334 1
2169 3264 2431 3336 quispiam
2453 3263 2672 3332 fingere,
2699 3258 2793 3314 sed
2814 3255 2985 3313 dicam
3013 3270 3131 3326 qua:
3159 3253 3356 3308 audivi.
3388 3251 3515 3306 Erat
3533 3248 3752 3319 quidam

2171 3356 2311 3427 apud
2343 3355 2575 3423 aliquem
2603 3365 2668 3407 ex
2695 3350 2781 3416 iis,
2805 3349 2892 3418 qui
2915 3346 2982 3402 de
3002 3345 3224 3401 scientia
3251 3343 3548 3414 gloriantur
3571 3348 3626 3393 et
3646 3337 3750 3392 sibi

2172 3448 2385 3518 placent
2409 3463 2422 3498 :
2449 3453 2502 3498 et
2532 3442 2643 3498 scio
2672 3440 2888 3510 quidem
2917 3436 3153 3492 futurum
3183 3443 3244 3489 ut
3272 3435 3440 3489 risum
3468 3445 3710 3486 moveam
3736 3471 3747 3486 .

2173 3538 2265 3594 sed
2290 3545 2466 3605 tamen
2489 3534 2660 3588 dicam
2687 3548 2699 3584 :
2727 3530 2772 3584 is
2791 3542 2977 3584 mensa
3005 3525 3244 3596 apposita
3269 3523 3477 3578 dicebat
3503 3539 3517 3574 :
3541 3521 3749 3590 Appie-

2176 3624 2587 3696 bendite,pueri,
2624 3638 2690 3677 ue
2718 3614 2929 3690 quando
2950 3618 3210 3672 irascatur
3235 3623 3440 3670 venter.
3472 3612 3540 3668 Et
3565 3624 3751 3666 nti-sus

2173 3721 2262 3775 alii
2291 3718 2475 3774 dicunt
2504 3733 2516 3768 :
2541 3713 2634 3769 νω
2663 3712 2779 3778 tibi,
2809 3723 3135 3772 mammona,
3165 3706 3292 3762 etei
3321 3705 3411 3774 qui
3441 3713 3493 3758 te
3521 3717 3627 3757 non
3660 3703 3752 3754 lia-

2177 3810 2300 3865 bet!
2333 3809 2398 3863 Et
2427 3807 2587 3862 multa
2622 3801 2883 3874 ejusmodi
2927 3799 3155 3856 absurda
3185 3797 3478 3852 introduxit
3507 3796 3750 3850 scurrili-

2176 3913 2254 3958 tas
2280 3918 2294 3956 :
2320 3910 2377 3955 ut
2401 3899 2612 3970 quando
2641 3897 2824 3951 dicunt
2848 3911 2861 3946 :
2887 3892 3042 3948 Modo
3073 3905 3178 3945 non
3205 3898 3289 3945 est
3313 3888 3605 3959 generatio.
3641 3887 3756 3940 iloe

2175 3995 2295 4048 dico
2325 3991 2580 4046 adversus
2621 3983 3006 4041 absurditatem
3046 3981 3305 4034 malorum
3348 3991 3556 4032 morum
3588 3987 3753 4030 :suut

2175 4086 2316 4141 enim
2347 4082 2463 4137 hate
2493 4080 2654 4136 verba
2689 4078 2880 4132 animae
2924 4073 3150 4131 deserta:
3191 4086 3220 4125 a
3266 4071 3462 4141 pietate
3499 4083 3564 4123 ac
3597 4083 3752 4122 reve-

2176 4177 2370 4233 rentia.
2418 4175 2609 4229 Annon
2659 4167 2972 4224 fulminibus
3013 4165 3169 4235 digna
3221 4170 3346 4217 sunt
3395 4159 3511 4215 lucc
3549 4159 3756 4214 verba?

2178 4268 2334 4322 Multa
2365 4264 2431 4318 ab
2460 4263 2542 4317 bis
2572 4261 2732 4316 etiam
2761 4259 2863 4313 alia
2891 4254 3151 4328 ejusmodi
3179 4253 3282 4308 dici
3313 4251 3574 4321 quispiam
3601 4251 3754 4303 inre-

2179 4358 2336 4413 nerit.
2363 4352 2721 4422 Quamobrem
2761 4363 2894 4419 rogo
2932 4356 2993 4403 ut
3035 4345 3271 4415 undique
3301 4342 3443 4396 malo
3469 4341 3568 4395 hoc
3605 4355 3757 4395 more

2178 4449 2420 4521 expulso,
2454 4447 2539 4500 illa
2576 4445 2858 4514 loquamur
2885 4455 3003 4510 qua:
3045 4435 3199 4491 nobis
3226 4432 3574 4496 conveniunt,
3606 4440 3659 4485 ct
3690 4446 3757 4482 uo

2178 4559 2270 4599 ora
2293 4549 2473 4596 sancta
2498 4538 2784 4608 loquantur
2803 4530 2963 4587 verba
2983 4527 3256 4583 infamiam
3279 4537 3334 4579 et
3355 4523 3757 4576 obscoenarum.

2182 4635 2308 4702 Qua:
2343 4642 2414 4687 est
2439 4631 2574 4684 enim
2594 4625 2806 4699 justitiw
2845 4619 3166 4693 participatio
3199 4632 3312 4670 runt
3340 4613 3602 4680 iniquitate
3620 4611 3645 4663 .’
3671 4621 3760 4664 aut

2178 4701 2290 4794 qua:
2317 4723 2528 4776 societas
2559 4717 2659 4772 luci
2702 4731 2816 4768 cum
2855 4709 3067 4767 tenebris
3107 4707 3183 4780 (Ξ.
3213 4706 3332 4761 Cor.
3365 4703 3417 4759 6.
3448 4701 3578 4772 id)?
3616 4701 3756 4755 Bene

2179 4793 2321 4871 enim
2350 4812 2626 4867 nobiscum
2653 4814 2858 4878 agetur,
2883 4803 2927 4857 si
2949 4816 3069 4857 cum
3096 4814 3192 4853 nos
3213 4797 3281 4851 ab
3301 4794 3546 4862 omnibus
3567 4793 3756 4846 absim

2179 4909 2264 4963 dis
2291 4904 2699 4963 abduxerimus,
2734 4897 2871 4952 bona
2919 4891 3176 4962 promissa
3207 4899 3633 4955 consequamur,
3665 4895 3760 4936 no-

2181 5001 2306 5055 dum
2329 5012 2447 5051 cum
2474 5004 2578 5047 tam
2608 4991 2771 5045 multa
2803 4985 3137 5044 attraliimus,
3155 4991 3203 5035 et
3231 4978 3423 5032 mentis
3444 4973 3760 5046 perfectioni

2184 5107 2276 5162 per
2303 5100 2406 5144 tam
2434 5085 2596 5140 multa
2628 5079 2913 5152 perniciem
2945 5073 3239 5128 efferimus.
3279 5067 3409 5123 Nam
3440 5065 3527 5135 qui
3560 5063 3761 5118 scurri-

2183 5157 2302 5237 liter
2332 5177 2566 5247 loqnitur
2587 5215 2602 5238 ,
2636 5173 2742 5227 cito
2772 5169 2876 5222 erit
2904 5163 3200 5221 maledicus
3224 5178 3240 5215 :
3263 5157 3555 5214 maledicus
3581 5165 3760 5210 autem

2247 5406 2260 5436 ⁸
2297 5402 2549 5461 Interpres
2590 5395 2778 5461 latinus
2822 5388 3014 5461 legerat
3041 5383 3299 5461 inﬁrmem
3326 5387 3480 5461 tierunt
3502 5388 3515 5422 :

2183 5431 2549 5524 ρηῑηῖξῖἦιῧὶῖῗ
2557 5431 2836 5524 εὲῖῖᾞέιῆἶοέ
2967 5431 3016 5493 ἐι
3041 5431 3762 5524 iutti‘hsbfiii'_w;fotgn§&

2215 5491 3060 5576 33%;"'i'io’JBiu‘HiiiEiiiiiiiriie
3103 5502 3295 5553 videtur
3319 5535 3332 5559 ,
3367 5491 3448 5547 u't"
3465 5507 3560 5544 nec
3605 5491 3763 5542 altera

2184 5588 2318 5710 mih)
2347 5653 2544 5710 nasus.
2566 5638 2848 5710 ειιιιαωῖειτξξ
2880 5617 3602 5710 ξςρὲἱξτεεὲι.ξὲἐ.¹ξῗ.ἓξεξὲξ⁵¹ἐῗ
3616 5625 3764 5710 2ῗὲῖέζῖ

2185 5674 3113 5772 ιίοκὲξηὶἱῖθξέῑῑῑιιὲᾉξζῑιιιξίυῑςιξ..έηι,
3135 5674 3524 5745 theophrastum
3547 5681 3598 5725 et
3616 5674 3764 5721 alios.
