4046 6210
345 353 446 421 lii

341 481 505 536 etiam
549 475 653 534 alia
697 479 1112 537 innumerabilia
1147 481 1289 536 mala
1330 481 1430 537 sibi
1467 481 1790 536 accumulat.
1835 480 1931 535 llis

341 588 475 642 ergo
502 572 714 627 duobus
754 573 951 627 anima:
977 573 1268 643 generibus
1295 573 1630 642 compositis,
1659 581 1713 628 et
1743 573 1933 627 rationi

339 665 662 732 subjuuctis,
683 672 953 734 tamquam
974 665 1127 734 equis
1149 665 1239 735 qui
1262 663 1415 720 facile
1440 673 1668 735 aguntur
1688 663 1932 731 habenis,

339 768 536 823 nempe
561 756 856 824 cupiditate
879 764 935 810 et
959 757 1058 821 ira,
1090 756 1160 809 ita
1193 763 1425 810 mentem
1457 754 1809 824 praaliciamus
1833 768 1932 808 au-

339 849 510 918 rigam
531 892 544 912 ,
579 858 635 902 ut
666 849 992 918 accipiamus
1023 849 1301 917 praemium
1330 863 1574 918 superna:
1598 845 1928 900 vocationis:

1232 361 1298 422 IN
1336 355 1551 423 EPIST.
1589 361 1680 421 AD
1722 357 1960 422 EPHES.
2002 367 2157 422 CAP.
2205 368 2265 422 ν.
2308 361 2538 426 HOMIL.
2581 365 2767 427 XVI—li.

3519 380 3624 433 122

2047 484 2188 553 quod
2220 485 2378 541 detur
2412 486 2569 545 nobis
2595 488 2846 545 omnibus
2870 491 3125 562 consequi
3163 491 3212 547 in
3243 491 3460 549 Christo
3495 496 3622 550 Jesu

2047 573 2273 632 Domino
2313 589 2530 644 nostro,
2567 594 2689 635 cum
2733 594 2841 650 quo
2883 579 3026 637 Patri
3068 583 3227 639 simul
3270 599 3391 640 eum
3435 597 3624 642 sancto

2043 665 2246 736 Spiritu
2285 668 2485 738 gloria,
2516 672 2784 740 potentia,
2815 669 3018 739 honor,
3053 689 3196 731 nunc
3219 684 3273 732 et
3301 691 3534 747 semper,
3567 687 3622 733 et

2043 757 2094 812 in
2126 758 2318 812 saecula
2348 759 2687 815 saeculorum.
2720 763 2912 818 Amen.

341 935 3611 964 MM“

1702 983 2053 1047 HOMILIA
2098 982 2332 1042 XVIII.

333 1117 470 1171 CAP.
499 1117 553 1171 5.
584 1133 636 1169 v.
656 1117 712 1172 5.
746 1114 860 1170 Hoc
880 1115 1015 1171 enim
1035 1114 1210 1169 scitote
1233 1111 1572 1184 intelligentes
1599 1110 1736 1180 quod
1763 1109 1928 1164 omnis

412 1208 726 1278 fornicator,
759 1215 848 1260 aut
876 1205 1185 1270 immundus,
1213 1213 1302 1258 aut
1326 1221 1530 1267 avarus,
1563 1202 1700 1272 quod
1721 1210 1793 1255 est
1813 1200 1930 1254 ido-

404 1301 577 1351 lorum
597 1298 832 1360 seruitus,
853 1312 955 1351 non
972 1296 1118 1350 habet
1143 1295 1470 1348 hereditatem
1490 1295 1543 1346 in
1567 1309 1719 1363 regno
1742 1291 1930 1346 Christi

403 1403 454 1443 et
487 1389 608 1444 Dei.
641 1389 697 1444 6.
730 1387 898 1442 Nemo
934 1403 1021 1440 vos
1063 1386 1268 1440 seducat
1293 1385 1526 1438 inanibus
1566 1382 1724 1436 verbis
1765 1399 1784 1436 :
1805 1398 1927 1450 pro-

406 1493 523 1547 pter
551 1481 659 1533 lucc
688 1480 820 1532 enim
847 1478 978 1531 venit
1022 1477 1100 1531 ira
1128 1475 1226 1528 Dei
1267 1476 1316 1528 in
1348 1475 1481 1542 ﬁlios
1507 1473 1818 1542 difﬁdentiae.

411 1573 462 1626 1.
497 1571 669 1625 Erant
699 1569 916 1638 quidam
939 1608 954 1632 ,
998 1577 1054 1621 ut
1083 1566 1322 1628 videtur,
1353 1563 1515 1618 etiam
1546 1562 1684 1631 apud
1715 1572 1928 1616 nostros

331 1663 614 1731 majores,
648 1661 740 1729 qui
792 1659 977 1728 populi
1031 1671 1218 1711 manus
1269 1653 1660 1719 dissolvebant,
1687 1662 1742 1706 et
1785 1652 1924 1722 quod

331 1755 537 1809 dictum
563 1763 647 1808 est
673 1748 740 1805 ab
770 1750 1052 1805 Ezechiele
1076 1792 1092 1816 ,
1139 1748 1204 1802 ad
1249 1762 1384 1816 opus
1407 1745 1742 1802 deducebant
1769 1787 1784 1812 ,
1819 1746 1926 1798 imo

332 1861 468 1901 vero
503 1860 625 1914 quae
671 1851 800 1897 sunt
851 1839 1436 1912 pseudoprophetarum
1486 1836 1784 1902 iaciebant;
1835 1837 1924 1904 qui

335 1954 436 2004 pro
455 1936 662 2008 pugillo
688 1935 877 1988 hordei
905 1934 1068 1987 Deum
1099 1930 1496 2001 vilipendebant
1523 1944 1704 1984 coram
1730 1928 1925 1999 populo

326 2044 453 2095 eius
499 2027 718 2097 (Ezech.
745 2025 830 2079 15.
865 2023 956 2094 19)
991 2041 1006 2078 :
1036 2021 1175 2093 quod
1219 2021 1510 2076 etiamnum
1552 2019 1621 2074 ab
1662 2017 1924 2087 aliquibus

333 2120 450 2174 Iieri
477 2118 736 2172 arbitror.
768 2117 900 2170 Cum
934 2115 1094 2185 igitur
1116 2113 1345 2168 dicimus
1365 2154 1380 2179 ,
1411 2111 1552 2182 quod
1579 2110 1669 2182 qui
1705 2111 1920 2166 fratrem

331 2213 538 2265 fattmm
591 2209 904 2274 vocaverit,
955 2209 1005 2260 in
1058 2204 1359 2277 gehennam
1402 2203 1645 2258 abiturus
1687 2203 1791 2268 sit;
1831 2201 1921 2256 alii

326 2306 564 2357 dicunt:
599 2302 746 2355 Itane
773 2342 789 2366 ,
835 2299 925 2369 qui
972 2297 1246 2353 vocaverit
1291 2296 1512 2351 fratrem
1561 2295 1764 2350 fatuum
1791 2336 1806 2362 ,
1867 2295 1918 2348 in

323 2396 632 2463 golicuuam
662 2392 872 2447 abibit?
901 2390 1268 2460 Nequaquam,
1297 2389 1372 2443 ait
1401 2405 1414 2442 :
1441 2395 1497 2442 et
1526 2403 1647 2442 cum
1691 2388 1919 2442 dicimus

323 2487 472 2555 quod
519 2500 715 2538 avarus
745 2485 814 2539 sit
859 2483 1125 2538 idolorum
1176 2481 1386 2546 cultor;
1419 2481 1549 2536 illud
1600 2482 1684 2536 isti
1735 2482 1917 2551 deSpi-

319 2580 531 2632 cientes
565 2577 784 2641 dicunt,
839 2576 940 2630 hoc
969 2591 1064 2644 per
1105 2573 1434 2644 hyperbolen
1463 2573 1608 2628 dici:
1639 2583 1804 2644 atque.
1842 2575 1915 2629 ita

320 2670 508 2722 omnia
543 2669 792 2722 mandata
839 2674 1213 2722 contemnunt.
1243 2665 1352 2721 llos
1399 2681 1528 2736 ergo
1571 2667 1915 2723 suliiudicans

320 2765 519 2816 beatus
549 2761 744 2815 Paulus
769 2803 783 2825 ,
818 2769 944 2815 tunc
971 2773 1186 2829 quoque
1229 2757 1502 2813 scribebat
1551 2758 1619 2813 ad
1653 2759 1915 2828 Ephesios

316 2855 517 2907 dicens
547 2871 561 2906 :
593 2850 701 2904 Hoc
728 2851 858 2904 enim
884 2851 1060 2903 scitote
1083 2849 1418 2920 intelligentes
1443 2852 1579 2918 quod
1620 2851 1784 2904 omnis
1807 2855 1915 2920 for-

317 2947 527 2998 nicator
547 2985 562 3007 ,
589 2954 674 2996 aut
701 2942 991 2996 immundus
1011 2982 1025 3003 ,
1052 2950 1140 2994 aut
1159 2957 1343 2995 avarus
1361 2981 1376 3006 ,
1402 2942 1489 3011 qui
1518 2951 1589 2996 est
1610 2943 1775 2996 cultor
1796 2943 1912 2996 ido-

318 3040 499 3092 lorum
522 3079 536 3100 ,
564 3052 661 3090 non
693 3036 840 3090 habet
865 3033 1192 3090 hereditatem
1235 3035 1290 3090 in
1316 3049 1474 3106 regno
1504 3032 1692 3091 Christi
1724 3044 1770 3091 et
1794 3034 1908 3093 Dei.

323 3127 537 3184 Deinde
564 3129 833 3199 subiungit
865 3145 879 3182 :
915 3127 1080 3182 Nemo
1107 3143 1193 3183 vos
1220 3128 1440 3196 decipiat
1467 3129 1704 3183 inanibus
1729 3130 1906 3185 verbis.

318 3224 454 3278 llaec
488 3223 646 3276 verba
673 3231 796 3276 sunt
825 3222 1001 3276 inania
1022 3262 1037 3286 ,
1070 3237 1190 3291 quae
1214 3221 1280 3276 ad
1309 3230 1519 3290 tempus
1566 3220 1766 3277 habent
1790 3238 1910 3293 gra-

317 3314 454 3370 tiam
475 3356 490 3378 ,
525 3325 576 3368 et
604 3313 823 3369 minime
847 3311 1200 3367 ostenduntur
1227 3311 1382 3366 factis
1410 3320 1462 3365 t'l
1491 3313 1746 3381 operibus
1776 3331 1789 3367 :
1820 3329 1908 3369 res

311 3407 468 3459 enim
499 3418 559 3456 ea
588 3411 670 3457 est
699 3401 966 3469 deceptio.
992 3399 1212 3470 Propter
1239 3400 1346 3454 lucc
1373 3402 1506 3454 enim
1546 3403 1680 3456 venit
1706 3403 1786 3455 ira
1809 3402 1906 3457 Dei

309 3500 374 3550 in
406 3497 540 3565 ﬁlios
580 3496 950 3548 inobedientiw.
978 3493 1204 3563 Propter
1233 3495 1616 3548 scortationem
1646 3536 1659 3558 ,
1692 3495 1860 3564 inquit
1887 3537 1901 3560 ,

314 3599 544 3657 propter
564 3587 866 3653 avaritiam,
889 3597 1106 3656 propter
1131 3586 1519 3639 immunditiam
1544 3602 1558 3651 ;
1578 3595 1670 3639 aut
1690 3597 1906 3655 propter

311 3685 439 3736 lia-c
466 3693 517 3734 et
549 3691 767 3748 prepter
794 3679 1187 3748 deceptionem,
1220 3680 1472 3750 quoniam
1500 3689 1624 3734 sunt
1649 3679 1901 3747 decepto-

317 3790 432 3828 rcs.
481 3772 644 3826 Filios
684 3770 1062 3826 iuobedientia:
1111 3785 1205 3825 eos
1251 3780 1410 3825 vocat
1449 3770 1541 3839 qui
1584 3779 1710 3824 sunt
1749 3769 1905 3825 valde

317 3864 776 3933 inobsequentes;
809 3862 896 3932 qui
939 3862 987 3915 ei
1034 3877 1140 3914 non
1186 3860 1460 3915 obediunt.
1493 3861 1544 3914 7.
1572 3858 1748 3914 Nolite
1787 3876 1906 3931 ergo

312 3955 446 4025 eﬂici
473 3953 742 4023 participes
771 3970 964 4006 eorum.
990 3952 1042 4006 8.
1073 3949 1244 4004 Eratis
1269 3951 1402 4004 enim
1442 3950 1718 4019 aliquando
1769 3961 1905 4004 tene-

312 4051 438 4109 brte,
476 4062 610 4098 nunc
633 4055 800 4097 autent
829 4045 920 4096 lux
942 4045 994 4096 in
1021 4043 1258 4095 Domino.
1277 4041 1411 4096 Vide
1440 4057 1601 4111 quam
1632 4043 1906 4112 sapienter

313 4153 408 4192 eos
434 4147 517 4190 est
544 4135 878 4189 adhortatus.
915 4134 1154 4187 Prinmm
1201 4150 1229 4184 a
1277 4131 1512 4194 Christo,
1563 4133 1716 4200 Quod
1765 4135 1904 4188 alter

312 4230 546 4281 alterum
578 4225 796 4294 diligitis
824 4265 838 4285 ,
864 4233 917 4278 et
945 4225 1142 4278 nemini
1180 4223 1429 4292 injuriam
1459 4223 1631 4278 facitis
1675 4239 1692 4279 :
1719 4240 1904 4278 rursus

311 4317 636 4371 adhortatur
681 4332 710 4367 a
738 4315 1001 4384 supplicio
1025 4323 1080 4369 et
1101 4313 1346 4383 gehenua
1381 4329 1396 4366 :
1428 4311 1600 4366 Eratis
1639 4315 1771 4367 enim
1799 4315 1900 4367 ali—

309 4410 522 4479 quando
554 4408 802 4472 tenebraz,
857 4422 992 4460 nunc
1027 4417 1194 4459 autem
1235 4406 1326 4458 tua:
1369 4405 1426 4458 in
1465 4402 1709 4458 Domino.
1748 4403 1900 4472 Quod

307 4503 531 4571 quidem
563 4500 696 4554 dicit
724 4498 884 4552 etiam
929 4498 984 4550 in
1013 4496 1254 4566 Epistula
1284 4494 1350 4549 ad
1396 4495 1667 4550 Romanos
1693 4511 1708 4548 :
1742 4495 1903 4560 Quem

311 4610 430 4664 ergo
458 4596 682 4662 fructum
707 4589 953 4642 habuistis
981 4597 1098 4640 tunc
1125 4589 1180 4640 in
1204 4586 1330 4654 illis,
1356 4586 1408 4639 in
1428 4586 1608 4654 quibus
1629 4602 1761 4639 nunc
1787 4603 1906 4639 eru-

308 4684 553 4740 bescitis?
580 4692 634 4737 et
674 4683 906 4750 priorem
937 4680 1251 4750 pravitatem
1295 4687 1350 4733 et
1379 4677 1565 4731 vitium
1607 4677 1712 4734 illis
1763 4694 1903 4733 nunc

313 4785 538 4832 revocat
566 4777 619 4829 in
655 4775 995 4829 memoriam.
1029 4772 1142 4826 Hoc
1175 4780 1274 4833 est,
1309 4771 1617 4841 Cogitantes
1642 4770 1768 4840 quid
1808 4786 1903 4826 vos

307 4866 601 4939 aliquando
629 4865 821 4930 fuistis,
847 4876 895 4918 et
927 4864 1054 4935 quid
1079 4879 1220 4919 nunc
1251 4863 1370 4917 lacti
1418 4861 1581 4925 estis;
1612 4876 1680 4915 ne
1711 4876 1902 4916 recur-

308 4962 440 5015 ratis
480 4971 672 5014 rursus
699 4957 764 5010 ad
800 4955 946 5023 prius
973 4955 1157 5008 vitium
1185 4995 1197 5017 ,
1224 4968 1396 5022 neque
1419 4953 1510 5008 Dei
1551 4953 1778 5022 gratiam
1821 4952 1901 5006 af-

308 5052 496 5106 ticiatis
541 5047 894 5104 contumelia.
946 5045 1114 5098 Eratis
1153 5045 1427 5114 aliquando
1472 5045 1726 5107 tenebrat,
1765 5059 1898 5096 nunc

305 5155 474 5198 autent
505 5143 594 5196 tua
634 5141 687 5192 in
727 5137 970 5191 Domino.
999 5136 1108 5191 Hoc
1147 5135 1297 5189 vobis
1322 5135 1417 5189 fuit
1457 5149 1565 5188 non
1606 5146 1673 5188 ex
1718 5141 1893 5188 vestra

305 5237 535 5300 virtute,
567 5232 662 5287 sed
691 5246 785 5300 per
827 5228 922 5284 Dei
949 5232 1171 5299 gratiam
1208 5246 1220 5282 :
1257 5227 1357 5281 hoc
1382 5235 1464 5280 est
1484 5267 1499 5292 ,
1549 5225 1617 5279 Et
1662 5240 1764 5280 vos
1793 5227 1892 5279 ali-

305 5327 519 5397 quando
548 5326 616 5380 iis
644 5324 790 5394 digni
845 5321 1024 5376 fuistis
1045 5362 1060 5385 ,
1110 5321 1202 5374 sed
1240 5321 1469 5389 amplius
1497 5333 1605 5373 non
1635 5319 1787 5374 estis.
1829 5318 1896 5373 Ut

301 5420 406 5484 lilii
431 5435 550 5488 ergo
579 5417 709 5468 lucis
752 5412 1025 5466 ambulate.
1060 5411 1195 5479 Quid
1225 5413 1292 5464 sit
1316 5421 1494 5464 autem
1515 5451 1529 5476 ,
1567 5408 1690 5462 Filii
1723 5409 1850 5463 lucis
1869 5425 1888 5473 ,-

299 5508 494 5562 deinde
541 5507 716 5576 aperit
757 5521 770 5558 :
804 5504 858 5561 9.
889 5502 1107 5558 Fructus
1143 5503 1277 5556 enim
1320 5501 1528 5572 spiritus
1552 5513 1624 5555 est
1653 5502 1708 5555 in
1754 5501 1892 5554 omni

301 5599 497 5663 iustitia
543 5608 590 5652 et
633 5596 856 5652 bonitate
893 5604 940 5648 et
986 5594 1209 5648 ueritate.
1246 5593 1332 5646 10.
1359 5590 1642 5645 Probantes
1674 5591 1794 5659 quid
1823 5590 1888 5643 sit

308 5691 674 5760 itueplacitum
697 5689 935 5741 Domino.
966 5685 1033 5739 In
1075 5686 1210 5739 omni
1237 5725 1250 5749 ,
1281 5684 1473 5752 inquit,
1502 5683 1743 5736 bonitate.
1775 5681 1886 5737 lloc

303 5785 566 5842 adversus
614 5783 939 5850 irascentes,
971 5779 1225 5834 adversus
1253 5776 1474 5832 acerbos
1500 5789 1554 5831 et
1582 5773 1884 5831 amarulen-

2040 1115 2120 1160 tos
2150 1125 2163 1160 :
2193 1104 2259 1159 In
2287 1106 2503 1174 iustitia,
2536 1105 2793 1164 adversus
2817 1123 3013 1166 avaros
3042 1129 3054 1164 :
3084 1122 3130 1167 et
3165 1114 3369 1169 veritate
3387 1156 3402 1180 ,
3425 1116 3615 1172 adver-

2038 1211 2131 1252 sus
2159 1196 2344 1252 falsam
2373 1197 2722 1267 voluptatem.
2745 1198 2860 1254 Non
2895 1200 2982 1255 illa
3007 1243 3022 1268 ,
3057 1203 3228 1274 inquit
3251 1245 3267 1270 ,
3311 1222 3430 1276 qua:
3467 1207 3616 1276 dixi,

2036 1288 2129 1342 sed
2158 1289 2446 1342 contraria.
2472 1287 2540 1342 In
2565 1291 2723 1344 omni.
2756 1289 2811 1345 Id
2842 1301 2946 1360 est,
2975 1304 3188 1363 oportet
3217 1295 3445 1352 fructum
3480 1301 3617 1356 ferre

2035 1377 2367 1445 Spiritualem
2420 1377 2472 1432 in
2499 1380 2769 1436 omnibus.
2799 1380 3083 1439 Probantes
3109 1387 3233 1455 quid
3273 1388 3338 1441 sit
3375 1388 3612 1458 benepln-

2036 1468 2191 1520 citum
2237 1467 2477 1521 Domino.
2508 1469 2597 1523 llla
2625 1486 2754 1542 ergo
2782 1483 2907 1528 sunt
2952 1477 3147 1531 mentis
3179 1479 3399 1546 puerilis
3427 1490 3482 1534 et
3513 1482 3615 1534 im-

2034 1558 2307 1628 perfectae.
2332 1561 2416 1614 11.
2452 1560 2514 1613 Et
2542 1563 2698 1616 nolite
2725 1568 3118 1633 communicare,
3150 1570 3351 1640 inquit,
3383 1573 3617 1642 operibus

2033 1649 2357 1717 infructuosis
2381 1651 2701 1706 tenebrarum
2725 1671 2743 1716 ;
2773 1657 2932 1724 magis
2960 1667 3127 1711 autem
3155 1660 3443 1732 redarguite
3469 1679 3491 1717 .°
3523 1663 3612 1717 12.

2031 1756 2146 1810 (μιω
2171 1743 2304 1795 enim
2332 1743 2384 1795 in
2411 1743 2606 1797 occulto
2631 1745 2757 1810 ﬁunt
2787 1746 2848 1798 ab
2875 1748 3018 1816 ipsis,
3049 1758 3196 1817 turpe
3237 1761 3310 1805 est
3335 1762 3382 1806 et
3420 1753 3608 1809 dicere.

2033 1831 2120 1884 15.
2156 1831 2339 1885 Omnia
2377 1842 2546 1887 autem
2585 1850 2699 1903 qua:
2734 1847 3021 1904 arguuntur
3062 1855 3094 1891 a
3138 1840 3363 1908 lumine,
3396 1845 3611 1914 manife-

2029 1933 2248 1978 stantur.
2283 1925 2446 1991 Dixit,
2479 1925 2594 1981 Lua:
2621 1929 2737 1981 estis
2761 1930 2891 1983 :qu
2919 1941 3098 1986 autem
3130 1935 3304 2003 arguit
3333 1952 3453 2007 quae
3478 1939 3612 1996 ﬁunt

2029 2013 2082 2068 in
2116 2016 2368 2072 tenebris.
2404 2017 2458 2072 Si
2485 2032 2614 2087 ergo
2643 2034 2736 2073 ves
2769 2021 2908 2086 sitis,
2941 2021 3150 2092 inquit,
3174 2025 3370 2082 virtute
3399 2029 3611 2097 praediti

2026 2115 2082 2160 et
2133 2105 2470 2174 admirandi,
2517 2124 2624 2162 non
2671 2118 2924 2178 poterunt
2970 2111 3138 2168 latere
3178 2114 3433 2185 improbi.
3463 2118 3613 2173 Sicut

2025 2200 2167 2254 enim
2195 2203 2238 2256 si
2288 2201 2459 2272 posita
2490 2203 2559 2258 sit
2587 2202 2802 2259 lucerna
2827 2245 2842 2270 ,
2891 2220 3078 2260 omnes
3124 2206 3525 2277 illuminantur,
3555 2223 3611 2267 et

2027 2292 2163 2347 latro
2205 2308 2310 2348 non
2363 2294 2558 2364 poterit
2605 2294 2855 2366 ingredi:
2886 2296 2958 2350 ita
3001 2296 3152 2353 vobis
3201 2299 3411 2356 lucente
3450 2301 3605 2368 luce,

2024 2386 2408 2442 convincentur
2452 2386 2724 2457 redarguti
2771 2389 3017 2458 improbi.
3048 2389 3273 2460 Oportet
3318 2392 3479 2463 igitur
3522 2409 3606 2446 ar-

2022 2493 2206 2548 gnere.
2237 2478 2515 2544 Quomodo
2541 2494 2671 2549 ergo
2716 2479 2846 2534 dicit
2875 2496 2890 2534 :
2923 2478 3100 2534 Nolite
3117 2481 3360 2552 judicare
3379 2525 3395 2549 ,
3427 2493 3480 2537 ut
3506 2500 3605 2537 non

2011 2571 2315 2642 judicentini
2343 2570 2554 2642 (Matth.
2587 2571 2638 2624 7.
2667 2571 2719 2640 1)
2747 2574 2771 2623 ?
2824 2573 3065 2643 Arguere
3114 2573 3250 2629 dixit
3280 2617 3294 2640 ,
3325 2591 3431 2632 non
3475 2593 3607 2633 con-

2019 2661 2275 2718 demnare
2297 2703 2314 2726 ,
2347 2661 2449 2716 hoc
2474 2671 2556 2718 est
2575 2703 2590 2726 ,
2619 2663 2881 2732 castigare
2912 2683 2924 2718 :
2954 2673 3037 2730 et,
3067 2663 3242 2720 Nolite
3257 2667 3528 2737 judicare,
3551 2681 3604 2725 ut

2019 2769 2120 2806 non
2137 2754 2443 2823 judicemini
2470 2751 2574 2822 (Ib.
2602 2770 2649 2807 υ.
2684 2753 2738 2824 5)
2761 2794 2777 2817 ,
2807 2752 2942 2808 dixit
2979 2754 3047 2808 de
3076 2755 3312 2812 minimis
3338 2761 3591 2828 peccatis.

2017 2845 2304 2915 Subjunxit
2331 2862 2460 2901 vero
2491 2864 2504 2899 :
2538 2845 2675 2911 Quid
2704 2846 2839 2901 vides
2879 2850 3127 2918 festucam
3155 2849 3207 2902 in
3252 2851 3400 2905 oculo
3427 2853 3604 2920 fratris

2018 2938 2092 2989 tui
2115 2977 2130 3002 ,
2162 2938 2212 2991 in
2235 2947 2323 2991 tuo
2350 2947 2516 2992 autem
2562 2939 2708 2993 oculo
2735 2940 2926 2993 trabem
2961 2956 3063 2994 non
3091 2942 3253 2995 cernis
3275 2943 3301 2997 7
3329 2943 3441 2999 Hoc
3466 2957 3549 2999 est
3584 2963 3596 2996 :

2015 3027 2166 3086 Sicut
2211 3029 2402 3086 vulnus
2445 3028 2699 3101 quamdiu
2727 3045 2959 3103 superne
2985 3039 3184 3087 tectum
3213 3031 3513 3102 delitescit,
3547 3046 3598 3093 et

2015 3127 2183 3180 currit
2227 3141 2323 3195 per
2368 3125 2690 3194 profundum
2711 3167 2726 3193 ,
2758 3127 2958 3180 nullam
2986 3128 3183 3197 accipit
3208 3132 3547 3184 curationem
3582 3149 3596 3185 :

2015 3218 2085 3271 ita
2133 3228 2408 3286 peccatum
2439 3218 2694 3287 quamdiu
2722 3218 2935 3288 quidem
2968 3220 3290 3288 occultatur,
3326 3230 3597 3293 tamquam

2014 3310 2064 3362 in
2097 3309 2330 3363 tenebris
2373 3308 2674 3364 admittitur
2720 3324 2840 3365 cum
2873 3327 3064 3382 magna
3093 3314 3420 3381 securitate;
3447 3325 3596 3386 pOst-

2011 3415 2169 3469 quam
2196 3408 2374 3455 autem
2405 3401 2564 3456 fuerit
2587 3402 3006 3469 inanitustatum,
3037 3404 3097 3458 lit
3126 3405 3212 3460 lux
3238 3447 3253 3472 ,
3285 3423 3390 3462 non
3423 3408 3594 3478 ipsmn

2012 3500 2286 3560 peccatum
2311 3508 2325 3557 ;
2355 3492 2624 3562 quomodo
2647 3493 2829 3548 enim?
2856 3494 2951 3549 sed
2979 3495 3023 3549 is
3051 3497 3141 3566 qui
3160 3498 3377 3554 admisit
3401 3499 3592 3568 ipsum.

2010 3581 2232 3652 Quando
2260 3583 2402 3638 enim
2438 3585 2513 3650 is,
2543 3587 2632 3654 qui
2665 3584 2812 3652 fecit,
2845 3587 2896 3640 in
2928 3587 3161 3644 medium
3194 3589 3354 3646 fuerit
3393 3592 3593 3660 produ-

2009 3681 2126 3729 ctus
2145 3715 2158 3738 ,
2189 3674 2401 3744 quando
2427 3675 2754 3744 admonitus,
2784 3679 3000 3748 quando
3021 3679 3213 3737 ductus
3237 3685 3549 3752 poenitentia
3571 3725 3590 3751 ,

2010 3767 2223 3836 quando
2252 3769 2620 3823 remissionem
2650 3769 2810 3826 fuerit
2836 3782 3172 3842 assequutus,
3193 3790 3372 3830 annon
3401 3792 3596 3846 expur-

2009 3857 2146 3927 gasti
2193 3859 2309 3928 ejus
2350 3860 2648 3917 tenebras?
2692 3877 2871 3918 annon
2943 3867 3142 3921 curasti
3192 3867 3306 3936 ejus
3351 3869 3595 3924 vulnus?

2009 3964 2186 4004 annon
2240 3949 2631 4008 infertilitatem
2691 3955 2928 4010 evocasti
2999 3956 3068 4012 ad
3147 3959 3438 4015 fructum?
3489 3963 3596 4017 Aut

2010 4039 2111 4095 hoc
2151 4041 2315 4108 dicit,
2365 4051 2460 4097 aut
2504 4043 2636 4098 illud
2675 4087 2690 4111 ,
2752 4045 2897 4115 quod
2946 4057 3126 4104 vestra
3192 4050 3411 4120 quidem
3488 4053 3592 4107 vita

2008 4145 2130 4186 cum
2173 4133 2245 4187 sit
2286 4134 2565 4189 manifesta
2591 4177 2605 4200 ,
2641 4147 2724 4190 cst
2777 4137 2864 4191 lux
2897 4139 3116 4194 :nullus
3173 4142 3317 4194 enim
3369 4142 3596 4198 abscon-

2010 4224 2090 4277 dit
2143 4225 2342 4290 vitam,
2399 4226 2452 4280 in
2490 4243 2649 4296 quam
2703 4244 2808 4282 non
2847 4229 2994 4284 cadit
3045 4232 3398 4300 reprehensio
3429 4251 3442 4286 :
3475 4251 3594 4304 qua:

2006 4325 2190 4370 autem
2219 4317 2659 4384 absconduutur,
2689 4317 2814 4388 quia
2839 4319 3162 4376 suntoll‘usa
3195 4324 3430 4378 tenebris
3455 4365 3470 4389 ,
3502 4341 3597 4380 oc-

2006 4407 2297 4460 cultantur.
2330 4408 2414 4460 14.
2450 4406 2670 4475 Propter
2694 4409 2828 4479 quod
2853 4409 2975 4463 dicit
3003 4427 3024 4464 .°
3052 4411 3219 4482 Surge
3243 4413 3327 4483 qui
3358 4415 3552 4469 dormis
3579 4459 3593 4480 ,

2005 4511 2051 4552 et
2071 4514 2284 4568 exsurge
2306 4515 2339 4552 α
2369 4499 2581 4554 mortuis
2607 4540 2621 4564 ,
2653 4509 2699 4554 et
2727 4500 3032 4554 illuminabit
3083 4512 3130 4557 te
3179 4502 3429 4558 Christus.
3458 4505 3596 4561 Dor-

2006 4589 2260 4644 mieutem
2287 4599 2342 4645 et
2369 4600 2638 4646 mortuum
2663 4591 2792 4646 dicit
2817 4606 2938 4647 eum
2967 4593 3057 4662 qui
3103 4603 3186 4648 est
3229 4595 3280 4650 in
3306 4599 3541 4666 peccatis
3577 4617 3589 4654 :

2009 4690 2199 4736 tetrum
2227 4683 2369 4737 enim
2399 4681 2619 4740 odorem
2643 4683 2811 4754 spirat
2837 4693 2895 4739 ut
2948 4696 3193 4742 mortuus
3214 4729 3228 4754 ,
3281 4705 3380 4745 nec
3418 4702 3596 4762 pult‘sl

2004 4773 2216 4842 operari
2245 4786 2302 4828 ut
2325 4775 2412 4843 qui
2444 4774 2661 4840 dormit,
2692 4785 2746 4830 et
2776 4776 2906 4831 nihil
2945 4776 3090 4832 videt
3135 4789 3190 4834 ut
3222 4781 3330 4849 ille,
3357 4783 3449 4836 sed
3494 4800 3582 4838 so-

2005 4865 2172 4917 nmiat
2189 4874 2240 4919 et
2260 4865 2564 4934 pliautasias
2580 4866 2956 4936 apprehendit.
2975 4869 3079 4924 Alii
3106 4869 3310 4939 dicunt,
3333 4872 3398 4926 Et
3416 4883 3598 4944 tanges-

2005 4957 2260 5011 (Ihristum
2285 4975 2303 5023 ;
2331 4960 2418 5012 alii
2447 4970 2623 5014 autem
2654 5000 2668 5024 ,
2717 4959 2783 5014 Et
2812 4961 3122 5017 illuminabit
3153 4975 3201 5018 te
3230 4963 3462 5020 Christus
3485 5005 3501 5031 ,
3533 4975 3588 5019 et

2005 5050 2179 5118 potius
2211 5050 2281 5104 ita
2305 5060 2406 5106 est.
2436 5051 2663 5106 Discede
2709 5065 2739 5105 a
2769 5062 2988 5120 peccato
3011 5095 3027 5121 ,
3073 5062 3128 5109 et
3156 5054 3356 5124 poteris
3407 5054 3598 5110 videre-

2001 5140 2270 5196 Christum
2303 5158 2317 5196 :
2352 5141 2492 5195 Nam
2536 5144 2623 5212 qui
2669 5144 2806 5197 mala
2832 5145 2976 5214 agit,
3009 5146 3114 5198 odit
3155 5145 3317 5198 lucem
3338 5187 3353 5212 ,
3397 5155 3444 5198 et
3475 5163 3583 5200 non

2002 5238 2133 5290 venit
2164 5237 2232 5289 ad
2259 5235 2420 5290 lucem
2442 5236 2635 5307 (Joan.
2659 5237 2715 5292 3.
2743 5237 2856 5308 20)
2882 5255 2896 5292 :
2927 5237 3018 5309 qui
3043 5248 3222 5292 autem
3267 5254 3376 5294 non
3405 5239 3575 5310 facit,

2000 5331 2164 5387 venit.

2069 5423 2124 5476 ‘2.
2156 5422 2260 5478 Sed
2291 5423 2392 5478 hoc
2439 5438 2544 5476 non
2590 5421 2767 5476 solum
2809 5419 3038 5476 dicitde
3091 5419 3382 5479 incredulis
3415 5441 3428 5479 :
3458 5440 3581 5479 nam

2000 5516 2149 5571 multi
2179 5532 2242 5569 ex
2273 5514 2518 5569 fidelibus
2548 5529 2654 5568 non
2682 5515 2858 5568 minus
2885 5522 3158 5569 sectantur
3205 5516 3391 5572 vitium
3425 5533 3582 5588 quam

2002 5607 2283 5668 infideles;
2317 5613 2522 5660 etsunt
2567 5605 2728 5659 etiam
2772 5603 2866 5674 qui
2914 5604 3085 5661 multo
3131 5607 3321 5678 magis.
3355 5609 3420 5663 Et
3464 5609 3585 5663 ideo

1998 5714 2220 5756 necesse
2245 5705 2330 5754 cst
2354 5697 2440 5752 eis
2465 5697 2647 5752 dicere
2679 5711 2694 5749 :
2726 5695 3090 5768 Expergiscem
3127 5700 3213 5768 qui
3257 5699 3448 5753 demtis
3474 5741 3488 5764 ,
3537 5710 3585 5753 et

2001 5807 2213 5863 exsurge
2239 5808 2270 5846 a
2295 5789 2521 5859 mortuis,
2555 5798 2602 5846 et
2627 5788 2933 5846 illuminabit
2952 5797 2998 5843 te
3023 5788 3276 5846 Christus.
3309 5789 3423 5847 Hoc
3452 5803 3585 5861 quo-
