4042 6212
465 366 570 422 123

466 495 573 547 que
618 473 868 531 convenit
891 473 972 528 eis
1000 470 1183 527 dicere
1203 511 1218 534 ,
1247 467 1386 522 Delta
1427 483 1529 520 non
1571 475 1642 519 est
1689 473 1998 517 olorinorum
2021 502 2036 528 ,

467 568 557 623 ml
583 559 1165 636 circumﬂuit/1.22.
1194 558 1308 629 52).
1349 557 1404 612 Si
1453 569 1581 626 ergo
1627 570 1734 608 non
1779 562 1863 608 est
1906 553 2045 607 Deus

471 671 826 722 Itol'utul'ttm,
861 655 1124 708 vivamus.
1152 648 1378 718 Quidam
1407 657 1582 701 autem
1612 644 1918 701 existimant
1945 643 2048 698 hoc

473 764 594 804 esse
642 746 1006 820 hyperbolen,
1035 745 1240 796 Avarus
1284 750 1365 796 est
1413 739 1586 796 cultor
1629 739 1913 792 idolorum.
1940 734 2044 790 Sed

473 856 576 895 non
608 849 691 894 est
719 841 820 892 hoc
852 835 1070 890 verbum
1100 832 1447 905 hyperboles,
1480 829 1578 885 sed
1605 830 1867 884 veritatis.
1899 828 2047 896 Quo-

479 930 679 984 modo?
705 929 748 983 A
781 928 886 980 Deo
913 923 1134 979 discedit
1154 937 1365 984 avarus.
1390 921 1528 976 sicut
1567 930 1619 974 et
1650 919 1946 974 idololatra.
1982 919 2048 972 Et

477 1034 546 1072 ne
571 1016 842 1072 existimes
871 1014 1066 1069 frustra
1098 1027 1217 1068 esse
1242 1012 1478 1068 dictum:
1507 1019 1590 1065 est
1608 1008 1805 1065 Christi
1833 1019 2050 1064 senten-

477 1109 548 1163 tia
577 1123 696 1178 quae
720 1107 888 1162 dicit:
941 1105 1062 1159 Non
1087 1104 1297 1178 potestis
1332 1102 1438 1157 Deo
1479 1103 1664 1157 seruire
1704 1111 1752 1155 et
1799 1118 2051 1156 maniam:

473 1197 636 1264 (Ibid.
667 1198 722 1255 ϐ.
763 1197 881 1268 2i).
910 1197 1010 1265 Qui
1051 1209 1312 1250 mamonae
1353 1193 1593 1248 serviunt
1637 1193 1676 1259 ⁸,
1707 1192 1910 1262 seipsos
1955 1207 2054 1247 ex-

482 1289 728 1356 pulerunt
765 1303 794 1340 a
840 1288 932 1342 Dei
977 1287 1231 1341 servitute
1261 1283 1391 1354 :qui
1429 1291 1607 1338 autem
1647 1281 1762 1350 eius
1789 1291 2050 1352 negarunt

473 1379 770 1434 dominium
791 1419 805 1443 ,
835 1385 890 1434 et
937 1392 1069 1433 auro
1095 1377 1148 1432 in
1176 1377 1356 1430 animo
1379 1375 1617 1431 serviunt
1635 1415 1652 1440 ,
1683 1373 1939 1443 liquidum
1969 1382 2051 1428 est

475 1487 571 1526 eos
599 1486 720 1528 esse
747 1472 985 1527 cultores
1011 1470 1299 1526 idolorum.
1324 1469 1394 1523 At
1422 1482 1527 1523 non
1554 1466 1687 1534 feci,
1716 1467 1907 1537 inquit,
1933 1465 2053 1520 ido-

476 1563 608 1629 lum,
631 1577 802 1632 neque
818 1579 966 1618 aram
982 1562 1166 1626 statui,
1198 1574 1371 1632 neque
1393 1574 1523 1615 oves
1539 1558 1858 1625 sacriﬁcavi,
1883 1573 2054 1628 neque

476 1654 660 1708 viuum
683 1653 867 1720 libavi,
893 1653 987 1707 sed
1014 1651 1296 1706 ecclesiam
1320 1665 1436 1705 sum
1467 1649 1765 1720 ingressus,
1784 1660 1840 1704 et
1865 1664 2055 1704 manus

475 1744 691 1800 ιιιθηιιί
719 1746 992 1815 unigenito
1019 1743 1115 1798 Dei
1138 1743 1298 1809 Filio,
1326 1751 1384 1798 et
1406 1757 1526 1796 sum
1558 1743 1824 1813 particeps
1850 1750 2052 1814 myste-

479 1836 704 1900 riorum,
732 1843 788 1890 et
813 1848 1034 1906 precum
1063 1833 1234 1888 habeo
1255 1833 1566 1888 societatem
1595 1841 1649 1887 et
1677 1832 1906 1888 aliorum
1933 1847 2054 1886 om-

479 1929 626 1982 nium
673 1943 794 1998 qua:
838 1928 1165 1983 conveniunt
1203 1925 1534 1981 Christiano.
1557 1925 1839 1990 Quomodo
1888 1939 2054 1994 ergo,

476 2020 668 2090 inquit,
696 2019 864 2074 adoro
901 2018 1045 2074 idola
1072 2019 1096 2072 ?
1123 2018 1298 2087 Atque
1325 2016 1428 2072 hoc
1452 2016 1667 2086 quidem
1697 2025 1783 2072 est
1820 2024 1876 2071 et
1901 2016 2056 2072 valde

477 2113 800 2177 mirandam,
829 2111 972 2181 quod
999 2126 1120 2166 cum
1149 2120 1400 2180 expertus
1443 2124 1592 2165 esses
1632 2119 1686 2165 et
1715 2110 1804 2165 Dei
1848 2118 2058 2181 gustas-

477 2219 566 2258 ses
595 2202 1002 2272 benignitatem,
1031 2209 1085 2256 et
1133 2199 1362 2255 vidisses
1392 2201 1678 2270 benignum
1718 2215 1839 2256 esse
1883 2202 2058 2255 Domi-

479 2309 624 2354 num.
659 2293 948 2363 benignum
975 2290 1189 2361 quidem
1236 2290 1530 2355 dimiseris,
1561 2291 1832 2346 crudelem
1876 2302 2058 2348 autem

479 2397 756 2458 tyrannum
795 2384 1075 2440 admiseris
1122 2399 1185 2437 ac
1215 2384 1519 2453 susceperis
1565 2393 1655 2438 :et
1700 2399 1808 2454 pra:
1855 2394 1907 2438 te
1951 2384 2056 2438 fers

475 2476 692 2544 quidem
717 2485 772 2531 te
797 2475 850 2530 ei
877 2489 982 2529 non
1009 2475 1233 2537 servire,
1266 2489 1323 2528 re
1347 2489 1468 2527 vera
1495 2483 1671 2528 autem
1704 2483 1755 2528 te
1781 2473 2057 2543 subjecisti

479 2567 620 2621 duro.
645 2575 698 2620 et
717 2580 911 2634 aspero
932 2566 1062 2634 jugo
1106 2564 1306 2618 actoris
1346 2563 1608 2632 pecuniae.
1647 2563 1893 2617 Nondum
1927 2562 2056 2617 mihi

477 2658 660 2716 dixisti
689 2655 835 2727 quod
862 2671 890 2708 a
923 2666 974 2711 te
998 2664 1144 2710 recte
1171 2655 1240 2709 sit
1267 2654 1488 2717 factum.
1517 2654 1610 2709 sed
1643 2653 1780 2708 dona
1823 2654 2054 2710 Domini.

481 2749 576 2803 Dic
604 2747 732 2802 mihi
755 2789 770 2812 ,
799 2760 984 2816 quarso
1003 2787 1018 2811 ,
1049 2745 1314 2800 undeuam
1355 2744 1656 2814 judicamus
1696 2744 1959 2798 militem?
1988 2760 2056 2799 an

477 2856 546 2896 ex
572 2853 637 2896 co
655 2879 670 2906 ,
699 2838 841 2908 quod
869 2847 928 2891 ut
954 2836 1172 2892 satelles
1197 2837 1356 2906 stipet
1384 2852 1561 2905 regem
1585 2877 1597 2899 ,
1625 2846 1680 2892 et
1705 2837 1772 2891 ab
1793 2851 1857 2892 eo
1883 2837 2058 2892 alatur

478 2932 676 3000 eteius
704 2945 826 2987 esse
851 2929 1059 2985 dicatur
1087 2946 1103 2994 ;
1132 2945 1199 2984 an
1229 2944 1294 2984 ex
1322 2943 1410 2994 eo,
1452 2928 1596 2998 quod
1625 2943 1730 2984 nea
1761 2930 1813 2984 in
1840 2946 1960 2984 eum
1987 2931 2058 2985 sit

481 3024 617 3091 bene
657 3021 879 3077 allectus
897 3060 914 3086 ,
941 3019 1036 3076 sed
1064 3034 1173 3090 prae
1199 3034 1258 3074 se
1286 3017 1423 3074 [erat
1446 3033 1506 3072 se
1536 3019 1589 3074 in
1615 3019 1758 3074 illius
1786 3035 1906 3074 esse
1937 3035 2058 3089 par-

481 3114 624 3168 tibus
649 3121 704 3167 et
730 3112 892 3168 rebus
915 3109 1032 3182 ejus
1055 3109 1257 3177 favere,
1283 3109 1624 3164 inimicorum
1645 3118 1824 3166 autem
1856 3126 1942 3166 res
1963 3126 2056 3179 ge-

481 3207 601 3264 rat?
628 3205 801 3270 Patet,
835 3219 901 3260 eo
940 3202 1083 3273 quod
1116 3203 1258 3273 regis
1287 3202 1501 3257 satelles
1530 3211 1633 3257 cst.
1662 3203 1787 3257 Ideo
1826 3203 2055 3274 graviori

479 3295 743 3365 supplicio
769 3294 962 3365 dignus
981 3303 1084 3360 est,
1113 3309 1270 3363 quam
1298 3293 1344 3348 si
1371 3293 1596 3362 abrupto
1617 3295 1749 3364 jugo
1767 3295 1928 3364 regiae
1945 3308 2058 3347 ser-

481 3387 664 3440 vitutis
689 3401 750 3441 se
775 3387 1005 3440 inimicis
1029 3385 1338 3440 dedidisset.
1365 3385 1431 3440 Et
1460 3395 1512 3440 tu
1539 3385 1706 3440 Deum
1735 3386 2054 3440 contumelia

479 3477 646 3532 afﬁcis
670 3484 939 3547 tamquam
971 3477 1284 3542 idololatra,
1303 3492 1412 3531 non
1439 3492 1545 3531 uno
1589 3493 1684 3533 ore
1718 3486 1829 3542 tuo,
1853 3478 1948 3532 sed
1977 3479 2058 3531 in-

482 3568 890 3637 numerabilium
911 3609 928 3635 ,
959 3569 1152 3638 quibus
1181 3568 1314 3622 facta
1344 3579 1429 3623 est
1458 3570 1672 3638 injuria.
1705 3570 1770 3624 At
1807 3585 1912 3623 non
1940 3578 2020 3623 est
2039 3609 2054 3633 ,

483 3661 670 3730 inquit,
696 3660 994 3715 idololatra.
1018 3659 1242 3727 Quando
1269 3659 1427 3728 igitur
1453 3659 1633 3714 dicunt
1658 3659 1827 3714 Grzrci
1855 3699 1874 3726 ,
1903 3659 2061 3714 Chri-

481 3751 686 3806 Stianus
732 3751 830 3805 iste
855 3765 1084 3816 avarus,
1119 3760 1243 3803 tunc
1287 3765 1394 3803 non
1433 3749 1545 3819 ipse
1591 3751 1738 3804 solus
1769 3752 1963 3819 probro
2006 3761 2061 3805 et

482 3839 805 3894 contumelia
832 3839 995 3893 afﬁcit
1022 3855 1113 3907 per
1133 3855 1196 3893 ea
1225 3855 1347 3910 qua:
1375 3839 1518 3898 facit.
1547 3840 1641 3895 sed
1671 3850 1724 3896 et
1749 3856 1843 3895 eos
1870 3843 2059 3907 quibus

485 3931 622 3996 facta
653 3940 736 3984 est
759 3930 948 4000 injuria
980 3945 1127 4000 saepe
1154 3932 1297 4000 cogit
1326 3931 1428 3985 hoc
1461 3930 1676 3988 dicere:
1711 3933 1851 4001 quod
1881 3935 1924 3987 si
1958 3934 2060 3988 hoc

487 4037 591 4076 non
619 4021 824 4087 dicunt,
849 4020 1060 4076 illorum
1091 4022 1267 4090 pietati
1305 4023 1404 4076 hoc
1431 4031 1515 4076 est
1544 4023 1930 4099 imputandum.
1953 4026 2061 4078 Au-

489 4129 591 4168 non
623 4112 866 4168 videmus
893 4127 980 4167 res
1005 4112 1083 4167 sic
1113 4113 1266 4166 fieri?
1293 4112 1430 4180 Quid
1471 4125 1551 4167 est
1577 4114 1718 4168 aliud
1750 4114 2061 4169 idololatra?

486 4220 664 4258 annon
705 4204 818 4273 ipse
842 4218 1055 4274 quoque
1078 4218 1220 4272 smpe
1244 4203 1434 4257 adorat
1460 4204 1584 4256 vitia
1613 4213 1669 4257 ut
1695 4205 1780 4274 qui
1825 4205 1928 4259 illis
1957 4222 2061 4261 non

488 4294 753 4361 imperet?
793 4292 862 4350 Ut
903 4293 1136 4362 exempli
1180 4308 1336 4346 causa
1363 4334 1377 4357 ,
1424 4293 1637 4362 quando
1669 4294 1893 4348 dicimus
1941 4310 2061 4349 eum

484 4384 709 4445 adorare
728 4383 888 4450 idola,
909 4382 1050 4448 Non,
1081 4384 1266 4454 inquit,
1287 4382 1376 4437 sed
1400 4382 1679 4447 Venerem,
1705 4384 1796 4439 sed
1822 4385 2059 4440 Martem.

489 4475 553 4538 Et
578 4475 620 4528 si
646 4474 974 4541 dixerimus,
1004 4476 1260 4542 Quantam
1306 4483 1384 4528 est
1432 4473 1545 4529 haec
1576 4473 1795 4529 Venus?
1823 4476 1910 4546 qui
1941 4486 2067 4532 sunt

486 4580 557 4637 ex.
581 4565 658 4617 eis
685 4566 960 4633 graviores
985 4565 1191 4629 dicunt,
1215 4564 1468 4633 Voluptas
1500 4581 1513 4615 :
1548 4565 1615 4620 Et
1639 4566 1758 4634 quis
1784 4565 1957 4621 Mars?
1985 4567 2065 4622 Ira

489 4663 545 4728 et
586 4654 818 4725 animus.
861 4655 936 4724 ita
979 4657 1138 4711 etiam
1190 4667 1244 4712 tu
1290 4672 1612 4712 mamonam.
1641 4658 1696 4714 Si
1745 4659 2066 4726 dixerimus,

491 4743 720 4812 Quinam
767 4754 850 4807 est
895 4747 1177 4814 mamona?
1204 4748 1439 4802 Avaritia
1473 4765 1486 4803 :
1516 4756 1570 4802 ct
1593 4757 1645 4802 tu
1673 4763 1790 4804 eam
1839 4750 2069 4804 adoras?

493 4833 608 4902 Non
636 4833 834 4910 adoro,
882 4834 1072 4904 inquit.
1104 4836 1322 4903 Quare?
1349 4837 1602 4903 quoniam
1648 4853 1752 4892 non
1801 4849 1852 4893 te
1897 4840 2068 4909 ipsum

490 4924 720 5001 inuectis
742 4934 799 4996 et
826 4926 1120 4996 incurvas?
1148 4927 1316 4985 Multo
1340 4929 1508 5000 magis
1528 4928 1722 4984 adoras
1750 4944 1843 4998 per
1859 4929 1992 4986 facta
2016 4941 2070 4986 et

492 5029 582 5082 res
609 5015 794 5086 ipsas;
826 5014 942 5088 lucc
966 5015 1110 5089 enim
1132 5026 1214 5072 est
1233 5022 1403 5088 major
1419 5017 1680 5074 adoratio.
1701 5019 1766 5074 Et
1791 5029 1849 5074 ut
1871 5020 2068 5084 discas.

492 5107 614 5175 vide
645 5107 694 5161 iu
727 5107 858 5177 Deo,
883 5107 1115 5182 Quinam
1156 5124 1276 5163 eum
1329 5109 1498 5180 magis
1541 5110 1796 5178 adorant,
1828 5111 1934 5167 iine
1981 5114 2069 5182 qui

491 5198 662 5251 solum
692 5208 835 5253 stant
862 5189 921 5253 ini
943 5199 1214 5268 precibus,
1239 5216 1306 5252 an
1329 5201 1417 5275 qui
1446 5199 1649 5256 faciunt
1672 5201 1790 5272 ejus
1819 5203 2071 5258 volunta-

495 5286 648 5344 ιενωῖ
676 5286 858 5343 Palam
913 5299 1015 5355 est,
1045 5289 1186 5367 quod
1234 5290 1341 5342 isti.
1377 5289 1449 5358 ita
1481 5290 1642 5349 etiam
1690 5293 1741 5346 in
1788 5308 2070 5360 mamona,

496 5376 587 5443 qui
631 5377 833 5435 faciunt
861 5382 978 5451 ejus
1034 5384 1399 5451 voluntatem,
1441 5384 1610 5456 magis
1659 5400 1780 5439 eum
1827 5385 2072 5441 adorant.

498 5469 657 5538 Atqui
705 5469 781 5523 illi
812 5475 900 5543 qui
928 5474 1153 5528 adorant
1194 5474 1511 5541 affectiones
1534 5485 1588 5530 et
1625 5474 1788 5541 vitia,
1823 5491 1968 5546 sche
2010 5477 2078 5531 ab

498 5560 606 5615 illis
650 5571 778 5616 sunt
833 5567 1029 5639 remoti
1070 5587 1081 5619 :
1130 5567 1331 5645 videris
1373 5569 1516 5625 cnim
1551 5569 1811 5623 cultorem
1861 5568 2078 5636 Martis,

561 5693 578 5724 ⁸
616 5695 670 5744 In
702 5707 798 5765 uno
819 5694 995 5764 Codice
1019 5695 1284 5758 κείμενα..
1319 5720 1341 5745 α
1363 5711 1408 5750 et
1426 5713 1677 5765 memque.
1702 5717 1724 5746 ν
1755 5701 1886 5760 Quod
1911 5701 1952 5752 si
1985 5715 2077 5753 non

496 5760 557 5824 sit
585 5757 804 5828 possibile
826 5757 1003 5832 servire
1031 5757 1126 5831 Deo
1149 5767 1191 5810 et
1226 5773 1474 5834 mammae,
1499 5763 1581 5824 qm‘
1603 5757 1854 5823 mamoinr,
1883 5773 1982 5813 etc.

1163 359 1220 414 S.
1258 353 1530 412 JOANNIS
1564 349 2033 410 CHRYSOSTOMI
2073 348 2384 408 ARCHIEP.
2422 353 2946 413 CONS'IANTINOP.
3636 355 3724 409 :25

2154 461 2284 517 iram
2331 478 2474 533 smpe
2526 466 2741 522 vincere
2759 481 2822 522 ac
2867 468 3160 538 reprimere
3195 486 3207 518 :
3241 467 3294 520 in
3326 478 3385 540 te.
3421 479 3598 521 autem
3645 487 3728 522 res

2151 569 2255 608 non
2283 555 2352 609 ita
2373 571 2433 612 se
2459 559 2644 624 habet,
2673 553 2768 615 sed
2801 570 2852 614 te
2871 561 2922 613 in
2943 562 3252 615 servitutem
3284 561 3394 614 vitii
3417 563 3488 614 tui
3509 561 3728 632 redigis.

2150 644 2220 700 At
2248 660 2377 700 oves
2400 661 2504 700 non
2527 647 2777 718 jugulas?
2803 649 2910 704 Sed
2935 650 3145 720 jngulas
3177 651 3423 706 homines
3443 664 3495 707 et
3524 655 3731 707 aninms

2151 735 2354 790 ratione
2369 737 2737 805 prmditas,has
2749 741 2962 807 quidem
2979 740 3261 806 fame,illas
3271 757 3399 797 vero
3412 743 3704 798 maledictis
3715 785 3728 798 .

2154 825 2268 882 Hoc
2283 830 2543 884 sacriﬁcio
2579 831 2708 885 nihil
2735 841 2818 886 est
2843 835 3014 902 magis
3044 834 3382 902 baccbicum,
3403 836 3530 890 nihil
3563 838 3731 906 magis

2154 916 2420 972 insanum.
2449 919 2580 984 Quis
2610 936 2862 990 diuquam
2894 923 3024 977 vidit
3067 924 3317 993 jugulare
3345 926 3594 980 ani-mas?
3621 928 3730 980 Ex-

2155 1008 2410 1064 secranda
2436 1019 2520 1065 est
2545 1026 2637 1066 ara
2662 1013 2921 1068 avaritiae.
2949 1014 3081 1069 Nam
3106 1015 3174 1070 ad
3207 1016 3343 1071 hanc
3380 1032 3527 1072 aram
3557 1017 3728 1073 idolo-

2155 1115 2274 1154 rum
2301 1101 2346 1156 si
2378 1103 2616 1169 veneris,
2645 1103 2844 1158 videris
2874 1121 2991 1160 eam
3019 1107 3170 1166 olere
3198 1109 3511 1179 sanguinem
3538 1125 3730 1178 capra-

2155 1207 2271 1246 rum
2293 1203 2347 1248 et
2375 1193 2567 1258 boum;
2601 1195 2667 1249 ad
2703 1197 2942 1251 avaritia:
2986 1209 3162 1252 autem
3189 1214 3338 1255 aram
3389 1202 3433 1256 si
3479 1204 3727 1268 veneris,

2155 1283 2358 1339 videbis
2369 1299 2490 1340 eam
2506 1287 2740 1355 graviter
2763 1288 3057 1357 spirantem
3075 1289 3364 1346 humanum
3382 1292 3696 1362 sanguinem
3714 1289 3729 1346 ξ

2156 1371 2201 1425 si
2232 1371 2321 1426 hic
2367 1373 2583 1428 steteris
2603 1415 2620 1441 ,
2652 1389 2758 1429 non
2801 1376 3006 1431 videbis
3031 1378 3221 1434 ardere
3247 1380 3360 1434 alas
3389 1381 3598 1443 avium,
3629 1397 3734 1435 nec

2156 1465 2324 1519 emitti
2354 1480 2606 1535 vaporem
2653 1477 2708 1522 et
2749 1468 2952 1523 fumum
2980 1509 2994 1533 ,
3025 1469 3121 1524 sed
3161 1471 3336 1540 perire
3374 1486 3600 1542 corpora
3631 1473 3734 1528 hu—

2159 1571 2339 1611 mana.
2367 1557 2498 1612 Nam
2528 1558 2617 1614 alii
2646 1560 2864 1630 quidem
2893 1577 2952 1617 se
3000 1561 3298 1632 praecipites
3323 1564 3578 1632 dejicinnt
3597 1606 3613 1631 ,
3640 1567 3736 1621 alii

2158 1654 2342 1715 aptant
2367 1647 2638 1719 laqueum,
2665 1651 2756 1704 alii
2784 1666 2881 1720 per
2908 1661 3090 1722 guttur
3127 1667 3310 1709 ensem
3342 1656 3734 1725 transadignnt.

2163 1737 2350 1794 Vidisti
2375 1740 2613 1796 crudelia
2639 1751 2692 1798 et
2745 1742 3033 1797 inhumana
3079 1743 3381 1799 sacriﬁcia?
3412 1745 3505 1800 Vis
3536 1747 3619 1800 his
3649 1748 3733 1800 vi-

2157 1827 2286 1884 dere
2314 1831 2601 1899 graviora?
2639 1831 2754 1901 Ego
2795 1832 2888 1888 tibi
2941 1834 3219 1890 ostendam
3243 1876 3258 1901 ,
3287 1850 3391 1890 non
3417 1835 3526 1906 jam
3559 1838 3739 1892 homi-

2159 1936 2286 1974 num
2313 1935 2559 1992 corpora,
2589 1921 2905 1977 sedanimas
2935 1924 3046 1978 illic
3091 1926 3334 1980 mactari.
3372 1925 3549 1981 Potest
3589 1927 3742 1982 enim

2160 2012 2378 2067 mactari
2405 2012 2580 2067 anima
2609 2027 2674 2068 ea
2694 2012 2843 2068 mede
2871 2030 2992 2082 qua:
3021 2014 3096 2070 illi
3121 2016 3369 2071 convenit
3393 2035 3408 2072 :
3433 2017 3574 2072 sicut
3591 2019 3741 2072 enim

2159 2111 2243 2159 est
2272 2119 2417 2158 ttiors
2441 2105 2706 2174 corporis,
2737 2105 2807 2160 ita
2833 2115 2918 2161 est
2939 2121 3084 2161 mors
3109 2108 3301 2162 animm
3333 2125 3348 2163 :
3376 2109 3559 2162 Anima
3603 2110 3744 2162 enim

2159 2211 2273 2264 qua:
2297 2205 2469 2265 peccat
2487 2236 2502 2258 .
2531 2196 2700 2266 inquit
2721 2237 2738 2263 ,
2766 2197 2880 2266 ipsa
2898 2199 3140 2252 morietur
3162 2197 3374 2270 (Ezech.
3399 2201 3485 2255 I8.
3514 2201 3591 2270 4).
3617 2200 3746 2254 Non

2159 2294 2241 2342 est
2265 2287 2435 2356 qualis
2461 2302 2608 2343 mors
2633 2289 2896 2358 corporis,
2927 2289 3020 2343 sed
3047 2298 3130 2344 est
3156 2289 3317 2360 longe
3340 2291 3557 2360 gravior
3581 2306 3741 2348 mors

2159 2380 2369 2434 animae.
2394 2378 2524 2435 Nam
2549 2381 2638 2436 illa
2666 2381 2883 2450 quidem
2910 2396 3056 2436 mors
3073 2384 3334 2454 corporis,
3356 2399 3474 2439 cum
3501 2385 3746 2439 animam

2159 2480 2214 2525 et
2242 2485 2437 2540 corpus
2475 2471 2702 2527 alterum
2744 2472 2811 2527 ab
2838 2472 3012 2528 altero
3034 2473 3382 2540 dissolverit,
3415 2474 3493 2529 illi
3518 2475 3745 2546 quidem

2159 2562 2314 2633 affert
2340 2563 2624 2633 requiema
2654 2564 2834 2618 multis
2863 2565 3008 2620 curis
3036 2575 3090 2620 et
3113 2567 3421 2632 laboribus;
3451 2567 3588 2622 hanc
3609 2584 3746 2623 vero

2160 2653 2226 2706 ad
2257 2625 2428 2707 iocum
2459 2653 2797 2708 manifestum
2844 2656 3157 2710 transmittit
3183 2673 3196 2710 :
3221 2656 3416 2712 deinde
3448 2673 3568 2712 cum
3597 2667 3744 2712 teru—

2161 2759 2290 2814 pore
2323 2746 2481 2799 fuerit
2527 2744 2845 2800 dissolutum
2877 2756 2932 2801 et
2979 2747 3171 2817 spiritu
3206 2748 3500 2819 privatum,
3549 2765 3746 2803 rursus

2159 2845 2510 2906 congregatur
2554 2852 2678 2892 cum
2741 2838 3187 2909 incorruptione,
3236 2850 3292 2895 et
3343 2856 3490 2894 suam
3547 2841 3746 2910 recipit

2159 2927 2412 2982 animum.

2230 3019 2285 3073 5.
2321 3023 2492 3090 Atque
2518 3021 2637 3075 talis
2661 3021 2875 3091 quidem
2901 3031 2984 3076 est
3007 3035 3150 3077 mors
3175 3023 3437 3093 corporis.
3462 3021 3604 3078 Mors
3634 3037 3741 3076 au-

2163 3121 2267 3168 tem
2299 3115 2489 3168 animm
2517 3123 2600 3169 est
2647 3114 2910 3168 horrenda
2943 3123 2998 3169 et
3044 3114 3321 3168 terribilis.
3374 3113 3488 3168 Non
3515 3115 3660 3168 enim
3694 3115 3742 3168 si

2160 3203 2319 3257 fuerit
2359 3202 2616 3258 dissoluta
2643 3244 2658 3268 ,
2686 3219 2803 3258 eam
2837 3204 3150 3258 transmittit
3198 3204 3336 3258 sicut
3380 3220 3572 3274 corpus
3595 3243 3610 3268 ,
3640 3205 3744 3259 sed

2158 3309 2275 3351 eam
2305 3309 2488 3349 rursus
2509 3295 2778 3366 alligatam
2801 3295 3035 3366 corpori,
3058 3295 3112 3350 in
3135 3296 3275 3365 quod
3297 3297 3448 3351 cadet
3466 3295 3744 3358 interitus,

2160 3399 2276 3439 eam
2319 3385 2552 3440 immittit
2604 3386 2658 3439 in
2702 3385 2898 3456 ignem,
2944 3386 3035 3456 qui
3085 3401 3191 3441 non
3242 3398 3414 3456 potest
3449 3389 3742 3457 exstingui.

2164 3479 2287 3532 Ilmc
2337 3487 2422 3534 est
2477 3492 2604 3547 ergo
2657 3492 2804 3532 mors
2861 3478 3074 3533 animm.
3121 3477 3270 3533 Sicut
3315 3493 3441 3548 ergo
3462 3487 3544 3532 est
3593 3491 3748 3532 n.ors

2160 3571 2384 3635 animm,
2416 3570 2483 3623 ita
2515 3579 2596 3622 est
2630 3569 2787 3623 etiam
2817 3569 2993 3624 credes
3019 3568 3232 3623 animm.
3255 3569 3389 3636 Quid
3430 3578 3513 3622 est
3562 3569 3747 3624 cardes

2161 3664 2438 3735 corporis?
2490 3663 2658 3720 Morte
2708 3678 2828 3718 esse
2877 3662 3122 3718 allectum
3147 3702 3163 3728 ,
3203 3670 3257 3717 et
3296 3662 3576 3730 abruptum
3616 3676 3748 3716 esse

2162 3757 2471 3826 Operatione
2534 3771 2653 3825 qua:
2722 3765 2806 3810 est
2865 3770 2931 3809 ex
2979 3755 3175 3809 anima.
3249 3754 3384 3822 Quid
3435 3763 3518 3808 est
3561 3755 3748 3808 caedes

2161 3846 2396 3902 animae?
2440 3845 2554 3916 ipsa
2599 3861 2812 3914 quoque
2840 3855 2922 3900 est
2955 3844 3339 3899 mortificatio?
3367 3843 3503 3912 Quid
3530 3852 3612 3898 est
3639 3858 3744 3897 au-

2165 3949 2269 3994 tem
2299 3937 2636 3993 mortificatio
2684 3939 2912 3998 anitum?
2958 3937 3106 3992 Sicut
3150 3953 3343 4007 corpus
3399 3947 3522 3992 tunc
3569 3949 3751 3993 morte

2163 4030 2416 4095 afﬁcitur,
2441 4030 2653 4100 quando
2691 4031 2868 4085 anima
2911 4029 2966 4086 id
2995 4031 3265 4102 reliquerit
3290 4031 3556 4085 desertum
3587 4046 3617 4085 a
3646 4047 3750 4085 sua

2163 4123 2477 4191 Oper-alioue
2506 4139 2518 4174 :
2547 4122 2614 4177 ita
2655 4122 2817 4178 etiam
2858 4132 2986 4178 tunc
3031 4133 3205 4178 morte
3253 4122 3482 4178 afﬁcitur
3528 4123 3749 4185 anima,

2165 4214 2379 4284 quando
2419 4229 2534 4269 cam
2581 4230 2611 4268 a
2657 4230 2751 4270 sua
2799 4217 3113 4284 Operatione
3153 4217 3419 4280 desertam
3470 4218 3754 4286 reliquerit

2167 4303 2402 4374 Spiritus
2433 4314 2667 4359 sanctus.
2699 4305 2792 4360 Hae
2817 4306 2991 4360 credes
3019 4316 3074 4360 et
3103 4309 3452 4366 mactationcs
3477 4317 3602 4364 sunt
3632 4323 3754 4362 ma-

2169 4397 2311 4450 xime
2328 4393 2394 4450 ad
2416 4410 2561 4449 aram
2583 4395 2818 4449 avaritiae
2839 4416 2852 4450 :
2872 4409 2977 4450 non
2999 4396 3257 4450 satiantur
3280 4411 3451 4466 neque
3471 4412 3530 4450 se
3550 4398 3756 4453 sistunt

2172 4503 2339 4556 usque
2366 4486 2432 4541 ad
2464 4487 2775 4552 sanguinem
2806 4486 3102 4560 hominum,
3136 4487 3229 4540 sed
3261 4486 3361 4540 nisi
3387 4485 3546 4541 etiam
3577 4486 3757 4555 ipsam

2171 4576 2558 4632 sacrificaveris
2598 4577 2862 4644 animam,
2911 4591 3016 4630 non
3069 4577 3318 4646 impletur
3345 4592 3437 4630 ara
3467 4576 3713 4635 avaritiae
3738 4621 3756 4643 ,

2173 4669 2273 4723 nisi
2303 4668 2579 4738 utriusque
2608 4668 3104 4738 acceperitanimas
3127 4711 3141 4731 ,
3172 4684 3364 4737 nempe
3395 4671 3512 4737 ejus
3541 4669 3633 4737 qui
3659 4685 3758 4724 sa-

2173 4759 2377 4814 crificat
2404 4767 2455 4813 cl
2476 4758 2593 4828 ejus
2618 4759 2707 4828 qui
2733 4758 3087 4814 sacriﬁcatur.
3120 4758 3254 4813 Eum
3280 4759 3422 4814 enim
3455 4759 3545 4830 qui
3577 4761 3760 4813 sacri-

2175 4850 2296 4904 ficat
2337 4858 2551 4919 oportet
2593 4849 2821 4918 primum
2851 4863 2971 4905 esse
3012 4849 3404 4914 sacriﬁcatum;
3447 4859 3502 4905 et
3543 4849 3614 4904 ita
3665 4850 3764 4906 ille

2174 4940 2480 5004 sacriﬁcat,
2515 4949 2568 4994 et
2599 4949 2841 4996 mortuus
2868 4940 3134 4994 sacrificat
3160 4957 3282 4996 eum
3323 4941 3415 5011 qui
3445 4951 3571 4996 tunc
3599 4942 3765 4998 vivit.

2175 5030 2400 5098 Quando
2418 5031 2559 5086 enim
2587 5031 2880 5087 maledictis
2906 5031 3217 5099 insectatur,
3231 5033 3443 5100 quando
3463 5033 3680 5104 probris
3705 5046 3768 5091 et

2176 5119 2432 5175 conviciis
2479 5120 2718 5190 appetit,
2748 5121 2958 5192 quando
3007 5133 3289 5180 succenset
3330 5135 3384 5178 et
3413 5123 3767 5194 indignatur,

2178 5226 2358 5267 annon
2389 5211 2472 5267 hae
2499 5213 2665 5283 plagae
2695 5213 2888 5268 animm
2908 5222 3030 5270 sunt
3059 5215 3383 5272 incurabiles
3406 5216 3429 5269 ?
3457 5215 3622 5272 Vides
3652 5232 3768 5276 non

2179 5319 2300 5361 esse
2327 5304 2528 5358 dictum
2561 5303 3014 5374 hyperbolicum?

2253 5394 2530 5448 Avaritiam
2577 5410 2686 5448 esse
2731 5395 3073 5449 idololatriam
3102 5395 3362 5462 probatur.
3385 5426 3457 5436 -—
3481 5397 3570 5451 Vis
3598 5397 3772 5453 etiam

2181 5483 2323 5538 aliud
2351 5482 2557 5547 audire,
2589 5493 2641 5538 et
2669 5483 2878 5538 discere
2901 5485 3169 5554 quomodo
3191 5486 3412 5541 avaritia
3437 5486 3506 5540 sit
3536 5485 3775 5542 idolola-

2186 5575 2284 5630 tria
2299 5584 2354 5629 et
2372 5573 2519 5629 cultu
2538 5573 2802 5629 idolorum
2818 5577 3068 5645 gravior?
3088 5575 3389 5633 Idololatrae
3413 5577 3644 5632 adorant
3675 5577 3779 5632 Dei

2185 5675 2457 5720 creaturas
2484 5682 2495 5718 :
2522 5662 2587 5717 Et
2615 5667 2878 5721 coluerunt
2900 5709 2914 5733 ,
2949 5667 3116 5739 inquit
3139 5711 3154 5734 ,
3180 5679 3227 5722 et
3254 5670 3531 5724 servierunt
3557 5681 3781 5724 creatu-

2191 5772 2261 5832 rte
2283 5756 2438 5828 magis
2459 5773 2609 5825 quam
2629 5755 2855 5813 Creatori
2883 5757 3059 5828 (llam.
3089 5760 3136 5814 Ι.
3165 5760 3260 5830 25)
3287 5777 3302 5813 :
3334 5769 3386 5815 tu
3415 5770 3593 5815 autent
3622 5770 3782 5816 tuam
