4042 6212
294 312 394 373 ηδ

293 432 485 485 adoras
517 434 844 481 creaturam.
877 410 1017 475 Deus
1041 416 1185 474 enim
1216 432 1321 471 non
1347 415 1546 471 creavit
1565 414 1864 475 avaritiam.

293 521 388 575 sed
433 533 552 573 eam
597 515 799 570 invenit
841 510 1213 568 immoderatio
1262 518 1368 563 tua:
1415 506 1862 577 inexplebilitatis.

294 611 428 665 Vide
453 618 628 662 autem
676 605 934 660 insaniam
976 613 1032 658 et
1077 617 1190 657 rem
1221 600 1379 670 plane
1421 599 1718 653 ridiculam.
1766 597 1864 662 Qui

293 703 435 758 idola
478 701 712 754 adorant
736 736 752 761 ,
778 696 942 752 etiam
984 708 1046 748 ea
1073 709 1188 762 qua:
1230 691 1454 745 adorant
1481 691 1781 756 honorant,
1813 697 1868 743 et

292 794 408 845 sive
435 790 717 860 quisquam
746 785 1021 856 quidpiam
1067 785 1120 837 in
1149 797 1215 837 ea
1243 781 1473 846 dixerit,
1506 782 1620 835 sive
1649 781 1868 835 maledi-

294 885 400 938 ctis
447 889 508 938 ea
549 878 710 936 fuerit
756 879 1084 941 insectatus,
1131 889 1193 929 ea
1236 871 1646 928 defendunt:tu
1690 881 1866 925 autent

295 989 565 1044 tamquam
591 987 700 1041 prae
725 970 951 1040 quadam
973 968 1228 1023 ebrietate
1252 981 1365 1020 rem
1393 964 1605 1030 adoras,
1624 980 1740 1032 qua:
1764 980 1868 1017 non

293 1066 468 1118 solum
499 1078 606 1116 non
635 1069 717 1115 est
760 1059 922 1113 libera
951 1073 978 1108 a
1009 1056 1394 1125 vituperatione
1419 1095 1436 1118 ,
1465 1053 1557 1107 sed
1588 1053 1746 1107 etiam
1788 1062 1869 1106 est

296 1158 449 1224 plena
497 1152 796 1221 impietate.
825 1149 1180 1216 Quamobrem
1215 1156 1270 1201 tu
1310 1160 1370 1200 es
1398 1145 1476 1198 eis
1505 1145 1659 1214 longe
1685 1143 1865 1213 pejor:

295 1261 469 1315 neque
498 1245 642 1299 enim
672 1241 1040 1297 defensionem
1066 1239 1257 1293 inferre
1288 1237 1485 1307 poteris
1512 1237 1652 1306 quod
1675 1251 1778 1290 non
1800 1236 1872 1291 sit

294 1337 515 1389 malum.
543 1332 657 1387 Etsi
706 1332 780 1386 illi
823 1329 1052 1385 maxime
1080 1337 1206 1382 sunt
1250 1327 1666 1390 inescusabiles,
1701 1336 1756 1380 tu
1787 1335 1869 1380 ta-

295 1430 415 1480 men
445 1424 615 1479 multo
642 1421 845 1491 magis,
875 1427 932 1475 ut
955 1419 1046 1490 qui
1072 1419 1347 1472 avaritiam
1381 1419 1573 1473 millies
1607 1433 1830 1473 accuses
1851 1457 1866 1481 ,

293 1525 346 1570 et
371 1531 467 1570 eos
500 1514 769 1583 vituperes
797 1513 886 1581 qui
910 1525 1026 1564 eam
1053 1510 1270 1575 colunt,
1301 1519 1352 1563 et
1378 1509 1426 1563 ei
1471 1509 1708 1563 serviunt
1734 1518 1789 1563 et
1817 1509 1869 1563 ei

296 1621 499 1662 morem
527 1613 741 1676 gerunt.
772 1602 832 1657 Si
854 1595 1014 1656 vultis
1043 1609 1260 1681 autem,
1290 1600 1662 1654 examinemus
1698 1599 1869 1654 unde-

295 1714 417 1752 nam
445 1699 516 1751 sit
542 1697 780 1766 ingressa
821 1691 1139 1747 idololatria.
1184 1689 1319 1743 Dicit
1360 1690 1572 1759 quidam
1620 1689 1869 1760 Sapiens,

295 1787 438 1856 quod
469 1786 683 1854 quidam
730 1783 879 1837 dives
905 1782 994 1852 qui
1040 1781 1376 1836 cruciabatur
1418 1780 1702 1834 immaturo
1730 1781 1870 1835 luctu

297 1874 400 1929 lilii
421 1918 435 1939 ,
469 1890 644 1944 neque
670 1874 840 1928 luctus
861 1872 1020 1925 ullam
1045 1870 1272 1924 habebat
1305 1871 1747 1936 consolationem,
1774 1870 1874 1926 hac

301 1967 560 2020 dolorem
588 1963 804 2026 leniens,
835 1963 971 2016 facta
995 1959 1227 2014 inanima
1257 1960 1485 2029 imagine
1513 1959 1631 2028 ejus
1656 1961 1745 2030 qui
1775 1977 1869 2015 ex-

300 2064 564 2119 cesserat,
588 2055 836 2124 per'petuo
881 2053 1000 2106 eam
1041 2035 1290 2115 intuens,
1317 2049 1592 2104 videbatur
1620 2065 1714 2119 per
1738 2051 1872 2104 ima-

297 2146 478 2218 ginem
501 2159 621 2199 eum
646 2152 903 2213 perpetuo
946 2130 1139 2196 habere
1169 2140 1258 2210 qui
1287 2139 1613 2194 decesserat.
1644 2140 1870 2206 Quidam

297 2248 480 2292 autem
509 2235 848 2300 adulatores,
878 2248 1104 2302 quorum
1133 2233 1275 2287 Deus
1304 2241 1491 2287 venter
1518 2239 1602 2286 est
1628 2271 1644 2296 ,
1676 2231 1731 2284 in
1757 2230 1874 2301 ejus

300 2323 566 2382 honorem
595 2327 834 2380 colentes
862 2325 1183 2394 imaginem,
1216 2337 1337 2402 eum
1369 2336 1575 2376 morem
1605 2320 1874 2390 perduxe-

305 2429 432 2473 runt
453 2417 521 2471 ad
549 2407 1064 2484 idololatriam(Sap.
1091 2414 1176 2469 M.
1207 2409 1629 2482 15).lntroducta
1650 2420 1725 2466 est
1751 2425 1878 2481 ergo

301 2511 367 2565 ab
397 2508 768 2564 imbecillitate
831 2505 1022 2559 anima:
1044 2545 1058 2569 ,
1086 2520 1114 2556 a
1143 2503 1368 2558 rationis
1394 2515 1614 2572 experte
1651 2516 1878 2558 consue-

304 2601 485 2654 tudine
508 2639 524 2663 ,
556 2599 624 2653 ab
653 2593 1116 2652 immoderatione.
1144 2594 1259 2649 Non
1287 2594 1366 2648 sic
1404 2604 1580 2648 autem
1609 2594 1829 2648 avaritia
1859 2611 1873 2648 :

306 2706 427 2744 nam
459 2691 574 2759 ipsa
601 2691 816 2758 quoque
842 2695 928 2742 est
954 2686 1256 2740 introducta
1282 2685 1350 2740 alt
1382 2683 1650 2739 imbecilla
1675 2686 1874 2749 anima,

303 2797 486 2838 verum
508 2797 540 2835 a
576 2782 797 2852 peiore:
825 2794 931 2833 non
957 2779 1134 2832 amisit
1176 2778 1458 2847 quisquam
1490 2777 1676 2842 lilium,
1710 2792 1882 2846 neque

308 2876 480 2927 luctus
496 2873 770 2941 quaerebat
789 2869 1062 2936 solatium,
1082 2881 1252 2938 neque
1269 2868 1633 2923 nttrabebatur
1656 2870 1725 2924 ab
1749 2869 1880 2924 adu-

307 2964 609 3027 latoribus;
657 2961 749 3015 sed
802 2959 1108 3029 quomodo?
1151 2958 1264 3028 Ego
1320 2959 1470 3012 vobis
1511 2959 1708 3013 dicam.
1749 2958 1880 3014 Cain

307 3048 477 3108 Deum
506 3051 766 3106 fraudavit
793 3066 887 3119 per
907 3050 1180 3104 avaritiam
1216 3068 1228 3104 ε
1261 3051 1381 3102 nam
1411 3049 1477 3103 iis
1504 3066 1619 3118 qua:
1649 3049 1726 3103 illi
1751 3050 1868 3105 dari

306 3144 589 3213 oportebat
616 3140 753 3212 apud
784 3156 844 3196 se
871 3141 1112 3204 retentis,
1138 3156 1255 3210 qua:
1288 3139 1463 3209 ipsum
1497 3140 1694 3195 habere
1721 3155 1883 3211 Opor-

310 3239 477 3302 tebat,
507 3249 570 3288 ea
603 3233 679 3289 illi
703 3233 914 3298 obtulit,
944 3241 998 3287 et
1025 3232 1220 3285 malum
1249 3249 1278 3284 a
1303 3232 1411 3286 Deo
1435 3232 1654 3300 incepit.
1679 3232 1808 3286 Nam
1837 3233 1882 3286 si

311 3341 411 3381 nos
453 3325 550 3380 Del
595 3337 818 3385 sumus,
865 3323 1032 3376 multo
1074 3321 1242 3392 magis
1293 3321 1540 3390 primitia:
1580 3330 1883 3378 nostrarum

311 3416 741 3486 posscssionum.
772 3406 976 3468 Rursus
1002 3412 1070 3466 ab
1107 3413 1328 3466 aVaritia
1358 3423 1471 3466 orta
1499 3422 1581 3467 est
1608 3414 1883 3466 mulierum

311 3506 568 3576 appetitio
598 3523 610 3554 :
643 3503 884 3557 Viderunt
905 3504 1039 3571 ﬁlias
1061 3503 1342 3568 hominum,
1361 3512 1407 3556 et
1435 3502 1652 3555 devoluti
1679 3513 1794 3556 sunt
1820 3505 1887 3556 ad

311 3596 766 3665 concupiscentia»:
793 3578 946 3662 (Gen.
978 3594 1031 3648 6.
1055 3584 1113 3663 Ξ)
1151 3609 1166 3645 :
1213 3593 1280 3648 ab
1305 3593 1389 3647 his
1416 3609 1603 3648 rursus
1629 3593 1694 3647 ad
1727 3609 1886 3663 pecu-

313 3689 455 3741 nias.
502 3685 634 3740 Nam
669 3685 806 3739 velle
835 3679 957 3754 plus
1002 3684 1200 3738 habere
1227 3699 1386 3753 quam
1419 3685 1691 3753 proximus
1723 3685 1775 3738 in
1823 3686 1887 3739 iis

313 3793 435 3848 quae
464 3777 528 3831 ad
558 3777 696 3831 hanc
724 3775 887 3829 vitam
917 3775 1200 3844 pertinent,
1237 3789 1340 3828 non
1371 3773 1584 3828 aliunde
1612 3782 1692 3828 est
1711 3784 1886 3828 ortum

313 3883 480 3936 quam
505 3883 568 3921 ex
595 3882 660 3920 eo
688 3866 826 3934 quod
880 3865 1149 3920 refrixerit
1191 3865 1585 3919 caritaszvclle
1631 3866 1748 3934 plus
1793 3869 1888 3919 lia-

315 3952 447 4014 bere
475 3973 577 4012 non
612 3958 828 4012 aliunde
849 3958 1020 4012 oritur
1047 3973 1204 4027 quam
1232 3972 1296 4012 ex
1323 3957 1622 4027 arrogantia
1648 3996 1662 4022 ,
1693 3965 1743 4011 et
1767 3957 1890 4012 odio

317 4045 596 4102 hominum
623 4058 678 4110 et
716 4057 1046 4116 contemptu.
1091 4047 1206 4102 Non
1234 4047 1382 4101 vides
1404 4056 1600 4116 quanta
1628 4047 1695 4101 sit
1726 4057 1888 4115 terra,

317 4149 375 4194 et
400 4140 667 4210 quomodo
684 4156 777 4195 aer
800 4148 855 4194 et
877 4139 1066 4195 caelum
1089 4140 1159 4194 sit
1186 4140 1354 4193 multo
1377 4137 1548 4207 majus
1573 4153 1730 4207 quam
1757 4153 1892 4206 Opus

315 4232 425 4284 sit?
451 4230 577 4286 Nam
612 4240 669 4286 ut
701 4232 840 4285 Deus
869 4240 1014 4285 tuam
1047 4231 1411 4300 exstingueret
1454 4230 1731 4283 avaritiam
1758 4271 1773 4296 ,
1803 4246 1891 4285 res

314 4334 526 4378 creatas
543 4324 609 4377 ad
628 4324 739 4378 tam
770 4337 1016 4393 magnam
1046 4312 1228 4376 eduxit
1252 4335 1557 4376 mensuram
1586 4337 1600 4374 :
1630 4328 1684 4374 tu
1712 4331 1888 4376 autem

314 4412 411 4467 sic
424 4428 622 4484 quoque
639 4429 694 4467 ra
703 4406 805 4482 pis,
824 4422 879 4466 et
901 4397 1051 4466 audis
1067 4411 1340 4465 avaritiam
1363 4425 1483 4464 esse
1503 4395 1848 4464 idololatriam
1875 4428 1889 4465 :

319 4510 477 4557 etne
499 4504 573 4557 sic
598 4499 815 4573 quidem
842 4501 1066 4556 horres?
1097 4499 1187 4555 Vis
1213 4515 1333 4556 esse
1363 4495 1518 4554 heres
1563 4500 1756 4554 terrae?
1787 4499 1892 4554 Sed

322 4596 440 4645 non
480 4592 642 4649 habes
690 4595 741 4647 in
783 4593 915 4649 cazlo
950 4586 1300 4647 hereditatem
1331 4610 1346 4646 :
1374 4579 1607 4645 studium
1639 4591 1792 4661 ponis
1837 4600 1895 4645 ut

324 4680 451 4735 aliis
476 4684 743 4753 relinquas
773 4670 1148 4748 hereditatem,
1183 4691 1233 4736 te
1262 4682 1435 4750 ipsum
1466 4685 1643 4736 antem
1675 4681 1895 4749 privas?

408 4775 455 4828 4.
488 4775 577 4830 Dic
603 4775 944 4844 mihi,siquis
966 4774 1116 4829 daret
1141 4774 1234 4828 tibi
1263 4781 1578 4844 potestatem
1602 4774 1894 4842 accipiendi

335 4865 540 4928 omnia,
570 4881 636 4920 an
684 4861 899 4919 nolles?
924 4865 1074 4919 Licet
1102 4855 1230 4932 ergo
1254 4905 1267 4929 ,
1302 4865 1344 4917 si
1375 4865 1527 4918 velis.
1575 4864 1733 4933 Atqui
1766 4879 1900 4917 non-

339 4956 463 5009 nulli
489 4955 668 5011 dicunt
715 4972 774 5011 se
803 4956 987 5011 dolere
1014 4996 1028 5020 ,
1059 4955 1200 5024 qtiod
1244 4955 1596 5010 hereditatem
1629 4957 1900 5009 transmit-

343 5053 452 5097 tant
473 5046 534 5100 ad
571 5048 707 5102 alios
727 5087 742 5109 ,
770 5054 825 5100 et
852 5045 1047 5099 vellent
1094 5045 1260 5114 magis
1287 5059 1403 5099 eam
1433 5045 1662 5100 exedere
1681 5085 1695 5110 ,
1741 5061 1898 5113 quam

350 5135 516 5191 videre
540 5137 670 5192 alios
712 5136 830 5206 ejus
857 5135 1120 5189 dominos.
1168 5135 1353 5205 Neque
1397 5148 1498 5204 ego
1547 5146 1597 5191 te
1637 5131 1806 5190 libero
1835 5138 1902 5192 ab

353 5226 455 5280 hac
472 5225 820 5283 imbecillitate
854 5246 867 5278 :
898 5243 1016 5280 nam
1062 5235 1142 5280 est
1173 5227 1272 5280 hoc
1306 5243 1516 5296 quoque
1547 5228 1826 5282 imbecilla:
1852 5237 1906 5283 et

356 5313 557 5371 intimum
581 5319 798 5372 auiune.
825 5316 932 5371 Sed
966 5326 1140 5371 tamen
1166 5319 1264 5371 hoc
1291 5317 1478 5372 saltem
1503 5319 1593 5370 fiat
1617 5335 1629 5369 :
1661 5318 1712 5371 in
1745 5327 1907 5372 testa-

356 5413 517 5462 mento
544 5398 788 5478 relinque
813 5407 1088 5462 Christum
1137 5407 1411 5462 heredem.
1453 5406 1586 5461 Nam
1635 5419 1908 5477 Oportcret

355 5498 549 5563 quidem
589 5503 852 5554 viventem
878 5518 893 5564 ;
919 5501 1022 5554 hoc
1047 5500 1189 5553 enim
1217 5509 1360 5554 esset
1406 5509 1550 5554 recte
1590 5499 1811 5554 instituti
1845 5502 1908 5555 li-

360 5586 460 5642 heri
475 5590 698 5655 arbitrii;
717 5590 812 5645 sed
825 5600 1001 5645 tamen
1021 5590 1148 5644 vela
1169 5593 1486 5645 necessitate
1504 5591 1597 5645 fias
1618 5591 1906 5646 liberalior.

368 5676 562 5737 Etenim
592 5689 880 5753 propterea
909 5681 1152 5736 Christus
1178 5668 1346 5748 jussit.
1376 5681 1503 5735 dare
1550 5682 1900 5752 pauperibus,

1165 302 1232 358 lN
1272 302 1484 360 EPIST.
1527 303 1618 358 AD
1658 299 1898 360 EPﬂES.
1937 299 2089 355 CAP.
2133 299 2196 354 V.
2237 295 2466 358 HOMIL.
2508 294 2694 357 XVIII;

3440 298 3543 361 128

1979 422 2036 468 ut
2062 430 2161 469 nos
2186 414 2428 470 viventes
2449 415 2699 472 redderet
2719 414 3063 486 philosophos
3079 457 3093 482 ,
3118 425 3172 472 ut
3201 420 3544 488 persuaderet

1970 505 2248 577 despicere
2278 510 2528 576 pecunias
2549 550 2563 573 ,
2591 519 2650 563 ut
2673 509 2892 564 doceret
2920 517 3128 564 terrena
3175 521 3543 568 contemnere.
3591 498 3600 511 ’

1970 597 2085 652 Non
2111 607 2194 653 est
2220 599 2322 653 hoc
2353 601 2604 669 pecunias
2631 600 2910 669 despicere
2935 625 2950 666 δ
2999 600 3315 657 morientem
3353 612 3407 658 et
3437 610 3542 657 non

1971 690 2106 744 ultra
2127 690 2402 745 dominum
2433 692 2556 748 huic
2582 703 2636 748 et
2658 692 2730 747 illi
2755 694 2994 762 praebere
3024 711 3039 750 :
3072 711 3176 749 non
3198 695 3308 765 jam
3335 711 3403 751 ex
3433 698 3539 752 tuis

1970 780 2085 847 das,
2113 783 2203 837 sed
2231 789 2296 838 ex
2342 783 2454 854 ipsa
2487 787 2809 841 necessitate
2835 805 2850 840 :
2881 787 3038 841 morti
3069 797 3151 842 est
3198 789 3365 858 gratia
3388 829 3402 853 ,
3437 807 3543 844 non

1973 872 2066 926 tibi
2091 890 2106 926 :
2143 874 2242 929 hoc
2270 889 2374 929 non
2402 885 2483 930 est
2530 878 2919 932 benet’olentiae
2940 919 2954 942 ,
2983 873 3077 934 sed
3107 881 3387 934 irrisionis.
3416 881 3537 936 Ca:-

1972 969 2141 1017 terum
2173 965 2261 1019 vel
2301 965 2378 1019 sic
2409 966 2532 1032 fiat,
2565 967 2648 1022 vel
2683 976 2806 1022 tunc
2845 969 2992 1024 solve
3027 971 3211 1023 vitium
3257 981 3310 1025 et
3339 973 3530 1025 malam

1970 1056 2132 1110 animi
2183 1056 2540 1112 affectionem.
2593 1058 2774 1129 Cogita
2835 1075 2993 1128 quam
3047 1062 3212 1115 multa
3265 1063 3543 1130 rapueris,

1970 1164 2126 1219 quam
2171 1149 2337 1203 multa
2387 1166 2481 1219 per
2520 1152 2804 1206 avaritiam
2836 1152 3170 1221 possederis;
3212 1154 3376 1209 redde
3420 1169 3540 1208 om-

1971 1239 2116 1292 nium
2144 1239 2532 1308 quadruplum;
2563 1242 2631 1294 ita
2658 1241 2799 1310 apud
2842 1243 3004 1296 Deum
3033 1257 3248 1298 causam
3281 1252 3421 1296 tuam
3448 1244 3544 1298 de-

1971 1327 2146 1383 fende.
2179 1330 2280 1383 Sed
2308 1340 2433 1384 sunt
2481 1331 2720 1385 nonnulli
2763 1332 2853 1401 qui
2885 1347 2950 1387 eo
2974 1333 3191 1387 veniunt
3237 1334 3457 1388 insaniae
3485 1343 3542 1388 et

1971 1419 2243 1482 excitatis,
2276 1428 2334 1472 ut
2368 1435 2433 1474 ne
2463 1429 2588 1475 tunc
2613 1421 2830 1490 quidem
2860 1423 3077 1477 videant
3119 1423 3260 1492 quod
3290 1432 3539 1492 oportet,

1971 1509 2067 1564 sed
2096 1525 2158 1564 ac
2185 1511 2227 1563 si
2256 1510 2488 1564 studium
2520 1522 2760 1580 ponant,
2793 1522 2849 1567 ut
2880 1513 2973 1568 Dei
2994 1513 3250 1583 judicium
3277 1514 3381 1570 sibi
3411 1529 3535 1583 gra-

1972 1601 2089 1656 vius
2117 1601 2374 1666 efl‘tciant,
2403 1603 2474 1656 ita
2499 1613 2662 1672 agunt
2688 1605 2887 1658 omnia.
2915 1605 3209 1674 Propterea
3241 1606 3328 1660 hic
3354 1607 3543 1662 beatus

1973 1693 2184 1748 dicebat
2211 1693 2454 1747 scribens
2483 1711 2498 1747 :
2524 1692 2806 1762 Tamquam
2834 1695 2930 1763 lilii
2954 1696 3081 1750 lucis
3100 1698 3370 1751 ambulate.
3399 1700 3544 1752 Ava-

1975 1798 2068 1838 rus
2093 1792 2269 1838 autem
2299 1784 2528 1838 maxime
2558 1783 2687 1838 vivit
2735 1783 2787 1838 in
2829 1784 3065 1840 tenebris
3087 1826 3102 1851 ,
3131 1797 3184 1840 et
3229 1803 3448 1856 magnas
3480 1789 3532 1843 in

1975 1888 2163 1928 omnes
2189 1875 2390 1945 spargit
2416 1875 2682 1930 tenebras.
2716 1875 2803 1943 Et,
2842 1875 3019 1931 Nolite
3065 1879 3433 1933 communicare
3468 1880 3549 1933 in'-

1976 1963 2247 2032 fructuosis
2272 1965 2507 2035 operibus
2533 1966 2872 2032 tenebrarum,
2899 1968 3061 2038 magis
3086 1975 3252 2022 autem
3279 1969 3545 2040 redargui-

1977 2065 2024 2108 tc
2046 2071 2192 2126 :qua:
2205 2058 2337 2110 enim
2355 2058 2410 2110 in
2427 2059 2622 2112 occulto
2639 2059 2766 2125 ﬁunt
2781 2059 2844 2112 ab
2863 2059 3010 2129 ipsis,
3033 2069 3178 2130 turpe
3195 2070 3267 2115 est
3291 2073 3339 2116 et
3359 2063 3545 2117 dicere.

1981 2144 2165 2198 Omnia
2189 2156 2356 2200 autem
2381 2162 2496 2216 qum
2521 2157 2812 2218 arguuntur
2839 2164 2871 2200 a
2891 2149 3102 2216 tantine,
3135 2152 3546 2222 ntanifcstantur.

2052 2234 2128 2289 De
2145 2236 2439 2307 corrigendo
2470 2238 2721 2306 proximo.
2751 2264 2824 2278 *-
2849 2239 3044 2295 Audite
3063 2281 3080 2307 ,
3110 2254 3240 2310 rogo
3259 2281 3274 2307 ,
3304 2240 3547 2311 quicumé

1977 2343 2082 2398 que
2106 2344 2211 2382 non
2243 2328 2409 2383 vultis
2433 2328 2551 2382 sine
2577 2344 2736 2382 causa
2764 2329 2949 2384 haberi
2971 2329 3114 2386 odio.
3150 2331 3327 2400 Rapit,
3358 2342 3410 2386 et
3441 2348 3549 2386 non

1979 2419 2159 2487 arguis
2175 2418 2200 2470 ?
2225 2420 2292 2470 At
2316 2417 2471 2472 times
2491 2417 2691 2472 odium.
2718 2419 2876 2488 Atqui
2908 2436 3012 2474 non
3035 2420 3234 2476 esthoc
3253 2422 3372 2476 sine
3391 2431 3550 2477 causa

1980 2506 2106 2561 odio
2135 2506 2350 2572 haberi;
2397 2507 2491 2562 sed
2539 2507 2683 2577 juste
2707 2509 2884 2577 arguis
2908 2550 2924 2575 ,
2950 2518 3007 2563 et
3035 2510 3190 2565 times
3211 2510 3434 2565 odium?
3460 2527 3549 2566 ar-

1981 2613 2082 2667 gue
2098 2597 2338 2661 fratrem,
2362 2599 2574 2666 suscipe
2597 2598 2900 2652 inimicitias
2921 2608 3140 2669 propter
3163 2610 3306 2655 tuam
3331 2602 3382 2656 in
3398 2602 3553 2656 Chri~

1983 2699 2123 2743 stum
2152 2689 2451 2752 caritatem,
2485 2699 2701 2756 propter
2729 2697 2870 2742 tuam
2899 2687 2953 2742 in
2979 2689 3151 2759 ipsum
3177 2690 3551 2746 dilectionem:

1984 2777 2205 2846 prohibe
2230 2793 2295 2830 ne
2321 2779 2433 2846 ipse
2453 2778 2609 2832 abeat
2641 2778 2692 2831 in
2714 2777 3042 2832 barathrum.
3060 2777 3192 2833 Nam
3214 2794 3414 2834 mensa:
3433 2793 3554 2836 esse

1984 2867 2308 2938 participes,
2356 2875 2411 2922 et
2457 2867 2806 2937 benignorum
2852 2867 3136 2923 verborum
3162 2911 3178 2937 ,
3225 2879 3280 2924 et
3308 2870 3555 2940 jucundae

1985 2959 2342 3029 eloquutiouis
2367 2999 2380 3023 ,
2407 2968 2460 3013 et
2483 2959 2820 3024 deliciarum,
2852 2973 2958 3014 non
2989 2968 3071 3014 est
3099 2959 3386 3014 admodum
3417 2962 3556 3015 anni-‘-

1984 3050 2145 3106 citim.
2178 3050 2253 3105 Ea
2283 3051 2478 3106 neStris
2507 3050 2694 3104 amicis
2738 3051 2876 3105 dona
2922 3051 3210 3120 largiamur
3233 3093 3249 3116 ,
3279 3061 3334 3104 ιιι
3359 3067 3543 3106 eorum

1987 3144 2216 3196 animam
2242 3142 2310 3196 ab
2356 3143 2431 3196 ira
2465 3142 2554 3196 Dei
2588 3140 2953 3208 extrahamus,
2981 3141 3035 3196 in
3066 3141 3180 3196 vitii
3230 3142 3444 3197 fornace
3469 3143 3552 3198 vi-

1987 3234 2174 3289 dentes
2203 3249 2297 3288 eos
2337 3234 2577 3302 jacentes
2623 3233 2912 3302 erigamus.
2962 3235 3032 3287 At
3075 3249 3180 3305 non
3229 3234 3557 3303 corrigitur,

1991 3325 2182 3394 inquit.
2212 3323 2319 3379 Sed
2365 3323 2448 3377 fac
2480 3332 2534 3376 tu
2565 3323 2707 3390 quod
2736 3333 2882 3376 tuum
2913 3332 3029 3387 est,
3059 3335 3110 3378 et
3139 3325 3277 3394 apud
3308 3325 3473 3379 Deum
3500 3341 3560 3380 es

1989 3424 2295 3470 excusatus.
2341 3412 2420 3467 Ne
2465 3413 2701 3467 occultes
2751 3412 3005 3467 talentum
3036 3430 3049 3466 :
3077 3423 3359 3483 propterea
3396 3415 3561 3470 habes

1991 3506 2274 3566 rationem,
2299 3513 2583 3572 propterea
2613 3501 2843 3571 linguam
2868 3512 2923 3557 et
2942 3517 3025 3569 os,
3050 3511 3108 3558 ut
3130 3505 3367 3574 corrigas
3389 3506 3562 3574 prosi:-

1992 3608 2156 3646 mum.
2200 3591 2324 3648 Sola
2355 3593 2508 3646 bruta
2537 3609 2640 3646 non
2668 3601 2861 3661 gerunt
2886 3608 3066 3647 curam
3102 3595 3357 3663 proximi,
3389 3611 3563 3665 neque

1990 3686 2215 3739 aliorum
2243 3684 2404 3738 ullam
2433 3684 2631 3738 habent
2659 3684 2915 3738 rationem
2944 3703 2958 3737 :
2985 3695 3042 3738 tu
3071 3695 3250 3738 autem
3279 3686 3370 3754 qui
3395 3686 3561 3740 Deum

1992 3789 2149 3829 vocas
2187 3783 2408 3844 patrem,
2428 3783 2482 3828 et
2502 3774 2798 3843 proximum
2822 3772 3058 3840 fratrem,
3082 3775 3266 3829 videns
3285 3790 3406 3829 eum
3429 3778 3565 3832 mala

1991 3863 2274 3920 facientem
2317 3865 2631 3932 innumera,
2680 3866 2795 3935 ejus
2825 3867 3047 3936 gratiam
3089 3868 3355 3936 praeponis
3399 3869 3565 3937 ipsius

1994 3955 2246 4008 utilitati?
2277 3954 2352 4009 Ne
2377 3954 2479 4010 hoc
2507 3954 2670 4010 facias
2688 3971 2837 4026 rogo.
2861 3955 3076 4011 Nullum
3103 3967 3186 4012 est
3207 3966 3410 4012 tantum
3434 3960 3566 4012 ami-

1991 4046 2129 4100 cilia:
2156 4046 2434 4112 indicium,
2455 4056 2709 4117 quantum
2740 4047 2932 4101 fratres
2953 4060 3240 4116 peccantes
3265 4064 3370 4102 tton
3393 4048 3568 4117 despi-

1993 4148 2136 4192 ‘cere.
2162 4137 2344 4191 Vidisti
2369 4152 2463 4193 eos
2483 4152 2604 4193 esse
2627 4138 2902 4192 inimicos?
2928 4139 3230 4192 reconcilia.
3263 4138 3450 4193 Vidisti
3473 4155 3568 4194 eos

1994 4243 2089 4296 per
2115 4229 2391 4282 avaritiam
2425 4227 2671 4281 fraudare
2715 4239 2767 4281 et
2817 4227 2962 4294 plura
3008 4227 3322 4296 acquirere?
3353 4228 3566 4282 cohibe.

1998 4318 2187 4372 Vidisti
2240 4318 2428 4386 injuria
2455 4317 2634 4370 allici?
2665 4331 2757 4371 eos
2778 4316 3002 4370 defende
3027 4334 3041 4370 :
3069 4333 3172 4371 non
3205 4319 3329 4382 illis,
3359 4318 3454 4373 sed
3477 4319 3568 4374 tibi

1996 4408 2159 4478 priori
2184 4421 2242 4461 es
2261 4406 2607 4475 gratillcatus.
2631 4406 2912 4474 Propterea
2936 4419 3120 4459 smnus
3143 4407 3298 4459 amici
3323 4447 3336 4470 ,
3363 4416 3417 4460 ut
3442 4423 3567 4475 pro-

1996 4498 2161 4552 simus
2206 4497 2343 4551 alter
2383 4495 2556 4550 alteri.
2601 4497 2770 4550 Aliter
2807 4495 2985 4550 audiet
3011 4497 3077 4549 ab
3101 4497 3309 4564 amico,
3355 4497 3509 4550 aliter
3534 4513 3565 4551 a

1997 4589 2229 4659 quolibet
2261 4605 2273 4642 :
2304 4587 2444 4642 hunc
2490 4587 2702 4642 habebit
2749 4587 2880 4640 forte
2928 4595 3267 4654 suspectum,
3294 4597 3348 4641 et
3376 4586 3566 4641 doctu-

2000 4695 2112 4734 rem
2149 4679 2421 4742 similiter;
2469 4678 2696 4731 amicum
2721 4687 2898 4730 autem
2944 4691 3050 4730 non
3100 4675 3247 4730 item.
3283 4676 3409 4744 Qua:
3440 4679 3571 4731 enim

2001 4772 2053 4824 in
2079 4772 2275 4824 occulto
2301 4771 2428 4839 [iant
2467 4769 2530 4821 ab
2567 4769 2727 4837 ipsis,
2770 4775 2916 4835 turpe
2955 4776 3028 4821 cst
3069 4775 3113 4821 et
3140 4767 3336 4836 dicere,
3381 4769 3572 4838 inquit.

2006 4851 2188 4918 Omnia
2209 4873 2375 4916 autem
2391 4904 2403 4925 ,
2431 4877 2542 4931 qua:
2567 4871 2848 4930 arguuntur
2874 4860 3140 4928 alumine,
3168 4864 3573 4932 manifestantur.

2003 4954 2139 5022 Quid
2171 4954 2256 5008 bic
2283 4954 2393 5009 vult
2436 4953 2655 5008 dicere?
2705 4953 2816 5006 lloc
2863 4951 3029 5008 dicit:
3062 4952 3163 5006 alia
3192 4953 3406 5022 quidem
3454 4967 3579 5021 pee-

2004 5057 2122 5101 cata
2175 5046 2310 5100 clam
2364 5045 2524 5111 ﬁunt,
2572 5045 2679 5100 alia
2726 5053 2901 5100 autem
2954 5045 3230 5100 manifeste
3273 5045 3429 5098 :illic
3479 5061 3574 5097 auo

2011 5147 2116 5192 tetu
2147 5151 2250 5191 non
2279 5136 2357 5191 sic
2383 5136 2505 5190 erit.
2551 5135 2717 5190 Nemo
2765 5136 2906 5191 enim
2957 5143 3039 5190 est
3087 5136 3174 5203 qui
3223 5135 3422 5202 peccati
3475 5150 3578 5188 nun

2009 5231 2080 5286 sit
2115 5231 2216 5284 sibi
2257 5230 2520 5284 conscius.
2561 5229 2846 5298 Propterea
2896 5227 3042 5290 dicit,
3080 5225 3283 5288 Omnia,
3336 5241 3448 5294 qua:
3489 5243 3581 5279 ar-

2011 5330 2232 5392 guuntur
2282 5337 2314 5374 a
2363 5321 2590 5387 lumine,
2639 5320 3045 5388 manifestantur.
3097 5315 3232 5381 Quid
3277 5317 3440 5385 ergo?
3489 5331 3586 5369 att-

2017 5427 2120 5464 uon
2160 5411 2279 5474 hic,
2324 5411 2566 5479 inquies,
2609 5409 2676 5462 de
2715 5407 3008 5463 idololatria
3059 5405 3332 5473 loquitur?
3379 5404 3587 5476 Nequa-

2017 5517 2197 5571 quam.
2240 5500 2342 5554 Sed
2393 5500 2461 5554 de
2513 5501 2616 5552 vita
2668 5507 2722 5552 ct
2769 5501 2998 5567 peccatis
3054 5497 3213 5551 verba
3268 5497 3407 5550 facit.
3465 5498 3588 5551 0m-

2022 5608 2081 5644 nc
2110 5592 2238 5644 enim
2265 5590 2399 5659 quod
2431 5591 2782 5658 manifestatur
2805 5630 2818 5653 ,
2846 5588 3048 5657 inquit,
3080 5588 3248 5642 lumen
3277 5601 3368 5643 est.
3397 5590 3591 5655 Quant-

2020 5682 2238 5748 Oltt'CIIl,
2275 5698 2400 5750 rogo
2427 5723 2439 5747 ,
2476 5697 2644 5752 neque
2696 5697 2787 5735 vos
2834 5679 3086 5737 dubitetis
3134 5696 3353 5750 arguere
3377 5723 3389 5746 ,
3424 5697 3593 5750 neque
