4042 6212
484 302 584 358 137

481 429 625 482 a‘gre
655 411 838 466 feratis
879 409 924 466 si
967 409 1287 481 arguamini.
1327 407 1463 464 Nam
1491 407 1749 478 quamdiu
1776 409 1976 478 aliqm'd
2009 409 2069 465 ﬁt

491 506 547 559 in
577 503 846 570 tenebris,
882 503 942 557 lit
969 501 1243 566 sectu'ius;
1273 499 1488 569 quando
1519 508 1700 559 autem
1741 499 1904 555 habet
1929 501 2067 555 mul-

487 606 571 651 tus
601 605 762 652 testes
784 610 969 649 eorum
998 609 1116 664 quin
1141 592 1298 656 ﬁunt,
1324 590 1680 644 illuminatur.
1709 591 2068 658 Quamobrem

490 687 670 741 oumia
703 685 932 740 maxime
965 696 1185 754 agamus
1211 690 1267 736 ut
1292 681 1514 735 fratrum
1547 689 1856 736 nostrorum
1881 682 2067 751 abiga-

489 791 610 830 nius
654 775 832 829 omnia
883 788 999 844 quae
1051 772 1116 825 ad
1159 779 1385 827 mortem
1433 770 1672 838 ducunt,
1701 781 1763 826 ιιι
1798 771 2073 842 disperga-

487 883 611 921 mns
640 865 906 930 tenebras,
933 873 991 918 ut
1019 861 1354 917 attrahamus
1377 862 1554 918 Solem
1594 863 1836 933 justitiam
1863 864 1999 922 Nam
2025 865 2070 921 si

491 958 658 1011 multa
683 956 782 1008 sint
819 953 1120 1020 luminaria,
1149 961 1206 1008 et
1233 953 1443 1007 virtutis
1473 955 1557 1006 via
1587 954 1718 1023 ipsis
1744 954 1846 1009 erit
1873 956 2063 1020 incilia,

1219 297 1276 354 S.
1313 293 1590 358 ιοιιΝΝιε
1623 291 2086 353 CIIRYSOS'I‘OMI
2124 295 2436 354 ARCIIIEP.
2477 298 3003 356 CONSTANTINOP.
3656 309 3746 364 liii

2172 419 2224 464 et
2255 411 2346 480 qui
2374 421 2500 465 sunt
2541 413 2591 466 in
2622 415 2857 469 tenebris
2897 415 3066 485 magis
3090 414 3561 486 deprehendentur
3584 462 3597 487 ,
3629 422 3739 479 luce

2173 503 2480 571 esuriente,
2511 515 2566 559 et
2596 506 2715 560 illas
2744 506 3045 562 auferente.
3097 508 3192 563 Sin
3220 518 3397 565 autem
3429 522 3615 566 contra
3643 555 3656 577 ,
3685 516 3748 567 ti-

2178 596 2429 649 utendum
2450 604 2617 650 estne
2637 596 2736 665 ipsi
2757 599 3186 668 exstinguantur,
3207 601 3542 658 tenebrarum
3560 613 3614 658 et
3633 621 3747 672 pec-

2173 697 2416 742 eatornm
2445 689 2803 744 crassitudine
2851 689 3022 744 lucem
3067 693 3350 756 vincente,
3405 705 3459 748 et
3503 695 3748 765 aliigcnte

2175 779 2294 848 ejus
2323 781 2776 850 perspicuitatem.
2817 781 2910 837 Sic
2951 798 3081 852 ergo
3105 784 3279 839 aﬂecti
3321 785 3517 851 simus,
3551 797 3608 842 ut
3652 804 3748 842 no-

2177 869 2259 924 bis
2291 871 2602 940 prosimus;
2633 881 2686 926 nt
2722 888 2817 942 per
2843 874 3020 927 omnia
3048 875 3273 944 gloriam
3317 877 3621 931 omittamus
3659 881 3749 935 be-

2186 960 2348 1029 nigno
2377 970 2431 1015 et
2455 961 2710 1016 elementi
2745 963 2880 1027 Deo,
2915 965 3084 1032 gratia
3116 974 3172 1019 et
3203 967 3542 1036 benignitate,
3573 979 3677 1022 (διε.

2468 1073 2656 1086 ———_

1915 1125 2260 1188 HOMILIA
2307 1129 2491 1189 XIX.

485 1247 616 1304 (In.
643 1247 698 1306 5.
739 1264 797 1302 v.
823 1246 914 1304 15.
952 1245 1128 1301 Videte
1165 1245 1355 1314 itaque,
1393 1248 1596 1315 fratres,
1627 1246 1878 1314 quomodo
1923 1256 2075 1302 caute

561 1340 823 1394 ambuletis
846 1355 867 1394 :
896 1353 998 1393 non
1016 1337 1162 1408 quasi
1176 1336 1488 1406 insipienm,
1517 1334 1604 1389 16.
1620 1335 1708 1388 sed
1731 1348 1782 1388 ut
1799 1337 2070 1405 sapientes,

561 1433 862 1486 redimentes
880 1441 1076 1498 tempus
1095 1469 1110 1492 ,
1137 1427 1374 1498 quoniam
1388 1427 1496 1479 dies
1519 1426 1641 1479 ntali
1669 1436 1806 1480 sunt.
1833 1427 1918 1480 17.
1939 1425 2072 1480 Pro-

559 1533 731 1592 pterea
757 1523 909 1576 nolite
935 1520 1046 1589 ﬁeri
1071 1518 1438 1588 imprudentes,
1470 1517 1558 1570 sed
1601 1517 1934 1586 intelligentcs
1961 1533 2073 1587 quat

557 1617 619 1669 sit
653 1615 880 1670 voluntas
908 1612 1136 1667 Domini.

565 1713 614 1762 l.
651 1707 917 1776 Expurgat
945 1703 1122 1758 adhuc
1165 1701 1403 1756 radicem
1441 1700 1750 1754 aeet'bitatis
1776 1710 1828 1754 et
1855 1716 2069 1756 amaru-

487 1799 668 1853 lenthe
693 1836 707 1859 ,
733 1794 908 1849 adhuc
937 1790 1201 1848 exscindit
1229 1790 1566 1844 occasionem
1611 1790 1725 1844 irie.
1764 1789 1901 1857 Quid
1929 1792 2070 1845 enim

485 1885 662 1940 dicit?
702 1883 878 1940 Videte
897 1881 1154 1954 quomodo
1183 1889 1328 1934 caute
1352 1880 1639 1933 mubuletis.
1667 1879 1883 1940 Sciebat
1913 1881 2072 1950 Magi-

484 1992 656 2033 strum
687 1993 870 2039 smmi,
895 1974 1190 2043 discipulos
1213 2018 1215 2020 .
1238 1972 1540 2026 mittentem
1587 1970 1724 2024 sicut
1751 1985 1882 2025 oves
1935 1971 2073 2026 inter

489 2075 648 2140 lupos
668 2111 684 2134 ,
713 2066 1034 2137 princepissc
1063 2065 1166 2118 illis
1194 2076 1251 2118 ut
1274 2072 1461 2119 essent
1485 2063 1626 2116 siem
1653 2062 1920 2117 columine
1955 2079 1966 2116 :
2003 2060 2071 2116 Et

489 2162 647 2224 eritis,
676 2159 867 2228 inquit,
895 2156 1148 2225 simplices
1174 2155 1304 2208 sicut
1322 2154 1570 2207 columba
1597 2151 1812 2223 (Matth.
1833 2152 1921 2208 10.
1954 2153 2069 2223 16).

485 2251 622 2304 tium
669 2263 796 2317 ergo
816 2255 873 2302 et
913 2247 1052 2302 inter
1083 2245 1237 2314 lupos
1263 2252 1444 2326 essent
1463 2284 1477 2308 ,
1524 2255 1578 2297 et
1609 2243 1714 2297 illis
1746 2253 2070 2312 praeceptum

485 2352 638 2398 esset
688 2356 756 2395 ne
807 2338 1217 2402 ulciscerentur,
1266 2333 1364 2389 sed
1394 2333 1532 2389 male
1577 2343 1908 2402 paterentur,
1950 2332 2071 2388 ideo

491 2434 580 2489 tali
614 2431 986 2488 admonitione
1028 2443 1164 2500 opus
1193 2427 1480 2483 habebant.
1514 2426 1675 2495 Atqui
1705 2426 1838 2480 satis
1867 2435 1983 2480 erat
2011 2426 2074 2480 il-

487 2526 578 2580 lud
604 2525 750 2594 prius
768 2521 836 2577 ad
859 2537 958 2577 eos
983 2519 1283 2576 reddendos
1305 2515 1681 2572 imbecilliores
1705 2529 1720 2569 :
1741 2530 1864 2571 cum
1893 2525 2071 2570 autem

486 2617 716 2671 duorum
735 2614 805 2668 sit
820 2612 1081 2678 accessio,
1105 2610 1277 2680 cogita
1297 2605 1786 2680 liyperbolcii.Vide
1803 2621 2073 2676 ergoquo-

489 2705 650 2762 modo
667 2704 862 2759 Paulus
877 2718 970 2757 eos
986 2702 1157 2757 munit
1176 2710 1232 2756 et
1251 2709 1391 2754 tutos
1407 2699 1578 2756 reddit
1599 2717 1613 2756 :
1636 2697 1810 2752 Videte
1823 2696 2072 2768 quomodo

489 2798 773 2854 «mbulatis.
799 2796 1024 2866 integra:
1039 2794 1287 2849 civitates
1306 2792 1562 2848 adversus
1590 2805 1686 2846 eos
1708 2790 1913 2845 bellum
1927 2803 2072 2859 gere-

494 2892 643 2956 bant,
667 2890 858 2943 domos
889 2888 1050 2942 etiam
1083 2886 1378 2955 ingressum
1405 2893 1488 2939 est
1524 2884 1623 2938 hoc
1654 2883 1891 2938 bellum:
1925 2891 2073 2950 pater

491 2981 748 3036 adversus
770 2978 959 3044 lilium,
991 2975 1133 3030 ﬁlius
1153 2975 1412 3030 adversus
1434 2983 1661 3045 patrem,
1690 2983 1861 3029 mater
1883 2973 2072 3029 adver-

490 3088 584 3126 sus
610 3071 770 3126 tiliam
791 3110 808 3134 ,
842 3069 946 3122 lilia
973 3067 1230 3122 adversus
1267 3076 1491 3120 matrem
1530 3065 1687 3120 divisi
1733 3073 1904 3120 erant.
1934 3063 2070 3131 Quid

493 3162 656 3217 vero?
725 3162 994 3215 undenam
1041 3167 1198 3215 erant
1245 3173 1327 3212 ea:
1375 3156 1721 3211 divisiones?
1773 3155 2072 3210 Audierant

491 3256 762 3312 Christum
783 3255 1056 3309 dicentem
1082 3267 1095 3304 :
1125 3251 1226 3315 Qui
1247 3260 1382 3302 mutu
1404 3259 1596 3319 patrem
1617 3257 1705 3302 aut
1725 3257 1934 3302 matrem
1957 3248 2072 3316 plus

493 3363 648 3418 quant
673 3362 774 3411 me,
806 3361 906 3398 ιιοιι
948 3352 1022 3397 est
1079 3357 1159 3394 me
1206 3340 1389 3410 dignus
1434 3339 1598 3407 (Ibid.
1625 3352 1676 3391 ο.
1699 3337 1814 3408 57).
1846 3337 1924 3393 Ne
1945 3351 2072 3406 ergo

492 3439 866 3493 existimarent
889 3450 1010 3490 eum
1037 3433 1172 3488 bella
1204 3442 1253 3486 et
1276 3446 1414 3500 pugn
1432 3445 1473 3484 is
1493 3429 1685 3484 frustra
1711 3429 2071 3496 introducere,

492 3531 749 3602 quonizun
773 3541 960 3597 magna
985 3527 1061 3580 ira
1089 3535 1206 3579 erat
1230 3523 1524 3587 exoritura,
1557 3522 1602 3577 si
1626 3523 1724 3591 ipsi
1752 3536 1964 3592 quoque
2003 3520 2075 3574 ir-

496 3622 708 3692 rupturi
755 3627 958 3682 essent,
990 3632 1054 3670 ea
1083 3616 1151 3671 de
1198 3630 1358 3669 causa
1392 3614 1543 3680 dicit,
1605 3611 1781 3667 Videte
1822 3609 2074 3679 quomodo

493 3723 642 3767 caute
664 3709 950 3764 mnbnletis.
982 3707 1096 3761 lloc
1115 3714 1216 3770 est,
1249 3716 1442 3773 prrcter
1475 3703 1922 3772 praedicationem.
1967 3715 2072 3756 non

494 3801 710 3855 aliunde
757 3799 898 3853 detis
949 3796 1282 3850 occasionem
1326 3792 1787 3863 suscipiendarum
1817 3793 2073 3847 adversus

498 3907 594 3945 vos
621 3890 1019 3944 inimicitiam
1048 3901 1060 3939 :
1095 3887 1208 3940 hinc
1231 3887 1344 3940 sola
1371 3886 1442 3938 sit
1467 3897 1628 3940 causa
1655 3892 1707 3939 et
1733 3884 1946 3938 occasio
1967 3884 2074 3937 ini-

499 3979 819 4035 micitiarum
851 3994 866 4030 :
897 3990 1053 4030 nemo
1080 3975 1155 4029 rei
1181 3975 1404 4028 alterius
1429 3974 1481 4027 iu
1521 3989 1618 4028 vos
1656 3973 1860 4028 crimen
1902 3974 2076 4027 inten-

495 4074 627 4136 dat;
671 4070 770 4124 sed
811 4079 865 4125 et
898 4068 1154 4121 honorem
1181 4074 1238 4120 et
1262 4081 1474 4120 onmem
1520 4064 1786 4120 ostendite
1819 4064 2074 4118 obedien-

498 4165 665 4228 tiam,
717 4157 932 4231 quando
976 4156 1108 4212 nihil
1151 4155 1309 4210 laidet
1351 4156 1817 4224 prindicationem,
1859 4154 2074 4223 quando

498 4257 634 4310 nihil
668 4253 918 4324 impediet
943 4251 1215 4321 pietatem.
1248 4248 1478 4312 Reddite,
1509 4247 1697 4317 inquit,
1728 4245 1957 4300 omnibus
1986 4245 2073 4297 de-

495 4348 622 4411 bita,
641 4346 719 4399 cui
739 4343 998 4406 tributum,
1024 4339 1285 4404 tributarii,
1303 4340 1383 4392 cui
1415 4337 1643 4408 vectigal,
1664 4336 1874 4407 vectigal
1898 4335 2071 4405 (Itoni.

501 4438 590 4493 13.
613 4437 693 4504 7).
723 4433 947 4502 Quando
971 4433 1112 4487 enim
1140 4432 1190 4485 in
1216 4430 1332 4484 aliis
1366 4429 1594 4483 viderint
1622 4442 1718 4483 vos
1751 4441 1872 4482 esse
1895 4440 2075 4496 animos

499 4540 553 4586 et
585 4530 784 4594 bonos,
811 4526 1012 4596 pudore
1029 4521 1420 4578 sullundentur.
1456 4519 1576 4574 Non
1602 4520 1746 4590 quasi
1764 4519 2074 4584 insipientes,

503 4621 594 4674 sed
625 4630 879 4687 tamquam
905 4617 1172 4685 sapientes,
1225 4611 1524 4665 redimentes
1552 4614 1763 4677 tempus.
1811 4607 1924 4661 Non
1963 4607 2077 4661 haec

502 4714 710 4775 suadet,
764 4710 947 4762 Vniens
972 4723 1077 4760 non
1103 4719 1224 4760 esse
1257 4704 1434 4758 varios
1463 4711 1516 4756 et
1545 4714 1644 4756 nos
1675 4702 1727 4755 in
1755 4714 1942 4754 omnes
1972 4699 2079 4753 ior-

503 4819 622 4861 nias
638 4811 868 4865 vertere,
897 4797 990 4853 sed
1016 4796 1118 4850 hoc
1138 4795 1270 4850 dicit
1299 4811 1313 4846 :
1347 4793 1463 4849 Non
1493 4802 1574 4848 est
1597 4799 1804 4859 tempus
1820 4801 2077 4843 vestrum:

507 4911 651 4954 nunc
676 4893 808 4951 estis
839 4887 1082 4959 inquilini
1109 4895 1165 4941 et
1193 4885 1484 4956 peregrini,
1515 4891 1570 4939 et
1598 4882 1836 4951 hoSpites
1863 4890 1917 4935 et
1945 4880 2078 4936 alie-

505 4991 559 5046 ni
583 5007 596 5044 :
624 5003 692 5044 ne
728 4985 981 5057 quieratis
1005 4980 1289 5044 honorem,
1340 4991 1408 5032 ne
1434 4974 1685 5047 quieratis
1713 4971 1961 5042 gloriam,
2012 4987 2082 5028 ne

505 5079 758 5153 aneratis
787 5073 1112 5147 potentiam,
1141 5083 1242 5125 nec
1271 5069 1527 5123 ultionem
1565 5082 1581 5119 :
1613 5065 1792 5119 omnia
1843 5062 1994 5128 terte,
2027 5070 2084 5118 et

501 5181 582 5230 sic
612 5185 822 5244 tempus
864 5166 1144 5229 redimite;
1177 5161 1342 5216 multa
1374 5169 1427 5215 et
1450 5159 1729 5225 exsolvite,
1758 5167 1918 5228 atque
1944 5155 2081 5211 adeo

503 5265 755 5336 quidquid
788 5259 1074 5317 voluerint.
1116 5255 1416 5310 Obscurum
1443 5259 1526 5307 est
1555 5250 1752 5305 dictum
1795 5267 1810 5303 :
1840 5263 1961 5318 age,
1989 5262 2085 5317 per

506 5355 806 5424 exemplum
824 5351 952 5406 illud
971 5349 1238 5421 explicare
1253 5343 1509 5399 conabor.
1537 5341 1720 5411 Cogita
1749 5341 1877 5394 mihi
1895 5355 2084 5409 quem-

509 5447 647 5518 piam
673 5444 761 5513 qni
785 5442 1002 5497 domum
1031 5441 1224 5494 habeat
1243 5433 1612 5507 splendidam;
1644 5431 1839 5488 deinde
1876 5431 2082 5502 ingredi

505 5535 714 5604 aliquos
742 5539 801 5585 ut
822 5547 944 5585 cum
974 5529 1270 5600 perimant,
1297 5536 1352 5582 et
1379 5525 1529 5581 illum
1559 5525 1722 5579 multa
1749 5523 1911 5588 dare,
1945 5531 1997 5577 et
2022 5536 2082 5576 se

505 5628 746 5694 eripere;
781 5631 906 5676 tunc
932 5621 1158 5675 dicimus
1186 5634 1310 5674 eum
1341 5631 1399 5674 se
1433 5617 1744 5673 redemisse.
1776 5614 1848 5668 lta
1872 5623 1924 5668 tu
1949 5628 2079 5683 qun-

503 5732 629 5787 que,
648 5713 867 5771 domutn
895 5711 1058 5767 habes
1075 5724 1343 5781 tur-gnam,
1363 5717 1417 5765 et
1445 5709 1601 5764 fidem
1626 5721 1808 5762 verant
1836 5721 1848 5767 ;
1883 5705 2076 5759 irrum-

2180 1260 2309 1319 punt
2339 1261 2393 1304 ut
2421 1253 2598 1307 omnia
2627 1253 2924 1324 accipiant;
2955 1255 3022 1310 da
3045 1255 3414 1328 quodcumque
3441 1261 3749 1330 exegerint:

2175 1342 2347 1395 Solum
2375 1358 2526 1397 serva
2558 1355 2736 1413 caput,
2768 1345 2948 1409 tidem,
2979 1346 3214 1417 inquam,
3243 1348 3360 1402 Dius
3386 1350 3538 1416 enim,
3560 1351 3750 1420 inquit,

2177 1431 2299 1484 mali
2323 1441 2461 1485 sunt.

2249 1519 2367 1575 Diei
2394 1522 2590 1576 malitia
2613 1525 2736 1594 quid
2768 1525 2851 1578 sit.
2877 1555 2946 1564 --
2965 1527 3100 1592 Quid
3129 1538 3208 1582 est
3238 1525 3339 1584 diei
3373 1532 3608 1584 malitia?
3638 1531 3752 1586 Diei

2176 1613 2377 1668 malitia
2424 1613 2585 1671 debet
2612 1630 2732 1670 esse
2771 1617 2910 1670 circa
2955 1617 3114 1672 diem.
3169 1619 3222 1674 Si
3271 1621 3522 1676 didiceris
3549 1637 3666 1691 qua:
3704 1627 3753 1675 in

2169 1703 2398 1774 singulis
2427 1714 2666 1759 nostrum
2707 1707 2778 1760 sit
2830 1707 3029 1760 malitia
3054 1750 3068 1772 ,
3098 1709 3237 1763 scies
3280 1711 3402 1780 quid
3434 1711 3502 1765 sit
3553 1713 3755 1766 malitia

2179 1793 2309 1848 dici.
2340 1793 2477 1861 Quid
2519 1804 2602 1850 est
2633 1797 2831 1850 malitia
2859 1811 2952 1851 seu
2991 1799 3170 1852 vitium
3203 1801 3485 1869 corporis?
3509 1805 3754 1859 morbus.

2181 1884 2316 1950 Quid
2338 1892 2422 1939 est
2444 1885 2640 1938 malitia
2664 1886 2856 1940 animae
2872 1886 2896 1940 τ
2914 1887 3094 1941 vitium
3115 1903 3209 1943 seu
3233 1892 3485 1959 pravitas.
3509 1892 3643 1959 Quid
3669 1904 3760 1948 est

2175 1991 2327 2047 aqua:
2353 1977 2576 2031 malitia?
2601 1979 2917 2034 amaritudo.
2935 1981 3001 2034 Et
3018 1981 3430 2053 uniuscujusque
3445 1986 3643 2039 malitia
3658 2002 3757 2040 seu

2179 2067 2433 2136 pravitas,
2459 2078 2541 2122 est
2570 2068 2750 2121 vitium
2777 2069 2918 2123 circa
2941 2071 3080 2125 illam
3104 2082 3369 2139 naturam,
3392 2075 3546 2144 cujus
3567 2086 3649 2130 est
3672 2078 3756 2130 vi-

2177 2159 2327 2212 tium.
2363 2157 2418 2213 Si
2445 2173 2571 2228 ergo
2598 2158 2782 2213 vitium
2799 2170 2880 2215 est
2895 2162 3036 2217 circa
3059 2163 3221 2230 diem,
3242 2176 3452 2234 oportet
3475 2182 3594 2222 esse
3611 2169 3756 2223 circa

2177 2248 2350 2318 ipsum
2379 2250 2543 2316 diem,
2574 2251 2713 2306 circa
2738 2251 2916 2316 horas,
2940 2254 3080 2308 circa
3108 2253 3301 2309 lucem.
3336 2256 3405 2309 Ita
3430 2266 3480 2310 et
3509 2257 3760 2313 Christus

2175 2339 2340 2395 dicit:
2372 2339 2570 2411 Sufﬁcit
2619 2343 2719 2396 diei
2771 2345 2966 2398 malitia
2993 2362 3087 2398 sua
3117 2343 3328 2416 (Matth.
3348 2346 3400 2401 6.
3419 2347 3532 2417 5i).
3559 2348 3634 2402 lix
3653 2350 3760 2403 hoc

2175 2447 2303 2503 ergo
2335 2433 2460 2486 illud
2490 2449 2699 2504 quoque
2740 2451 3141 2506 cognoscemus.
3174 2438 3449 2507 Quomodo
3478 2455 3605 2512 ergo
3637 2441 3760 2497 dies

2173 2531 2332 2578 vocat
2379 2523 2582 2578 malos?
2607 2525 2876 2595 quomodo
2907 2535 3113 2596 tempus
3147 2529 3386 2583 malum?
3422 2528 3534 2584 Non
3565 2547 3754 2586 essen-

2175 2613 2324 2680 tiam,
2357 2629 2529 2684 ncque
2558 2630 2646 2669 res
2672 2624 2903 2684 creatas,
2937 2617 3028 2672 sed
3060 2630 3275 2690 propter
3304 2635 3364 2675 ea
3395 2636 3512 2690 qua:
3541 2621 3673 2675 linnt
3707 2624 3757 2676 in

2175 2703 2309 2774 ipsis
2341 2721 2354 2758 :
2383 2705 2521 2759 sicut
2571 2720 2670 2760 nos
2713 2722 2924 2776 quoque
2965 2709 3203 2763 solemus
3242 2708 3442 2773 dicere,
3496 2709 3617 2766 Tra~
3642 2714 3758 2782 sagi

2173 2794 2317 2851 diem
2339 2795 2537 2852 malum
2560 2804 2612 2852 et
2642 2812 2878 2868 gravem.
2907 2799 3065 2869 Atqui
3093 2799 3360 2869 quomodo
3380 2798 3757 2871 lueritgraris,

2176 2887 2280 2942 nisi
2327 2901 2391 2942 ex
2439 2887 2504 2943 iis
2529 2904 2649 2958 qum
2681 2889 2731 2942 in
2760 2889 2878 2958 ipso
2905 2889 3186 2944 accidunt?
3212 2889 3346 2958 Qua:
3375 2899 3552 2944 autem
3585 2893 3636 2945 in
3688 2908 3759 2946 eo

2174 2976 2445 3043 accidunt,
2497 2987 2622 3033 sunt
2655 2979 2868 3050 quidem
2903 2981 3039 3034 bona
3089 2995 3117 3034 a
3149 2980 3259 3035 Deo
3283 3022 3298 3047 ,
3331 2981 3470 3036 mala
3515 2993 3692 3037 autem
3729 3002 3756 3036 a

2175 3069 2330 3122 malis
2361 3067 2682 3124 hominibus.
2703 3070 2960 3126 Malorum
2981 3086 3108 3142 ergo
3127 3087 3246 3141 qua:
3266 3073 3512 3127 accidunt
3535 3074 3584 3127 in
3617 3083 3758 3128 tem-

2176 3159 2395 3231 poribus
2446 3160 2795 3216 fabricatores
2847 3171 2971 3216 snnt
3013 3161 3259 3218 homines
3306 3179 3319 3215 :
3371 3173 3425 3218 et
3471 3174 3759 3233 propterea

2179 3259 2416 3320 tempora
2447 3250 2696 3305 dicuntur
2713 3253 2868 3307 mala.
2894 3254 2971 3308 Ita
2996 3268 3091 3307 nos
3115 3267 3327 3323 quoque
3345 3254 3480 3307 mala
3503 3269 3762 3310 vocamus

2177 3349 2437 3410 tempora.
2475 3340 2770 3411 Propterea,
2805 3344 3006 3412 inquit,
3036 3345 3192 3397 nolite
3216 3345 3329 3412 ﬁeri
3376 3345 3746 3414 imprudentes,

2177 3432 2267 3486 sed
2287 3433 2622 3494 intelligentes
2646 3448 2759 3502 qua:
2784 3434 2848 3486 sit
2868 3435 3099 3488 voluntas
3127 3433 3354 3488 Domini.
3382 3435 3470 3489 18.
3508 3433 3576 3490 Et
3605 3436 3763 3490 nolite

2177 3523 2420 3577 inebriari
2448 3526 2582 3588 vino,
2608 3524 2780 3595 inquo
2819 3535 2891 3579 est
2919 3525 3144 3579 luxuria.
3179 3525 3348 3594 Hujus
3391 3541 3601 3596 quoque
3655 3527 3761 3580 int-

2178 3614 2476 3669 moderatio
2522 3615 2648 3670 iacit
2687 3615 2977 3682 animosos,
3009 3617 3257 3682 audaces,
3292 3617 3616 3687 przecipites,
3653 3621 3765 3672 ira-

2178 3705 2402 3771 cundos,
2435 3722 2733 3779 gravesque
2757 3716 2812 3763 et
2835 3707 3101 3762 difﬁciles.
3131 3708 3322 3762 Datum
3353 3718 3438 3763 cst
3462 3711 3642 3762 vinum
3688 3710 3763 3764 ad

2181 3799 2441 3865 lwtitiani,
2467 3816 2570 3854 non
2593 3800 2658 3855 ad
2681 3800 2992 3855 ebrietatem
3009 3817 3025 3855 :
3045 3815 3182 3854 nunc
3199 3812 3374 3856 autem
3398 3818 3502 3855 non
3527 3801 3767 3856 inebria-

2183 3890 2263 3955 ri,
2291 3890 2502 3945 videtur
2530 3905 2616 3945 res
2645 3905 2766 3946 esse
2795 3892 2970 3961 ignavi
2997 3901 3053 3947 et
3082 3893 3399 3962 pusillanimi
3423 3933 3436 3956 ,
3467 3904 3522 3946 et
3545 3909 3663 3963 qua:
3688 3893 3766 3947 sit

2185 3983 2427 4039 ridenda.
2457 3983 2709 4050 Qnmnam
2734 3984 2923 4039 salutis
2944 3999 3068 4054 spes
3093 3985 3199 4038 est?
3222 3981 3381 4038 Risus
3405 3995 3488 4038 est
3515 4000 3620 4037 non
3655 3985 3768 4040 ineo

2179 4073 2365 4139 briari,
2393 4075 2493 4140 ais,
2526 4074 2738 4143 quando
2759 4075 2990 4130 ebrietas
3007 4076 3238 4130 maxime
3264 4075 3504 4129 omnium
3534 4075 3766 4129 ridicula

2178 4173 2452 4234 oporteret
2478 4179 2598 4219 esse
2613 4164 2637 4208 ν
2658 4163 2788 4218 Nam
2809 4167 2971 4220 etiam
2989 4166 3251 4234 privatum
3277 4165 3460 4235 procul
3483 4165 3551 4219 ab
3579 4165 3767 4220 ebrie-

2181 4259 2292 4314 tate
2321 4259 2541 4313 Omnino
2570 4267 2834 4314 remotum
2858 4273 2978 4315 esse
3007 4257 3204 4314 bonum
3231 4269 3312 4313 est
3341 4274 3353 4309 :
3389 4257 3554 4313 multo
3581 4271 3765 4314 autem

2182 4350 2350 4422 magis
2382 4349 2604 4404 militem
2632 4350 2672 4414 ¹,
2705 4350 2793 4418 qui
2825 4357 3068 4405 versatur
3091 4349 3141 4402 in
3169 4348 3377 4418 gladiis,
3413 4347 3465 4402 in
3505 4351 3791 4419 sanguine.

2183 4451 2239 4498 et
2257 4442 2494 4498 caedibus
2514 4457 2528 4506 ;
2552 4449 2606 4495 ct
2632 4441 2796 4494 multo
2826 4440 2993 4510 magis
3013 4439 3227 4510 quando
3256 4438 3472 4493 aliunde
3503 4439 3768 4515 irritatur,

2183 4549 2213 4588 a
2247 4541 2528 4603 potestate,
2559 4547 2588 4586 a
2611 4531 2902 4595 dominatu,
2935 4546 3002 4584 ex
3024 4545 3090 4584 eo
3111 4530 3251 4598 quod
3275 4529 3572 4584 sitassidne
3603 4531 3654 4582 in
3682 4531 3768 4583 in-

2183 4626 2337 4682 sidiis
2377 4632 2432 4680 et
2464 4624 2674 4694 pugnis.
2707 4623 2799 4678 Vis
2842 4622 3052 4677 discere
3099 4622 3186 4676 ubi
3217 4623 3394 4676 vinum
3425 4623 3495 4676 sit
3523 4622 3772 4675 bonum?

2184 4718 2307 4772 andi
2331 4716 2661 4786 Scripturam
2692 4714 2979 4780 dicentem,
3000 4712 3130 4767 Date
3153 4714 3322 4767 vinum
3348 4715 3687 4776 manentibus,
3723 4725 3773 4765 rt

2185 4811 2396 4864 siceram
2427 4809 2488 4862 iis
2526 4808 2613 4874 qui
2637 4822 2812 4859 amaro
2866 4816 2978 4858 sunt
3019 4807 3189 4858 animo
3244 4803 3421 4873 (Prov.
3447 4805 3540 4860 5|.
3567 4805 3645 4871 ϐ).
3703 4804 3774 4857 Et

2189 4904 2382 4956 merito
2415 4919 2427 4955 :
2460 4901 2595 4954 solet
2620 4901 2764 4955 enim
2796 4897 3005 4953 mollire
3034 4898 3084 4952 id
3117 4896 3256 4966 quod
3300 4906 3383 4951 est
3422 4910 3671 4964 asperum
3715 4908 3772 4948 et

2191 4994 2362 5058 triste,
2389 5000 2443 5046 et
2469 4991 2679 5045 auferre
2701 4990 2751 5044 id
2773 4991 2912 5058 quod
2945 4996 3027 5041 est
3052 4986 3374 5040 nnbilosmn.
3416 4983 3598 5038 Vinum
3635 4983 3769 5037 licti-

2190 5085 2309 5153 ﬁcat
2335 5099 2421 5136 cor
2457 5081 2676 5136 hominis
2703 5079 2883 5148 (Psat.
2918 5079 3042 5133 105.
3078 5079 3191 5149 15).
3220 5076 3500 5145 Quomodo
3530 5091 3661 5146 ergo
3687 5085 3776 5128 est

2189 5194 2256 5231 ex
2293 5177 2413 5230 vino
2439 5174 2710 5228 ebrietas?
2737 5187 2841 5226 n0n
2871 5174 3011 5227 enim
3042 5172 3166 5226 licet
3190 5174 3438 5240 cuiquam
3472 5170 3681 5238 operari
3703 5183 3776 5224 ea

2189 5282 2306 5337 qua:
2337 5273 2461 5319 sunt
2497 5264 2598 5318 sibi
2619 5263 2907 5318 contraria.
2942 5261 3052 5315 Non
3081 5271 3163 5316 est
3192 5276 3320 5330 ergo
3350 5277 3413 5315 ex
3441 5261 3564 5313 vino
3594 5260 3777 5314 ebrie-

2189 5369 2292 5423 tas,
2324 5355 2418 5412 scd
2457 5372 2524 5410 ex
2569 5353 2921 5408 immoderato
2970 5368 3088 5406 usu.
3146 5349 3342 5406 Vinum
3390 5365 3494 5405 non
3547 5359 3776 5420 pmpter

2189 5449 2332 5503 aliud
2377 5448 2558 5502 datum
2587 5454 2698 5511 est,
2731 5461 2887 5516 quam
2917 5454 3138 5515 prapter
3165 5443 3450 5498 sanitatem
3477 5441 3721 5512 corporis
3752 5456 3771 5493 :

2257 5634 2523 5704 '__Savllius_
2540 5644 2677 5699 putat
2702 5637 2969 5704 legendum
2989 5639 3070 5688 τὸν
3092 5639 3372 5704 στρατηγόν,
3387 5636 3636 5696 damma
3663 5647 3792 5682 sane

2192 5699 2377 5750 melius
2397 5699 2638 5761 quadrare
2669 5700 2880 5750 videtur.
