4046 6210
427 468 569 516 πύ,
603 442 754 519 φησί.
791 434 916 510 Πῶς
936 432 1027 499 οῦν
1059 444 1122 497 ἐκ
1148 443 1243 497 τοῦ
1270 442 1414 497 οἴνου
1443 444 1476 512 ἡ
1503 439 1642 512 μέθη
1662 456 1679 504 ς
1699 441 1758 492 οὐ
1783 438 1892 508 7&9
1921 436 2001 490 ένι

433 532 530 585 τὸν
559 532 720 585 αὐτὸν
746 530 814 584 τὰ
837 529 1054 583 ἐναντία
1084 524 1410 598 ἐργάζεσθαι
1440 524 1635 594 ἐαυτῷι
1661 523 1774 576 Οὐκ
1802 522 1911 593 ἄρα
1938 523 2003 574 ἐκ

428 611 525 667 τοῦ
553 614 696 668 οίνου
729 614 765 683 ἡ
789 610 948 683 μέθη,
982 611 1099 664 ἀλλ’
1130 612 1193 662 ἐκ
1225 608 1326 677 τῆς
1357 608 1643 678 ἀμετρίας.
1686 600 1910 683 Ὀἓοῖνος
1935 603 2002 657 δι’

424 696 576 748 οὐδὲν
608 680 801 766 ἕτερον*
831 680 965 765 ἡμίν
1007 692 1239 755 δέδοται,
1284 689 1317 760 ἢ
1351 691 1420 742 δι’
1459 690 1646 757 ὑγείαν
1704 680 1953 758 σώματος
1984 700 1998 716 ·

424 777 563 831 ἀλλά
594 780 690 830 καὶ
730 779 865 848 πρδς
891 777 1048 829 τοῦτο
1079 772 1362 843 ἐμποδίζει
1413 773 1446 842 ἠ
1491 772 1750 843 ἀμετρία.
1803 771 2000 823 ’Λκουε

424 858 479 912 δὲ
509 860 602 912 καὶ
630 857 724 913 τοῦ
753 858 1021 930 μακαρίου
1050 857 1242 909 τούτου
1282 856 1588 928 γράφοντος
1620 853 1710 907 καὶ
1750 853 2000 921 λέγοντος

421 946 500 1016 τῷ
529 934 802 1017 Τιμοθέῳ·
842 947 1052 1014 Ὀλίγῳ
1091 944 1235 1008 οἴνῳ
1283 940 1405 1010 χρῶ
1435 940 1533 994 διὰ
1554 941 1660 993 τὸν
1689 939 2001 1009 στόμαχόν

421 1034 519 1082 σοι
544 1068 560 1090 ,
589 1029 687 1083 καὶ
724 1028 830 1094 τὰς
867 1026 1101 1092 πυκνάς
1131 1035 1251 1080 σου
1280 1022 1622 1088 ἀσθενείας.

492 1165 558 1235 β’.
576 1166 677 1219 Διά
702 1166 811 1237 γάρ
838 1164 995 1219 τοῦτο
1020 1162 1195 1226 ὁθεὸς
1223 1159 1476 1230 ἐποίησεν
1499 1161 1531 1229 ἡ
1541 1157 1656 1228 μῶν
1677 1156 1746 1210 τὰ
1769 1154 1997 1227 σώματα

423 1250 736 1320 σύμμετρα.
775 1248 872 1303 καὶ
916 1247 1025 1302 ἀπὸ
1063 1244 1259 1314 ὀλίγων
1306 1241 1699 1313 κορέννυσθαι,
1746 1238 1995 1320 ἐντεῦθεν

420 1314 842 1400 ήδη-παιδεύων
888 1330 1058 1400 ἡμᾶς,
1087 1328 1172 1381 ὅτι
1221 1324 1359 1397 πρὸς
1414 1320 1608 1394 ἐτέραν
1650 1314 1799 1392 ἡμᾶς
1848 1321 1995 1391 ζωὴν

420 1412 646 1482 ἐποίησε
676 1410 1040 1482 ἐπιτηδείους.
1070 1409 1185 1463 Kal
1205 1407 1457 1461 ἐϐούλετο
1480 1407 1579 1476 μὲν
1612 1406 1707 1458 καὶ
1737 1404 1795 1469 ἐξ
1820 1405 1994 1476 ἀρχῆς

419 1493 634 1564 ἐκείνην
659 1493 867 1555 δοῦναι,
910 1491 1103 1561 ἐπειδὴ
1123 1490 1180 1544 δὲ
1206 1490 1459 1555 ἀναξίους
1485 1487 1711 1550 ἑαυτοὺς
1729 1487 1995 1555 κατεστήδ

422 1591 619 1645 σαμεν,
679 1576 1006 1631 ἀνεϐάλετο·
1050 1576 1143 1629 καὶ
1181 1575 1239 1626 ἐν
1267 1573 1344 1642 τῷ
1382 1571 1560 1643 χρόνῳ
1592 1564 1638 1638 ᾧ
1681 1569 1991 1635 ἀνεϐάλετο,

417 1658 539 1712 οὐδὲ
569 1659 627 1713 ἐν
644 1658 791 1729 αὐτῷ
812 1658 1035 1727 ἀφίησιν
1053 1658 1085 1728 ἠ
1093 1658 1199 1726 μᾶς
1215 1655 1512 1708 ἀπολαύειν
1541 1652 1796 1722 ἀμέτρως
1815 1667 1830 1681 ·
1848 1650 1992 1704 οῐνου

418 1741 528 1807 γὰρ
558 1740 759 1810 κοτύλη
803 1741 897 1793 καὶ
930 1740 1092 1808 ἄρτος
1134 1732 1215 1802 εἷς
1247 1737 1407 1808 ἀρκεῖ
1430 1734 1676 1805 ’γαστέρα
1712 1732 1991 1803 ἐμπλῆσαι

421 1821 735 1893 ἀνθρώπου.
768 1823 878 1876 Kal
908 1823 999 1876 rbv
1029 1822 1248 1889 πάντων
1275 1819 1382 1873 τῶν
1422 1817 1632 1884 ἀλόγων
1661 1814 1988 1886 κρατοῦνται,

415 1904 853 1975 ὀλιγοδιέστερον
889 1904 1066 1958 αὐτῶν
1096 1902 1238 1957 κατά
1273 1901 1373 1971 τὴν
1403 1898 1692 1966 ἀναλογίαν
1730 1897 1948 1967 ἐποίησε
1970 1925 1989 1962 ~,

414 1986 510 2038 καὶ
550 1986 612 2039 rb
650 1985 809 2056 σῶμα
852 1986 1047 2058 βραχὺ,
1084 1984 1236 2038 οὐδὲν
1282 1982 1469 2052 ἕτερον
1517 1982 1551 2052 ἢ
1596 1980 1755 2033 τοῦτο
1788 1978 1986 2049 δηλῶν,

411 2076 494 2130 δτι
527 2076 666 2150 πρὸς
701 2076 893 2150 ἑτέραν
924 2076 1069 2147 ζωὴν
1099 2071 1455 2142 ἐπειγόμεθα.
1487 2070 1585 2139 Μὴ
1604 2072 1988 2140 μεθύσκεσθε

414 2167 579 2233 οϊνῳ,
607 2163 793 2238 φησὶν,
817 2167 885 2221 ἐν
904 2160 952 2234 ᾧ
980 2167 1150 2220 ἐστιν
1170 2163 1416 2219 ἀσωτία.
1446 2162 1520 2215 Οὐ
1537 2161 1645 2232 7&9
1667 2158 1846 2225 σώζει,
1871 2159 1988 2213 ἀλλ’

412 2249 729 2311 ἀπόλλυσιν,
750 2249 810 2300 οὐ
840 2248 902 2299 rb
940 2247 1099 2316 σῶμα
1130 2245 1309 2317 μόνον,
1345 2244 1481 2300 ἀλλά
1527 2245 1622 2297 καὶ
1649 2242 1750 2313 τὴν
1785 2241 1982 2311 ψυχήν.

426 2329 613 2385 Ἀλλὰ
648 2328 997 2397 πληροῦσθε
1030 2329 1437 2397 ἐνηνεύματι,
1473 2323 1810 2391 λαλοῦντες
1844 2325 1985 2377 ἐαυω

411 2411 538 2478 τοῖς
567 2412 639 2464 ἐν
661 2410 924 2480 ψαλμοῖς
949 2411 1047 2465 καί
1081 2411 1291 2480 ὕμνοις
1319 2408 1417 2462 καί
1456 2407 1636 2476 ᾠδαῖς
1669 2421 1988 2475 πνευματι-

412 2491 567 2559 καῖς,
589 2490 840 2559 ᾅδοντες
868 2494 965 2546 καὶ
1002 2491 1344 2560 ψάλιον-τες
1370 2492 1441 2544 ἐν
1466 2487 1541 2558 τῇ
1576 2488 1790 2555 καρδία
1818 2485 1987 2556 ὑμῶν

410 2572 494 2639 τῷ
526 2574 752 2642 Κυρίῳ·
787 2575 1295 2643 εὐχαριστοῦντες
1330 2572 1587 2626 πάντοτε
1628 2570 1782 2639 ὑπὲρ
1831 2570 1982 2623 πάν-

410 2661 532 2711 των
558 2657 629 2710 ἐν
659 2656 904 2726 ὀνόματι
929 2657 1034 2711 τοῦ
1055 2657 1278 2725 Κυρίου
1300 2655 1466 2726 ἡμῶν
1504 2653 1708 2723 Ἰησοῦ
1730 2650 1984 2721 Χριστοῦ

408 2736 492 2804 τῷ
523 2737 644 2804 Θεῷ
671 2738 767 2793 καὶ
801 2738 1003 2807 Harp},
1040 2738 1529 2807 ὑποτασσόμενοι
1573 2734 1874 2801 ἀλλήλοις
1915 2734 1985 2786 ἐν

408 2822 573 2891 φόϐῳ
601 2821 879 2890 Χριστοῦ.
919 2820 1128 2884 Βούλει,
1165 2822 1348 2891 φησὶν,
1388 2818 1812 2889 εὐφραίνεσθαι;
1848 2817 1985 2871 Βού-

409 2904 492 2957 λει
522 2904 621 2976 τὴν
663 2903 874 2976 ἡμέραν
905 2904 1248 2968 ἀναλίσκειν;
1300 2902 1442 2971 Ἐγώ
1476 2918 1561 2954 σοι
1589 2900 1783 2971 δίδωμι
1818 2900 1987 2954 πότον

410 2987 783 3057 πνευματικόν
802 3002 816 3016 ·
845 2989 879 3057 ἡ
901 2986 1009 3056 γάρ
1043 2984 1180 3056 μέθη
1208 2985 1302 3038 καὶ
1327 2985 1426 3054 τὴν
1455 2984 1588 3055 εῠση
1598 3000 1697 3054 μον
1728 2983 1983 3037 ἐκκόπτει

408 3069 595 3142 φωνὴν
628 3069 728 3136 τῆς
758 3069 1009 3138 γλώσσης
1042 3068 1145 3137 τῆς
1189 3067 1482 3139 ἡμετέρας,
1511 3066 1780 3136 ψελλίζειν
1809 3082 1982 3136 παραι

410 3151 773 3216 σκευάζουσα,
803 3151 896 3203 καὶ
940 3148 1255 3220 ὀφθαλμοὺς
1290 3149 1386 3202 καὶ
1416 3149 1596 3202 πάντα
1649 3148 1836 3211 ἁπλῶς
1864 3148 1982 3201 δια-

410 3234 738 3306 στρέφουσα.
769 3234 922 3288 mea
951 3232 1197 3298 ψάλλειν,
1242 3233 1338 3286 καὶ
1366 3231 1488 3301 ὄψει
1535 3232 1629 3285 τοῦ
1658 3232 1982 3304 πράγματος

407 3316 509 3387 τὴν
537 3316 729 3388 ἡδονήν
778 3332 792 3347 ⁸
825 3319 874 3370 οἱ
905 3317 1200 3387 ψάλλοντες
1223 3317 1332 3388 7&9
1361 3316 1680 3388 ΙΙνεύματος
1714 3316 1983 3389 πληροῦν-

407 3406 498 3454 ται
535 3400 715 3468 ἁγίου,
747 3400 934 3472 ὥσπερ
981 3402 1030 3454 οἱ
1070 3401 1288 3473 ᾄδοντες
1328 3400 1426 3464 τάς
1475 3401 1773 3465 σατανικάς
1816 3401 1979 3472 ᾠδάς,

408 3483 722 3555 πνεύματος
749 3482 1086 3555 ἀκαθάρτου.
1118 3484 1184 3537 Τί
1215 3485 1385 3550 ἐστιν,
1429 3485 1532 3539 Ἐν
1552 3484 1682 3551 ταῖς
1712 3485 1983 3553 καρδίαις

406 3564 576 3635 ὑμῶν
620 3564 701 3631 τῷ
728 3566 964 3634 Κυρίῳ;
1006 3565 1287 3638 Τουτέστι,
1335 3566 1472 3637 μετὰ
1507 3566 1777 3630 συνέσεως
1825 3566 1977 3639 [I56]

408 3649 799 3720 προσέχοντες·
847 3652 894 3702 οἱ
948 3648 1055 3721 γὰρ
1093 3649 1152 3702 οὐ
1192 3650 1571 3719 προσέχοντες,
1626 3648 1811 3710 ἅπλῶς
1846 3650 1983 3719 ψάλ-

408 3729 583 3795 λουσι,
605 3730 674 3783 τά
714 3732 935 3802 ῥήματα
963 3729 1350 3799 φθεγγόμενοι,
1391 3733 1490 3800 τῆς
1522 3730 1752 3800 καρδίας
1780 3730 1981 3801 ῥεμϐο-

409 3810 581 3882 μένης
631 3811 876 3879 ἑτέρωθι.
926 3811 1207 3873 Πάντοτε,
1255 3812 1444 3882 φησὶν.
1504 3811 1655 3878 ὑπὲρ
1700 3811 1983 3866 ἁπάντων

406 3891 913 3959 εὐχαριστοῦντες
963 3892 1034 3945 ἑν
1089 3892 1333 3960 ὀνόματι
1386 3891 1496 3945 τοῦ
1545 3895 1766 3960 Κιφίου
1813 3893 1982 3962 ἡμῶν

421 3972 626 4040 Ἰησοῦ
673 3970 932 4039 Χριστοῦ
981 3972 1060 4040 τῷ
1101 3972 1223 4038 Θεῷ
1264 3974 1363 4027 καί
1394 3974 1596 4041 Ηατρί,
1639 3977 1982 4030 ὑποτασσό-

406 4066 576 4126 μενοι
609 4054 907 4121 ἀλλήλοις
940 4055 1011 4110 ἐν
1042 4055 1206 4125 φόϐῳ
1252 4056 1536 4125 Χριστοῦ.
1580 4056 1862 4124 Τουτέστι,
1900 4058 1981 4112 Τά

409 4139 690 4210 αἰτήματα
724 4136 878 4206 ὑμῶν
909 4139 1048 4209 μετά
1079 4138 1433 4209 εὐχαριστίας
1464 4139 1815 4209 γνωριζέσθω
1841 4141 1977 4211 πρὸς

410 4219 499 4274 τὸν
537 4220 670 4273 Θεόν
695 4236 709 4251 ·
742 4219 896 4274 οὐδὲν
939 4223 1046 4292 γὰρ
1080 4220 1256 4286 οὕτως
1295 4222 1576 4294 εὐφραίνει
1605 4223 1695 4277 τὸν
1724 4222 1875 4287 Θεὸν,
1906 4224 1982 4288 ὡς

404 4303 535 4358 ὅταν
624 4320 706 4367 τις
734 4302 1076 4374 εὐχάριστος.
1119 4304 1375 4359 Μάλιστα
1396 4303 1461 4358 δέ
1498 4304 1777 4375 δυνάμεθα
1819 4307 1982 4375 εὐχα-

407 4388 636 4459 ριστεῖν,
661 4386 966 4454 ἀπάγοντες
986 4388 1096 4442 τῶν
1115 4389 1531 4460 προειρημένων
1553 4390 1652 4460 τὴν
1680 4389 1857 4460 ψυχὴν
1881 4391 1980 4461 τὴν

410 4472 706 4541 1ἡμετέραν,
741 4468 1185 4542 διακαθαίροντες
1215 4472 1386 4542 αὐτὴν
1426 4470 1639 4536 τούτοις
1684 4470 1765 4535 οἷς
1805 4470 1976 4528 εἶπεν.

424 4550 609 4605 Ἀλλά
648 4553 1019 4619 πληροῦσθε,
1069 4555 1225 4625 φησὶ,
1272 4554 1343 4608 ἐν
1394 4554 1710 4623 Πνεύματι.
1741 4552 1887 4630 Ἀρα
1921 4558 1980 4611 ἐν

407 4635 543 4704 ἡμῖν
570 4632 763 4699 τοῦτο;
795 4635 904 4689 Kal
948 4636 1057 4709 7&9
1090 4639 1149 4690 ἐν
1186 4637 1338 4707 ἡμῖν.
1383 4636 1550 4690 Ὅταν
1601 4638 1711 4706 γὰρ
1756 4636 1972 4706 ψεῦδος,

410 4715 541 4768 ὅταν
563 4714 811 4783 πικρίαν,
853 4717 981 4769 ὅταν
1013 4718 1293 4788 πορνείαν,
1316 4719 1443 4772 ὅταν
1465 4719 1826 4788 ἀκαθαρσίαν,
1851 4720 1979 4774 ὃταν

412 4794 725 4860 πλεονεξίαν
745 4796 1181 4869 ἀποσοϐήσωμεν
1219 4801 1319 4868 τῆς
1344 4800 1525 4871 ψυχῆς
1553 4802 1650 4872 τῆς
1679 4800 1976 4872 ἡμετέρας,

403 4879 541 4934 ’ὅταν
574 4877 859 4947 γενώμεθα
900 4882 1149 4951 χρηστοὶ,
1191 4880 1576 4953 εὔσπλαγχνοι,
1628 4880 1978 4955 χαριζόμενοι

412 4964 646 5024 ἑαυτοῖς,
684 4961 812 5014 ὃταν
854 4961 1186 5033 εὐτραπελία
1237 4966 1313 5035 μὴ
1355 4967 1502 5035 παρῇ
1531 5003 1546 5028 ,
1588 4966 1717 5018 ὅταν
1752 4966 1977 5028 ἑαυτοὺς

413 5045 598 5112 ἀξίους
627 5044 1151 5115 κατασκευάσωμεν,
1182 5046 1236 5099 τί
1263 5047 1326 5099 rb
1344 5047 1550 5100 κωλύον
1577 5045 1639 5101 τὸ
1667 5049 1893 5118 Πνεῦμα
1916 5047 1979 5100 rb

405 5127 566 5196 ’ἅγιον
599 5126 848 5180 ἐπελθεῖν
894 5127 990 5180 καὶ
1040 5128 1372 5198 ἐπιπτῆναις
1405 5131 1514 5183 Καὶ
1541 5132 1641 5200 οὐχ
1670 5130 1856 5194 ἁπλῶς
1882 5131 1979 5183 ἐπ-

408 5209 709 5272 ελεύσεται,
741 5208 879 5263 ἀλλά
908 5208 1184 5281 πληρώσει
1212 5211 1311 5283 τὴν
1330 5213 1555 5283 καρδίαν
1583 5213 1759 5283 ἡμῶν.
1781 5212 1979 5267 Τοσού-

412 5309 507 5346 του
550 5292 608 5345 δὲ
654 5293 866 5347 ἔνδοθεν
918 5294 1068 5359 ὄντος
1125 5293 1298 5363 φωτὸς
1321 5335 1337 5360 ,
1382 5295 1503 5348 οὐδὲ
1539 5295 1980 5367 δυσκατόρθωτος

418 5377 548 5447 ἡμῖν
586 5376 770 5429 λοιπὸν
808 5377 959 5431 ἔσται
995 5380 1028 5448 ἠ
1053 5377 1244 5449 ἀρετὴ,
1278 5378 1413 5431 ἀλλὰ
1436 5378 1593 5449 ῥᾳδία
1625 5379 1720 5432 καὶ
1736 5377 1975 5441 εὔκολος.

414 5458 677 5513 Πάντοτε
696 5460 1212 5527 εὐχαριστοῦντες,
1247 5463 1431 5531 φησὶν,
1454 5461 1605 5531 ὑπὲρ
1631 5460 1891 5515 πάντων.
1912 5460 1977 5513 Τί

408 5536 543 5605 ὀὗν;
577 5539 715 5609 ὑπὲρ
747 5539 964 5593 πάντων
1008 5542 1347 5614 εὐχαριστεῖν
1384 5545 1465 5598 δεῖ
1501 5545 1610 5597 τῶν
1651 5542 1975 5614 συμϐαινόν-

414 5629 554 5688 rem;
586 5621 721 5677 Ναί·
748 5621 850 5674 κᾶν
878 5622 1030 5686 νόσος
1051 5621 1109 5697 ᾖ,
1134 5628 1236 5679 κᾶν
1265 5628 1440 5680 πενία.
1471 5626 1533 5680 Εἰ
1562 5627 1671 5698 7&9
1699 5630 1757 5679 ἐν
1780 5630 1843 5697 τῇ
1874 5628 1979 5678 Πα-

412 5705 541 5777 λαιᾷ
575 5703 803 5776 παρῄνει
832 5703 992 5772 σοφός
1024 5721 1105 5767 τις
1138 5706 1337 5775 λέγων·
1367 5707 1496 5764 Πᾶν
1528 5708 1561 5762 ὃ
1596 5709 1703 5764 ἐὰν
1744 5708 1977 5777 ἐπαχθεῖ

1132 330 1192 386 S.
1234 316 1525 386 JOANNIS
1561 314 2057 384 οιιῐιγευετοιη
2095 316 2416 389 ARCHIEP.
2458 320 3016 388 CONSTANTINOP.

3578 330 3688 386 ιδο

2112 457 2235 507 σοι,
2277 443 2445 510 δέξαι
2486 445 2783 515 ἀσμένως,
2828 443 2928 499 καὶ
2975 444 3046 498 ἐν
3084 443 3433 514 ἀλλάγμασι
3482 461 3685 500 ταπει-

2110 526 2350 595 νώσεώς
2378 544 2496 582 σου
2525 530 2997 598 μακροθύμησον
3021 541 3037 557 ·
3066 526 3247 597 πολλῷ
3278 527 3480 597 μᾶλλον
3522 529 3581 580 ἐν
3610 530 3678 599 τῇ

2110 609 2284 680 Καινῇ
2319 610 2567 680 γίνεσθαι
2590 613 2721 683 χρὴ.
2740 612 2860 665 Κάν
2886 610 2978 665 τὸν
3009 611 3167 679 λόγον
3189 610 3369 664 τοίνυν
3407 611 3482 682 μὴ
3509 612 3679 683 εἰδῇς,

2108 691 2449 762 εὐχαρίστει·
2491 693 2650 746 τοῦτο
2673 693 2784 764 γάρ
2824 695 2971 747 ἐστιν
3008 692 3349 763 εὐχαριστία.
3393 694 3492 745 Ἂν
3529 686 3590 742 δὲ
3616 688 3681 750 εὖ

2108 772 2298 827 παθὼν
2320 774 2412 828 καὶ
2445 775 2841 847 εὐθηνούμενος
2866 777 2959 830 καὶ
2985 774 3279 845 εὐπραγῶν
3303 775 3394 828 καὶ
3412 777 3471 828 ἐν
3485 770 3682 845 εὐημερ-

2109 855 2253 923 ρίαις
2283 855 2379 919 ῶν,
2411 855 2761 929 εὐχαριστῇς,
2793 857 2947 911 οὐδὲν
2970 856 3137 928 μέγα,
3164 856 3316 909 οὐδὲν
3333 855 3676 926 θαυμαστόν·

2104 936 2167 989 rb
2197 938 2253 992 δὲ
2292 938 2646 1010 ζητούμενον,
2675 942 2735 994 ἐν
2770 940 3015 1010 θλίψεσιν
3050 939 3183 993 ὔντα
3213 940 3579 1009 εὐχαριστεῖν,
3617 942 3679 994 ἐν

2105 1019 2384 1092 ἀθυμίαις.
2414 1020 2598 1093 Μηδὲν
2622 1020 2730 1089 πρὸ
2760 1022 2855 1077 τοῦ
2888 1024 3136 1097 ῥήματος
3173 1022 3366 1076 τούτου
3410 1022 3675 1091 φθέγγου,

2105 1102 2427 1176 Εὐχαριστῶ
2458 1116 2562 1169 σοι,
2592 1107 2859 1162 Δέσποται
2890 1108 3001 1161 Kal
3034 1108 3088 1160 rt
3116 1106 3261 1175 λέγω
3287 1105 3430 1176 ὑπὲρ
3454 1107 3564 1160 τῶν
3584 1108 3676 1161 ἐν-

2102 1185 2276 1241 ταῦθα
2306 1188 2536 1256 θλίψεων
2560 1208 2575 1257 ;
2602 1190 2744 1261 ὑπὲρ
2757 1192 2857 1261 τῆς
2879 1190 3105 1259 γεέννης
3130 1190 3304 1260 αὐτῆς
3332 1192 3679 1262 εὐχαριστεῖν

2101 1269 2183 1323 δεῖ
2206 1270 2284 1341 τῷ
2310 1273 2450 1344 Θεῷ,
2474 1273 2617 1345 ὑπὲρ
2635 1275 2743 1328 τῶν
2771 1274 3045 1329 κολάσεων
3081 1273 3193 1326 τῶν
3220 1274 3358 1338 ἐκεῖ,
3396 1275 3535 1346 ὑπὲρ
3563 1276 3675 1330 τῶν

2100 1354 2401 1425 τιμωριῶν.
2434 1354 2583 1410 Πάνυ
2612 1355 2722 1427 γάρ
2749 1355 2810 1409 rb
2838 1357 3071 1427 πρᾶγμα
3100 1348 3250 1426 ἡμᾶς
3272 1355 3521 1427 ὠφέλησε
3545 1358 3675 1421 τούς

2100 1436 2490 1506 προσέχοντας,
2542 1438 2662 1492 ἀντὶ
2707 1437 2925 1509 χαλινοῦ
2972 1436 3067 1490 τοῦ
3100 1438 3199 1506 τῆς
3227 1437 3454 1507 γεέννης
3501 1437 3673 1505 φόϐου

2099 1510 2218 1579 ταῖς
2267 1518 2520 1590 καρδίαις
2566 1520 2725 1591 ἡμῶν
2772 1518 3135 1583 ἐπιτεθέντος.
3171 1517 3262 1589 Μὴ
3316 1519 3493 1573 τοίνυν
3527 1519 3675 1589 ὑπὲρ

2098 1600 2208 1653 τῶν
2233 1603 2485 1673 φανερῶν
2535 1603 2884 1673 εὐεργεσιῶν,
2915 1602 3052 1657 ἀλλά
3081 1603 3176 1655 καὶ
3208 1592 3349 1672 ὐπέρ
3389 1602 3497 1654 τῶν
3531 1604 3684 1670 ἀφα-

2099 1683 2226 1747 νῶν,
2243 1686 2339 1738 aal
2358 1685 2498 1756 ὑπὲρ
2518 1679 2593 1739 ὧν
2615 1686 2838 1749 ἄκοντες
2852 1683 3309 1755 εύεργετούμεθα,
3337 1683 3667 1754 εὐχαριστῶ·

2102 1772 2201 1834 μεν
2225 1781 2238 1795 ·
2271 1765 2443 1820 πολλά
2465 1769 2573 1838 7&9
2591 1768 2683 1820 καὶ
2717 1767 2791 1838 μὴ
2823 1766 3175 1838 βουλομένους
3196 1767 3344 1837 ἡμᾶς
3368 1756 3667 1835 εὐεργετεῖ,

2099 1848 2193 1899 καὶ
2217 1843 2289 1919 μὴ
2313 1849 2540 1912 εἰδότας.
2572 1850 2634 1902 EE
2653 1840 2709 1902 δὲ
2737 1850 3037 1911 ἀπιστεῖτε,
3062 1847 3160 1919 ήδη
3182 1847 3311 1916 ὑμῖν
3340 1848 3400 1900 rb
3431 1850 3671 1918 πρᾶγμα

2100 1924 2311 2001 ποιήσω
2345 1921 2597 2004 φανερόν.
2645 1921 2928 2000 Ἐννόησον
2957 1932 3064 2004 γάρ
3112 1947 3235 2001 μοι·
3274 1932 3324 1984 οί
3356 1931 3545 2001 μιαροὶ
3572 1932 3673 1984 καὶ

2096 2012 2315 2065 ἄπιστοι
2334 2012 2593 2082 Ἕλληνες
2616 2012 2735 2083 οὐχὶ
2772 2013 2851 2084 τῷ
2892 2012 3026 2084 ἡλίῳ
3059 2012 3119 2066 rb
3143 2013 3251 2066 πᾶν
3280 2013 3666 2084 ἐπιγράφουσι,

2097 2092 2191 2144 καὶ
2227 2096 2340 2157 τοῖς
2368 2093 2606 2159 εἰδώλοις
2629 2095 2839 2163 αὐτῶν;
2876 2095 2940 2148 Τί
2966 2091 3090 2161 οὖν;
3124 2094 3243 2166 οὐχὶ
3270 2093 3552 2164 εὐεργετεῖ
3570 2096 3668 2148 καὶ

2096 2174 2327 2243 αὐτούςς
2360 2176 2483 2247 οὐχὶ
2513 2177 2613 2247 τῆς
2638 2178 2846 2231 ἐκείνου
2881 2179 3138 2249 προνοίας
3162 2178 3301 2240 ἐστὶ,
3335 2175 3430 2229 καὶ
3457 2177 3519 2229 rb
3539 2177 3665 2247 ζῇν,

2095 2257 2189 2312 καὶ
2224 2257 2286 2310 rb
2332 2259 2596 2327 ὑγιαίνειν
2629 2260 2847 2327 αὐτοὺς,
2896 2260 2990 2314 καὶ
3042 2260 3396 2324 παιδοποιεῖν,
3437 2259 3530 2312 καὶ
3560 2260 3668 2313 ὃσα

2093 2340 2357 2405 τοιαῦτα;
2389 2334 2459 2396 Τί
2501 2341 2559 2394 δὲ
2587 2343 2638 2396 οἱ
2664 2342 3078 2413 Μαρκιωνισταὶ
3107 2340 3421 2411 λεγόμενοι;
3452 2342 3508 2394 τί
3533 2342 3592 2395 δέ
3612 2343 3669 2395 οἱ

2094 2422 2418 2492 Μανιχαῖοι;
2452 2422 2572 2493 οὐχὶ
2608 2426 2706 2477 καὶ
2764 2423 3177 2495 βλασφημοῦσιν
3201 2423 3397 2489 αὐτόν;
3431 2423 3499 2475 Τί
3529 2420 3664 2487 οῦν;

2093 2503 2214 2572 οὐχὶ
2254 2505 2541 2576 εὐεργετεῖ
2578 2507 2778 2569 αὐτοὺς
2817 2506 2940 2560 καθ’
2967 2507 3206 2573 ἑκάστην
3241 2505 3490 2577 ἡμέρανς
3516 2507 3667 2560 Είδὲ

2093 2585 2336 2649 ἐκείνους
2362 2589 2491 2650 τοὺς
2526 2587 2700 2641 ταῦτα
2737 2590 2839 2641 οὐκ
2882 2588 3092 2651 εἰδότας
3142 2588 3438 2658 εὐεργετεῖ,
3480 2588 3667 2658 πολλῷ

2096 2667 2298 2737 μᾶλλον
2324 2669 2490 2739 ἡμᾶς.
2524 2669 2589 2722 Τί
2613 2669 2722 2740 γὰρ
2752 2668 2905 2743 [157]
2928 2669 3058 2723 ἀλλο
3086 2670 3247 2741 ἔργον
3265 2670 3402 2723 Θεοῦ
3426 2671 3460 2741 ἢ
3479 2670 3667 2737 τοῦτο,

2091 2750 2152 2803 rb
2171 2752 2482 2820 εὐεργετεῖν
2509 2750 2570 2804 rb
2597 2752 2705 2806 τῶν
2729 2751 3031 2824 ἀνθρώπων
3054 2752 3232 2821 γένος,
3265 2753 3362 2807 καὶ
3390 2752 3482 2806 διά
3503 2752 3670 2807 κολάδ·

2094 2849 2234 2887 σεων
2254 2833 2352 2886 καὶ
2380 2832 2448 2887 δι’
2469 2833 2742 2900 ἀνέσεων;

2167 2988 2259 3058 Μὴ
2296 2988 2457 3058 μόνον
2498 2987 2678 3042 τοίνυν
2707 2987 2767 3041 ἐν
2791 2987 3120 3059 εὐπραγίαις
3150 2987 3301 3051 ὄντες
3326 2986 3663 3058 εὐχαριστῶι

2093 3088 2192 3141 μεν
2214 3086 2231 3102 ·
2258 3071 2409 3125 οὐδὲν
2438 3071 2547 3142 7&9
2569 3071 2733 3142 μέγα.
2768 3070 2880 3123 Kal
2905 3071 3064 3124 τοῦτο
3091 3065 3200 3123 οῐδε
3219 3071 3313 3123 καὶ
3331 3072 3360 3123 ό
3380 3070 3660 3135 διάϐολος·

2088 3153 2169 3207 διὸ
2197 3154 2288 3207 καὶ
2315 3153 2464 3222 ἔλεγε
2488 3168 2502 3183 ·
2529 3153 2629 3222 Μὴ
2667 3153 2894 3221 δωρεὰν
2913 3154 3151 3207 σέϐεται
3191 3151 3315 3206 Ἰὼϐ
3342 3151 3449 3205 τὸν
3475 3152 3665 3216 Θεόνς

2089 3235 2227 3306 οὐχὶ
2253 3236 2336 3290 σὺ
2365 3234 2768 3305 περιέφραξας
2790 3237 2864 3289 τὰ
2888 3237 3011 3290 ἔσω
3030 3236 3243 3298 αὐτοῦ,
3275 3236 3376 3289 καί
3409 3234 3482 3288 τὰ
3505 3236 3625 3298 ἔξω
3640 3252 3665 3299 ;

2090 3320 2336 3386 Περίελε
2374 3318 2573 3371 πάντα
2600 3318 2672 3372 τὰ
2714 3317 3064 3387 ὑπάρχοντα
3096 3319 3306 3383 αὑτοῦ,
3355 3314 3396 3388 ἦ
3417 3317 3545 3387 μὴν
3568 3320 3664 3385 εὶς

2088 3401 2419 3471 πρόσωπόν
2444 3416 2518 3454 σε
2557 3399 2904 3471 εὐλογήσει.
2942 3400 3081 3453 Ἀλλ’
3118 3400 3273 3453 οὐδὲν
3300 3400 3449 3469 αὐτῴ
3474 3400 3665 3455 πλεῖον

2088 3485 2306 3554 ἐγένετο
2330 3483 2406 3554 τῷ
2456 3483 2664 3555 μιαρῷ,
2706 3483 2840 3554 μηδὲ
2879 3484 3111 3551 γένοιτο,
3155 3482 3294 3553 μηδὲ
3322 3484 3451 3553 περὶ
3500 3481 3663 3553 ἡμῶν

2087 3565 2342 3634 γενέσθαι
2370 3583 2421 3619 τι
2467 3566 2628 3619 πλέον
2675 3565 2845 3636 αὐτῷ.
2894 3564 3057 3617 Ἀλλά
3098 3564 3194 3616 καὶ
3238 3564 3364 3616 ὅταν
3393 3567 3453 3618 ἐν
3493 3564 3664 3637 πενίᾳ

2086 3644 2257 3722 ὦμεν,
2277 3652 2372 3704 καὶ
2395 3650 2523 3704 ὅταν
2542 3650 2600 3704 ἐν
2621 3648 2820 3715 νόσοις,
2843 3647 2939 3702 καὶ
2954 3649 3085 3701 ὅταν
3107 3648 3166 3699 ἐν
3191 3648 3295 3716 ἐπη
3306 3647 3503 3717 ρείαις,
3534 3650 3660 3702 τότε

2087 3733 2444 3802 ἐπιτείνωμεν
2467 3733 2567 3803 τὴν
2602 3730 2976 3801 εὐχαριστίαν.
3012 3729 3376 3799 Εὐχαριστίαν
3398 3729 3456 3782 δὲ
3489 3730 3657 3797 λέγω,

2088 3817 2165 3887 μὴ
2203 3817 2410 3887 ῥήμασι
2436 3815 2571 3886 μηδὲ
2591 3814 2830 3887 γλώσσῃ,
2858 3813 2993 3867 ἀλλά
3009 3814 3297 3883 πράγμασι
3328 3814 3423 3866 xal
3448 3813 3657 3881 ἔργοις,

2088 3897 2183 3951 καὶ
2210 3897 2418 3968 διανοίᾳ
2447 3898 2541 3951 καὶ
2572 3896 2789 3967 καρδίᾳ.
2839 3896 2934 3948 Ἐκ
2978 3896 3160 3964 πάσης
3200 3894 3380 3965 ψυχῆς
3432 3896 3657 3965 εὐχαρι-

2089 3979 2304 4049 στῶμεν
2339 3979 2510 4050 αὐτῷ.
2544 3979 2762 4033 Μᾶλλον
2795 3977 2903 4049 γάρ
2927 3977 3036 4029 τῶν
3057 3976 3477 4047 γεννησαμένων
3504 3980 3657 4048 ἡμᾶς

2087 4061 2266 4131 φιλεῖ·
2303 4062 2399 4116 xal
2430 4063 2554 4116 ὅσον
2585 4061 2849 4132 πονηρίας
2882 4060 2978 4113 καὶ
3007 4058 3343 4129 ἀγαθότητος
3366 4059 3428 4113 rb
3465 4061 3654 4130 μέσον,

2086 4142 2338 4197 τοσοῦτον
2364 4146 2399 4213 ή
2427 4145 2523 4215 τῆς
2546 4144 2766 4215 ἀγάπης
2796 4143 2890 4196 τοῦ
2922 4142 3059 4197 Θεοῦ
3091 4141 3228 4212 πρὸς
3251 4140 3348 4212 τὴν
3381 4141 3489 4195 τῶν
3518 4145 3659 4214 ἠμε-

2089 4226 2267 4298 τέρων
2299 4227 2555 4300 πατέρων
2580 4225 2862 4299 διαφοράν.

2156 4391 2224 4454 γ’.
2251 4384 2361 4439 Kal
2383 4384 2555 4438 ταῦτα
2582 4384 2680 4438 οὐκ
2708 4385 2818 4454 ἐμά
2842 4386 2958 4439 ἐστι
2981 4385 3047 4440 τὰ
3074 4388 3311 4457 ῥήματα,
3340 4386 3455 4440 ἀλλ’
3483 4387 3653 4442 αὐτοῦ

2086 4470 2180 4522 τοῦ
2210 4468 2492 4536 φιλοῦντος
2508 4467 2655 4537 ἡμᾶς
2680 4467 2939 4539 Χριστοῦ.
2968 4470 3077 4522 Kal
3100 4469 3266 4524 ἄκουε
3283 4468 3449 4524 αὐτοῦ
3469 4469 3656 4538 λέγον-

2086 4562 2176 4613 τος
2192 4566 2205 4578 '
2236 4548 2337 4615 Τίς
2353 4549 2423 4613 ἐξ
2449 4546 2615 4616 ὑμῶν
2632 4548 2804 4603 ἐστιν
2819 4548 3149 4617 ἅνθρωπος,
3174 4551 3264 4616 ὃς,
3295 4550 3406 4605 ἐὰν
3430 4550 3655 4620 αἰτήσῃ

2086 4637 2121 4687 ὀ
2143 4634 2273 4698 υίὸς
2302 4631 2488 4686 αὑτοῦ
2512 4630 2713 4698 ἄρτον,
2738 4630 2822 4700 μὴ
2856 4634 3033 4686 λίθον
3058 4632 3339 4687 ἐπιδώσει
3365 4632 3563 4699 uinci»;
3583 4637 3657 4688 Ει

2085 4714 2151 4768 δὲ
2200 4713 2371 4783 ὑμεῖς
2417 4714 2673 4781 πονηροί
2713 4714 2911 4780 ὄντες,
2946 4714 3151 4768 οἴδατε
3187 4716 3416 4785 δόματα
3463 4718 3657 4785 ἀγαθὰ

2086 4797 2314 4850 διδόναι
2335 4795 2461 4860 τοῖς
2478 4794 2710 4861 τέκνοις
2734 4795 2920 4864 ὑμῶν,
2942 4796 3373 4866 πόσῳμᾶλλον
3394 4802 3428 4852 ό
3452 4799 3655 4864 Πατὴρ

2088 4880 2254 4950 ὑμῶν
2277 4884 2310 4935 ό
2333 4880 2405 4933 ἐν
2437 4879 2562 4944 τοῖς
2595 4879 2876 4948 οὐρανοῖς
2896 4878 3074 4934 δώσει
3089 4881 3280 4949 ἀγαθὰ
3305 4881 3430 4948 τοῖς
3453 4881 3654 4935 αἰτοῦρ

2081 4978 2193 5018 σιν
2211 4963 2399 5017 αὐτόν
2422 4979 2441 5025 ;
2475 4962 2585 5016 Kal
2601 4961 2765 5015 πάλιν
2791 4961 2958 5016 ἄκουε
2988 4962 3081 5015 καὶ
3108 4963 3336 5033 ἑτέρωθι
3368 4963 3618 5032 λέγοντος
3636 4982 3651 4996 ·

2084 5049 2182 5115 Μὴ
2216 5044 2571 5111 ἐπιλήσεται
2600 5042 2756 5112 γυνὴ
2790 5043 2896 5096 τοῦ
2923 5042 3175 5111 ἐλεῆσαι
3203 5044 3275 5098 τὰ
3299 5044 3519 5115 ἔκγονα
3541 5044 3655 5112 τῆς

2087 5129 2322 5194 κοιλίας
2335 5126 2561 5196 αὑτῆς;
2583 5129 2652 5181 El
2684 5126 2755 5180 δὲ
2784 5125 2885 5180 καὶ
2905 5127 3246 5182 ἐπιλάθοιτο
3266 5128 3454 5183 ταῦτα
3473 5128 3652 5198 γυνὴ,

2080 5212 2221 5267 ἀλλ’
2256 5212 2370 5279 ἐγὼ
2408 5212 2522 5265 οὐκ
2556 5210 2926 5279 ἐπιλήσομαί
2957 5225 3096 5273 σου,
3144 5215 3307 5280 λέγει
3339 5214 3571 5282 Κύριος.
3590 5215 3654 5266 Et

2086 5296 2194 5364 7&9
2245 5295 2320 5364 μὴ
2350 5292 2513 5363 φιλεῖ,
2546 5292 2690 5356 τίνος
2725 5294 2911 5347 ἕνεκεν
2952 5295 3097 5364 ἡμᾶς
3130 5296 3387 5366 ἐποίησε;
3436 5297 3509 5367 μὴ
3543 5296 3654 5367 γὰρ

2085 5379 2331 5448 ἀνάγκην
2364 5372 2512 5448 εἶχες
2549 5376 2624 5448 μὴ
2657 5376 2765 5448 7&9
2802 5378 2989 5448 χρείαν
3050 5379 3201 5450 αὐτῷ
3248 5382 3342 5434 καὶ
3379 5380 3658 5434 διακονίαν

2086 5461 2436 5531 πληροῦμεν;
2490 5461 2565 5530 μὴ
2594 5460 2704 5530 7&9
2736 5459 2909 5514 δεῖταί
2958 5477 3103 5524 τινος
3148 5462 3257 5517 τῶν
3304 5465 3432 5534 παρ’
3465 5463 3651 5534 ὴμῶν;

2091 5546 2291 5597 Ἀκουε
2321 5541 2416 5595 τοῦ
2461 5543 2754 5613 Προφήτου
2791 5541 3072 5610 λέγοντος·
3115 5540 3271 5602 Εἷπα
3305 5543 3386 5610 τῷ
3420 5544 3613 5612 Κυρίῳ
3638 5561 3651 5573 ·

2087 5628 2301 5695 Κύριός
2326 5644 2447 5695 μου
2470 5622 2530 5680 εἷ
2556 5624 2658 5690 σὺ,
2701 5623 2791 5678 ὅτι
2814 5623 2934 5680 τῶν
2948 5626 3183 5695 ἀγαθῶν
3208 5646 3328 5696 μου
3348 5629 3420 5682 οὺ
3443 5627 3656 5697 χρείαν

2091 5714 2271 5783 ἔχεις.
2316 5709 2453 5765 Ἀλλ’
2484 5711 2530 5764 οί
2565 5709 2882 5780 ἀγνώμονες
2927 5712 3026 5780 καὶ.
3065 5711 3407 5782 ἀναίσθητοι,
3455 5708 3655 5775 Τοῦτο»
