  <div class='ocr_page' id='page_1' title='image "/cluster/home/n/w/nwhite01/storage/ocr_20150623/62/hvd.32044054086319/134.png"; bbox 0 0 4042 6212; ppageno 0'>
   <div class='ocr_carea' id='block_1_1' title="bbox 338 227 433 284">
    <p class='ocr_par' dir='ltr' id='par_1_1' title="bbox 338 227 433 284">
     <span class='ocr_line' id='line_1_1' title="bbox 338 227 433 284; baseline 0.021 -2"><span class='ocrx_word' id='word_1_1' title='bbox 338 227 433 284; x_wconf 64' lang='grc'><strong>129</strong></span> 
     </span>
    </p>
   </div>
   <div class='ocr_carea' id='block_1_2' title="bbox 335 343 1904 418">
    <p class='ocr_par' dir='ltr' id='par_1_2' title="bbox 335 343 1904 418">
     <span class='ocr_line' id='line_1_2' title="bbox 335 343 1904 418; baseline -0.006 -14"><span class='ocrx_word' id='word_1_2' title='bbox 335 349 419 404; x_wconf 80' lang='lat' dir='ltr'><strong>sed</strong></span> <span class='ocrx_word' id='word_1_3' title='bbox 448 348 546 402; x_wconf 87' lang='lat' dir='ltr'><strong>hoc</strong></span> <span class='ocrx_word' id='word_1_4' title='bbox 576 361 791 418; x_wconf 89' lang='lat' dir='ltr'><strong>quoque</strong></span> <span class='ocrx_word' id='word_1_5' title='bbox 821 344 1044 415; x_wconf 98' lang='lat' dir='ltr'><strong>impedit</strong></span> <span class='ocrx_word' id='word_1_6' title='bbox 1090 345 1481 399; x_wconf 83' lang='lat' dir='ltr'><strong>intmodetatio.</strong></span> <span class='ocrx_word' id='word_1_7' title='bbox 1541 343 1676 397; x_wconf 85' lang='lat' dir='ltr'><strong>Audi</strong></span> <span class='ocrx_word' id='word_1_8' title='bbox 1725 353 1904 396; x_wconf 85' lang='lat' dir='ltr'><strong>autem</strong></span> 
     </span>
    </p>
   </div>
   <div class='ocr_carea' id='block_1_3' title="bbox 335 435 1909 514">
    <p class='ocr_par' dir='ltr' id='par_1_3' title="bbox 335 435 1909 514">
     <span class='ocr_line' id='line_1_3' title="bbox 335 435 1909 514; baseline -0.006 -18"><span class='ocrx_word' id='word_1_9' title='bbox 335 444 467 497; x_wconf 87' lang='lat' dir='ltr'><strong>hunc</strong></span> <span class='ocrx_word' id='word_1_10' title='bbox 496 456 709 514; x_wconf 88' lang='lat' dir='ltr'><strong>quoque</strong></span> <span class='ocrx_word' id='word_1_11' title='bbox 737 441 953 495; x_wconf 90' lang='lat' dir='ltr'><strong>beatum</strong></span> <span class='ocrx_word' id='word_1_12' title='bbox 999 438 1322 494; x_wconf 89' lang='lat' dir='ltr'><strong>scribentem</strong></span> <span class='ocrx_word' id='word_1_13' title='bbox 1351 448 1402 493; x_wconf 92' lang='lat' dir='ltr'><strong>et</strong></span> <span class='ocrx_word' id='word_1_14' title='bbox 1429 437 1697 491; x_wconf 90' lang='lat' dir='ltr'><strong>dicentem</strong></span> <span class='ocrx_word' id='word_1_15' title='bbox 1729 435 1909 488; x_wconf 85' lang='lat' dir='ltr'><strong>Timo-</strong></span> 
     </span>
    </p>
   </div>
   <div class='ocr_carea' id='block_1_4' title="bbox 337 532 1911 602">
    <p class='ocr_par' dir='ltr' id='par_1_4' title="bbox 337 532 1911 602">
     <span class='ocr_line' id='line_1_4' title="bbox 337 532 1911 602; baseline -0.004 -15"><span class='ocrx_word' id='word_1_16' title='bbox 337 537 483 590; x_wconf 89' lang='lat' dir='ltr'><strong>theo:</strong></span> <span class='ocrx_word' id='word_1_17' title='bbox 511 534 716 588; x_wconf 77' lang='lat' dir='ltr'><strong>Modico</strong></span> <span class='ocrx_word' id='word_1_18' title='bbox 736 535 853 588; x_wconf 78' lang='lat' dir='ltr'><strong>vino</strong></span> <span class='ocrx_word' id='word_1_19' title='bbox 877 543 1016 588; x_wconf 87' lang='lat' dir='ltr'><strong>utere</strong></span> <span class='ocrx_word' id='word_1_20' title='bbox 1045 542 1249 602; x_wconf 76' lang='lat' dir='ltr'><strong>propter</strong></span> <span class='ocrx_word' id='word_1_21' title='bbox 1277 532 1591 586; x_wconf 82' lang='lat' dir='ltr'><strong>stomachum</strong></span> <span class='ocrx_word' id='word_1_22' title='bbox 1612 541 1658 584; x_wconf 90' lang='lat' dir='ltr'><strong>et</strong></span> <span class='ocrx_word' id='word_1_23' title='bbox 1681 532 1911 600; x_wconf 76' lang='lat' dir='ltr'><strong>frequen-</strong></span> 
     </span>
    </p>
   </div>
   <div class='ocr_carea' id='block_1_5' title="bbox 327 623 1370 696">
    <p class='ocr_par' dir='ltr' id='par_1_5' title="bbox 327 623 1370 696">
     <span class='ocr_line' id='line_1_5' title="bbox 327 623 1370 696; baseline -0.005 -15"><span class='ocrx_word' id='word_1_24' title='bbox 327 642 395 683; x_wconf 85' lang='lat' dir='ltr'><strong>tes</strong></span> <span class='ocrx_word' id='word_1_25' title='bbox 418 638 534 682; x_wconf 76' lang='lat' dir='ltr'><strong>tuas</strong></span> <span class='ocrx_word' id='word_1_26' title='bbox 566 627 888 693; x_wconf 69' lang='lat' dir='ltr'><strong>infirmitates</strong></span> <span class='ocrx_word' id='word_1_27' title='bbox 915 625 992 696; x_wconf 85' lang='grc'><strong>(1.</strong></span> <span class='ocrx_word' id='word_1_28' title='bbox 1013 624 1146 679; x_wconf 85' lang='lat' dir='ltr'><strong>Tim.</strong></span> <span class='ocrx_word' id='word_1_29' title='bbox 1167 625 1222 680; x_wconf 81' lang='lat'><strong>5.</strong></span> <span class='ocrx_word' id='word_1_30' title='bbox 1251 623 1370 692; x_wconf 74' lang='grc'><strong>23).</strong></span> 
     </span>
    </p>
   </div>
   <div class='ocr_carea' id='block_1_6' title="bbox 391 710 1906 788">
    <p class='ocr_par' dir='ltr' id='par_1_6' title="bbox 391 710 1906 788">
     <span class='ocr_line' id='line_1_6' title="bbox 391 710 1906 788; baseline -0.013 -9"><span class='ocrx_word' id='word_1_31' title='bbox 391 719 444 779; x_wconf 76' lang='grc' dir='ltr'><strong>2ο</strong></span> <span class='ocrx_word' id='word_1_32' title='bbox 491 718 783 788; x_wconf 72' lang='lat' dir='ltr'><strong>Propterea</strong></span> <span class='ocrx_word' id='word_1_33' title='bbox 812 716 958 772; x_wconf 90' lang='lat' dir='ltr'><strong>enim</strong></span> <span class='ocrx_word' id='word_1_34' title='bbox 987 715 1130 771; x_wconf 88' lang='lat' dir='ltr'><strong>Deus</strong></span> <span class='ocrx_word' id='word_1_35' title='bbox 1157 715 1282 770; x_wconf 90' lang='lat' dir='ltr'><strong>fecit</strong></span> <span class='ocrx_word' id='word_1_36' title='bbox 1312 723 1492 768; x_wconf 87' lang='lat' dir='ltr'><strong>nostra</strong></span> <span class='ocrx_word' id='word_1_37' title='bbox 1517 726 1739 780; x_wconf 88' lang='lat' dir='ltr'><strong>corpora</strong></span> <span class='ocrx_word' id='word_1_38' title='bbox 1767 710 1906 780; x_wconf 86' lang='lat' dir='ltr'><strong>justa</strong></span> 
     </span>
    </p>
   </div>
   <div class='ocr_carea' id='block_1_7' title="bbox 331 801 1910 880">
    <p class='ocr_par' dir='ltr' id='par_1_7' title="bbox 331 801 1910 880">
     <span class='ocr_line' id='line_1_7' title="bbox 331 801 1910 880; baseline -0.007 -18"><span class='ocrx_word' id='word_1_39' title='bbox 331 809 632 880; x_wconf 74' lang='lat' dir='ltr'><strong>symmetria</strong></span> <span class='ocrx_word' id='word_1_40' title='bbox 656 806 898 876; x_wconf 69' lang='lat' dir='ltr'><strong>przedita,</strong></span> <span class='ocrx_word' id='word_1_41' title='bbox 917 814 972 860; x_wconf 90' lang='lat' dir='ltr'><strong>et</strong></span> <span class='ocrx_word' id='word_1_42' title='bbox 993 805 1176 876; x_wconf 84' lang='lat' dir='ltr'><strong>paucis</strong></span> <span class='ocrx_word' id='word_1_43' title='bbox 1191 805 1395 868; x_wconf 90' lang='lat' dir='ltr'><strong>satiari;</strong></span> <span class='ocrx_word' id='word_1_44' title='bbox 1417 803 1537 857; x_wconf 89' lang='lat' dir='ltr'><strong>inde</strong></span> <span class='ocrx_word' id='word_1_45' title='bbox 1557 817 1653 856; x_wconf 91' lang='lat' dir='ltr'><strong>nos</strong></span> <span class='ocrx_word' id='word_1_46' title='bbox 1663 801 1770 870; x_wconf 90' lang='lat' dir='ltr'><strong>jam</strong></span> <span class='ocrx_word' id='word_1_47' title='bbox 1789 815 1910 853; x_wconf 79' lang='lat' dir='ltr'><strong>eru-</strong></span> 
     </span>
    </p>
   </div>
   <div class='ocr_carea' id='block_1_8' title="bbox 328 889 1910 969">
    <p class='ocr_par' dir='ltr' id='par_1_8' title="bbox 328 889 1910 969">
     <span class='ocr_line' id='line_1_8' title="bbox 328 889 1910 969; baseline -0.008 -15"><span class='ocrx_word' id='word_1_48' title='bbox 328 901 478 955; x_wconf 80' lang='lat' dir='ltr'><strong>diens</strong></span> <span class='ocrx_word' id='word_1_49' title='bbox 505 939 520 964; x_wconf 93' lang='lat'><strong>,</strong></span> <span class='ocrx_word' id='word_1_50' title='bbox 545 897 689 969; x_wconf 90' lang='lat' dir='ltr'><strong>quod</strong></span> <span class='ocrx_word' id='word_1_51' title='bbox 717 912 815 953; x_wconf 93' lang='lat' dir='ltr'><strong>nos</strong></span> <span class='ocrx_word' id='word_1_52' title='bbox 844 907 1000 967; x_wconf 89' lang='lat' dir='ltr'><strong>aptos</strong></span> <span class='ocrx_word' id='word_1_53' title='bbox 1030 896 1215 954; x_wconf 86' lang='lat' dir='ltr'><strong>fecerit</strong></span> <span class='ocrx_word' id='word_1_54' title='bbox 1258 893 1324 949; x_wconf 88' lang='lat' dir='ltr'><strong>ad</strong></span> <span class='ocrx_word' id='word_1_55' title='bbox 1353 895 1578 951; x_wconf 85' lang='lat' dir='ltr'><strong>alteram</strong></span> <span class='ocrx_word' id='word_1_56' title='bbox 1619 893 1801 946; x_wconf 86' lang='lat' dir='ltr'><strong>vitam.</strong></span> <span class='ocrx_word' id='word_1_57' title='bbox 1842 889 1910 945; x_wconf 87' lang='lat' dir='ltr'><strong>Et</strong></span> 
     </span>
    </p>
   </div>
   <div class='ocr_carea' id='block_1_9' title="bbox 328 984 1906 1060">
    <p class='ocr_par' dir='ltr' id='par_1_9' title="bbox 328 984 1906 1060">
     <span class='ocr_line' id='line_1_9' title="bbox 328 984 1906 1060; baseline -0.004 -16"><span class='ocrx_word' id='word_1_58' title='bbox 328 991 538 1045; x_wconf 81' lang='lat' dir='ltr'><strong>volebat</strong></span> <span class='ocrx_word' id='word_1_59' title='bbox 563 990 777 1060; x_wconf 86' lang='lat' dir='ltr'><strong>quidem</strong></span> <span class='ocrx_word' id='word_1_60' title='bbox 805 989 952 1044; x_wconf 79' lang='lat' dir='ltr'><strong>illam</strong></span> <span class='ocrx_word' id='word_1_61' title='bbox 975 988 1103 1045; x_wconf 87' lang='lat' dir='ltr'><strong>dare</strong></span> <span class='ocrx_word' id='word_1_62' title='bbox 1122 989 1189 1044; x_wconf 91' lang='lat' dir='ltr'><strong>ab</strong></span> <span class='ocrx_word' id='word_1_63' title='bbox 1215 987 1389 1054; x_wconf 91' lang='lat' dir='ltr'><strong>initio,</strong></span> <span class='ocrx_word' id='word_1_64' title='bbox 1411 986 1504 1042; x_wconf 89' lang='lat' dir='ltr'><strong>sed</strong></span> <span class='ocrx_word' id='word_1_65' title='bbox 1535 986 1785 1056; x_wconf 89' lang='lat' dir='ltr'><strong>quoniam</strong></span> <span class='ocrx_word' id='word_1_66' title='bbox 1820 984 1906 1038; x_wconf 88' lang='lat' dir='ltr'><strong>illa</strong></span> 
     </span>
    </p>
   </div>
   <div class='ocr_carea' id='block_1_10' title="bbox 330 1081 1908 1153">
    <p class='ocr_par' dir='ltr' id='par_1_10' title="bbox 330 1081 1908 1153">
     <span class='ocr_line' id='line_1_10' title="bbox 330 1081 1908 1153; baseline -0.003 -17"><span class='ocrx_word' id='word_1_67' title='bbox 330 1099 419 1138; x_wconf 86' lang='lat' dir='ltr'><strong>nos</strong></span> <span class='ocrx_word' id='word_1_68' title='bbox 449 1083 788 1142; x_wconf 85' lang='lat' dir='ltr'><strong>reddidimus</strong></span> <span class='ocrx_word' id='word_1_69' title='bbox 811 1081 1080 1153; x_wconf 87' lang='lat' dir='ltr'><strong>indignos,</strong></span> <span class='ocrx_word' id='word_1_70' title='bbox 1100 1081 1306 1136; x_wconf 86' lang='lat' dir='ltr'><strong>distulit</strong></span> <span class='ocrx_word' id='word_1_71' title='bbox 1335 1097 1348 1132; x_wconf 88' lang='lat'><strong>:</strong></span> <span class='ocrx_word' id='word_1_72' title='bbox 1378 1089 1432 1136; x_wconf 90' lang='lat' dir='ltr'><strong>et</strong></span> <span class='ocrx_word' id='word_1_73' title='bbox 1453 1095 1520 1135; x_wconf 89' lang='lat' dir='ltr'><strong>eo</strong></span> <span class='ocrx_word' id='word_1_74' title='bbox 1539 1089 1781 1148; x_wconf 89' lang='lat' dir='ltr'><strong>tempore</strong></span> <span class='ocrx_word' id='word_1_75' title='bbox 1801 1092 1908 1147; x_wconf 93' lang='lat' dir='ltr'><strong>quo</strong></span> 
     </span>
    </p>
   </div>
   <div class='ocr_carea' id='block_1_11' title="bbox 327 1168 1904 1240">
    <p class='ocr_par' dir='ltr' id='par_1_11' title="bbox 327 1168 1904 1240">
     <span class='ocr_line' id='line_1_11' title="bbox 327 1168 1904 1240; baseline -0.003 -12"><span class='ocrx_word' id='word_1_76' title='bbox 327 1177 546 1240; x_wconf 81' lang='lat' dir='ltr'><strong>distulit,</strong></span> <span class='ocrx_word' id='word_1_77' title='bbox 573 1191 680 1230; x_wconf 92' lang='lat' dir='ltr'><strong>non</strong></span> <span class='ocrx_word' id='word_1_78' title='bbox 714 1189 814 1230; x_wconf 92' lang='lat' dir='ltr'><strong>nos</strong></span> <span class='ocrx_word' id='word_1_79' title='bbox 852 1173 981 1228; x_wconf 88' lang='lat' dir='ltr'><strong>sinit</strong></span> <span class='ocrx_word' id='word_1_80' title='bbox 1005 1173 1107 1228; x_wconf 90' lang='lat' dir='ltr'><strong>frtti</strong></span> <span class='ocrx_word' id='word_1_81' title='bbox 1140 1171 1425 1235; x_wconf 88' lang='lat' dir='ltr'><strong>immodice</strong></span> <span class='ocrx_word' id='word_1_82' title='bbox 1454 1189 1466 1225; x_wconf 91' lang='lat'><strong>:</strong></span> <span class='ocrx_word' id='word_1_83' title='bbox 1498 1170 1604 1224; x_wconf 86' lang='lat' dir='ltr'><strong>vini</strong></span> <span class='ocrx_word' id='word_1_84' title='bbox 1633 1169 1773 1225; x_wconf 92' lang='lat' dir='ltr'><strong>enim</strong></span> <span class='ocrx_word' id='word_1_85' title='bbox 1807 1168 1904 1224; x_wconf 86' lang='lat' dir='ltr'><strong>Ite-</strong></span> 
     </span>
    </p>
   </div>
   <div class='ocr_carea' id='block_1_12' title="bbox 327 1261 1904 1335">
    <p class='ocr_par' dir='ltr' id='par_1_12' title="bbox 327 1261 1904 1335">
     <span class='ocr_line' id='line_1_12' title="bbox 327 1261 1904 1335; baseline -0.004 -15"><span class='ocrx_word' id='word_1_86' title='bbox 327 1268 461 1320; x_wconf 88' lang='lat' dir='ltr'><strong>mina</strong></span> <span class='ocrx_word' id='word_1_87' title='bbox 496 1274 550 1320; x_wconf 91' lang='lat' dir='ltr'><strong>et</strong></span> <span class='ocrx_word' id='word_1_88' title='bbox 576 1279 716 1320; x_wconf 89' lang='lat' dir='ltr'><strong>unus</strong></span> <span class='ocrx_word' id='word_1_89' title='bbox 741 1265 894 1335; x_wconf 88' lang='lat' dir='ltr'><strong>panis</strong></span> <span class='ocrx_word' id='word_1_90' title='bbox 923 1262 1198 1319; x_wconf 88' lang='lat' dir='ltr'><strong>sufﬁciunt</strong></span> <span class='ocrx_word' id='word_1_91' title='bbox 1222 1262 1288 1316; x_wconf 88' lang='lat' dir='ltr'><strong>ad</strong></span> <span class='ocrx_word' id='word_1_92' title='bbox 1313 1261 1638 1332; x_wconf 89' lang='lat' dir='ltr'><strong>implendum</strong></span> <span class='ocrx_word' id='word_1_93' title='bbox 1664 1270 1904 1315; x_wconf 81' lang='lat' dir='ltr'><strong>ventrem</strong></span> 
     </span>
    </p>
   </div>
   <div class='ocr_carea' id='block_1_13' title="bbox 327 1352 1903 1430">
    <p class='ocr_par' dir='ltr' id='par_1_13' title="bbox 327 1352 1903 1430">
     <span class='ocr_line' id='line_1_13' title="bbox 327 1352 1903 1430; baseline -0.005 -18"><span class='ocrx_word' id='word_1_94' title='bbox 327 1359 572 1418; x_wconf 82' lang='lat' dir='ltr'><strong>hominis.</strong></span> <span class='ocrx_word' id='word_1_95' title='bbox 608 1357 676 1411; x_wconf 86' lang='lat' dir='ltr'><strong>Et</strong></span> <span class='ocrx_word' id='word_1_96' title='bbox 709 1372 852 1424; x_wconf 91' lang='lat' dir='ltr'><strong>eum,</strong></span> <span class='ocrx_word' id='word_1_97' title='bbox 883 1357 971 1430; x_wconf 90' lang='lat' dir='ltr'><strong>qui</strong></span> <span class='ocrx_word' id='word_1_98' title='bbox 1018 1357 1071 1410; x_wconf 93' lang='lat' dir='ltr'><strong>in</strong></span> <span class='ocrx_word' id='word_1_99' title='bbox 1097 1356 1271 1412; x_wconf 90' lang='lat' dir='ltr'><strong>omnia</strong></span> <span class='ocrx_word' id='word_1_100' title='bbox 1305 1355 1458 1409; x_wconf 88' lang='lat' dir='ltr'><strong>bruta</strong></span> <span class='ocrx_word' id='word_1_101' title='bbox 1502 1353 1708 1408; x_wconf 92' lang='lat' dir='ltr'><strong>obtinet</strong></span> <span class='ocrx_word' id='word_1_102' title='bbox 1728 1352 1903 1408; x_wconf 87' lang='lat' dir='ltr'><strong>domi-</strong></span> 
     </span>
    </p>
   </div>
   <div class='ocr_carea' id='block_1_14' title="bbox 325 1445 1904 1518">
    <p class='ocr_par' dir='ltr' id='par_1_14' title="bbox 325 1445 1904 1518">
     <span class='ocr_line' id='line_1_14' title="bbox 325 1445 1904 1518; baseline -0.002 -17"><span class='ocrx_word' id='word_1_103' title='bbox 325 1461 499 1502; x_wconf 89' lang='lat' dir='ltr'><strong>natum</strong></span> <span class='ocrx_word' id='word_1_104' title='bbox 529 1492 543 1513; x_wconf 89' lang='lat'><strong>,</strong></span> <span class='ocrx_word' id='word_1_105' title='bbox 579 1448 708 1503; x_wconf 90' lang='lat' dir='ltr'><strong>fecit</strong></span> <span class='ocrx_word' id='word_1_106' title='bbox 741 1447 1076 1518; x_wconf 82' lang='lat' dir='ltr'><strong>paucioribus</strong></span> <span class='ocrx_word' id='word_1_107' title='bbox 1107 1446 1348 1517; x_wconf 84' lang='lat' dir='ltr'><strong>indigere</strong></span> <span class='ocrx_word' id='word_1_108' title='bbox 1376 1461 1533 1515; x_wconf 89' lang='lat' dir='ltr'><strong>quam</strong></span> <span class='ocrx_word' id='word_1_109' title='bbox 1570 1445 1654 1504; x_wconf 88' lang='lat' dir='ltr'><strong>illa</strong></span> <span class='ocrx_word' id='word_1_110' title='bbox 1677 1487 1692 1512; x_wconf 89' lang='lat'><strong>,</strong></span> <span class='ocrx_word' id='word_1_111' title='bbox 1727 1445 1904 1498; x_wconf 88' lang='lat' dir='ltr'><strong>habita</strong></span> 
     </span>
    </p>
   </div>
   <div class='ocr_carea' id='block_1_15' title="bbox 324 1537 1905 1609">
    <p class='ocr_par' dir='ltr' id='par_1_15' title="bbox 324 1537 1905 1609">
     <span class='ocr_line' id='line_1_15' title="bbox 324 1537 1905 1609; baseline -0.001 -16"><span class='ocrx_word' id='word_1_112' title='bbox 324 1542 689 1609; x_wconf 84' lang='lat' dir='ltr'><strong>proportione,</strong></span> <span class='ocrx_word' id='word_1_113' title='bbox 740 1548 792 1594; x_wconf 91' lang='lat' dir='ltr'><strong>et</strong></span> <span class='ocrx_word' id='word_1_114' title='bbox 823 1553 1019 1608; x_wconf 91' lang='lat' dir='ltr'><strong>corpus</strong></span> <span class='ocrx_word' id='word_1_115' title='bbox 1044 1537 1228 1604; x_wconf 85' lang='lat' dir='ltr'><strong>breve,</strong></span> <span class='ocrx_word' id='word_1_116' title='bbox 1273 1537 1405 1592; x_wconf 89' lang='lat' dir='ltr'><strong>nihil</strong></span> <span class='ocrx_word' id='word_1_117' title='bbox 1432 1537 1572 1594; x_wconf 87' lang='lat' dir='ltr'><strong>aliud</strong></span> <span class='ocrx_word' id='word_1_118' title='bbox 1600 1537 1905 1607; x_wconf 81' lang='lat' dir='ltr'><strong>significans</strong></span> 
     </span>
    </p>
   </div>
   <div class='ocr_carea' id='block_1_16' title="bbox 321 1627 1899 1700">
    <p class='ocr_par' dir='ltr' id='par_1_16' title="bbox 321 1627 1899 1700">
     <span class='ocr_line' id='line_1_16' title="bbox 321 1627 1899 1700; baseline -0.003 -16"><span class='ocrx_word' id='word_1_119' title='bbox 321 1648 474 1699; x_wconf 88' lang='lat' dir='ltr'><strong>quam</strong></span> <span class='ocrx_word' id='word_1_120' title='bbox 501 1630 643 1700; x_wconf 91' lang='lat' dir='ltr'><strong>quod</strong></span> <span class='ocrx_word' id='word_1_121' title='bbox 677 1630 742 1684; x_wconf 90' lang='lat' dir='ltr'><strong>ad</strong></span> <span class='ocrx_word' id='word_1_122' title='bbox 773 1629 934 1683; x_wconf 90' lang='lat' dir='ltr'><strong>aliam</strong></span> <span class='ocrx_word' id='word_1_123' title='bbox 964 1628 1127 1683; x_wconf 89' lang='lat' dir='ltr'><strong>vitam</strong></span> <span class='ocrx_word' id='word_1_124' title='bbox 1160 1640 1530 1698; x_wconf 85' lang='lat' dir='ltr'><strong>properamus.</strong></span> <span class='ocrx_word' id='word_1_125' title='bbox 1562 1627 1772 1691; x_wconf 82' lang='lat' dir='ltr'><strong>Nolite,</strong></span> <span class='ocrx_word' id='word_1_126' title='bbox 1821 1627 1899 1680; x_wconf 89' lang='lat' dir='ltr'><strong>in-</strong></span> 
     </span>
    </p>
   </div>
   <div class='ocr_carea' id='block_1_17' title="bbox 321 1719 1906 1795">
    <p class='ocr_par' dir='ltr' id='par_1_17' title="bbox 321 1719 1906 1795">
     <span class='ocr_line' id='line_1_17' title="bbox 321 1719 1906 1795; baseline -0.001 -20"><span class='ocrx_word' id='word_1_127' title='bbox 321 1725 450 1795; x_wconf 89' lang='lat' dir='ltr'><strong>quit,</strong></span> <span class='ocrx_word' id='word_1_128' title='bbox 481 1724 725 1777; x_wconf 83' lang='lat' dir='ltr'><strong>inebriari</strong></span> <span class='ocrx_word' id='word_1_129' title='bbox 753 1723 886 1783; x_wconf 82' lang='lat' dir='ltr'><strong>vino,</strong></span> <span class='ocrx_word' id='word_1_130' title='bbox 912 1722 965 1774; x_wconf 89' lang='lat' dir='ltr'><strong>in</strong></span> <span class='ocrx_word' id='word_1_131' title='bbox 997 1737 1094 1791; x_wconf 92' lang='lat' dir='ltr'><strong>quo</strong></span> <span class='ocrx_word' id='word_1_132' title='bbox 1119 1731 1190 1774; x_wconf 90' lang='lat' dir='ltr'><strong>est</strong></span> <span class='ocrx_word' id='word_1_133' title='bbox 1209 1721 1432 1774; x_wconf 69' lang='lat' dir='ltr'><strong>luxuria.</strong></span> <span class='ocrx_word' id='word_1_134' title='bbox 1456 1719 1572 1774; x_wconf 85' lang='lat' dir='ltr'><strong>Non</strong></span> <span class='ocrx_word' id='word_1_135' title='bbox 1607 1721 1748 1774; x_wconf 92' lang='lat' dir='ltr'><strong>enim</strong></span> <span class='ocrx_word' id='word_1_136' title='bbox 1776 1733 1906 1773; x_wconf 87' lang='lat' dir='ltr'><strong>con-</strong></span> 
     </span>
    </p>
   </div>
   <div class='ocr_carea' id='block_1_18' title="bbox 320 1810 1906 1884">
    <p class='ocr_par' dir='ltr' id='par_1_18' title="bbox 320 1810 1906 1884">
     <span class='ocr_line' id='line_1_18' title="bbox 320 1810 1906 1884; baseline -0.003 -17"><span class='ocrx_word' id='word_1_137' title='bbox 320 1823 517 1878; x_wconf 83' lang='lat' dir='ltr'><strong>servat,</strong></span> <span class='ocrx_word' id='word_1_138' title='bbox 538 1813 632 1868; x_wconf 87' lang='lat' dir='ltr'><strong>sed</strong></span> <span class='ocrx_word' id='word_1_139' title='bbox 662 1812 852 1884; x_wconf 88' lang='lat' dir='ltr'><strong>perdit,</strong></span> <span class='ocrx_word' id='word_1_140' title='bbox 887 1827 992 1866; x_wconf 94' lang='lat' dir='ltr'><strong>non</strong></span> <span class='ocrx_word' id='word_1_141' title='bbox 1024 1812 1196 1866; x_wconf 90' lang='lat' dir='ltr'><strong>solum</strong></span> <span class='ocrx_word' id='word_1_142' title='bbox 1223 1827 1438 1880; x_wconf 91' lang='lat' dir='ltr'><strong>corpus,</strong></span> <span class='ocrx_word' id='word_1_143' title='bbox 1473 1810 1566 1865; x_wconf 89' lang='lat' dir='ltr'><strong>sed</strong></span> <span class='ocrx_word' id='word_1_144' title='bbox 1595 1811 1753 1865; x_wconf 91' lang='lat' dir='ltr'><strong>etiam</strong></span> <span class='ocrx_word' id='word_1_145' title='bbox 1789 1810 1906 1864; x_wconf 86' lang='lat' dir='ltr'><strong>aui-</strong></span> 
     </span>
    </p>
   </div>
   <div class='ocr_carea' id='block_1_19' title="bbox 324 1901 1903 1975">
    <p class='ocr_par' dir='ltr' id='par_1_19' title="bbox 324 1901 1903 1975">
     <span class='ocr_line' id='line_1_19' title="bbox 324 1901 1903 1975; baseline -0.003 -16"><span class='ocrx_word' id='word_1_146' title='bbox 324 1920 489 1960; x_wconf 80' lang='lat' dir='ltr'><strong>mam.</strong></span> <span class='ocrx_word' id='word_1_147' title='bbox 523 1904 630 1960; x_wconf 84' lang='lat' dir='ltr'><strong>Sed</strong></span> <span class='ocrx_word' id='word_1_148' title='bbox 661 1903 934 1975; x_wconf 81' lang='lat' dir='ltr'><strong>implemini</strong></span> <span class='ocrx_word' id='word_1_149' title='bbox 966 1901 1186 1971; x_wconf 77' lang='lat' dir='ltr'><strong>Spiritu,</strong></span> <span class='ocrx_word' id='word_1_150' title='bbox 1221 1901 1305 1957; x_wconf 89' lang='grc'><strong>19.</strong></span> <span class='ocrx_word' id='word_1_151' title='bbox 1339 1902 1595 1970; x_wconf 77' lang='lat' dir='ltr'><strong>loquentes</strong></span> <span class='ocrx_word' id='word_1_152' title='bbox 1639 1901 1903 1955; x_wconf 80' lang='lat' dir='ltr'><strong>vobismet-</strong></span> 
     </span>
    </p>
   </div>
   <div class='ocr_carea' id='block_1_20' title="bbox 329 1991 1904 2062">
    <p class='ocr_par' dir='ltr' id='par_1_20' title="bbox 329 1991 1904 2062">
     <span class='ocr_line' id='line_1_20' title="bbox 329 1991 1904 2062; baseline 0.001 -17"><span class='ocrx_word' id='word_1_153' title='bbox 329 1994 529 2062; x_wconf 84' lang='lat' dir='ltr'><strong>ipsisin</strong></span> <span class='ocrx_word' id='word_1_154' title='bbox 569 1995 772 2061; x_wconf 83' lang='lat' dir='ltr'><strong>psalmis</strong></span> <span class='ocrx_word' id='word_1_155' title='bbox 799 2003 844 2046; x_wconf 86' lang='lat' dir='ltr'><strong>et</strong></span> <span class='ocrx_word' id='word_1_156' title='bbox 871 1992 1085 2050; x_wconf 87' lang='lat' dir='ltr'><strong>canticis</strong></span> <span class='ocrx_word' id='word_1_157' title='bbox 1109 1991 1492 2062; x_wconf 84' lang='lat' dir='ltr'><strong>spiritualibus,</strong></span> <span class='ocrx_word' id='word_1_158' title='bbox 1541 1992 1808 2060; x_wconf 84' lang='lat' dir='ltr'><strong>psallentes</strong></span> <span class='ocrx_word' id='word_1_159' title='bbox 1856 2003 1904 2046; x_wconf 87' lang='lat' dir='ltr'><strong>et</strong></span> 
     </span>
    </p>
   </div>
   <div class='ocr_carea' id='block_1_21' title="bbox 321 2081 1903 2155">
    <p class='ocr_par' dir='ltr' id='par_1_21' title="bbox 321 2081 1903 2155">
     <span class='ocr_line' id='line_1_21' title="bbox 321 2081 1903 2155; baseline -0.001 -19"><span class='ocrx_word' id='word_1_160' title='bbox 321 2093 575 2138; x_wconf 73' lang='lat' dir='ltr'><strong>cantantes</strong></span> <span class='ocrx_word' id='word_1_161' title='bbox 597 2084 649 2138; x_wconf 89' lang='lat' dir='ltr'><strong>in</strong></span> <span class='ocrx_word' id='word_1_162' title='bbox 679 2081 912 2138; x_wconf 82' lang='lat' dir='ltr'><strong>cordibus</strong></span> <span class='ocrx_word' id='word_1_163' title='bbox 945 2083 1118 2138; x_wconf 81' lang='lat' dir='ltr'><strong>vestris</strong></span> <span class='ocrx_word' id='word_1_164' title='bbox 1144 2081 1385 2146; x_wconf 87' lang='lat' dir='ltr'><strong>Domino,</strong></span> <span class='ocrx_word' id='word_1_165' title='bbox 1415 2081 1507 2135; x_wconf 76' lang='grc'><strong>20.</strong></span> <span class='ocrx_word' id='word_1_166' title='bbox 1535 2082 1727 2152; x_wconf 88' lang='lat' dir='ltr'><strong>gratias</strong></span> <span class='ocrx_word' id='word_1_167' title='bbox 1749 2098 1903 2155; x_wconf 88' lang='lat' dir='ltr'><strong>agen-</strong></span> 
     </span>
    </p>
   </div>
   <div class='ocr_carea' id='block_1_22' title="bbox 317 2172 1902 2245">
    <p class='ocr_par' dir='ltr' id='par_1_22' title="bbox 317 2172 1902 2245">
     <span class='ocr_line' id='line_1_22' title="bbox 317 2172 1902 2245; baseline 0.002 -21"><span class='ocrx_word' id='word_1_168' title='bbox 317 2185 384 2228; x_wconf 85' lang='lat' dir='ltr'><strong>tes</strong></span> <span class='ocrx_word' id='word_1_169' title='bbox 411 2192 608 2245; x_wconf 75' lang='lat' dir='ltr'><strong>semper</strong></span> <span class='ocrx_word' id='word_1_170' title='bbox 626 2191 719 2243; x_wconf 88' lang='lat' dir='ltr'><strong>pro</strong></span> <span class='ocrx_word' id='word_1_171' title='bbox 757 2176 1009 2240; x_wconf 86' lang='lat' dir='ltr'><strong>omnibus,</strong></span> <span class='ocrx_word' id='word_1_172' title='bbox 1050 2175 1103 2227; x_wconf 91' lang='lat' dir='ltr'><strong>in</strong></span> <span class='ocrx_word' id='word_1_173' title='bbox 1125 2173 1328 2230; x_wconf 79' lang='lat' dir='ltr'><strong>nomine</strong></span> <span class='ocrx_word' id='word_1_174' title='bbox 1364 2172 1568 2228; x_wconf 88' lang='lat' dir='ltr'><strong>Domini</strong></span> <span class='ocrx_word' id='word_1_175' title='bbox 1594 2174 1754 2227; x_wconf 84' lang='lat' dir='ltr'><strong>nostri</strong></span> <span class='ocrx_word' id='word_1_176' title='bbox 1777 2172 1902 2228; x_wconf 82' lang='lat' dir='ltr'><strong>Jesu</strong></span> 
     </span>
    </p>
   </div>
   <div class='ocr_carea' id='block_1_23' title="bbox 317 2265 1903 2336">
    <p class='ocr_par' dir='ltr' id='par_1_23' title="bbox 317 2265 1903 2336">
     <span class='ocr_line' id='line_1_23' title="bbox 317 2265 1903 2336; baseline 0.003 -16"><span class='ocrx_word' id='word_1_177' title='bbox 317 2268 528 2334; x_wconf 76' lang='lat' dir='ltr'><strong>Christi,</strong></span> <span class='ocrx_word' id='word_1_178' title='bbox 561 2266 670 2324; x_wconf 87' lang='lat' dir='ltr'><strong>Deo</strong></span> <span class='ocrx_word' id='word_1_179' title='bbox 697 2276 742 2321; x_wconf 92' lang='lat' dir='ltr'><strong>ct</strong></span> <span class='ocrx_word' id='word_1_180' title='bbox 775 2265 919 2324; x_wconf 87' lang='lat' dir='ltr'><strong>Patri</strong></span> <span class='ocrx_word' id='word_1_181' title='bbox 945 2283 962 2320; x_wconf 91' lang='lat'><em>:</em></span> <span class='ocrx_word' id='word_1_182' title='bbox 989 2265 1078 2322; x_wconf 76' lang='grc'><strong>21.</strong></span> <span class='ocrx_word' id='word_1_183' title='bbox 1135 2266 1346 2336; x_wconf 86' lang='lat' dir='ltr'><strong>subjecti</strong></span> <span class='ocrx_word' id='word_1_184' title='bbox 1387 2265 1598 2322; x_wconf 82' lang='lat' dir='ltr'><strong>invicem</strong></span> <span class='ocrx_word' id='word_1_185' title='bbox 1643 2266 1695 2320; x_wconf 86' lang='lat' dir='ltr'><strong>in</strong></span> <span class='ocrx_word' id='word_1_186' title='bbox 1725 2267 1903 2324; x_wconf 74' lang='lat' dir='ltr'><strong>timore</strong></span> 
     </span>
    </p>
   </div>
   <div class='ocr_carea' id='block_1_24' title="bbox 316 2356 1900 2428">
    <p class='ocr_par' dir='ltr' id='par_1_24' title="bbox 316 2356 1900 2428">
     <span class='ocr_line' id='line_1_24' title="bbox 316 2356 1900 2428; baseline 0.002 -20"><span class='ocrx_word' id='word_1_187' title='bbox 316 2358 516 2412; x_wconf 77' lang='lat' dir='ltr'><strong>Christi.</strong></span> <span class='ocrx_word' id='word_1_188' title='bbox 573 2357 669 2416; x_wconf 77' lang='lat' dir='ltr'><strong>Vis</strong></span> <span class='ocrx_word' id='word_1_189' title='bbox 692 2399 708 2423; x_wconf 91' lang='lat'><strong>,</strong></span> <span class='ocrx_word' id='word_1_190' title='bbox 743 2359 948 2428; x_wconf 90' lang='lat' dir='ltr'><strong>inquit,</strong></span> <span class='ocrx_word' id='word_1_191' title='bbox 995 2357 1210 2414; x_wconf 71' lang='lat' dir='ltr'><strong>laetari?</strong></span> <span class='ocrx_word' id='word_1_192' title='bbox 1254 2357 1335 2410; x_wconf 92' lang='lat' dir='ltr'><strong>vis</strong></span> <span class='ocrx_word' id='word_1_193' title='bbox 1363 2356 1504 2411; x_wconf 91' lang='lat' dir='ltr'><strong>diem</strong></span> <span class='ocrx_word' id='word_1_194' title='bbox 1536 2357 1900 2412; x_wconf 83' lang='lat' dir='ltr'><strong>consumere?</strong></span> 
     </span>
    </p>
   </div>
   <div class='ocr_carea' id='block_1_25' title="bbox 318 2447 1899 2518">
    <p class='ocr_par' dir='ltr' id='par_1_25' title="bbox 318 2447 1899 2518">
     <span class='ocr_line' id='line_1_25' title="bbox 318 2447 1899 2518; baseline 0.001 -16"><span class='ocrx_word' id='word_1_195' title='bbox 318 2449 420 2518; x_wconf 79' lang='lat' dir='ltr'><strong>Ego</strong></span> <span class='ocrx_word' id='word_1_196' title='bbox 446 2448 517 2502; x_wconf 88' lang='lat' dir='ltr'><strong>do</strong></span> <span class='ocrx_word' id='word_1_197' title='bbox 550 2448 645 2503; x_wconf 89' lang='lat' dir='ltr'><strong>tibi</strong></span> <span class='ocrx_word' id='word_1_198' title='bbox 686 2458 870 2518; x_wconf 88' lang='lat' dir='ltr'><strong>potum</strong></span> <span class='ocrx_word' id='word_1_199' title='bbox 901 2449 1236 2517; x_wconf 91' lang='lat' dir='ltr'><strong>spiritualem</strong></span> <span class='ocrx_word' id='word_1_200' title='bbox 1281 2463 1295 2501; x_wconf 87' lang='lat'><strong>:</strong></span> <span class='ocrx_word' id='word_1_201' title='bbox 1327 2447 1562 2503; x_wconf 80' lang='lat' dir='ltr'><strong>ebrietas</strong></span> <span class='ocrx_word' id='word_1_202' title='bbox 1593 2449 1734 2502; x_wconf 90' lang='lat' dir='ltr'><strong>enim</strong></span> <span class='ocrx_word' id='word_1_203' title='bbox 1764 2448 1899 2506; x_wconf 86' lang='lat' dir='ltr'><strong>bene</strong></span> 
     </span>
    </p>
   </div>
   <div class='ocr_carea' id='block_1_26' title="bbox 314 2537 1900 2608">
    <p class='ocr_par' dir='ltr' id='par_1_26' title="bbox 314 2537 1900 2608">
     <span class='ocr_line' id='line_1_26' title="bbox 314 2537 1900 2608; baseline 0.001 -17"><span class='ocrx_word' id='word_1_204' title='bbox 314 2537 702 2607; x_wconf 87' lang='lat' dir='ltr'><strong>signiﬁcantem</strong></span> <span class='ocrx_word' id='word_1_205' title='bbox 731 2539 926 2608; x_wconf 76' lang='lat' dir='ltr'><strong>lingua:</strong></span> <span class='ocrx_word' id='word_1_206' title='bbox 944 2547 1142 2592; x_wconf 79' lang='lat' dir='ltr'><strong>nostrte</strong></span> <span class='ocrx_word' id='word_1_207' title='bbox 1169 2538 1442 2593; x_wconf 82' lang='lat' dir='ltr'><strong>exscindit</strong></span> <span class='ocrx_word' id='word_1_208' title='bbox 1469 2553 1678 2603; x_wconf 91' lang='lat' dir='ltr'><strong>vocem,</strong></span> <span class='ocrx_word' id='word_1_209' title='bbox 1703 2547 1758 2595; x_wconf 90' lang='lat' dir='ltr'><strong>ut</strong></span> <span class='ocrx_word' id='word_1_210' title='bbox 1789 2539 1900 2593; x_wconf 87' lang='lat' dir='ltr'><strong>bal-</strong></span> 
     </span>
    </p>
   </div>
   <div class='ocr_carea' id='block_1_27' title="bbox 316 2626 1896 2698">
    <p class='ocr_par' dir='ltr' id='par_1_27' title="bbox 316 2626 1896 2698">
     <span class='ocr_line' id='line_1_27' title="bbox 316 2626 1896 2698; baseline 0 -18"><span class='ocrx_word' id='word_1_211' title='bbox 316 2626 579 2682; x_wconf 89' lang='lat' dir='ltr'><strong>butiamus</strong></span> <span class='ocrx_word' id='word_1_212' title='bbox 609 2628 876 2692; x_wconf 89' lang='lat' dir='ltr'><strong>efﬁciens,</strong></span> <span class='ocrx_word' id='word_1_213' title='bbox 905 2627 1197 2698; x_wconf 84' lang='lat' dir='ltr'><strong>oculosque</strong></span> <span class='ocrx_word' id='word_1_214' title='bbox 1223 2637 1279 2683; x_wconf 90' lang='lat' dir='ltr'><strong>et</strong></span> <span class='ocrx_word' id='word_1_215' title='bbox 1307 2630 1508 2694; x_wconf 91' lang='lat' dir='ltr'><strong>omnia,</strong></span> <span class='ocrx_word' id='word_1_216' title='bbox 1533 2638 1591 2682; x_wconf 90' lang='lat' dir='ltr'><strong>ut</strong></span> <span class='ocrx_word' id='word_1_217' title='bbox 1629 2630 1792 2684; x_wconf 92' lang='lat' dir='ltr'><strong>semel</strong></span> <span class='ocrx_word' id='word_1_218' title='bbox 1813 2629 1896 2686; x_wconf 51' lang='lat' dir='ltr'><strong>di.-</strong></span> 
     </span>
    </p>
   </div>
   <div class='ocr_carea' id='block_1_28' title="bbox 313 2718 1898 2788">
    <p class='ocr_par' dir='ltr' id='par_1_28' title="bbox 313 2718 1898 2788">
     <span class='ocr_line' id='line_1_28' title="bbox 313 2718 1898 2788; baseline 0.002 -19"><span class='ocrx_word' id='word_1_219' title='bbox 313 2731 452 2782; x_wconf 88' lang='lat' dir='ltr'><strong>eam,</strong></span> <span class='ocrx_word' id='word_1_220' title='bbox 488 2727 830 2788; x_wconf 80' lang='lat' dir='ltr'><strong>pervertens.</strong></span> <span class='ocrx_word' id='word_1_221' title='bbox 883 2718 1043 2773; x_wconf 87' lang='lat' dir='ltr'><strong>Disce</strong></span> <span class='ocrx_word' id='word_1_222' title='bbox 1073 2719 1302 2788; x_wconf 89' lang='lat' dir='ltr'><strong>psallere</strong></span> <span class='ocrx_word' id='word_1_223' title='bbox 1323 2759 1339 2784; x_wconf 95' lang='lat'><strong>,</strong></span> <span class='ocrx_word' id='word_1_224' title='bbox 1371 2728 1426 2773; x_wconf 90' lang='lat' dir='ltr'><strong>et</strong></span> <span class='ocrx_word' id='word_1_225' title='bbox 1463 2718 1670 2774; x_wconf 85' lang='lat' dir='ltr'><strong>videbis</strong></span> <span class='ocrx_word' id='word_1_226' title='bbox 1701 2719 1776 2774; x_wconf 89' lang='lat' dir='ltr'><strong>rei</strong></span> <span class='ocrx_word' id='word_1_227' title='bbox 1806 2735 1898 2774; x_wconf 87' lang='lat' dir='ltr'><strong>vo-</strong></span> 
     </span>
    </p>
   </div>
   <div class='ocr_carea' id='block_1_29' title="bbox 313 2809 1900 2887">
    <p class='ocr_par' dir='ltr' id='par_1_29' title="bbox 313 2809 1900 2887">
     <span class='ocr_line' id='line_1_29' title="bbox 313 2809 1900 2887; baseline 0.005 -27"><span class='ocrx_word' id='word_1_228' title='bbox 313 2809 566 2878; x_wconf 88' lang='lat' dir='ltr'><strong>luptatem</strong></span> <span class='ocrx_word' id='word_1_229' title='bbox 601 2827 614 2861; x_wconf 89' lang='lat'><strong>:</strong></span> <span class='ocrx_word' id='word_1_230' title='bbox 647 2826 767 2871; x_wconf 86' lang='lat' dir='ltr'><strong>nam</strong></span> <span class='ocrx_word' id='word_1_231' title='bbox 796 2811 886 2887; x_wconf 90' lang='lat' dir='ltr'><strong>qui</strong></span> <span class='ocrx_word' id='word_1_232' title='bbox 937 2811 1191 2880; x_wconf 87' lang='lat' dir='ltr'><strong>psallunt,</strong></span> <span class='ocrx_word' id='word_1_233' title='bbox 1225 2811 1517 2879; x_wconf 89' lang='lat' dir='ltr'><strong>implentttr</strong></span> <span class='ocrx_word' id='word_1_234' title='bbox 1547 2811 1746 2881; x_wconf 87' lang='lat' dir='ltr'><strong>Spiritu</strong></span> <span class='ocrx_word' id='word_1_235' title='bbox 1775 2827 1900 2868; x_wconf 87' lang='lat' dir='ltr'><strong>san-</strong></span> 
     </span>
    </p>
   </div>
   <div class='ocr_carea' id='block_1_30' title="bbox 313 2899 1898 2972">
    <p class='ocr_par' dir='ltr' id='par_1_30' title="bbox 313 2899 1898 2972">
     <span class='ocr_line' id='line_1_30' title="bbox 313 2899 1898 2972; baseline 0.003 -21"><span class='ocrx_word' id='word_1_236' title='bbox 313 2908 412 2963; x_wconf 88' lang='lat' dir='ltr'><strong>cto,</strong></span> <span class='ocrx_word' id='word_1_237' title='bbox 442 2899 584 2953; x_wconf 83' lang='lat' dir='ltr'><strong>sicut</strong></span> <span class='ocrx_word' id='word_1_238' title='bbox 610 2900 699 2970; x_wconf 93' lang='lat' dir='ltr'><strong>qui</strong></span> <span class='ocrx_word' id='word_1_239' title='bbox 726 2900 964 2960; x_wconf 88' lang='lat' dir='ltr'><strong>satauica</strong></span> <span class='ocrx_word' id='word_1_240' title='bbox 983 2909 1182 2959; x_wconf 89' lang='lat' dir='ltr'><strong>canunt</strong></span> <span class='ocrx_word' id='word_1_241' title='bbox 1205 2901 1431 2966; x_wconf 87' lang='lat' dir='ltr'><strong>cantica,</strong></span> <span class='ocrx_word' id='word_1_242' title='bbox 1452 2901 1640 2972; x_wconf 81' lang='lat' dir='ltr'><strong>Spiritu</strong></span> <span class='ocrx_word' id='word_1_243' title='bbox 1665 2902 1898 2956; x_wconf 73' lang='lat' dir='ltr'><strong>immun~</strong></span> 
     </span>
    </p>
   </div>
   <div class='ocr_carea' id='block_1_31' title="bbox 314 2989 1894 3060">
    <p class='ocr_par' dir='ltr' id='par_1_31' title="bbox 314 2989 1894 3060">
     <span class='ocr_line' id='line_1_31' title="bbox 314 2989 1894 3060; baseline 0.004 -18"><span class='ocrx_word' id='word_1_244' title='bbox 314 2989 400 3043; x_wconf 92' lang='lat' dir='ltr'><strong>do.</strong></span> <span class='ocrx_word' id='word_1_245' title='bbox 426 2989 568 3057; x_wconf 84' lang='lat' dir='ltr'><strong>Quid</strong></span> <span class='ocrx_word' id='word_1_246' title='bbox 597 3001 682 3045; x_wconf 91' lang='lat' dir='ltr'><strong>est</strong></span> <span class='ocrx_word' id='word_1_247' title='bbox 704 3034 719 3057; x_wconf 90' lang='lat'><strong>,</strong></span> <span class='ocrx_word' id='word_1_248' title='bbox 770 2991 829 3044; x_wconf 87' lang='lat' dir='ltr'><strong>tn</strong></span> <span class='ocrx_word' id='word_1_249' title='bbox 873 2991 1106 3046; x_wconf 81' lang='lat' dir='ltr'><strong>cordibus</strong></span> <span class='ocrx_word' id='word_1_250' title='bbox 1134 2997 1311 3052; x_wconf 79' lang='lat' dir='ltr'><strong>vestris</strong></span> <span class='ocrx_word' id='word_1_251' title='bbox 1361 2991 1622 3054; x_wconf 77' lang='lat' dir='ltr'><strong>Domino?</strong></span> <span class='ocrx_word' id='word_1_252' title='bbox 1651 2992 1762 3048; x_wconf 84' lang='lat' dir='ltr'><strong>lloc</strong></span> <span class='ocrx_word' id='word_1_253' title='bbox 1791 3003 1894 3060; x_wconf 89' lang='lat' dir='ltr'><strong>est,</strong></span> 
     </span>
    </p>
   </div>
   <div class='ocr_carea' id='block_1_32' title="bbox 314 3082 1894 3154">
    <p class='ocr_par' dir='ltr' id='par_1_32' title="bbox 314 3082 1894 3154">
     <span class='ocr_line' id='line_1_32' title="bbox 314 3082 1894 3154; baseline 0.003 -21"><span class='ocrx_word' id='word_1_254' title='bbox 314 3082 585 3149; x_wconf 83' lang='lat' dir='ltr'><strong>sapienter</strong></span> <span class='ocrx_word' id='word_1_255' title='bbox 603 3085 840 3137; x_wconf 90' lang='lat' dir='ltr'><strong>animum</strong></span> <span class='ocrx_word' id='word_1_256' title='bbox 861 3083 1178 3140; x_wconf 87' lang='lat' dir='ltr'><strong>adhibentes</strong></span> <span class='ocrx_word' id='word_1_257' title='bbox 1211 3100 1224 3136; x_wconf 89' lang='lat'>:</span> <span class='ocrx_word' id='word_1_258' title='bbox 1259 3099 1380 3138; x_wconf 90' lang='lat' dir='ltr'><strong>nam</strong></span> <span class='ocrx_word' id='word_1_259' title='bbox 1403 3084 1491 3154; x_wconf 89' lang='lat' dir='ltr'><strong>qui</strong></span> <span class='ocrx_word' id='word_1_260' title='bbox 1521 3085 1756 3140; x_wconf 89' lang='lat' dir='ltr'><strong>animum</strong></span> <span class='ocrx_word' id='word_1_261' title='bbox 1790 3099 1894 3138; x_wconf 90' lang='lat' dir='ltr'><strong>non</strong></span> 
     </span>
    </p>
   </div>
   <div class='ocr_carea' id='block_1_33' title="bbox 313 3172 1894 3248">
    <p class='ocr_par' dir='ltr' id='par_1_33' title="bbox 313 3172 1894 3248">
     <span class='ocr_line' id='line_1_33' title="bbox 313 3172 1894 3248; baseline 0.003 -20"><span class='ocrx_word' id='word_1_262' title='bbox 313 3172 586 3240; x_wconf 85' lang='lat' dir='ltr'><strong>adhibent,</strong></span> <span class='ocrx_word' id='word_1_263' title='bbox 619 3184 821 3231; x_wconf 90' lang='lat' dir='ltr'><strong>temere</strong></span> <span class='ocrx_word' id='word_1_264' title='bbox 846 3184 1045 3237; x_wconf 89' lang='lat' dir='ltr'><strong>canunt</strong></span> <span class='ocrx_word' id='word_1_265' title='bbox 1075 3175 1234 3232; x_wconf 86' lang='lat' dir='ltr'><strong>verba</strong></span> <span class='ocrx_word' id='word_1_266' title='bbox 1265 3175 1563 3248; x_wconf 89' lang='lat' dir='ltr'><strong>loquentes,</strong></span> <span class='ocrx_word' id='word_1_267' title='bbox 1585 3177 1746 3232; x_wconf 90' lang='lat' dir='ltr'><strong>corde</strong></span> <span class='ocrx_word' id='word_1_268' title='bbox 1770 3177 1894 3240; x_wconf 79' lang='lat' dir='ltr'><strong>alibi</strong></span> 
     </span>
    </p>
   </div>
   <div class='ocr_carea' id='block_1_34' title="bbox 316 3265 1898 3339">
    <p class='ocr_par' dir='ltr' id='par_1_34' title="bbox 316 3265 1898 3339">
     <span class='ocr_line' id='line_1_34' title="bbox 316 3265 1898 3339; baseline 0.006 -22"><span class='ocrx_word' id='word_1_269' title='bbox 316 3275 556 3334; x_wconf 69' lang='lat' dir='ltr'><strong>vagante.</strong></span> <span class='ocrx_word' id='word_1_270' title='bbox 607 3265 827 3331; x_wconf 78' lang='lat' dir='ltr'><strong>Gratias,</strong></span> <span class='ocrx_word' id='word_1_271' title='bbox 864 3267 1056 3337; x_wconf 84' lang='lat' dir='ltr'><strong>inquit,</strong></span> <span class='ocrx_word' id='word_1_272' title='bbox 1086 3284 1284 3339; x_wconf 86' lang='lat' dir='ltr'><strong>semper</strong></span> <span class='ocrx_word' id='word_1_273' title='bbox 1318 3277 1517 3339; x_wconf 86' lang='lat' dir='ltr'><strong>agentes</strong></span> <span class='ocrx_word' id='word_1_274' title='bbox 1551 3285 1642 3337; x_wconf 90' lang='lat' dir='ltr'><strong>pro</strong></span> <span class='ocrx_word' id='word_1_275' title='bbox 1668 3269 1898 3327; x_wconf 86' lang='lat' dir='ltr'><strong>omnibus</strong></span> 
     </span>
    </p>
   </div>
   <div class='ocr_carea' id='block_1_35' title="bbox 315 3351 1892 3426">
    <p class='ocr_par' dir='ltr' id='par_1_35' title="bbox 315 3351 1892 3426">
     <span class='ocr_line' id='line_1_35' title="bbox 315 3351 1892 3426; baseline 0.003 -19"><span class='ocrx_word' id='word_1_276' title='bbox 315 3356 365 3408; x_wconf 83' lang='lat' dir='ltr'><strong>in</strong></span> <span class='ocrx_word' id='word_1_277' title='bbox 393 3356 599 3410; x_wconf 87' lang='lat' dir='ltr'><strong>nomine</strong></span> <span class='ocrx_word' id='word_1_278' title='bbox 637 3355 846 3414; x_wconf 85' lang='lat' dir='ltr'><strong>Domini</strong></span> <span class='ocrx_word' id='word_1_279' title='bbox 874 3359 1034 3417; x_wconf 81' lang='lat' dir='ltr'><strong>nostri</strong></span> <span class='ocrx_word' id='word_1_280' title='bbox 1074 3356 1201 3418; x_wconf 81' lang='lat' dir='ltr'><strong>Jesu</strong></span> <span class='ocrx_word' id='word_1_281' title='bbox 1241 3357 1448 3426; x_wconf 81' lang='lat' dir='ltr'><strong>Christi,</strong></span> <span class='ocrx_word' id='word_1_282' title='bbox 1477 3357 1586 3412; x_wconf 88' lang='lat' dir='ltr'><strong>Deo</strong></span> <span class='ocrx_word' id='word_1_283' title='bbox 1630 3369 1679 3413; x_wconf 92' lang='lat' dir='ltr'><strong>et</strong></span> <span class='ocrx_word' id='word_1_284' title='bbox 1724 3351 1892 3426; x_wconf 82' lang='lat' dir='ltr'><strong>Patri,</strong></span> 
     </span>
    </p>
   </div>
   <div class='ocr_carea' id='block_1_36' title="bbox 316 3446 1896 3518">
    <p class='ocr_par' dir='ltr' id='par_1_36' title="bbox 316 3446 1896 3518">
     <span class='ocr_line' id='line_1_36' title="bbox 316 3446 1896 3518; baseline 0.006 -21"><span class='ocrx_word' id='word_1_285' title='bbox 316 3446 525 3513; x_wconf 73' lang='lat' dir='ltr'><strong>subjecti</strong></span> <span class='ocrx_word' id='word_1_286' title='bbox 574 3446 784 3500; x_wconf 78' lang='lat' dir='ltr'><strong>inuicem</strong></span> <span class='ocrx_word' id='word_1_287' title='bbox 821 3447 875 3500; x_wconf 92' lang='lat' dir='ltr'><strong>in</strong></span> <span class='ocrx_word' id='word_1_288' title='bbox 901 3448 1080 3502; x_wconf 86' lang='lat' dir='ltr'><strong>timore</strong></span> <span class='ocrx_word' id='word_1_289' title='bbox 1108 3447 1318 3507; x_wconf 82' lang='lat' dir='ltr'><strong>Christi.</strong></span> <span class='ocrx_word' id='word_1_290' title='bbox 1348 3447 1402 3502; x_wconf 92' lang='lat' dir='ltr'><strong>ld</strong></span> <span class='ocrx_word' id='word_1_291' title='bbox 1447 3457 1565 3516; x_wconf 90' lang='lat' dir='ltr'><strong>est,</strong></span> <span class='ocrx_word' id='word_1_292' title='bbox 1612 3449 1896 3518; x_wconf 89' lang='lat' dir='ltr'><strong>petitiones</strong></span> 
     </span>
    </p>
   </div>
   <div class='ocr_carea' id='block_1_37' title="bbox 316 3537 1892 3608">
    <p class='ocr_par' dir='ltr' id='par_1_37' title="bbox 316 3537 1892 3608">
     <span class='ocr_line' id='line_1_37' title="bbox 316 3537 1892 3608; baseline 0.005 -22"><span class='ocrx_word' id='word_1_293' title='bbox 316 3543 502 3590; x_wconf 74' lang='lat' dir='ltr'><strong>vestra:</strong></span> <span class='ocrx_word' id='word_1_294' title='bbox 520 3551 644 3596; x_wconf 86' lang='lat' dir='ltr'><strong>eum</strong></span> <span class='ocrx_word' id='word_1_295' title='bbox 663 3537 947 3607; x_wconf 81' lang='lat' dir='ltr'><strong>gratiarum</strong></span> <span class='ocrx_word' id='word_1_296' title='bbox 965 3538 1174 3594; x_wconf 91' lang='lat' dir='ltr'><strong>actione</strong></span> <span class='ocrx_word' id='word_1_297' title='bbox 1195 3538 1532 3596; x_wconf 82' lang='lat' dir='ltr'><strong>innotescant</strong></span> <span class='ocrx_word' id='word_1_298' title='bbox 1548 3539 1685 3608; x_wconf 89' lang='lat' dir='ltr'><strong>apud</strong></span> <span class='ocrx_word' id='word_1_299' title='bbox 1707 3539 1892 3594; x_wconf 91' lang='lat' dir='ltr'><strong>Deum:</strong></span> 
     </span>
    </p>
   </div>
   <div class='ocr_carea' id='block_1_38' title="bbox 282 3623 1896 3700">
    <p class='ocr_par' dir='ltr' id='par_1_38' title="bbox 282 3623 1896 3700">
     <span class='ocr_line' id='line_1_38' title="bbox 282 3623 1896 3700; baseline 0.006 -25"><span class='ocrx_word' id='word_1_300' title='bbox 282 3690 287 3694; x_wconf 24' lang='grc' dir='ltr'>ι</span> <span class='ocrx_word' id='word_1_301' title='bbox 318 3623 442 3677; x_wconf 86' lang='lat' dir='ltr'><strong>nihil</strong></span> <span class='ocrx_word' id='word_1_302' title='bbox 468 3627 614 3680; x_wconf 90' lang='lat' dir='ltr'><strong>enim</strong></span> <span class='ocrx_word' id='word_1_303' title='bbox 643 3641 795 3697; x_wconf 75' lang='lat' dir='ltr'><strong>teque</strong></span> <span class='ocrx_word' id='word_1_304' title='bbox 813 3627 976 3682; x_wconf 91' lang='lat' dir='ltr'><strong>Deum</strong></span> <span class='ocrx_word' id='word_1_305' title='bbox 1005 3628 1187 3684; x_wconf 75' lang='lat' dir='ltr'><strong>laztitla</strong></span> <span class='ocrx_word' id='word_1_306' title='bbox 1217 3627 1404 3694; x_wconf 89' lang='lat' dir='ltr'><strong>afﬁcit,</strong></span> <span class='ocrx_word' id='word_1_307' title='bbox 1432 3637 1489 3682; x_wconf 94' lang='lat' dir='ltr'><strong>ut</strong></span> <span class='ocrx_word' id='word_1_308' title='bbox 1516 3629 1730 3700; x_wconf 86' lang='lat' dir='ltr'><strong>quando</strong></span> <span class='ocrx_word' id='word_1_309' title='bbox 1751 3631 1896 3700; x_wconf 90' lang='lat' dir='ltr'><strong>quis-</strong></span> 
     </span>
    </p>
   </div>
   <div class='ocr_carea' id='block_1_39' title="bbox 320 3714 1898 3793">
    <p class='ocr_par' dir='ltr' id='par_1_39' title="bbox 320 3714 1898 3793">
     <span class='ocr_line' id='line_1_39' title="bbox 320 3714 1898 3793; baseline 0.006 -25"><span class='ocrx_word' id='word_1_310' title='bbox 320 3714 452 3782; x_wconf 86' lang='lat' dir='ltr'><strong>piam</strong></span> <span class='ocrx_word' id='word_1_311' title='bbox 516 3727 599 3772; x_wconf 93' lang='lat' dir='ltr'><strong>est</strong></span> <span class='ocrx_word' id='word_1_312' title='bbox 648 3728 854 3787; x_wconf 88' lang='lat' dir='ltr'><strong>gratus.</strong></span> <span class='ocrx_word' id='word_1_313' title='bbox 887 3719 1114 3774; x_wconf 83' lang='lat' dir='ltr'><strong>Maxime</strong></span> <span class='ocrx_word' id='word_1_314' title='bbox 1157 3729 1336 3775; x_wconf 88' lang='lat' dir='ltr'><strong>autem</strong></span> <span class='ocrx_word' id='word_1_315' title='bbox 1389 3735 1672 3791; x_wconf 89' lang='lat' dir='ltr'><strong>possumus</strong></span> <span class='ocrx_word' id='word_1_316' title='bbox 1701 3723 1898 3793; x_wconf 76' lang='lat' dir='ltr'><strong>gratius</strong></span> 
     </span>
    </p>
   </div>
   <div class='ocr_carea' id='block_1_40' title="bbox 318 3807 1896 3884">
    <p class='ocr_par' dir='ltr' id='par_1_40' title="bbox 318 3807 1896 3884">
     <span class='ocr_line' id='line_1_40' title="bbox 318 3807 1896 3884; baseline 0.007 -25"><span class='ocrx_word' id='word_1_317' title='bbox 318 3821 494 3875; x_wconf 83' lang='lat' dir='ltr'><strong>agere,</strong></span> <span class='ocrx_word' id='word_1_318' title='bbox 522 3807 852 3864; x_wconf 87' lang='lat' dir='ltr'><strong>abducentes</strong></span> <span class='ocrx_word' id='word_1_319' title='bbox 879 3812 1116 3866; x_wconf 90' lang='lat' dir='ltr'><strong>animum</strong></span> <span class='ocrx_word' id='word_1_320' title='bbox 1146 3822 1386 3867; x_wconf 89' lang='lat' dir='ltr'><strong>nostrum</strong></span> <span class='ocrx_word' id='word_1_321' title='bbox 1415 3813 1481 3867; x_wconf 84' lang='lat' dir='ltr'><strong>ab</strong></span> <span class='ocrx_word' id='word_1_322' title='bbox 1508 3813 1572 3867; x_wconf 90' lang='lat' dir='ltr'><strong>iis</strong></span> <span class='ocrx_word' id='word_1_323' title='bbox 1598 3829 1717 3884; x_wconf 74' lang='lat' dir='ltr'><strong>qua:</strong></span> <span class='ocrx_word' id='word_1_324' title='bbox 1748 3815 1896 3884; x_wconf 88' lang='lat' dir='ltr'><strong>prius</strong></span> 
     </span>
    </p>
   </div>
   <div class='ocr_carea' id='block_1_41' title="bbox 318 3898 1897 3976">
    <p class='ocr_par' dir='ltr' id='par_1_41' title="bbox 318 3898 1897 3976">
     <span class='ocr_line' id='line_1_41' title="bbox 318 3898 1897 3976; baseline 0.006 -24"><span class='ocrx_word' id='word_1_325' title='bbox 318 3898 452 3953; x_wconf 86' lang='lat' dir='ltr'><strong>dicta</strong></span> <span class='ocrx_word' id='word_1_326' title='bbox 506 3911 655 3969; x_wconf 90' lang='lat' dir='ltr'><strong>sunt,</strong></span> <span class='ocrx_word' id='word_1_327' title='bbox 710 3910 767 3956; x_wconf 90' lang='lat' dir='ltr'><strong>et</strong></span> <span class='ocrx_word' id='word_1_328' title='bbox 809 3917 931 3958; x_wconf 94' lang='lat' dir='ltr'><strong>eum</strong></span> <span class='ocrx_word' id='word_1_329' title='bbox 962 3914 1320 3975; x_wconf 79' lang='lat' dir='ltr'><strong>expurgantes</strong></span> <span class='ocrx_word' id='word_1_330' title='bbox 1367 3905 1431 3959; x_wconf 90' lang='lat' dir='ltr'><strong>iis</strong></span> <span class='ocrx_word' id='word_1_331' title='bbox 1457 3920 1575 3976; x_wconf 73' lang='lat' dir='ltr'><strong>qua:</strong></span> <span class='ocrx_word' id='word_1_332' title='bbox 1603 3905 1755 3962; x_wconf 80' lang='lat' dir='ltr'><strong>dixit.</strong></span> <span class='ocrx_word' id='word_1_333' title='bbox 1789 3907 1897 3962; x_wconf 83' lang='lat' dir='ltr'><strong>Sed</strong></span> 
     </span>
    </p>
   </div>
   <div class='ocr_carea' id='block_1_42' title="bbox 319 3993 1897 4072">
    <p class='ocr_par' dir='ltr' id='par_1_42' title="bbox 319 3993 1897 4072">
     <span class='ocr_line' id='line_1_42' title="bbox 319 3993 1897 4072; baseline 0.008 -29"><span class='ocrx_word' id='word_1_334' title='bbox 319 3993 620 4061; x_wconf 81' lang='lat' dir='ltr'><strong>implemini,</strong></span> <span class='ocrx_word' id='word_1_335' title='bbox 652 3994 843 4065; x_wconf 85' lang='lat' dir='ltr'><strong>inquit,</strong></span> <span class='ocrx_word' id='word_1_336' title='bbox 873 3995 1093 4067; x_wconf 87' lang='lat' dir='ltr'><strong>Spiritu.</strong></span> <span class='ocrx_word' id='word_1_337' title='bbox 1121 3997 1284 4060; x_wconf 88' lang='lat' dir='ltr'><strong>Estne</strong></span> <span class='ocrx_word' id='word_1_338' title='bbox 1311 3996 1410 4056; x_wconf 88' lang='lat' dir='ltr'><strong>hoc</strong></span> <span class='ocrx_word' id='word_1_339' title='bbox 1437 3998 1488 4052; x_wconf 91' lang='lat' dir='ltr'><strong>in</strong></span> <span class='ocrx_word' id='word_1_340' title='bbox 1516 4007 1696 4053; x_wconf 87' lang='lat' dir='ltr'><strong>nostra</strong></span> <span class='ocrx_word' id='word_1_341' title='bbox 1743 4009 1897 4072; x_wconf 91' lang='lat' dir='ltr'><strong>pote-</strong></span> 
     </span>
    </p>
   </div>
   <div class='ocr_carea' id='block_1_43' title="bbox 321 4084 1898 4162">
    <p class='ocr_par' dir='ltr' id='par_1_43' title="bbox 321 4084 1898 4162">
     <span class='ocr_line' id='line_1_43' title="bbox 321 4084 1898 4162; baseline 0.008 -27"><span class='ocrx_word' id='word_1_342' title='bbox 321 4085 499 4138; x_wconf 84' lang='lat' dir='ltr'><strong>state?</strong></span> <span class='ocrx_word' id='word_1_343' title='bbox 527 4084 624 4140; x_wconf 82' lang='lat' dir='ltr'><strong>Est</strong></span> <span class='ocrx_word' id='word_1_344' title='bbox 651 4097 820 4142; x_wconf 90' lang='lat' dir='ltr'><strong>certe.</strong></span> <span class='ocrx_word' id='word_1_345' title='bbox 867 4086 1096 4161; x_wconf 81' lang='lat' dir='ltr'><strong>Quando</strong></span> <span class='ocrx_word' id='word_1_346' title='bbox 1125 4088 1267 4144; x_wconf 88' lang='lat' dir='ltr'><strong>enim</strong></span> <span class='ocrx_word' id='word_1_347' title='bbox 1296 4088 1654 4156; x_wconf 88' lang='lat' dir='ltr'><strong>mendacium,</strong></span> <span class='ocrx_word' id='word_1_348' title='bbox 1685 4091 1898 4162; x_wconf 90' lang='lat' dir='ltr'><strong>quando</strong></span> 
     </span>
    </p>
   </div>
   <div class='ocr_carea' id='block_1_44' title="bbox 319 4175 1896 4251">
    <p class='ocr_par' dir='ltr' id='par_1_44' title="bbox 319 4175 1896 4251">
     <span class='ocr_line' id='line_1_44' title="bbox 319 4175 1896 4251; baseline 0.005 -22"><span class='ocrx_word' id='word_1_349' title='bbox 319 4175 663 4231; x_wconf 82' lang='lat' dir='ltr'><strong>acerbitatem</strong></span> <span class='ocrx_word' id='word_1_350' title='bbox 693 4187 746 4232; x_wconf 87' lang='lat' dir='ltr'><strong>et</strong></span> <span class='ocrx_word' id='word_1_351' title='bbox 778 4179 1183 4234; x_wconf 88' lang='lat' dir='ltr'><strong>amarulentiam</strong></span> <span class='ocrx_word' id='word_1_352' title='bbox 1206 4221 1222 4246; x_wconf 91' lang='lat'><strong>,</strong></span> <span class='ocrx_word' id='word_1_353' title='bbox 1250 4180 1465 4250; x_wconf 88' lang='lat' dir='ltr'><strong>quando</strong></span> <span class='ocrx_word' id='word_1_354' title='bbox 1494 4181 1896 4251; x_wconf 89' lang='lat' dir='ltr'><strong>scortatiouem,</strong></span> 
     </span>
    </p>
   </div>
   <div class='ocr_carea' id='block_1_45' title="bbox 321 4267 1900 4342">
    <p class='ocr_par' dir='ltr' id='par_1_45' title="bbox 321 4267 1900 4342">
     <span class='ocr_line' id='line_1_45' title="bbox 321 4267 1900 4342; baseline 0.007 -23"><span class='ocrx_word' id='word_1_355' title='bbox 321 4267 541 4334; x_wconf 83' lang='lat' dir='ltr'><strong>quando</strong></span> <span class='ocrx_word' id='word_1_356' title='bbox 563 4269 973 4337; x_wconf 90' lang='lat' dir='ltr'><strong>immunditiam,</strong></span> <span class='ocrx_word' id='word_1_357' title='bbox 996 4271 1211 4342; x_wconf 89' lang='lat' dir='ltr'><strong>quando</strong></span> <span class='ocrx_word' id='word_1_358' title='bbox 1239 4272 1515 4328; x_wconf 82' lang='lat' dir='ltr'><strong>avaritiam</strong></span> <span class='ocrx_word' id='word_1_359' title='bbox 1535 4289 1565 4329; x_wconf 90' lang='lat' dir='ltr'><strong>a</strong></span> <span class='ocrx_word' id='word_1_360' title='bbox 1583 4283 1762 4334; x_wconf 86' lang='lat' dir='ltr'><strong>nostra</strong></span> <span class='ocrx_word' id='word_1_361' title='bbox 1785 4277 1900 4330; x_wconf 86' lang='lat' dir='ltr'><strong>ani-</strong></span> 
     </span>
    </p>
   </div>
   <div class='ocr_carea' id='block_1_46' title="bbox 322 4359 1903 4434">
    <p class='ocr_par' dir='ltr' id='par_1_46' title="bbox 322 4359 1903 4434">
     <span class='ocr_line' id='line_1_46' title="bbox 322 4359 1903 4434; baseline 0.008 -24"><span class='ocrx_word' id='word_1_362' title='bbox 322 4373 401 4411; x_wconf 87' lang='lat' dir='ltr'><strong>tua</strong></span> <span class='ocrx_word' id='word_1_363' title='bbox 439 4359 805 4430; x_wconf 76' lang='lat' dir='ltr'><strong>abegerimus,</strong></span> <span class='ocrx_word' id='word_1_364' title='bbox 829 4362 1041 4430; x_wconf 91' lang='lat' dir='ltr'><strong>quando</strong></span> <span class='ocrx_word' id='word_1_365' title='bbox 1069 4363 1328 4419; x_wconf 79' lang='lat' dir='ltr'><strong>fuerimus</strong></span> <span class='ocrx_word' id='word_1_366' title='bbox 1349 4363 1581 4434; x_wconf 82' lang='lat' dir='ltr'><strong>benigni,</strong></span> <span class='ocrx_word' id='word_1_367' title='bbox 1601 4365 1903 4422; x_wconf 81' lang='lat' dir='ltr'><strong>misericor-</strong></span> 
     </span>
    </p>
   </div>
   <div class='ocr_carea' id='block_1_47' title="bbox 322 4449 1903 4527">
    <p class='ocr_par' dir='ltr' id='par_1_47' title="bbox 322 4449 1903 4527">
     <span class='ocr_line' id='line_1_47' title="bbox 322 4449 1903 4527; baseline 0.007 -24"><span class='ocrx_word' id='word_1_368' title='bbox 322 4449 436 4514; x_wconf 77' lang='lat' dir='ltr'><strong>des,</strong></span> <span class='ocrx_word' id='word_1_369' title='bbox 491 4452 637 4506; x_wconf 90' lang='lat' dir='ltr'><strong>nobis</strong></span> <span class='ocrx_word' id='word_1_370' title='bbox 683 4453 813 4527; x_wconf 90' lang='lat' dir='ltr'><strong>ipsis</strong></span> <span class='ocrx_word' id='word_1_371' title='bbox 841 4453 1224 4524; x_wconf 86' lang='lat' dir='ltr'><strong>gratiﬁcantes,</strong></span> <span class='ocrx_word' id='word_1_372' title='bbox 1257 4455 1470 4526; x_wconf 90' lang='lat' dir='ltr'><strong>quando</strong></span> <span class='ocrx_word' id='word_1_373' title='bbox 1519 4471 1622 4512; x_wconf 91' lang='lat' dir='ltr'><strong>non</strong></span> <span class='ocrx_word' id='word_1_374' title='bbox 1674 4458 1903 4514; x_wconf 85' lang='lat' dir='ltr'><strong>adfuerit</strong></span> 
     </span>
    </p>
   </div>
   <div class='ocr_carea' id='block_1_48' title="bbox 323 4542 1901 4618">
    <p class='ocr_par' dir='ltr' id='par_1_48' title="bbox 323 4542 1901 4618">
     <span class='ocr_line' id='line_1_48' title="bbox 323 4542 1901 4618; baseline 0.006 -25"><span class='ocrx_word' id='word_1_375' title='bbox 323 4542 640 4608; x_wconf 83' lang='lat' dir='ltr'><strong>scurrilitas,</strong></span> <span class='ocrx_word' id='word_1_376' title='bbox 669 4544 885 4616; x_wconf 89' lang='lat' dir='ltr'><strong>quando</strong></span> <span class='ocrx_word' id='word_1_377' title='bbox 927 4558 1026 4601; x_wconf 87' lang='lat' dir='ltr'><strong>nos</strong></span> <span class='ocrx_word' id='word_1_378' title='bbox 1053 4545 1452 4608; x_wconf 86' lang='lat' dir='ltr'><strong>reddiderimus</strong></span> <span class='ocrx_word' id='word_1_379' title='bbox 1495 4546 1720 4618; x_wconf 86' lang='lat' dir='ltr'><strong>dignos,</strong></span> <span class='ocrx_word' id='word_1_380' title='bbox 1776 4548 1901 4618; x_wconf 92' lang='lat' dir='ltr'><strong>quid</strong></span> 
     </span>
    </p>
   </div>
   <div class='ocr_carea' id='block_1_49' title="bbox 326 4634 1908 4709">
    <p class='ocr_par' dir='ltr' id='par_1_49' title="bbox 326 4634 1908 4709">
     <span class='ocr_line' id='line_1_49' title="bbox 326 4634 1908 4709; baseline 0.006 -23"><span class='ocrx_word' id='word_1_381' title='bbox 326 4641 407 4686; x_wconf 84' lang='lat' dir='ltr'><strong>est</strong></span> <span class='ocrx_word' id='word_1_382' title='bbox 446 4634 584 4701; x_wconf 88' lang='lat' dir='ltr'><strong>quod</strong></span> <span class='ocrx_word' id='word_1_383' title='bbox 613 4635 898 4704; x_wconf 87' lang='lat' dir='ltr'><strong>prohibeat</strong></span> <span class='ocrx_word' id='word_1_384' title='bbox 936 4651 1004 4692; x_wconf 91' lang='lat' dir='ltr'><strong>ne</strong></span> <span class='ocrx_word' id='word_1_385' title='bbox 1036 4637 1258 4693; x_wconf 89' lang='lat' dir='ltr'><strong>accedat</strong></span> <span class='ocrx_word' id='word_1_386' title='bbox 1306 4645 1363 4693; x_wconf 91' lang='lat' dir='ltr'><strong>et</strong></span> <span class='ocrx_word' id='word_1_387' title='bbox 1412 4637 1625 4695; x_wconf 86' lang='lat' dir='ltr'><strong>advolet</strong></span> <span class='ocrx_word' id='word_1_388' title='bbox 1671 4637 1908 4709; x_wconf 89' lang='lat' dir='ltr'><strong>Spiritus</strong></span> 
     </span>
    </p>
   </div>
   <div class='ocr_carea' id='block_1_50' title="bbox 328 4724 1907 4804">
    <p class='ocr_par' dir='ltr' id='par_1_50' title="bbox 328 4724 1907 4804">
     <span class='ocr_line' id='line_1_50' title="bbox 328 4724 1907 4804; baseline 0.004 -25"><span class='ocrx_word' id='word_1_389' title='bbox 328 4725 580 4779; x_wconf 83' lang='lat' dir='ltr'><strong>sanctus?</strong></span> <span class='ocrx_word' id='word_1_390' title='bbox 607 4724 794 4804; x_wconf 83' lang='lat' dir='ltr'><strong>Neque</strong></span> <span class='ocrx_word' id='word_1_391' title='bbox 826 4727 1001 4784; x_wconf 91' lang='lat' dir='ltr'><strong>solum</strong></span> <span class='ocrx_word' id='word_1_392' title='bbox 1049 4727 1289 4796; x_wconf 88' lang='lat' dir='ltr'><strong>accedet,</strong></span> <span class='ocrx_word' id='word_1_393' title='bbox 1321 4729 1417 4785; x_wconf 87' lang='lat' dir='ltr'><strong>sed</strong></span> <span class='ocrx_word' id='word_1_394' title='bbox 1459 4730 1618 4784; x_wconf 91' lang='lat' dir='ltr'><strong>etiam</strong></span> <span class='ocrx_word' id='word_1_395' title='bbox 1667 4729 1907 4801; x_wconf 86' lang='lat' dir='ltr'><strong>implebit</strong></span> 
     </span>
    </p>
   </div>
   <div class='ocr_carea' id='block_1_51' title="bbox 329 4817 1903 4889">
    <p class='ocr_par' dir='ltr' id='par_1_51' title="bbox 329 4817 1903 4889">
     <span class='ocr_line' id='line_1_51' title="bbox 329 4817 1903 4889; baseline 0.005 -22"><span class='ocrx_word' id='word_1_396' title='bbox 329 4827 418 4869; x_wconf 76' lang='lat' dir='ltr'><strong>eor</strong></span> <span class='ocrx_word' id='word_1_397' title='bbox 463 4825 716 4870; x_wconf 84' lang='lat' dir='ltr'><strong>nostrum.</strong></span> <span class='ocrx_word' id='word_1_398' title='bbox 750 4817 887 4872; x_wconf 87' lang='lat' dir='ltr'><strong>Dum</strong></span> <span class='ocrx_word' id='word_1_399' title='bbox 935 4827 1019 4874; x_wconf 89' lang='lat' dir='ltr'><strong>est</strong></span> <span class='ocrx_word' id='word_1_400' title='bbox 1045 4827 1225 4875; x_wconf 88' lang='lat' dir='ltr'><strong>autem</strong></span> <span class='ocrx_word' id='word_1_401' title='bbox 1256 4819 1581 4876; x_wconf 87' lang='lat' dir='ltr'><strong>intrinsecus</strong></span> <span class='ocrx_word' id='word_1_402' title='bbox 1615 4821 1706 4875; x_wconf 81' lang='lat' dir='ltr'><strong>lux</strong></span> <span class='ocrx_word' id='word_1_403' title='bbox 1737 4829 1903 4889; x_wconf 86' lang='lat' dir='ltr'><strong>tanta,</strong></span> 
     </span>
    </p>
   </div>
   <div class='ocr_carea' id='block_1_52' title="bbox 332 4905 1907 4983">
    <p class='ocr_par' dir='ltr' id='par_1_52' title="bbox 332 4905 1907 4983">
     <span class='ocr_line' id='line_1_52' title="bbox 332 4905 1907 4983; baseline 0.007 -26"><span class='ocrx_word' id='word_1_404' title='bbox 332 4917 436 4959; x_wconf 87' lang='lat' dir='ltr'><strong>non</strong></span> <span class='ocrx_word' id='word_1_405' title='bbox 483 4905 574 4961; x_wconf 89' lang='lat' dir='ltr'><strong>erit</strong></span> <span class='ocrx_word' id='word_1_406' title='bbox 592 4909 658 4964; x_wconf 91' lang='lat' dir='ltr'><strong>de</strong></span> <span class='ocrx_word' id='word_1_407' title='bbox 684 4917 884 4965; x_wconf 66' lang='lat' dir='ltr'><strong>esetero</strong></span> <span class='ocrx_word' id='word_1_408' title='bbox 907 4908 1125 4966; x_wconf 89' lang='lat' dir='ltr'><strong>difﬁcile</strong></span> <span class='ocrx_word' id='word_1_409' title='bbox 1139 4925 1199 4966; x_wconf 89' lang='lat' dir='ltr'><strong>se</strong></span> <span class='ocrx_word' id='word_1_410' title='bbox 1217 4925 1283 4968; x_wconf 80' lang='lat' dir='ltr'><strong>ex</strong></span> <span class='ocrx_word' id='word_1_411' title='bbox 1306 4911 1501 4967; x_wconf 87' lang='lat' dir='ltr'><strong>virtute</strong></span> <span class='ocrx_word' id='word_1_412' title='bbox 1516 4921 1660 4967; x_wconf 92' lang='lat' dir='ltr'><strong>recte</strong></span> <span class='ocrx_word' id='word_1_413' title='bbox 1687 4927 1875 4983; x_wconf 86' lang='lat' dir='ltr'><strong>gerere</strong></span> <span class='ocrx_word' id='word_1_414' title='bbox 1891 4953 1907 4980; x_wconf 93' lang='lat'><strong>,</strong></span> 
     </span>
    </p>
   </div>
   <div class='ocr_carea' id='block_1_53' title="bbox 336 4996 1909 5076">
    <p class='ocr_par' dir='ltr' id='par_1_53' title="bbox 336 4996 1909 5076">
     <span class='ocr_line' id='line_1_53' title="bbox 336 4996 1909 5076; baseline 0.007 -27"><span class='ocrx_word' id='word_1_415' title='bbox 336 4997 429 5050; x_wconf 82' lang='lat' dir='ltr'><strong>sed</strong></span> <span class='ocrx_word' id='word_1_416' title='bbox 463 4996 606 5054; x_wconf 85' lang='lat' dir='ltr'><strong>facile</strong></span> <span class='ocrx_word' id='word_1_417' title='bbox 646 5010 702 5056; x_wconf 89' lang='lat' dir='ltr'><strong>et</strong></span> <span class='ocrx_word' id='word_1_418' title='bbox 745 5001 1081 5073; x_wconf 77' lang='lat' dir='ltr'><strong>expeditum.</strong></span> <span class='ocrx_word' id='word_1_419' title='bbox 1103 5001 1329 5071; x_wconf 78' lang='lat' dir='ltr'><strong>Gratias,</strong></span> <span class='ocrx_word' id='word_1_420' title='bbox 1362 5004 1555 5075; x_wconf 86' lang='lat' dir='ltr'><strong>inquit,</strong></span> <span class='ocrx_word' id='word_1_421' title='bbox 1585 5015 1789 5076; x_wconf 87' lang='lat' dir='ltr'><strong>agentes</strong></span> <span class='ocrx_word' id='word_1_422' title='bbox 1816 5021 1909 5076; x_wconf 88' lang='lat' dir='ltr'><strong>pro</strong></span> 
     </span>
    </p>
   </div>
   <div class='ocr_carea' id='block_1_54' title="bbox 345 5090 1909 5167">
    <p class='ocr_par' dir='ltr' id='par_1_54' title="bbox 345 5090 1909 5167">
     <span class='ocr_line' id='line_1_54' title="bbox 345 5090 1909 5167; baseline 0.008 -28"><span class='ocrx_word' id='word_1_423' title='bbox 345 5090 574 5146; x_wconf 75' lang='lat' dir='ltr'><strong>omnibus.</strong></span> <span class='ocrx_word' id='word_1_424' title='bbox 605 5092 748 5167; x_wconf 84' lang='lat' dir='ltr'><strong>Quid</strong></span> <span class='ocrx_word' id='word_1_425' title='bbox 804 5093 974 5165; x_wconf 77' lang='lat' dir='ltr'><strong>ergo?</strong></span> <span class='ocrx_word' id='word_1_426' title='bbox 1021 5110 1118 5165; x_wconf 89' lang='lat' dir='ltr'><strong>pro</strong></span> <span class='ocrx_word' id='word_1_427' title='bbox 1145 5096 1417 5162; x_wconf 88' lang='lat' dir='ltr'><strong>omnibus,</strong></span> <span class='ocrx_word' id='word_1_428' title='bbox 1469 5112 1591 5166; x_wconf 72' lang='lat' dir='ltr'><strong>qua:</strong></span> <span class='ocrx_word' id='word_1_429' title='bbox 1642 5097 1909 5166; x_wconf 87' lang='lat' dir='ltr'><strong>accidunt,</strong></span> 
     </span>
    </p>
   </div>
   <div class='ocr_carea' id='block_1_55' title="bbox 349 5185 1910 5257">
    <p class='ocr_par' dir='ltr' id='par_1_55' title="bbox 349 5185 1910 5257">
     <span class='ocr_line' id='line_1_55' title="bbox 349 5185 1910 5257; baseline 0.008 -25"><span class='ocrx_word' id='word_1_430' title='bbox 349 5191 546 5254; x_wconf 70' lang='lat' dir='ltr'><strong>oportet</strong></span> <span class='ocrx_word' id='word_1_431' title='bbox 584 5185 784 5253; x_wconf 82' lang='lat' dir='ltr'><strong>gratias</strong></span> <span class='ocrx_word' id='word_1_432' title='bbox 821 5186 1029 5257; x_wconf 82' lang='lat' dir='ltr'><strong>agere?</strong></span> <span class='ocrx_word' id='word_1_433' title='bbox 1083 5186 1242 5247; x_wconf 87' lang='lat' dir='ltr'><strong>Certe</strong></span> <span class='ocrx_word' id='word_1_434' title='bbox 1273 5203 1289 5241; x_wconf 88' lang='lat'><strong>:</strong></span> <span class='ocrx_word' id='word_1_435' title='bbox 1321 5188 1527 5248; x_wconf 90' lang='lat' dir='ltr'><strong>etiamsi</strong></span> <span class='ocrx_word' id='word_1_436' title='bbox 1572 5189 1642 5244; x_wconf 88' lang='lat' dir='ltr'><strong>sit</strong></span> <span class='ocrx_word' id='word_1_437' title='bbox 1672 5188 1910 5257; x_wconf 86' lang='lat' dir='ltr'><strong>morbus,</strong></span> 
     </span>
    </p>
   </div>
   <div class='ocr_carea' id='block_1_56' title="bbox 354 5270 1911 5350">
    <p class='ocr_par' dir='ltr' id='par_1_56' title="bbox 354 5270 1911 5350">
     <span class='ocr_line' id='line_1_56' title="bbox 354 5270 1911 5350; baseline 0.013 -33"><span class='ocrx_word' id='word_1_438' title='bbox 354 5270 542 5327; x_wconf 81' lang='lat' dir='ltr'><strong>rtiamsi</strong></span> <span class='ocrx_word' id='word_1_439' title='bbox 571 5285 877 5346; x_wconf 77' lang='lat' dir='ltr'><strong>paupertas.</strong></span> <span class='ocrx_word' id='word_1_440' title='bbox 924 5275 981 5333; x_wconf 89' lang='lat' dir='ltr'><strong>Si</strong></span> <span class='ocrx_word' id='word_1_441' title='bbox 1011 5278 1155 5337; x_wconf 91' lang='lat' dir='ltr'><strong>enim</strong></span> <span class='ocrx_word' id='word_1_442' title='bbox 1185 5277 1239 5333; x_wconf 88' lang='lat' dir='ltr'><strong>itt</strong></span> <span class='ocrx_word' id='word_1_443' title='bbox 1267 5277 1449 5334; x_wconf 74' lang='lat' dir='ltr'><strong>Veteri</strong></span> <span class='ocrx_word' id='word_1_444' title='bbox 1477 5279 1737 5336; x_wconf 86' lang='lat' dir='ltr'><strong>suadebat</strong></span> <span class='ocrx_word' id='word_1_445' title='bbox 1761 5281 1911 5350; x_wconf 86' lang='lat' dir='ltr'><strong>quis-</strong></span> 
     </span>
    </p>
   </div>
   <div class='ocr_carea' id='block_1_57' title="bbox 350 5359 1912 5440">
    <p class='ocr_par' dir='ltr' id='par_1_57' title="bbox 350 5359 1912 5440">
     <span class='ocr_line' id='line_1_57' title="bbox 350 5359 1912 5440; baseline 0.006 -30"><span class='ocrx_word' id='word_1_446' title='bbox 350 5359 482 5427; x_wconf 87' lang='lat' dir='ltr'><strong>piam</strong></span> <span class='ocrx_word' id='word_1_447' title='bbox 506 5363 722 5436; x_wconf 83' lang='lat' dir='ltr'><strong>Sapiens</strong></span> <span class='ocrx_word' id='word_1_448' title='bbox 746 5367 933 5422; x_wconf 88' lang='lat' dir='ltr'><strong>dicens</strong></span> <span class='ocrx_word' id='word_1_449' title='bbox 951 5383 972 5422; x_wconf 83' lang='lat'><strong>.°</strong></span> <span class='ocrx_word' id='word_1_450' title='bbox 1001 5367 1162 5422; x_wconf 86' lang='lat' dir='ltr'><strong>Omne</strong></span> <span class='ocrx_word' id='word_1_451' title='bbox 1187 5368 1324 5439; x_wconf 84' lang='lat' dir='ltr'><strong>quod</strong></span> <span class='ocrx_word' id='word_1_452' title='bbox 1350 5368 1437 5422; x_wconf 91' lang='lat' dir='ltr'><strong>tibi</strong></span> <span class='ocrx_word' id='word_1_453' title='bbox 1453 5369 1712 5424; x_wconf 87' lang='lat' dir='ltr'><strong>inductum</strong></span> <span class='ocrx_word' id='word_1_454' title='bbox 1741 5373 1912 5440; x_wconf 71' lang='lat' dir='ltr'><strong>fuerit,</strong></span> 
     </span>
    </p>
   </div>
   <div class='ocr_carea' id='block_1_58' title="bbox 351 5450 1919 5526">
    <p class='ocr_par' dir='ltr' id='par_1_58' title="bbox 351 5450 1919 5526">
     <span class='ocr_line' id='line_1_58' title="bbox 351 5450 1919 5526; baseline 0.007 -24"><span class='ocrx_word' id='word_1_455' title='bbox 351 5450 562 5508; x_wconf 77' lang='lat' dir='ltr'><strong>lubenter</strong></span> <span class='ocrx_word' id='word_1_456' title='bbox 597 5457 773 5526; x_wconf 86' lang='lat' dir='ltr'><strong>accipe</strong></span> <span class='ocrx_word' id='word_1_457' title='bbox 803 5473 822 5510; x_wconf 92' lang='lat'><strong><em>:</em></strong></span> <span class='ocrx_word' id='word_1_458' title='bbox 849 5465 895 5510; x_wconf 89' lang='lat' dir='ltr'><strong>ct</strong></span> <span class='ocrx_word' id='word_1_459' title='bbox 923 5457 977 5511; x_wconf 90' lang='lat' dir='ltr'><strong>in</strong></span> <span class='ocrx_word' id='word_1_460' title='bbox 1006 5458 1364 5512; x_wconf 85' lang='lat' dir='ltr'><strong>mutationibus</strong></span> <span class='ocrx_word' id='word_1_461' title='bbox 1407 5459 1770 5513; x_wconf 82' lang='lat' dir='ltr'><strong>ltutniliationis</strong></span> <span class='ocrx_word' id='word_1_462' title='bbox 1817 5469 1919 5513; x_wconf 81' lang='lat' dir='ltr'><strong>tua:</strong></span> 
     </span>
    </p>
   </div>
   <div class='ocr_carea' id='block_1_59' title="bbox 349 5547 1920 5622">
    <p class='ocr_par' dir='ltr' id='par_1_59' title="bbox 349 5547 1920 5622">
     <span class='ocr_line' id='line_1_59' title="bbox 349 5547 1920 5622; baseline 0.008 -28"><span class='ocrx_word' id='word_1_463' title='bbox 349 5547 759 5620; x_wconf 74' lang='lat' dir='ltr'><strong>estolonganimis</strong></span> <span class='ocrx_word' id='word_1_464' title='bbox 777 5548 1110 5622; x_wconf 66' lang='lat' dir='ltr'><strong>(Eccli.2.b);</strong></span> <span class='ocrx_word' id='word_1_465' title='bbox 1125 5551 1296 5606; x_wconf 91' lang='lat' dir='ltr'><strong>multo</strong></span> <span class='ocrx_word' id='word_1_466' title='bbox 1318 5554 1486 5622; x_wconf 87' lang='lat' dir='ltr'><strong>magis</strong></span> <span class='ocrx_word' id='word_1_467' title='bbox 1510 5552 1560 5605; x_wconf 93' lang='lat' dir='ltr'><strong>id</strong></span> <span class='ocrx_word' id='word_1_468' title='bbox 1579 5552 1689 5607; x_wconf 86' lang='lat' dir='ltr'><strong>ﬁeri</strong></span> <span class='ocrx_word' id='word_1_469' title='bbox 1709 5562 1920 5622; x_wconf 84' lang='lat' dir='ltr'><strong>oportet</strong></span> 
     </span>
    </p>
   </div>
   <div class='ocr_carea' id='block_1_60' title="bbox 352 5633 1919 5719">
    <p class='ocr_par' dir='ltr' id='par_1_60' title="bbox 352 5633 1919 5719">
     <span class='ocr_line' id='line_1_60' title="bbox 352 5633 1919 5719; baseline 0.01 -34"><span class='ocrx_word' id='word_1_470' title='bbox 352 5634 406 5694; x_wconf 81' lang='lat' dir='ltr'><strong>in</strong></span> <span class='ocrx_word' id='word_1_471' title='bbox 423 5633 577 5704; x_wconf 72' lang='lat' dir='ltr'><strong>Novo,</strong></span> <span class='ocrx_word' id='word_1_472' title='bbox 606 5641 715 5695; x_wconf 82' lang='lat' dir='ltr'><strong>Etsi</strong></span> <span class='ocrx_word' id='word_1_473' title='bbox 746 5655 878 5719; x_wconf 81' lang='lat' dir='ltr'><strong>ergo</strong></span> <span class='ocrx_word' id='word_1_474' title='bbox 901 5641 1166 5704; x_wconf 87' lang='lat' dir='ltr'><strong>rationem</strong></span> <span class='ocrx_word' id='word_1_475' title='bbox 1189 5643 1416 5710; x_wconf 86' lang='lat' dir='ltr'><strong>nescias,</strong></span> <span class='ocrx_word' id='word_1_476' title='bbox 1447 5657 1542 5719; x_wconf 79' lang='lat' dir='ltr'><strong>age</strong></span> <span class='ocrx_word' id='word_1_477' title='bbox 1562 5643 1755 5712; x_wconf 79' lang='lat' dir='ltr'><strong>gratias</strong></span> <span class='ocrx_word' id='word_1_478' title='bbox 1783 5641 1919 5701; x_wconf 84' lang='lat' dir='ltr'><strong>:ltuc</strong></span> 
     </span>
    </p>
   </div>
   <div class='ocr_carea' id='block_1_61' title="bbox 1211 223 2673 288">
    <p class='ocr_par' dir='ltr' id='par_1_61' title="bbox 1211 223 2673 288">
     <span class='ocr_line' id='line_1_61' title="bbox 1211 223 2673 288; baseline 0.004 -8"><span class='ocrx_word' id='word_1_479' title='bbox 1211 225 1275 280; x_wconf 79' lang='grc' dir='ltr'><strong>ΙΝ</strong></span> <span class='ocrx_word' id='word_1_480' title='bbox 1317 225 1526 282; x_wconf 69' lang='grc' dir='ltr'>Εριδτ.</span> <span class='ocrx_word' id='word_1_481' title='bbox 1566 225 1652 278; x_wconf 79' lang='lat' dir='ltr'><strong>AD</strong></span> <span class='ocrx_word' id='word_1_482' title='bbox 1692 223 1928 279; x_wconf 78' lang='lat' dir='ltr'><strong>El’llES.</strong></span> <span class='ocrx_word' id='word_1_483' title='bbox 1970 223 2120 280; x_wconf 57' lang='lat' dir='ltr'><strong>CAP.</strong></span> <span class='ocrx_word' id='word_1_484' title='bbox 2156 227 2218 283; x_wconf 73' lang='grc' dir='ltr'><strong>ν.</strong></span> <span class='ocrx_word' id='word_1_485' title='bbox 2263 229 2489 286; x_wconf 60' lang='grc'><strong>1101111..</strong></span> <span class='ocrx_word' id='word_1_486' title='bbox 2534 231 2673 288; x_wconf 77' lang='lat' dir='ltr'><strong>XIX.</strong></span> 
     </span>
    </p>
   </div>
   <div class='ocr_carea' id='block_1_62' title="bbox 3496 245 3600 300">
    <p class='ocr_par' dir='ltr' id='par_1_62' title="bbox 3496 245 3600 300">
     <span class='ocr_line' id='line_1_62' title="bbox 3496 245 3600 300; baseline -0.038 0"><span class='ocrx_word' id='word_1_487' title='bbox 3496 245 3600 300; x_wconf 63' lang='lat'><strong>130</strong></span> 
     </span>
    </p>
   </div>
   <div class='ocr_carea' id='block_1_63' title="bbox 2019 343 3598 421">
    <p class='ocr_par' dir='ltr' id='par_1_63' title="bbox 2019 343 3598 421">
     <span class='ocr_line' id='line_1_63' title="bbox 2019 343 3598 421; baseline 0.013 -25"><span class='ocrx_word' id='word_1_488' title='bbox 2019 343 2162 396; x_wconf 90' lang='lat' dir='ltr'><strong>cnim</strong></span> <span class='ocrx_word' id='word_1_489' title='bbox 2188 355 2269 398; x_wconf 80' lang='lat' dir='ltr'><strong>est</strong></span> <span class='ocrx_word' id='word_1_490' title='bbox 2298 361 2483 400; x_wconf 82' lang='lat' dir='ltr'><strong>revera</strong></span> <span class='ocrx_word' id='word_1_491' title='bbox 2511 349 2804 412; x_wconf 79' lang='lat' dir='ltr'><strong>gratiarum</strong></span> <span class='ocrx_word' id='word_1_492' title='bbox 2831 352 2992 406; x_wconf 80' lang='lat' dir='ltr'><strong>actio.</strong></span> <span class='ocrx_word' id='word_1_493' title='bbox 3023 352 3115 408; x_wconf 90' lang='lat' dir='ltr'><strong>Sin</strong></span> <span class='ocrx_word' id='word_1_494' title='bbox 3158 363 3337 413; x_wconf 88' lang='lat' dir='ltr'><strong>autem</strong></span> <span class='ocrx_word' id='word_1_495' title='bbox 3363 373 3483 414; x_wconf 85' lang='lat' dir='ltr'><strong>cum</strong></span> <span class='ocrx_word' id='word_1_496' title='bbox 3523 366 3598 421; x_wconf 74' lang='lat' dir='ltr'><strong>sis</strong></span> 
     </span>
    </p>
   </div>
   <div class='ocr_carea' id='block_1_64' title="bbox 2016 433 3600 522">
    <p class='ocr_par' dir='ltr' id='par_1_64' title="bbox 2016 433 3600 522">
     <span class='ocr_line' id='line_1_64' title="bbox 2016 433 3600 522; baseline 0.013 -36"><span class='ocrx_word' id='word_1_497' title='bbox 2016 433 2293 489; x_wconf 80' lang='lat' dir='ltr'><strong>beneﬁciis</strong></span> <span class='ocrx_word' id='word_1_498' title='bbox 2322 436 2546 491; x_wconf 81' lang='lat' dir='ltr'><strong>allectus</strong></span> <span class='ocrx_word' id='word_1_499' title='bbox 2567 480 2580 500; x_wconf 89' lang='lat'><strong>,</strong></span> <span class='ocrx_word' id='word_1_500' title='bbox 2620 440 3011 513; x_wconf 81' lang='lat' dir='ltr'><strong>opulentusque</strong></span> <span class='ocrx_word' id='word_1_501' title='bbox 3036 454 3088 498; x_wconf 88' lang='lat' dir='ltr'><strong>et</strong></span> <span class='ocrx_word' id='word_1_502' title='bbox 3117 446 3374 518; x_wconf 87' lang='lat' dir='ltr'><strong>locuples,</strong></span> <span class='ocrx_word' id='word_1_503' title='bbox 3406 467 3600 522; x_wconf 85' lang='lat' dir='ltr'><strong>resque</strong></span> 
     </span>
    </p>
   </div>
   <div class='ocr_carea' id='block_1_65' title="bbox 2019 526 3595 612">
    <p class='ocr_par' dir='ltr' id='par_1_65' title="bbox 2019 526 3595 612">
     <span class='ocr_line' id='line_1_65' title="bbox 2019 526 3595 612; baseline 0.015 -35"><span class='ocrx_word' id='word_1_504' title='bbox 2019 532 2134 578; x_wconf 91' lang='lat' dir='ltr'><strong>tuas</strong></span> <span class='ocrx_word' id='word_1_505' title='bbox 2164 526 2298 580; x_wconf 90' lang='lat' dir='ltr'><strong>bene</strong></span> <span class='ocrx_word' id='word_1_506' title='bbox 2327 543 2482 596; x_wconf 83' lang='lat' dir='ltr'><strong>geras</strong></span> <span class='ocrx_word' id='word_1_507' title='bbox 2502 569 2517 594; x_wconf 89' lang='lat'><strong>,</strong></span> <span class='ocrx_word' id='word_1_508' title='bbox 2548 541 2600 582; x_wconf 89' lang='lat' dir='ltr'><strong>et</strong></span> <span class='ocrx_word' id='word_1_509' title='bbox 2641 532 2818 586; x_wconf 88' lang='lat' dir='ltr'><strong>omnia</strong></span> <span class='ocrx_word' id='word_1_510' title='bbox 2853 534 2946 588; x_wconf 87' lang='lat' dir='ltr'><strong>tibi</strong></span> <span class='ocrx_word' id='word_1_511' title='bbox 2997 551 3256 606; x_wconf 82' lang='lat' dir='ltr'><strong>prospere</strong></span> <span class='ocrx_word' id='word_1_512' title='bbox 3284 543 3595 612; x_wconf 85' lang='lat' dir='ltr'><strong>succedant,</strong></span> 
     </span>
    </p>
   </div>
   <div class='ocr_carea' id='block_1_66' title="bbox 2015 619 3590 692">
    <p class='ocr_par' dir='ltr' id='par_1_66' title="bbox 2015 619 3590 692">
     <span class='ocr_line' id='line_1_66' title="bbox 2015 619 3590 692; baseline 0.014 -23"><span class='ocrx_word' id='word_1_513' title='bbox 2015 631 2140 686; x_wconf 87' lang='lat' dir='ltr'><strong>agas</strong></span> <span class='ocrx_word' id='word_1_514' title='bbox 2166 619 2383 686; x_wconf 79' lang='lat' dir='ltr'><strong>gratias,</strong></span> <span class='ocrx_word' id='word_1_515' title='bbox 2404 635 2510 674; x_wconf 91' lang='lat' dir='ltr'><strong>non</strong></span> <span class='ocrx_word' id='word_1_516' title='bbox 2539 630 2621 676; x_wconf 87' lang='lat' dir='ltr'><strong>est</strong></span> <span class='ocrx_word' id='word_1_517' title='bbox 2652 638 2900 692; x_wconf 87' lang='lat' dir='ltr'><strong>magnum</strong></span> <span class='ocrx_word' id='word_1_518' title='bbox 2932 641 3032 682; x_wconf 87' lang='lat' dir='ltr'><strong>nec</strong></span> <span class='ocrx_word' id='word_1_519' title='bbox 3057 628 3431 688; x_wconf 89' lang='lat' dir='ltr'><strong>admirandum</strong></span> <span class='ocrx_word' id='word_1_520' title='bbox 3456 652 3471 688; x_wconf 88' lang='lat'><strong>:</strong></span> <span class='ocrx_word' id='word_1_521' title='bbox 3502 651 3590 692; x_wconf 82' lang='lat' dir='ltr'><strong>ve-</strong></span> 
     </span>
    </p>
   </div>
   <div class='ocr_carea' id='block_1_67' title="bbox 2015 709 3600 790">
    <p class='ocr_par' dir='ltr' id='par_1_67' title="bbox 2015 709 3600 790">
     <span class='ocr_line' id='line_1_67' title="bbox 2015 709 3600 790; baseline 0.015 -32"><span class='ocrx_word' id='word_1_522' title='bbox 2015 722 2132 760; x_wconf 91' lang='lat' dir='ltr'><strong>rum</strong></span> <span class='ocrx_word' id='word_1_523' title='bbox 2161 709 2299 777; x_wconf 81' lang='lat' dir='ltr'><strong>quod</strong></span> <span class='ocrx_word' id='word_1_524' title='bbox 2328 711 2588 778; x_wconf 81' lang='lat' dir='ltr'><strong>quaeritur</strong></span> <span class='ocrx_word' id='word_1_525' title='bbox 2607 723 2711 777; x_wconf 86' lang='lat' dir='ltr'><strong>est,</strong></span> <span class='ocrx_word' id='word_1_526' title='bbox 2747 724 2802 771; x_wconf 90' lang='lat' dir='ltr'><strong>ut</strong></span> <span class='ocrx_word' id='word_1_527' title='bbox 2831 717 3034 784; x_wconf 77' lang='lat' dir='ltr'><strong>gratias</strong></span> <span class='ocrx_word' id='word_1_528' title='bbox 3059 729 3183 789; x_wconf 81' lang='lat' dir='ltr'><strong>agat</strong></span> <span class='ocrx_word' id='word_1_529' title='bbox 3211 723 3300 790; x_wconf 87' lang='lat' dir='ltr'><strong>qtti</strong></span> <span class='ocrx_word' id='word_1_530' title='bbox 3330 726 3486 780; x_wconf 90' lang='lat' dir='ltr'><strong>estin</strong></span> <span class='ocrx_word' id='word_1_531' title='bbox 3521 727 3600 782; x_wconf 82' lang='lat' dir='ltr'><strong>af-</strong></span> 
     </span>
    </p>
   </div>
   <div class='ocr_carea' id='block_1_68' title="bbox 2017 797 3598 874">
    <p class='ocr_par' dir='ltr' id='par_1_68' title="bbox 2017 797 3598 874">
     <span class='ocr_line' id='line_1_68' title="bbox 2017 797 3598 874; baseline 0.015 -24"><span class='ocrx_word' id='word_1_532' title='bbox 2017 797 2340 858; x_wconf 83' lang='lat' dir='ltr'><strong>ﬂictionibus</strong></span> <span class='ocrx_word' id='word_1_533' title='bbox 2372 811 2425 855; x_wconf 89' lang='lat' dir='ltr'><strong>et</strong></span> <span class='ocrx_word' id='word_1_534' title='bbox 2456 802 2506 856; x_wconf 87' lang='lat' dir='ltr'><strong>itt</strong></span> <span class='ocrx_word' id='word_1_535' title='bbox 2533 805 2806 860; x_wconf 76' lang='lat' dir='ltr'><strong>mmsdtia.</strong></span> <span class='ocrx_word' id='word_1_536' title='bbox 2838 806 2979 860; x_wconf 72' lang='lat' dir='ltr'><strong>Nihil</strong></span> <span class='ocrx_word' id='word_1_537' title='bbox 3010 810 3156 865; x_wconf 84' lang='lat' dir='ltr'><strong>dicas</strong></span> <span class='ocrx_word' id='word_1_538' title='bbox 3183 823 3308 868; x_wconf 89' lang='lat' dir='ltr'><strong>ante</strong></span> <span class='ocrx_word' id='word_1_539' title='bbox 3351 814 3452 871; x_wconf 90' lang='lat' dir='ltr'><strong>hoc</strong></span> <span class='ocrx_word' id='word_1_540' title='bbox 3478 833 3598 874; x_wconf 85' lang='lat' dir='ltr'><strong>ver-</strong></span> 
     </span>
    </p>
   </div>
   <div class='ocr_carea' id='block_1_69' title="bbox 2015 889 3600 976">
    <p class='ocr_par' dir='ltr' id='par_1_69' title="bbox 2015 889 3600 976">
     <span class='ocr_line' id='line_1_69' title="bbox 2015 889 3600 976; baseline 0.014 -33"><span class='ocrx_word' id='word_1_541' title='bbox 2015 889 2166 957; x_wconf 90' lang='lat' dir='ltr'><strong>bum,</strong></span> <span class='ocrx_word' id='word_1_542' title='bbox 2197 891 2406 946; x_wconf 84' lang='lat' dir='ltr'><strong>Gratias</strong></span> <span class='ocrx_word' id='word_1_543' title='bbox 2435 907 2537 962; x_wconf 85' lang='lat' dir='ltr'><strong>ago</strong></span> <span class='ocrx_word' id='word_1_544' title='bbox 2567 894 2694 960; x_wconf 89' lang='lat' dir='ltr'><strong>tibi,</strong></span> <span class='ocrx_word' id='word_1_545' title='bbox 2738 896 2979 952; x_wconf 85' lang='lat' dir='ltr'><strong>Domine.</strong></span> <span class='ocrx_word' id='word_1_546' title='bbox 3022 899 3084 953; x_wconf 89' lang='lat' dir='ltr'><strong>F.t</strong></span> <span class='ocrx_word' id='word_1_547' title='bbox 3110 901 3238 970; x_wconf 88' lang='lat' dir='ltr'><strong>quid</strong></span> <span class='ocrx_word' id='word_1_548' title='bbox 3263 905 3386 959; x_wconf 87' lang='lat' dir='ltr'><strong>dico</strong></span> <span class='ocrx_word' id='word_1_549' title='bbox 3413 923 3510 976; x_wconf 89' lang='lat' dir='ltr'><strong>pro</strong></span> <span class='ocrx_word' id='word_1_550' title='bbox 3535 911 3600 966; x_wconf 79' lang='lat' dir='ltr'><strong>iis</strong></span> 
     </span>
    </p>
   </div>
   <div class='ocr_carea' id='block_1_70' title="bbox 2015 982 3600 1068">
    <p class='ocr_par' dir='ltr' id='par_1_70' title="bbox 2015 982 3600 1068">
     <span class='ocr_line' id='line_1_70' title="bbox 2015 982 3600 1068; baseline 0.015 -34"><span class='ocrx_word' id='word_1_551' title='bbox 2015 997 2135 1051; x_wconf 69' lang='lat' dir='ltr'><strong>qua:</strong></span> <span class='ocrx_word' id='word_1_552' title='bbox 2166 982 2252 1037; x_wconf 88' lang='lat' dir='ltr'><strong>hic</strong></span> <span class='ocrx_word' id='word_1_553' title='bbox 2277 993 2401 1038; x_wconf 91' lang='lat' dir='ltr'><strong>sunt</strong></span> <span class='ocrx_word' id='word_1_554' title='bbox 2423 984 2840 1041; x_wconf 79' lang='lat' dir='ltr'><strong>afﬂictionibus?</strong></span> <span class='ocrx_word' id='word_1_555' title='bbox 2867 1005 2962 1058; x_wconf 85' lang='lat' dir='ltr'><strong>pro</strong></span> <span class='ocrx_word' id='word_1_556' title='bbox 2989 990 3101 1060; x_wconf 82' lang='lat' dir='ltr'><strong>ipsa</strong></span> <span class='ocrx_word' id='word_1_557' title='bbox 3125 995 3366 1063; x_wconf 88' lang='lat' dir='ltr'><strong>geltetma</strong></span> <span class='ocrx_word' id='word_1_558' title='bbox 3387 1012 3600 1068; x_wconf 84' lang='lat' dir='ltr'><strong>oportet</strong></span> 
     </span>
    </p>
   </div>
   <div class='ocr_carea' id='block_1_71' title="bbox 2017 1073 3596 1160">
    <p class='ocr_par' dir='ltr' id='par_1_71' title="bbox 2017 1073 3596 1160">
     <span class='ocr_line' id='line_1_71' title="bbox 2017 1073 3596 1160; baseline 0.014 -33"><span class='ocrx_word' id='word_1_559' title='bbox 2017 1073 2126 1128; x_wconf 90' lang='lat' dir='ltr'><strong>Deo</strong></span> <span class='ocrx_word' id='word_1_560' title='bbox 2152 1089 2310 1144; x_wconf 86' lang='lat' dir='ltr'><strong>agere</strong></span> <span class='ocrx_word' id='word_1_561' title='bbox 2331 1080 2551 1146; x_wconf 80' lang='lat' dir='ltr'><strong>gratias,</strong></span> <span class='ocrx_word' id='word_1_562' title='bbox 2603 1093 2699 1148; x_wconf 89' lang='lat' dir='ltr'><strong>pro</strong></span> <span class='ocrx_word' id='word_1_563' title='bbox 2729 1082 2900 1149; x_wconf 66' lang='lat' dir='ltr'><strong>pinnis</strong></span> <span class='ocrx_word' id='word_1_564' title='bbox 2935 1092 2988 1137; x_wconf 89' lang='lat' dir='ltr'><strong>et</strong></span> <span class='ocrx_word' id='word_1_565' title='bbox 3015 1087 3290 1156; x_wconf 79' lang='lat' dir='ltr'><strong>suppliciis</strong></span> <span class='ocrx_word' id='word_1_566' title='bbox 3320 1106 3440 1160; x_wconf 76' lang='lat' dir='ltr'><strong>qua:</strong></span> <span class='ocrx_word' id='word_1_567' title='bbox 3469 1105 3596 1150; x_wconf 92' lang='lat' dir='ltr'><strong>sunt</strong></span> 
     </span>
    </p>
   </div>
   <div class='ocr_carea' id='block_1_72' title="bbox 2014 1165 3602 1246">
    <p class='ocr_par' dir='ltr' id='par_1_72' title="bbox 2014 1165 3602 1246">
     <span class='ocr_line' id='line_1_72' title="bbox 2014 1165 3602 1246; baseline 0.011 -26"><span class='ocrx_word' id='word_1_568' title='bbox 2014 1165 2122 1222; x_wconf 93' lang='lat' dir='ltr'><strong>illic</strong></span> <span class='ocrx_word' id='word_1_569' title='bbox 2161 1182 2263 1222; x_wconf 77' lang='lat' dir='ltr'><strong>sca</strong></span> <span class='ocrx_word' id='word_1_570' title='bbox 2289 1169 2432 1223; x_wconf 88' lang='lat' dir='ltr'><strong>enim</strong></span> <span class='ocrx_word' id='word_1_571' title='bbox 2461 1184 2550 1225; x_wconf 91' lang='lat' dir='ltr'><strong>res</strong></span> <span class='ocrx_word' id='word_1_572' title='bbox 2596 1185 2691 1224; x_wconf 87' lang='lat' dir='ltr'><strong>nos</strong></span> <span class='ocrx_word' id='word_1_573' title='bbox 2720 1171 2875 1227; x_wconf 86' lang='lat' dir='ltr'><strong>valde</strong></span> <span class='ocrx_word' id='word_1_574' title='bbox 2903 1173 3051 1242; x_wconf 83' lang='lat' dir='ltr'><strong>juvat</strong></span> <span class='ocrx_word' id='word_1_575' title='bbox 3086 1178 3174 1246; x_wconf 87' lang='lat' dir='ltr'><strong>qui</strong></span> <span class='ocrx_word' id='word_1_576' title='bbox 3222 1181 3602 1240; x_wconf 58' lang='lat' dir='ltr'><strong>animadverti.</strong></span> 
     </span>
    </p>
   </div>
   <div class='ocr_carea' id='block_1_73' title="bbox 2014 1260 3596 1338">
    <p class='ocr_par' dir='ltr' id='par_1_73' title="bbox 2014 1260 3596 1338">
     <span class='ocr_line' id='line_1_73' title="bbox 2014 1260 3596 1338; baseline 0.005 -23"><span class='ocrx_word' id='word_1_577' title='bbox 2014 1274 2132 1316; x_wconf 89' lang='lat' dir='ltr'><strong>mus</strong></span> <span class='ocrx_word' id='word_1_578' title='bbox 2163 1276 2177 1313; x_wconf 91' lang='lat'><strong>:</strong></span> <span class='ocrx_word' id='word_1_579' title='bbox 2210 1275 2306 1330; x_wconf 91' lang='lat' dir='ltr'><strong>pro</strong></span> <span class='ocrx_word' id='word_1_580' title='bbox 2330 1260 2480 1316; x_wconf 90' lang='lat' dir='ltr'><strong>freno</strong></span> <span class='ocrx_word' id='word_1_581' title='bbox 2518 1272 2693 1318; x_wconf 88' lang='lat' dir='ltr'><strong>metus</strong></span> <span class='ocrx_word' id='word_1_582' title='bbox 2716 1264 2977 1333; x_wconf 73' lang='lat' dir='ltr'><strong>gehenna-</strong></span> <span class='ocrx_word' id='word_1_583' title='bbox 3009 1268 3311 1338; x_wconf 72' lang='lat' dir='ltr'><strong>imponatur</strong></span> <span class='ocrx_word' id='word_1_584' title='bbox 3345 1275 3596 1332; x_wconf 71' lang='lat' dir='ltr'><strong>cordibus</strong></span> 
     </span>
    </p>
   </div>
   <div class='ocr_carea' id='block_1_74' title="bbox 2013 1351 3595 1430">
    <p class='ocr_par' dir='ltr' id='par_1_74' title="bbox 2013 1351 3595 1430">
     <span class='ocr_line' id='line_1_74' title="bbox 2013 1351 3595 1430; baseline 0.013 -27"><span class='ocrx_word' id='word_1_585' title='bbox 2013 1351 2234 1408; x_wconf 90' lang='lat' dir='ltr'><strong>nostris.</strong></span> <span class='ocrx_word' id='word_1_586' title='bbox 2258 1351 2336 1406; x_wconf 89' lang='lat' dir='ltr'><strong>Ne</strong></span> <span class='ocrx_word' id='word_1_587' title='bbox 2353 1367 2482 1423; x_wconf 90' lang='lat' dir='ltr'><strong>ergo</strong></span> <span class='ocrx_word' id='word_1_588' title='bbox 2510 1361 2711 1408; x_wconf 88' lang='lat' dir='ltr'><strong>tantum</strong></span> <span class='ocrx_word' id='word_1_589' title='bbox 2739 1370 2834 1424; x_wconf 88' lang='lat' dir='ltr'><strong>pro</strong></span> <span class='ocrx_word' id='word_1_590' title='bbox 2857 1357 3157 1414; x_wconf 75' lang='lat' dir='ltr'><strong>manifesﬁs</strong></span> <span class='ocrx_word' id='word_1_591' title='bbox 3177 1362 3470 1430; x_wconf 82' lang='lat' dir='ltr'><strong>beneficiis,</strong></span> <span class='ocrx_word' id='word_1_592' title='bbox 3498 1369 3595 1423; x_wconf 89' lang='lat' dir='ltr'><strong>sed</strong></span> 
     </span>
    </p>
   </div>
   <div class='ocr_carea' id='block_1_75' title="bbox 2012 1443 3596 1524">
    <p class='ocr_par' dir='ltr' id='par_1_75' title="bbox 2012 1443 3596 1524">
     <span class='ocr_line' id='line_1_75' title="bbox 2012 1443 3596 1524; baseline 0.011 -28"><span class='ocrx_word' id='word_1_593' title='bbox 2012 1443 2171 1498; x_wconf 88' lang='lat' dir='ltr'><strong>etiam</strong></span> <span class='ocrx_word' id='word_1_594' title='bbox 2201 1458 2297 1510; x_wconf 92' lang='lat' dir='ltr'><strong>pro</strong></span> <span class='ocrx_word' id='word_1_595' title='bbox 2341 1443 2405 1496; x_wconf 91' lang='lat' dir='ltr'><strong>iis</strong></span> <span class='ocrx_word' id='word_1_596' title='bbox 2435 1459 2554 1513; x_wconf 69' lang='lat' dir='ltr'><strong>qua}</strong></span> <span class='ocrx_word' id='word_1_597' title='bbox 2582 1461 2686 1500; x_wconf 91' lang='lat' dir='ltr'><strong>non</strong></span> <span class='ocrx_word' id='word_1_598' title='bbox 2715 1457 2838 1503; x_wconf 88' lang='lat' dir='ltr'><strong>sunt</strong></span> <span class='ocrx_word' id='word_1_599' title='bbox 2871 1450 3184 1517; x_wconf 75' lang='lat' dir='ltr'><strong>ntauifesm,</strong></span> <span class='ocrx_word' id='word_1_600' title='bbox 3215 1464 3269 1508; x_wconf 91' lang='lat' dir='ltr'><strong>et</strong></span> <span class='ocrx_word' id='word_1_601' title='bbox 3294 1456 3488 1524; x_wconf 89' lang='lat' dir='ltr'><strong>quibus</strong></span> <span class='ocrx_word' id='word_1_602' title='bbox 3511 1459 3596 1513; x_wconf 89' lang='lat' dir='ltr'><strong>vel</strong></span> 
     </span>
    </p>
   </div>
   <div class='ocr_carea' id='block_1_76' title="bbox 2013 1534 3596 1608">
    <p class='ocr_par' dir='ltr' id='par_1_76' title="bbox 2013 1534 3596 1608">
     <span class='ocr_line' id='line_1_76' title="bbox 2013 1534 3596 1608; baseline 0.008 -20"><span class='ocrx_word' id='word_1_603' title='bbox 2013 1534 2160 1590; x_wconf 91' lang='lat' dir='ltr'><strong>inviti</strong></span> <span class='ocrx_word' id='word_1_604' title='bbox 2183 1534 2467 1601; x_wconf 89' lang='lat' dir='ltr'><strong>afﬁcimur,</strong></span> <span class='ocrx_word' id='word_1_605' title='bbox 2487 1551 2710 1606; x_wconf 85' lang='lat' dir='ltr'><strong>agamus</strong></span> <span class='ocrx_word' id='word_1_606' title='bbox 2727 1541 2926 1608; x_wconf 84' lang='lat' dir='ltr'><strong>gratias</strong></span> <span class='ocrx_word' id='word_1_607' title='bbox 2952 1560 2964 1594; x_wconf 92' lang='lat'>:</span> <span class='ocrx_word' id='word_1_608' title='bbox 2995 1542 3176 1597; x_wconf 88' lang='lat' dir='ltr'><strong>multis</strong></span> <span class='ocrx_word' id='word_1_609' title='bbox 3199 1545 3342 1599; x_wconf 86' lang='lat' dir='ltr'><strong>enim</strong></span> <span class='ocrx_word' id='word_1_610' title='bbox 3370 1561 3468 1603; x_wconf 90' lang='lat' dir='ltr'><strong>nos</strong></span> <span class='ocrx_word' id='word_1_611' title='bbox 3499 1565 3596 1603; x_wconf 83' lang='lat' dir='ltr'><strong>no-</strong></span> 
     </span>
    </p>
   </div>
   <div class='ocr_carea' id='block_1_77' title="bbox 2012 1626 3594 1697">
    <p class='ocr_par' dir='ltr' id='par_1_77' title="bbox 2012 1626 3594 1697">
     <span class='ocr_line' id='line_1_77' title="bbox 2012 1626 3594 1697; baseline 0.012 -18"><span class='ocrx_word' id='word_1_612' title='bbox 2012 1626 2183 1681; x_wconf 91' lang='lat' dir='ltr'><strong>lentes</strong></span> <span class='ocrx_word' id='word_1_613' title='bbox 2205 1634 2257 1680; x_wconf 91' lang='lat' dir='ltr'><strong>et</strong></span> <span class='ocrx_word' id='word_1_614' title='bbox 2287 1627 2590 1681; x_wconf 89' lang='lat' dir='ltr'><strong>nescientes</strong></span> <span class='ocrx_word' id='word_1_615' title='bbox 2622 1627 2896 1684; x_wconf 88' lang='lat' dir='ltr'><strong>beneﬁciis</strong></span> <span class='ocrx_word' id='word_1_616' title='bbox 2925 1630 3109 1687; x_wconf 77' lang='lat' dir='ltr'><strong>afficit.</strong></span> <span class='ocrx_word' id='word_1_617' title='bbox 3161 1634 3218 1689; x_wconf 82' lang='lat' dir='ltr'><strong>Si</strong></span> <span class='ocrx_word' id='word_1_618' title='bbox 3263 1648 3439 1692; x_wconf 88' lang='lat' dir='ltr'><strong>autem</strong></span> <span class='ocrx_word' id='word_1_619' title='bbox 3487 1657 3594 1697; x_wconf 88' lang='lat' dir='ltr'><strong>non</strong></span> 
     </span>
    </p>
   </div>
   <div class='ocr_carea' id='block_1_78' title="bbox 2010 1717 3590 1797">
    <p class='ocr_par' dir='ltr' id='par_1_78' title="bbox 2010 1717 3590 1797">
     <span class='ocr_line' id='line_1_78' title="bbox 2010 1717 3590 1797; baseline 0.008 -25"><span class='ocrx_word' id='word_1_620' title='bbox 2010 1717 2251 1783; x_wconf 85' lang='lat' dir='ltr'><strong>creditis,</strong></span> <span class='ocrx_word' id='word_1_621' title='bbox 2275 1717 2386 1786; x_wconf 87' lang='lat' dir='ltr'><strong>jam</strong></span> <span class='ocrx_word' id='word_1_622' title='bbox 2411 1718 2560 1772; x_wconf 89' lang='lat' dir='ltr'><strong>vobis</strong></span> <span class='ocrx_word' id='word_1_623' title='bbox 2589 1734 2702 1773; x_wconf 92' lang='lat' dir='ltr'><strong>rem</strong></span> <span class='ocrx_word' id='word_1_624' title='bbox 2731 1721 2905 1788; x_wconf 85' lang='lat' dir='ltr'><strong>palam</strong></span> <span class='ocrx_word' id='word_1_625' title='bbox 2938 1722 3148 1778; x_wconf 83' lang='lat' dir='ltr'><strong>faciam.</strong></span> <span class='ocrx_word' id='word_1_626' title='bbox 3193 1726 3376 1797; x_wconf 84' lang='lat' dir='ltr'><strong>Cogita</strong></span> <span class='ocrx_word' id='word_1_627' title='bbox 3398 1732 3540 1785; x_wconf 91' lang='lat' dir='ltr'><strong>enim</strong></span> <span class='ocrx_word' id='word_1_628' title='bbox 3576 1750 3590 1786; x_wconf 72' lang='grc' dir='ltr'>ε</span> 
     </span>
    </p>
   </div>
   <div class='ocr_carea' id='block_1_79' title="bbox 2010 1808 3594 1877">
    <p class='ocr_par' dir='ltr' id='par_1_79' title="bbox 2010 1808 3594 1877">
     <span class='ocr_line' id='line_1_79' title="bbox 2010 1808 3594 1877; baseline 0.009 -14"><span class='ocrx_word' id='word_1_629' title='bbox 2010 1809 2252 1864; x_wconf 90' lang='lat' dir='ltr'><strong>scelerati</strong></span> <span class='ocrx_word' id='word_1_630' title='bbox 2275 1819 2328 1864; x_wconf 90' lang='lat' dir='ltr'><strong>et</strong></span> <span class='ocrx_word' id='word_1_631' title='bbox 2356 1808 2616 1867; x_wconf 90' lang='lat' dir='ltr'><strong>increduli</strong></span> <span class='ocrx_word' id='word_1_632' title='bbox 2650 1809 2845 1876; x_wconf 64' lang='lat' dir='ltr'><strong>Grarci,</strong></span> <span class='ocrx_word' id='word_1_633' title='bbox 2870 1825 3050 1870; x_wconf 90' lang='lat' dir='ltr'><strong>nonne</strong></span> <span class='ocrx_word' id='word_1_634' title='bbox 3074 1815 3173 1868; x_wconf 89' lang='lat' dir='ltr'><strong>soli</strong></span> <span class='ocrx_word' id='word_1_635' title='bbox 3194 1819 3372 1874; x_wconf 87' lang='lat' dir='ltr'><strong>omnia</strong></span> <span class='ocrx_word' id='word_1_636' title='bbox 3395 1821 3594 1877; x_wconf 86' lang='lat' dir='ltr'><strong>adscri-</strong></span> 
     </span>
    </p>
   </div>
   <div class='ocr_carea' id='block_1_80' title="bbox 2010 1900 3594 1985">
    <p class='ocr_par' dir='ltr' id='par_1_80' title="bbox 2010 1900 3594 1985">
     <span class='ocr_line' id='line_1_80' title="bbox 2010 1900 3594 1985; baseline 0.01 -31"><span class='ocrx_word' id='word_1_637' title='bbox 2010 1900 2139 1956; x_wconf 91' lang='lat' dir='ltr'><strong>bunt</strong></span> <span class='ocrx_word' id='word_1_638' title='bbox 2165 1911 2218 1955; x_wconf 92' lang='lat' dir='ltr'><strong>et</strong></span> <span class='ocrx_word' id='word_1_639' title='bbox 2265 1902 2375 1957; x_wconf 91' lang='lat' dir='ltr'><strong>suis</strong></span> <span class='ocrx_word' id='word_1_640' title='bbox 2403 1901 2603 1958; x_wconf 85' lang='lat' dir='ltr'><strong>idolis?</strong></span> <span class='ocrx_word' id='word_1_641' title='bbox 2634 1903 2772 1968; x_wconf 84' lang='lat' dir='ltr'><strong>Quid</strong></span> <span class='ocrx_word' id='word_1_642' title='bbox 2817 1907 2982 1959; x_wconf 85' lang='lat' dir='ltr'><strong>vero?</strong></span> <span class='ocrx_word' id='word_1_643' title='bbox 3034 1923 3212 1962; x_wconf 88' lang='lat' dir='ltr'><strong>annon</strong></span> <span class='ocrx_word' id='word_1_644' title='bbox 3243 1925 3340 1966; x_wconf 92' lang='lat' dir='ltr'><strong>eos</strong></span> <span class='ocrx_word' id='word_1_645' title='bbox 3383 1929 3594 1985; x_wconf 75' lang='lat' dir='ltr'><strong>quoque</strong></span> 
     </span>
    </p>
   </div>
   <div class='ocr_carea' id='block_1_81' title="bbox 2010 1991 3591 2077">
    <p class='ocr_par' dir='ltr' id='par_1_81' title="bbox 2010 1991 3591 2077">
     <span class='ocr_line' id='line_1_81' title="bbox 2010 1991 3591 2077; baseline 0.01 -31"><span class='ocrx_word' id='word_1_646' title='bbox 2010 1991 2271 2046; x_wconf 88' lang='lat' dir='ltr'><strong>beneficio</strong></span> <span class='ocrx_word' id='word_1_647' title='bbox 2301 1991 2507 2050; x_wconf 85' lang='lat' dir='ltr'><strong>afficit?</strong></span> <span class='ocrx_word' id='word_1_648' title='bbox 2533 2009 2711 2047; x_wconf 87' lang='lat' dir='ltr'><strong>annon</strong></span> <span class='ocrx_word' id='word_1_649' title='bbox 2739 2004 2823 2050; x_wconf 89' lang='lat' dir='ltr'><strong>est</strong></span> <span class='ocrx_word' id='word_1_650' title='bbox 2872 1996 3016 2051; x_wconf 89' lang='lat' dir='ltr'><strong>illius</strong></span> <span class='ocrx_word' id='word_1_651' title='bbox 3057 2001 3406 2067; x_wconf 78' lang='lat' dir='ltr'><strong>providentia:</strong></span> <span class='ocrx_word' id='word_1_652' title='bbox 3448 2010 3591 2077; x_wconf 77' lang='lat' dir='ltr'><strong>quod</strong></span> 
     </span>
    </p>
   </div>
   <div class='ocr_carea' id='block_1_82' title="bbox 2008 2083 3593 2170">
    <p class='ocr_par' dir='ltr' id='par_1_82' title="bbox 2008 2083 3593 2170">
     <span class='ocr_line' id='line_1_82' title="bbox 2008 2083 3593 2170; baseline 0.01 -32"><span class='ocrx_word' id='word_1_653' title='bbox 2008 2083 2109 2153; x_wconf 89' lang='lat' dir='ltr'><strong>ipsi</strong></span> <span class='ocrx_word' id='word_1_654' title='bbox 2140 2084 2320 2137; x_wconf 89' lang='lat' dir='ltr'><strong>vivant</strong></span> <span class='ocrx_word' id='word_1_655' title='bbox 2350 2092 2404 2138; x_wconf 91' lang='lat' dir='ltr'><strong>et</strong></span> <span class='ocrx_word' id='word_1_656' title='bbox 2435 2083 2542 2138; x_wconf 88' lang='lat' dir='ltr'><strong>sint</strong></span> <span class='ocrx_word' id='word_1_657' title='bbox 2569 2084 2707 2150; x_wconf 90' lang='lat' dir='ltr'><strong>sani,</strong></span> <span class='ocrx_word' id='word_1_658' title='bbox 2754 2096 2804 2140; x_wconf 91' lang='lat' dir='ltr'><strong>et</strong></span> <span class='ocrx_word' id='word_1_659' title='bbox 2839 2086 3039 2143; x_wconf 90' lang='lat' dir='ltr'><strong>liberos</strong></span> <span class='ocrx_word' id='word_1_660' title='bbox 3067 2105 3370 2161; x_wconf 76' lang='lat' dir='ltr'><strong>procreent,</strong></span> <span class='ocrx_word' id='word_1_661' title='bbox 3396 2108 3451 2151; x_wconf 91' lang='lat' dir='ltr'><strong>et</strong></span> <span class='ocrx_word' id='word_1_662' title='bbox 3475 2115 3593 2170; x_wconf 68' lang='lat' dir='ltr'><strong>qua:</strong></span> 
     </span>
    </p>
   </div>
   <div class='ocr_carea' id='block_1_83' title="bbox 2008 2173 3590 2254">
    <p class='ocr_par' dir='ltr' id='par_1_83' title="bbox 2008 2173 3590 2254">
     <span class='ocr_line' id='line_1_83' title="bbox 2008 2173 3590 2254; baseline 0.011 -27"><span class='ocrx_word' id='word_1_663' title='bbox 2008 2185 2135 2228; x_wconf 91' lang='lat' dir='ltr'><strong>sunt</strong></span> <span class='ocrx_word' id='word_1_664' title='bbox 2165 2173 2497 2243; x_wconf 85' lang='lat' dir='ltr'><strong>hujusmodi?</strong></span> <span class='ocrx_word' id='word_1_665' title='bbox 2528 2174 2664 2240; x_wconf 87' lang='lat' dir='ltr'><strong>Quid</strong></span> <span class='ocrx_word' id='word_1_666' title='bbox 2694 2191 2822 2230; x_wconf 89' lang='lat' dir='ltr'><strong>vero</strong></span> <span class='ocrx_word' id='word_1_667' title='bbox 2849 2177 3243 2238; x_wconf 71' lang='lat' dir='ltr'><strong>Mareiunislaz?</strong></span> <span class='ocrx_word' id='word_1_668' title='bbox 3273 2186 3399 2254; x_wconf 89' lang='lat' dir='ltr'><strong>quid</strong></span> <span class='ocrx_word' id='word_1_669' title='bbox 3426 2189 3590 2244; x_wconf 87' lang='lat' dir='ltr'><strong>Mani-</strong></span> 
     </span>
    </p>
   </div>
   <div class='ocr_carea' id='block_1_84' title="bbox 2007 2264 3587 2353">
    <p class='ocr_par' dir='ltr' id='par_1_84' title="bbox 2007 2264 3587 2353">
     <span class='ocr_line' id='line_1_84' title="bbox 2007 2264 3587 2353; baseline 0.009 -33"><span class='ocrx_word' id='word_1_670' title='bbox 2007 2264 2181 2321; x_wconf 66' lang='lat' dir='ltr'><strong>cltaei?</strong></span> <span class='ocrx_word' id='word_1_671' title='bbox 2209 2280 2386 2320; x_wconf 91' lang='lat' dir='ltr'><strong>nonne</strong></span> <span class='ocrx_word' id='word_1_672' title='bbox 2409 2266 2557 2321; x_wconf 90' lang='lat' dir='ltr'><strong>illum</strong></span> <span class='ocrx_word' id='word_1_673' title='bbox 2579 2267 2924 2338; x_wconf 86' lang='lat' dir='ltr'><strong>blaspltemiis</strong></span> <span class='ocrx_word' id='word_1_674' title='bbox 2950 2276 3243 2342; x_wconf 83' lang='lat' dir='ltr'><strong>appetunt?</strong></span> <span class='ocrx_word' id='word_1_675' title='bbox 3269 2278 3406 2345; x_wconf 87' lang='lat' dir='ltr'><strong>Quid</strong></span> <span class='ocrx_word' id='word_1_676' title='bbox 3433 2284 3587 2353; x_wconf 82' lang='lat' dir='ltr'><strong>ergo?</strong></span> 
     </span>
    </p>
   </div>
   <div class='ocr_carea' id='block_1_85' title="bbox 2007 2359 3589 2434">
    <p class='ocr_par' dir='ltr' id='par_1_85' title="bbox 2007 2359 3589 2434">
     <span class='ocr_line' id='line_1_85' title="bbox 2007 2359 3589 2434; baseline 0.01 -22"><span class='ocrx_word' id='word_1_677' title='bbox 2007 2373 2188 2418; x_wconf 91' lang='lat' dir='ltr'><strong>nonne</strong></span> <span class='ocrx_word' id='word_1_678' title='bbox 2208 2373 2302 2412; x_wconf 91' lang='lat' dir='ltr'><strong>eos</strong></span> <span class='ocrx_word' id='word_1_679' title='bbox 2323 2359 2560 2428; x_wconf 90' lang='lat' dir='ltr'><strong>quotidie</strong></span> <span class='ocrx_word' id='word_1_680' title='bbox 2589 2359 2850 2416; x_wconf 87' lang='lat' dir='ltr'><strong>beneﬁcio</strong></span> <span class='ocrx_word' id='word_1_681' title='bbox 2883 2362 3087 2419; x_wconf 90' lang='lat' dir='ltr'><strong>afﬁcit?</strong></span> <span class='ocrx_word' id='word_1_682' title='bbox 3115 2367 3265 2434; x_wconf 82' lang='lat' dir='ltr'><strong>Quod</strong></span> <span class='ocrx_word' id='word_1_683' title='bbox 3302 2371 3346 2426; x_wconf 91' lang='lat' dir='ltr'><strong>si</strong></span> <span class='ocrx_word' id='word_1_684' title='bbox 3377 2375 3589 2429; x_wconf 77' lang='lat' dir='ltr'><strong>nescius</strong></span> 
     </span>
    </p>
   </div>
   <div class='ocr_carea' id='block_1_86' title="bbox 2007 2448 3590 2528">
    <p class='ocr_par' dir='ltr' id='par_1_86' title="bbox 2007 2448 3590 2528">
     <span class='ocr_line' id='line_1_86' title="bbox 2007 2448 3590 2528; baseline 0.013 -28"><span class='ocrx_word' id='word_1_685' title='bbox 2007 2448 2247 2519; x_wconf 87' lang='lat' dir='ltr'><strong>quotidie</strong></span> <span class='ocrx_word' id='word_1_686' title='bbox 2273 2448 2540 2510; x_wconf 87' lang='lat' dir='ltr'><strong>beneﬁcio</strong></span> <span class='ocrx_word' id='word_1_687' title='bbox 2563 2450 2751 2517; x_wconf 86' lang='lat' dir='ltr'><strong>allicit,</strong></span> <span class='ocrx_word' id='word_1_688' title='bbox 2786 2451 2952 2506; x_wconf 91' lang='lat' dir='ltr'><strong>multo</strong></span> <span class='ocrx_word' id='word_1_689' title='bbox 2983 2457 3152 2527; x_wconf 79' lang='lat' dir='ltr'><strong>magis</strong></span> <span class='ocrx_word' id='word_1_690' title='bbox 3184 2473 3303 2514; x_wconf 87' lang='lat' dir='ltr'><strong>nos.</strong></span> <span class='ocrx_word' id='word_1_691' title='bbox 3334 2462 3484 2528; x_wconf 86' lang='lat' dir='ltr'><strong>Quod</strong></span> <span class='ocrx_word' id='word_1_692' title='bbox 3505 2479 3590 2520; x_wconf 79' lang='lat' dir='ltr'><strong>est</strong></span> 
     </span>
    </p>
   </div>
   <div class='ocr_carea' id='block_1_87' title="bbox 2006 2539 3594 2628">
    <p class='ocr_par' dir='ltr' id='par_1_87' title="bbox 2006 2539 3594 2628">
     <span class='ocr_line' id='line_1_87' title="bbox 2006 2539 3594 2628; baseline 0.009 -32"><span class='ocrx_word' id='word_1_693' title='bbox 2006 2542 2148 2596; x_wconf 84' lang='lat' dir='ltr'><strong>enim</strong></span> <span class='ocrx_word' id='word_1_694' title='bbox 2179 2541 2324 2596; x_wconf 92' lang='lat' dir='ltr'><strong>aliud</strong></span> <span class='ocrx_word' id='word_1_695' title='bbox 2360 2539 2451 2595; x_wconf 90' lang='lat' dir='ltr'><strong>Dei</strong></span> <span class='ocrx_word' id='word_1_696' title='bbox 2478 2555 2610 2610; x_wconf 93' lang='lat' dir='ltr'><strong>opus</strong></span> <span class='ocrx_word' id='word_1_697' title='bbox 2632 2557 2790 2612; x_wconf 90' lang='lat' dir='ltr'><strong>quam</strong></span> <span class='ocrx_word' id='word_1_698' title='bbox 2822 2543 2946 2611; x_wconf 86' lang='lat' dir='ltr'><strong>hoc,</strong></span> <span class='ocrx_word' id='word_1_699' title='bbox 2981 2563 3174 2617; x_wconf 90' lang='lat' dir='ltr'><strong>nempe</strong></span> <span class='ocrx_word' id='word_1_700' title='bbox 3201 2550 3472 2610; x_wconf 91' lang='lat' dir='ltr'><strong>hominum</strong></span> <span class='ocrx_word' id='word_1_701' title='bbox 3500 2574 3594 2628; x_wconf 67' lang='lat' dir='ltr'><strong>ge.</strong></span> 
     </span>
    </p>
   </div>
   <div class='ocr_carea' id='block_1_88' title="bbox 2007 2630 3590 2712">
    <p class='ocr_par' dir='ltr' id='par_1_88' title="bbox 2007 2630 3590 2712">
     <span class='ocr_line' id='line_1_88' title="bbox 2007 2630 3590 2712; baseline 0.004 -26"><span class='ocrx_word' id='word_1_702' title='bbox 2007 2646 2108 2686; x_wconf 91' lang='lat' dir='ltr'><strong>nus</strong></span> <span class='ocrx_word' id='word_1_703' title='bbox 2133 2630 2352 2686; x_wconf 84' lang='lat' dir='ltr'><strong>afﬁcere</strong></span> <span class='ocrx_word' id='word_1_704' title='bbox 2374 2631 2634 2686; x_wconf 87' lang='lat' dir='ltr'><strong>beneﬁcio</strong></span> <span class='ocrx_word' id='word_1_705' title='bbox 2653 2671 2670 2698; x_wconf 92' lang='lat'><strong>,</strong></span> <span class='ocrx_word' id='word_1_706' title='bbox 2700 2641 2754 2688; x_wconf 91' lang='lat' dir='ltr'><strong>et</strong></span> <span class='ocrx_word' id='word_1_707' title='bbox 2774 2647 2869 2703; x_wconf 91' lang='lat' dir='ltr'><strong>per</strong></span> <span class='ocrx_word' id='word_1_708' title='bbox 2891 2638 3152 2707; x_wconf 89' lang='lat' dir='ltr'><strong>supplicia</strong></span> <span class='ocrx_word' id='word_1_709' title='bbox 3180 2652 3229 2695; x_wconf 83' lang='lat' dir='ltr'><strong>et</strong></span> <span class='ocrx_word' id='word_1_710' title='bbox 3261 2659 3356 2712; x_wconf 85' lang='lat' dir='ltr'><strong>per</strong></span> <span class='ocrx_word' id='word_1_711' title='bbox 3380 2662 3590 2703; x_wconf 55' lang='lat' dir='ltr'><strong>recrea-</strong></span> 
     </span>
    </p>
   </div>
   <div class='ocr_carea' id='block_1_89' title="bbox 2005 2721 2244 2783">
    <p class='ocr_par' dir='ltr' id='par_1_89' title="bbox 2005 2721 2244 2783">
     <span class='ocr_line' id='line_1_89' title="bbox 2005 2721 2244 2783; baseline -0.004 -8"><span class='ocrx_word' id='word_1_712' title='bbox 2005 2721 2206 2783; x_wconf 87' lang='lat' dir='ltr'><strong>tionem</strong></span> <span class='ocrx_word' id='word_1_713' title='bbox 2220 2721 2244 2774; x_wconf 87' lang='lat'><strong>?</strong></span> 
     </span>
    </p>
   </div>
   <div class='ocr_carea' id='block_1_90' title="bbox 2077 2808 3579 2884">
    <p class='ocr_par' dir='ltr' id='par_1_90' title="bbox 2077 2808 3579 2884">
     <span class='ocr_line' id='line_1_90' title="bbox 2077 2808 3579 2884; baseline 0.013 -20"><span class='ocrx_word' id='word_1_714' title='bbox 2077 2810 2269 2865; x_wconf 75' lang='lat' dir='ltr'><strong>Gratia:</strong></span> <span class='ocrx_word' id='word_1_715' title='bbox 2288 2808 2396 2864; x_wconf 85' lang='lat' dir='ltr'><strong>Deo</strong></span> <span class='ocrx_word' id='word_1_716' title='bbox 2417 2812 2624 2881; x_wconf 69' lang='lat' dir='ltr'><strong>agendis</strong></span> <span class='ocrx_word' id='word_1_717' title='bbox 2649 2813 2798 2867; x_wconf 89' lang='lat' dir='ltr'><strong>etiam</strong></span> <span class='ocrx_word' id='word_1_718' title='bbox 2825 2814 2876 2868; x_wconf 90' lang='lat' dir='ltr'><strong>in</strong></span> <span class='ocrx_word' id='word_1_719' title='bbox 2901 2816 3145 2872; x_wconf 81' lang='lat' dir='ltr'><strong>aduersis.</strong></span> <span class='ocrx_word' id='word_1_720' title='bbox 3171 2851 3242 2861; x_wconf 98' lang='lat'>—</span> <span class='ocrx_word' id='word_1_721' title='bbox 3259 2822 3376 2878; x_wconf 88' lang='lat' dir='ltr'><strong>Non</strong></span> <span class='ocrx_word' id='word_1_722' title='bbox 3406 2828 3579 2884; x_wconf 87' lang='lat' dir='ltr'><strong>solum</strong></span> 
     </span>
    </p>
   </div>
   <div class='ocr_carea' id='block_1_91' title="bbox 2005 2904 3584 2975">
    <p class='ocr_par' dir='ltr' id='par_1_91' title="bbox 2005 2904 3584 2975">
     <span class='ocr_line' id='line_1_91' title="bbox 2005 2904 3584 2975; baseline 0.011 -17"><span class='ocrx_word' id='word_1_723' title='bbox 2005 2918 2133 2973; x_wconf 90' lang='lat' dir='ltr'><strong>ergo</strong></span> <span class='ocrx_word' id='word_1_724' title='bbox 2159 2917 2380 2972; x_wconf 85' lang='lat' dir='ltr'><strong>agamus</strong></span> <span class='ocrx_word' id='word_1_725' title='bbox 2405 2904 2626 2974; x_wconf 85' lang='lat' dir='ltr'><strong>gratias,</strong></span> <span class='ocrx_word' id='word_1_726' title='bbox 2659 2905 2784 2959; x_wconf 89' lang='lat' dir='ltr'><strong>dum</strong></span> <span class='ocrx_word' id='word_1_727' title='bbox 2828 2916 2953 2961; x_wconf 88' lang='lat' dir='ltr'><strong>sunt</strong></span> <span class='ocrx_word' id='word_1_728' title='bbox 2985 2909 3142 2966; x_wconf 90' lang='lat' dir='ltr'><strong>nobis</strong></span> <span class='ocrx_word' id='word_1_729' title='bbox 3177 2928 3264 2968; x_wconf 90' lang='lat' dir='ltr'><strong>res</strong></span> <span class='ocrx_word' id='word_1_730' title='bbox 3292 2919 3541 2974; x_wconf 70' lang='lat' dir='ltr'><strong>secunda:</strong></span> <span class='ocrx_word' id='word_1_731' title='bbox 3573 2941 3584 2975; x_wconf 92' lang='lat'><strong>:</strong></span> 
     </span>
    </p>
   </div>
   <div class='ocr_carea' id='block_1_92' title="bbox 2003 2993 3584 3077">
    <p class='ocr_par' dir='ltr' id='par_1_92' title="bbox 2003 2993 3584 3077">
     <span class='ocr_line' id='line_1_92' title="bbox 2003 2993 3584 3077; baseline 0.009 -28"><span class='ocrx_word' id='word_1_732' title='bbox 2003 3009 2109 3050; x_wconf 90' lang='lat' dir='ltr'><strong>non</strong></span> <span class='ocrx_word' id='word_1_733' title='bbox 2136 3003 2218 3050; x_wconf 91' lang='lat' dir='ltr'><strong>est</strong></span> <span class='ocrx_word' id='word_1_734' title='bbox 2247 2995 2388 3050; x_wconf 90' lang='lat' dir='ltr'><strong>enim</strong></span> <span class='ocrx_word' id='word_1_735' title='bbox 2419 2993 2518 3050; x_wconf 90' lang='lat' dir='ltr'><strong>hoc</strong></span> <span class='ocrx_word' id='word_1_736' title='bbox 2546 3011 2814 3067; x_wconf 90' lang='lat' dir='ltr'><strong>magnum.</strong></span> <span class='ocrx_word' id='word_1_737' title='bbox 2850 2999 2915 3053; x_wconf 87' lang='lat' dir='ltr'><strong>Et</strong></span> <span class='ocrx_word' id='word_1_738' title='bbox 2964 3001 3067 3058; x_wconf 87' lang='lat' dir='ltr'><strong>hoc</strong></span> <span class='ocrx_word' id='word_1_739' title='bbox 3112 3008 3258 3060; x_wconf 88' lang='lat' dir='ltr'><strong>novit</strong></span> <span class='ocrx_word' id='word_1_740' title='bbox 3300 3007 3544 3065; x_wconf 80' lang='lat' dir='ltr'><strong>diabolus</strong></span> <span class='ocrx_word' id='word_1_741' title='bbox 3571 3029 3584 3077; x_wconf 69' lang='grc' dir='ltr'>ε</span> 
     </span>
    </p>
   </div>
   <div class='ocr_carea' id='block_1_93' title="bbox 2003 3085 3589 3160">
    <p class='ocr_par' dir='ltr' id='par_1_93' title="bbox 2003 3085 3589 3160">
     <span class='ocr_line' id='line_1_93' title="bbox 2003 3085 3589 3160; baseline 0.011 -20"><span class='ocrx_word' id='word_1_742' title='bbox 2003 3085 2233 3154; x_wconf 88' lang='lat' dir='ltr'><strong>ideoque</strong></span> <span class='ocrx_word' id='word_1_743' title='bbox 2266 3086 2473 3142; x_wconf 88' lang='lat' dir='ltr'><strong>dicebat</strong></span> <span class='ocrx_word' id='word_1_744' title='bbox 2507 3103 2521 3138; x_wconf 91' lang='lat'><strong>:</strong></span> <span class='ocrx_word' id='word_1_745' title='bbox 2554 3085 2696 3141; x_wconf 87' lang='lat' dir='ltr'><strong>Num</strong></span> <span class='ocrx_word' id='word_1_746' title='bbox 2718 3087 2818 3142; x_wconf 83' lang='lat' dir='ltr'><strong>Job</strong></span> <span class='ocrx_word' id='word_1_747' title='bbox 2857 3092 3016 3160; x_wconf 85' lang='lat' dir='ltr'><strong>gratis</strong></span> <span class='ocrx_word' id='word_1_748' title='bbox 3037 3093 3157 3147; x_wconf 79' lang='lat' dir='ltr'><strong>colit</strong></span> <span class='ocrx_word' id='word_1_749' title='bbox 3181 3094 3390 3152; x_wconf 80' lang='lat' dir='ltr'><strong>Deum?</strong></span> <span class='ocrx_word' id='word_1_750' title='bbox 3423 3117 3589 3156; x_wconf 83' lang='lat' dir='ltr'><strong>nonne</strong></span> 
     </span>
    </p>
   </div>
   <div class='ocr_carea' id='block_1_94' title="bbox 2002 3176 3587 3265">
    <p class='ocr_par' dir='ltr' id='par_1_94' title="bbox 2002 3176 3587 3265">
     <span class='ocr_line' id='line_1_94' title="bbox 2002 3176 3587 3265; baseline 0.012 -36"><span class='ocrx_word' id='word_1_751' title='bbox 2002 3176 2399 3232; x_wconf 84' lang='lat' dir='ltr'><strong>circumvallasti</strong></span> <span class='ocrx_word' id='word_1_752' title='bbox 2418 3193 2532 3246; x_wconf 71' lang='lat' dir='ltr'><strong>quae</strong></span> <span class='ocrx_word' id='word_1_753' title='bbox 2554 3187 2674 3233; x_wconf 89' lang='lat' dir='ltr'><strong>sunt</strong></span> <span class='ocrx_word' id='word_1_754' title='bbox 2699 3181 2810 3250; x_wconf 86' lang='lat' dir='ltr'><strong>ejus</strong></span> <span class='ocrx_word' id='word_1_755' title='bbox 2835 3181 2990 3246; x_wconf 85' lang='lat' dir='ltr'><strong>intus,</strong></span> <span class='ocrx_word' id='word_1_756' title='bbox 3019 3193 3068 3236; x_wconf 87' lang='lat' dir='ltr'><strong>et</strong></span> <span class='ocrx_word' id='word_1_757' title='bbox 3091 3201 3203 3255; x_wconf 75' lang='lat' dir='ltr'><strong>qua:</strong></span> <span class='ocrx_word' id='word_1_758' title='bbox 3227 3189 3355 3256; x_wconf 80' lang='lat' dir='ltr'><strong>[oris</strong></span> <span class='ocrx_word' id='word_1_759' title='bbox 3376 3192 3403 3244; x_wconf 69' lang='lat'><strong>.9</strong></span> <span class='ocrx_word' id='word_1_760' title='bbox 3428 3193 3587 3265; x_wconf 78' lang='lat' dir='ltr'><strong>Aufer</strong></span> 
     </span>
    </p>
   </div>
   <div class='ocr_carea' id='block_1_95' title="bbox 2003 3268 3586 3342">
    <p class='ocr_par' dir='ltr' id='par_1_95' title="bbox 2003 3268 3586 3342">
     <span class='ocr_line' id='line_1_95' title="bbox 2003 3268 3586 3342; baseline 0.011 -22"><span class='ocrx_word' id='word_1_761' title='bbox 2003 3282 2176 3322; x_wconf 87' lang='lat' dir='ltr'><strong>omnes</strong></span> <span class='ocrx_word' id='word_1_762' title='bbox 2201 3269 2314 3337; x_wconf 85' lang='lat' dir='ltr'><strong>ejus</strong></span> <span class='ocrx_word' id='word_1_763' title='bbox 2352 3268 2622 3336; x_wconf 82' lang='lat' dir='ltr'><strong>facultates</strong></span> <span class='ocrx_word' id='word_1_764' title='bbox 2643 3309 2659 3334; x_wconf 93' lang='lat'><strong>,</strong></span> <span class='ocrx_word' id='word_1_765' title='bbox 2709 3280 2843 3322; x_wconf 86' lang='lat' dir='ltr'><strong>certe</strong></span> <span class='ocrx_word' id='word_1_766' title='bbox 2888 3271 2939 3324; x_wconf 87' lang='lat' dir='ltr'><strong>in</strong></span> <span class='ocrx_word' id='word_1_767' title='bbox 2983 3274 3164 3342; x_wconf 78' lang='lat' dir='ltr'><strong>[aciem</strong></span> <span class='ocrx_word' id='word_1_768' title='bbox 3215 3279 3305 3332; x_wconf 88' lang='lat' dir='ltr'><strong>tibi</strong></span> <span class='ocrx_word' id='word_1_769' title='bbox 3333 3279 3586 3337; x_wconf 83' lang='lat' dir='ltr'><strong>benedicet</strong></span> 
     </span>
    </p>
   </div>
   <div class='ocr_carea' id='block_1_96' title="bbox 2004 3355 3584 3429">
    <p class='ocr_par' dir='ltr' id='par_1_96' title="bbox 2004 3355 3584 3429">
     <span class='ocr_line' id='line_1_96' title="bbox 2004 3355 3584 3429; baseline 0.013 -20"><span class='ocrx_word' id='word_1_770' title='bbox 2004 3355 2024 3426; x_wconf 96' lang='lat'><strong>(</strong></span> <span class='ocrx_word' id='word_1_771' title='bbox 2052 3355 2151 3410; x_wconf 84' lang='lat' dir='ltr'><strong>Job</strong></span> <span class='ocrx_word' id='word_1_772' title='bbox 2184 3357 2234 3411; x_wconf 93' lang='grc'><strong>1.</strong></span> <span class='ocrx_word' id='word_1_773' title='bbox 2267 3357 2318 3412; x_wconf 90' lang='lat'><strong>9.</strong></span> <span class='ocrx_word' id='word_1_774' title='bbox 2352 3359 2464 3425; x_wconf 83' lang='grc'><strong>10).</strong></span> <span class='ocrx_word' id='word_1_775' title='bbox 2496 3357 2602 3414; x_wconf 89' lang='lat' dir='ltr'><strong>Sed</strong></span> <span class='ocrx_word' id='word_1_776' title='bbox 2641 3357 2905 3414; x_wconf 83' lang='lat' dir='ltr'><strong>scelerato</strong></span> <span class='ocrx_word' id='word_1_777' title='bbox 2934 3362 3005 3416; x_wconf 92' lang='lat' dir='ltr'><strong>illi</strong></span> <span class='ocrx_word' id='word_1_778' title='bbox 3057 3364 3188 3420; x_wconf 90' lang='lat' dir='ltr'><strong>nihil</strong></span> <span class='ocrx_word' id='word_1_779' title='bbox 3232 3382 3298 3423; x_wconf 80' lang='lat' dir='ltr'><strong>ex</strong></span> <span class='ocrx_word' id='word_1_780' title='bbox 3343 3385 3410 3426; x_wconf 90' lang='lat' dir='ltr'><strong>eo</strong></span> <span class='ocrx_word' id='word_1_781' title='bbox 3449 3372 3584 3429; x_wconf 82' lang='lat' dir='ltr'><strong>lucri</strong></span> 
     </span>
    </p>
   </div>
   <div class='ocr_carea' id='block_1_97' title="bbox 2002 3445 3578 3527">
    <p class='ocr_par' dir='ltr' id='par_1_97' title="bbox 2002 3445 3578 3527">
     <span class='ocr_line' id='line_1_97' title="bbox 2002 3445 3578 3527; baseline 0.013 -28"><span class='ocrx_word' id='word_1_782' title='bbox 2002 3445 2250 3511; x_wconf 89' lang='lat' dir='ltr'><strong>accessit,</strong></span> <span class='ocrx_word' id='word_1_783' title='bbox 2277 3455 2332 3500; x_wconf 90' lang='lat' dir='ltr'><strong>et</strong></span> <span class='ocrx_word' id='word_1_784' title='bbox 2359 3446 2496 3500; x_wconf 92' lang='lat' dir='ltr'><strong>absit</strong></span> <span class='ocrx_word' id='word_1_785' title='bbox 2525 3456 2580 3500; x_wconf 88' lang='grc' dir='ltr'><strong>ιιι</strong></span> <span class='ocrx_word' id='word_1_786' title='bbox 2607 3447 2674 3503; x_wconf 92' lang='lat' dir='ltr'><strong>de</strong></span> <span class='ocrx_word' id='word_1_787' title='bbox 2696 3449 2847 3506; x_wconf 88' lang='lat' dir='ltr'><strong>nobis</strong></span> <span class='ocrx_word' id='word_1_788' title='bbox 2874 3451 2923 3504; x_wconf 90' lang='lat' dir='ltr'><strong>ei</strong></span> <span class='ocrx_word' id='word_1_789' title='bbox 2958 3451 3088 3506; x_wconf 89' lang='lat' dir='ltr'><strong>lucri</strong></span> <span class='ocrx_word' id='word_1_790' title='bbox 3115 3454 3316 3527; x_wconf 88' lang='lat' dir='ltr'><strong>aliquid</strong></span> <span class='ocrx_word' id='word_1_791' title='bbox 3337 3463 3578 3518; x_wconf 89' lang='lat' dir='ltr'><strong>accedat.</strong></span> 
     </span>
    </p>
   </div>
   <div class='ocr_carea' id='block_1_98' title="bbox 2004 3537 3583 3618">
    <p class='ocr_par' dir='ltr' id='par_1_98' title="bbox 2004 3537 3583 3618">
     <span class='ocr_line' id='line_1_98' title="bbox 2004 3537 3583 3618; baseline 0.02 -39"><span class='ocrx_word' id='word_1_792' title='bbox 2004 3537 2111 3592; x_wconf 70' lang='lat' dir='ltr'><strong>Sed</strong></span> <span class='ocrx_word' id='word_1_793' title='bbox 2138 3546 2190 3591; x_wconf 82' lang='lat' dir='ltr'><strong>et</strong></span> <span class='ocrx_word' id='word_1_794' title='bbox 2228 3537 2444 3607; x_wconf 88' lang='lat' dir='ltr'><strong>quando</strong></span> <span class='ocrx_word' id='word_1_795' title='bbox 2485 3538 2740 3594; x_wconf 86' lang='lat' dir='ltr'><strong>fuerimus</strong></span> <span class='ocrx_word' id='word_1_796' title='bbox 2780 3540 2832 3596; x_wconf 88' lang='lat' dir='ltr'><strong>in</strong></span> <span class='ocrx_word' id='word_1_797' title='bbox 2881 3554 3225 3613; x_wconf 88' lang='lat' dir='ltr'><strong>paupertate,</strong></span> <span class='ocrx_word' id='word_1_798' title='bbox 3276 3553 3488 3618; x_wconf 85' lang='lat' dir='ltr'><strong>quando</strong></span> <span class='ocrx_word' id='word_1_799' title='bbox 3531 3556 3583 3610; x_wconf 88' lang='lat' dir='ltr'><strong>itt</strong></span> 
     </span>
    </p>
   </div>
   <div class='ocr_carea' id='block_1_99' title="bbox 2004 3629 3584 3713">
    <p class='ocr_par' dir='ltr' id='par_1_99' title="bbox 2004 3629 3584 3713">
     <span class='ocr_line' id='line_1_99' title="bbox 2004 3629 3584 3713; baseline 0.01 -30"><span class='ocrx_word' id='word_1_800' title='bbox 2004 3629 2207 3684; x_wconf 85' lang='lat' dir='ltr'><strong>morbis</strong></span> <span class='ocrx_word' id='word_1_801' title='bbox 2227 3639 2280 3684; x_wconf 89' lang='lat' dir='ltr'><strong>et</strong></span> <span class='ocrx_word' id='word_1_802' title='bbox 2310 3629 2360 3683; x_wconf 93' lang='lat' dir='ltr'><strong>in</strong></span> <span class='ocrx_word' id='word_1_803' title='bbox 2391 3631 2671 3692; x_wconf 83' lang='lat' dir='ltr'><strong>molestiis,</strong></span> <span class='ocrx_word' id='word_1_804' title='bbox 2705 3642 2830 3687; x_wconf 83' lang='lat' dir='ltr'><strong>tunc</strong></span> <span class='ocrx_word' id='word_1_805' title='bbox 2857 3635 3116 3702; x_wconf 86' lang='lat' dir='ltr'><strong>majorem</strong></span> <span class='ocrx_word' id='word_1_806' title='bbox 3139 3653 3358 3706; x_wconf 87' lang='lat' dir='ltr'><strong>agamus</strong></span> <span class='ocrx_word' id='word_1_807' title='bbox 3384 3646 3584 3713; x_wconf 86' lang='lat' dir='ltr'><strong>gratia-</strong></span> 
     </span>
    </p>
   </div>
   <div class='ocr_carea' id='block_1_100' title="bbox 2007 3719 3590 3796">
    <p class='ocr_par' dir='ltr' id='par_1_100' title="bbox 2007 3719 3590 3796">
     <span class='ocr_line' id='line_1_100' title="bbox 2007 3719 3590 3796; baseline 0.01 -22"><span class='ocrx_word' id='word_1_808' title='bbox 2007 3735 2126 3776; x_wconf 90' lang='lat' dir='ltr'><strong>rum</strong></span> <span class='ocrx_word' id='word_1_809' title='bbox 2160 3719 2428 3778; x_wconf 81' lang='lat' dir='ltr'><strong>actionem</strong></span> <span class='ocrx_word' id='word_1_810' title='bbox 2464 3737 2476 3772; x_wconf 92' lang='lat'><strong>:</strong></span> <span class='ocrx_word' id='word_1_811' title='bbox 2509 3721 2821 3788; x_wconf 85' lang='lat' dir='ltr'><strong>gratiarum,</strong></span> <span class='ocrx_word' id='word_1_812' title='bbox 2855 3723 3109 3792; x_wconf 91' lang='lat' dir='ltr'><strong>inquam,</strong></span> <span class='ocrx_word' id='word_1_813' title='bbox 3155 3729 3440 3796; x_wconf 89' lang='lat' dir='ltr'><strong>actionem,</strong></span> <span class='ocrx_word' id='word_1_814' title='bbox 3481 3749 3590 3790; x_wconf 90' lang='lat' dir='ltr'><strong>non</strong></span> 
     </span>
    </p>
   </div>
   <div class='ocr_carea' id='block_1_101' title="bbox 2005 3810 3590 3893">
    <p class='ocr_par' dir='ltr' id='par_1_101' title="bbox 2005 3810 3590 3893">
     <span class='ocr_line' id='line_1_101' title="bbox 2005 3810 3590 3893; baseline 0.01 -29"><span class='ocrx_word' id='word_1_815' title='bbox 2005 3810 2206 3875; x_wconf 90' lang='lat' dir='ltr'><strong>verbis,</strong></span> <span class='ocrx_word' id='word_1_816' title='bbox 2247 3825 2422 3880; x_wconf 90' lang='lat' dir='ltr'><strong>neque</strong></span> <span class='ocrx_word' id='word_1_817' title='bbox 2450 3810 2649 3880; x_wconf 89' lang='lat' dir='ltr'><strong>lingua,</strong></span> <span class='ocrx_word' id='word_1_818' title='bbox 2682 3812 2776 3866; x_wconf 88' lang='lat' dir='ltr'><strong>sed</strong></span> <span class='ocrx_word' id='word_1_819' title='bbox 2809 3813 2967 3869; x_wconf 89' lang='lat' dir='ltr'><strong>rebus</strong></span> <span class='ocrx_word' id='word_1_820' title='bbox 2992 3826 3044 3869; x_wconf 90' lang='lat' dir='ltr'><strong>et</strong></span> <span class='ocrx_word' id='word_1_821' title='bbox 3075 3815 3251 3885; x_wconf 86' lang='lat' dir='ltr'><strong>factis,</strong></span> <span class='ocrx_word' id='word_1_822' title='bbox 3291 3831 3346 3874; x_wconf 90' lang='lat' dir='ltr'><strong>et</strong></span> <span class='ocrx_word' id='word_1_823' title='bbox 3391 3824 3590 3893; x_wconf 88' lang='lat' dir='ltr'><strong>cogita-</strong></span> 
     </span>
    </p>
   </div>
   <div class='ocr_carea' id='block_1_102' title="bbox 2007 3901 3588 3987">
    <p class='ocr_par' dir='ltr' id='par_1_102' title="bbox 2007 3901 3588 3987">
     <span class='ocr_line' id='line_1_102' title="bbox 2007 3901 3588 3987; baseline 0.009 -32"><span class='ocrx_word' id='word_1_824' title='bbox 2007 3901 2152 3961; x_wconf 88' lang='lat' dir='ltr'><strong>tione</strong></span> <span class='ocrx_word' id='word_1_825' title='bbox 2180 3908 2236 3956; x_wconf 89' lang='lat' dir='ltr'><strong>et</strong></span> <span class='ocrx_word' id='word_1_826' title='bbox 2259 3901 2441 3956; x_wconf 87' lang='lat' dir='ltr'><strong>corde.</strong></span> <span class='ocrx_word' id='word_1_827' title='bbox 2473 3901 2602 3956; x_wconf 84' lang='lat' dir='ltr'><strong>Tota</strong></span> <span class='ocrx_word' id='word_1_828' title='bbox 2631 3902 2804 3956; x_wconf 89' lang='lat' dir='ltr'><strong>anima</strong></span> <span class='ocrx_word' id='word_1_829' title='bbox 2837 3904 2885 3958; x_wconf 88' lang='lat' dir='ltr'><strong>ei</strong></span> <span class='ocrx_word' id='word_1_830' title='bbox 2913 3919 3133 3975; x_wconf 87' lang='lat' dir='ltr'><strong>agamus</strong></span> <span class='ocrx_word' id='word_1_831' title='bbox 3158 3912 3373 3980; x_wconf 83' lang='lat' dir='ltr'><strong>gratias.</strong></span> <span class='ocrx_word' id='word_1_832' title='bbox 3422 3913 3588 3987; x_wconf 82' lang='lat' dir='ltr'><strong>Magis</strong></span> 
     </span>
    </p>
   </div>
   <div class='ocr_carea' id='block_1_103' title="bbox 2004 3991 3590 4075">
    <p class='ocr_par' dir='ltr' id='par_1_103' title="bbox 2004 3991 3590 4075">
     <span class='ocr_line' id='line_1_103' title="bbox 2004 3991 3590 4075; baseline 0.009 -29"><span class='ocrx_word' id='word_1_833' title='bbox 2004 3991 2148 4046; x_wconf 90' lang='lat' dir='ltr'><strong>enim</strong></span> <span class='ocrx_word' id='word_1_834' title='bbox 2180 4005 2278 4045; x_wconf 90' lang='lat' dir='ltr'><strong>nos</strong></span> <span class='ocrx_word' id='word_1_835' title='bbox 2305 3991 2478 4062; x_wconf 89' lang='lat' dir='ltr'><strong>diligit</strong></span> <span class='ocrx_word' id='word_1_836' title='bbox 2506 4007 2662 4063; x_wconf 91' lang='lat' dir='ltr'><strong>quam</strong></span> <span class='ocrx_word' id='word_1_837' title='bbox 2694 3994 2785 4063; x_wconf 89' lang='lat' dir='ltr'><strong>qtti</strong></span> <span class='ocrx_word' id='word_1_838' title='bbox 2818 4010 2915 4049; x_wconf 91' lang='lat' dir='ltr'><strong>nos</strong></span> <span class='ocrx_word' id='word_1_839' title='bbox 2945 4012 3284 4066; x_wconf 87' lang='lat' dir='ltr'><strong>genuerunt;</strong></span> <span class='ocrx_word' id='word_1_840' title='bbox 3331 4013 3386 4058; x_wconf 86' lang='lat' dir='ltr'><strong>et</strong></span> <span class='ocrx_word' id='word_1_841' title='bbox 3423 4021 3590 4075; x_wconf 62' lang='lat' dir='ltr'><strong>quan.</strong></span> 
     </span>
    </p>
   </div>
   <div class='ocr_carea' id='block_1_104' title="bbox 2008 4083 3588 4160">
    <p class='ocr_par' dir='ltr' id='par_1_104' title="bbox 2008 4083 3588 4160">
     <span class='ocr_line' id='line_1_104' title="bbox 2008 4083 3588 4160; baseline 0.011 -24"><span class='ocrx_word' id='word_1_842' title='bbox 2008 4091 2117 4138; x_wconf 91' lang='lat' dir='ltr'><strong>tum</strong></span> <span class='ocrx_word' id='word_1_843' title='bbox 2152 4083 2375 4138; x_wconf 88' lang='lat' dir='ltr'><strong>interest</strong></span> <span class='ocrx_word' id='word_1_844' title='bbox 2407 4085 2545 4138; x_wconf 86' lang='lat' dir='ltr'><strong>inter</strong></span> <span class='ocrx_word' id='word_1_845' title='bbox 2574 4085 2888 4153; x_wconf 88' lang='lat' dir='ltr'><strong>pravitatem</strong></span> <span class='ocrx_word' id='word_1_846' title='bbox 2915 4097 2969 4140; x_wconf 88' lang='lat' dir='ltr'><strong>et</strong></span> <span class='ocrx_word' id='word_1_847' title='bbox 2997 4088 3308 4160; x_wconf 88' lang='lat' dir='ltr'><strong>bonitatem,</strong></span> <span class='ocrx_word' id='word_1_848' title='bbox 3337 4103 3480 4149; x_wconf 89' lang='lat' dir='ltr'><strong>tanta</strong></span> <span class='ocrx_word' id='word_1_849' title='bbox 3508 4110 3588 4153; x_wconf 89' lang='lat' dir='ltr'><strong>est</strong></span> 
     </span>
    </p>
   </div>
   <div class='ocr_carea' id='block_1_105' title="bbox 2006 4173 3590 4251">
    <p class='ocr_par' dir='ltr' id='par_1_105' title="bbox 2006 4173 3590 4251">
     <span class='ocr_line' id='line_1_105' title="bbox 2006 4173 3590 4251; baseline 0.008 -23"><span class='ocrx_word' id='word_1_850' title='bbox 2006 4173 2302 4231; x_wconf 87' lang='lat' dir='ltr'><strong>differentia</strong></span> <span class='ocrx_word' id='word_1_851' title='bbox 2329 4175 2634 4231; x_wconf 83' lang='lat' dir='ltr'><strong>dilectionis</strong></span> <span class='ocrx_word' id='word_1_852' title='bbox 2663 4175 2759 4231; x_wconf 91' lang='lat' dir='ltr'><strong>Dei</strong></span> <span class='ocrx_word' id='word_1_853' title='bbox 2787 4191 2818 4231; x_wconf 89' lang='lat' dir='ltr'><strong>a</strong></span> <span class='ocrx_word' id='word_1_854' title='bbox 2837 4176 3126 4236; x_wconf 79' lang='lat' dir='ltr'><strong>dilectione</strong></span> <span class='ocrx_word' id='word_1_855' title='bbox 3146 4192 3354 4251; x_wconf 87' lang='lat' dir='ltr'><strong>patrum</strong></span> <span class='ocrx_word' id='word_1_856' title='bbox 3377 4198 3590 4244; x_wconf 58' lang='lat' dir='ltr'><strong>nostro.</strong></span> 
     </span>
    </p>
   </div>
   <div class='ocr_carea' id='block_1_106' title="bbox 2006 4279 2148 4322">
    <p class='ocr_par' dir='ltr' id='par_1_106' title="bbox 2006 4279 2148 4322">
     <span class='ocr_line' id='line_1_106' title="bbox 2006 4279 2148 4322; baseline -0.014 -2"><span class='ocrx_word' id='word_1_857' title='bbox 2006 4279 2148 4322; x_wconf 92' lang='lat' dir='ltr'><strong>rum.</strong></span> 
     </span>
    </p>
   </div>
   <div class='ocr_carea' id='block_1_107' title="bbox 2079 4354 3590 4434">
    <p class='ocr_par' dir='ltr' id='par_1_107' title="bbox 2079 4354 3590 4434">
     <span class='ocr_line' id='line_1_107' title="bbox 2079 4354 3590 4434; baseline 0.007 -21"><span class='ocrx_word' id='word_1_858' title='bbox 2079 4359 2132 4414; x_wconf 76' lang='grc'><strong>5.</strong></span> <span class='ocrx_word' id='word_1_859' title='bbox 2173 4355 2356 4426; x_wconf 88' lang='lat' dir='ltr'><strong>Neque</strong></span> <span class='ocrx_word' id='word_1_860' title='bbox 2380 4355 2494 4411; x_wconf 83' lang='lat' dir='ltr'><strong>haec</strong></span> <span class='ocrx_word' id='word_1_861' title='bbox 2517 4354 2684 4411; x_wconf 88' lang='lat' dir='ltr'><strong>verba</strong></span> <span class='ocrx_word' id='word_1_862' title='bbox 2710 4364 2835 4412; x_wconf 74' lang='lat' dir='ltr'><strong>sunt.</strong></span> <span class='ocrx_word' id='word_1_863' title='bbox 2859 4371 2998 4419; x_wconf 90' lang='lat' dir='ltr'><strong>mea.</strong></span> <span class='ocrx_word' id='word_1_864' title='bbox 3028 4361 3120 4414; x_wconf 87' lang='lat' dir='ltr'><strong>sed</strong></span> <span class='ocrx_word' id='word_1_865' title='bbox 3161 4361 3324 4431; x_wconf 78' lang='lat' dir='ltr'><strong>ipsius</strong></span> <span class='ocrx_word' id='word_1_866' title='bbox 3350 4363 3547 4422; x_wconf 83' lang='lat' dir='ltr'><strong>Christi</strong></span> <span class='ocrx_word' id='word_1_867' title='bbox 3575 4412 3590 4434; x_wconf 95' lang='lat'><strong>,</strong></span> 
     </span>
    </p>
   </div>
   <div class='ocr_carea' id='block_1_108' title="bbox 2007 4446 3588 4518">
    <p class='ocr_par' dir='ltr' id='par_1_108' title="bbox 2007 4446 3588 4518">
     <span class='ocr_line' id='line_1_108' title="bbox 2007 4446 3588 4518; baseline 0.006 -18"><span class='ocrx_word' id='word_1_868' title='bbox 2007 4449 2217 4518; x_wconf 91' lang='lat' dir='ltr'><strong>quinos</strong></span> <span class='ocrx_word' id='word_1_869' title='bbox 2236 4447 2445 4516; x_wconf 83' lang='lat' dir='ltr'><strong>diligit:</strong></span> <span class='ocrx_word' id='word_1_870' title='bbox 2473 4446 2596 4502; x_wconf 88' lang='lat' dir='ltr'><strong>audi</strong></span> <span class='ocrx_word' id='word_1_871' title='bbox 2618 4463 2740 4502; x_wconf 92' lang='lat' dir='ltr'><strong>eum</strong></span> <span class='ocrx_word' id='word_1_872' title='bbox 2765 4447 3054 4517; x_wconf 82' lang='lat' dir='ltr'><strong>dicentem,</strong></span> <span class='ocrx_word' id='word_1_873' title='bbox 3085 4451 3212 4518; x_wconf 81' lang='lat' dir='ltr'><strong>Quis</strong></span> <span class='ocrx_word' id='word_1_874' title='bbox 3238 4469 3300 4506; x_wconf 81' lang='lat' dir='ltr'><strong>ea:</strong></span> <span class='ocrx_word' id='word_1_875' title='bbox 3329 4456 3467 4510; x_wconf 77' lang='lat' dir='ltr'><strong>vobis</strong></span> <span class='ocrx_word' id='word_1_876' title='bbox 3494 4459 3588 4511; x_wconf 80' lang='lat' dir='ltr'><strong>Im-</strong></span> 
     </span>
    </p>
   </div>
   <div class='ocr_carea' id='block_1_109' title="bbox 2009 4538 3596 4612">
    <p class='ocr_par' dir='ltr' id='par_1_109' title="bbox 2009 4538 3596 4612">
     <span class='ocr_line' id='line_1_109' title="bbox 2009 4538 3596 4612; baseline 0.006 -20"><span class='ocrx_word' id='word_1_877' title='bbox 2009 4555 2114 4605; x_wconf 87' lang='lat' dir='ltr'><strong>mo,</strong></span> <span class='ocrx_word' id='word_1_878' title='bbox 2139 4539 2225 4608; x_wconf 87' lang='lat' dir='ltr'><strong>qui</strong></span> <span class='ocrx_word' id='word_1_879' title='bbox 2253 4538 2298 4592; x_wconf 88' lang='lat' dir='ltr'><strong>si</strong></span> <span class='ocrx_word' id='word_1_880' title='bbox 2321 4539 2460 4607; x_wconf 77' lang='lat' dir='ltr'><strong>[ilius</strong></span> <span class='ocrx_word' id='word_1_881' title='bbox 2488 4538 2551 4592; x_wconf 90' lang='lat' dir='ltr'><strong>ab</strong></span> <span class='ocrx_word' id='word_1_882' title='bbox 2573 4554 2630 4593; x_wconf 91' lang='lat' dir='ltr'><strong>eo</strong></span> <span class='ocrx_word' id='word_1_883' title='bbox 2656 4539 2853 4609; x_wconf 80' lang='lat' dir='ltr'><strong>petierit</strong></span> <span class='ocrx_word' id='word_1_884' title='bbox 2882 4555 3086 4610; x_wconf 82' lang='lat' dir='ltr'><strong>pauent,</strong></span> <span class='ocrx_word' id='word_1_885' title='bbox 3110 4557 3229 4594; x_wconf 81' lang='lat' dir='ltr'><strong>num</strong></span> <span class='ocrx_word' id='word_1_886' title='bbox 3257 4541 3480 4612; x_wconf 84' lang='lat' dir='ltr'><strong>lapidem</strong></span> <span class='ocrx_word' id='word_1_887' title='bbox 3502 4549 3596 4601; x_wconf 85' lang='lat' dir='ltr'><strong>da-</strong></span> 
     </span>
    </p>
   </div>
   <div class='ocr_carea' id='block_1_110' title="bbox 2011 4628 3595 4693">
    <p class='ocr_par' dir='ltr' id='par_1_110' title="bbox 2011 4628 3595 4693">
     <span class='ocr_line' id='line_1_110' title="bbox 2011 4628 3595 4693; baseline 0.006 -9"><span class='ocrx_word' id='word_1_888' title='bbox 2011 4629 2080 4684; x_wconf 87' lang='lat' dir='ltr'><strong>bit</strong></span> <span class='ocrx_word' id='word_1_889' title='bbox 2105 4631 2195 4683; x_wconf 83' lang='lat' dir='ltr'><strong>ei?</strong></span> <span class='ocrx_word' id='word_1_890' title='bbox 2222 4628 2282 4684; x_wconf 87' lang='lat' dir='ltr'><strong>Si</strong></span> <span class='ocrx_word' id='word_1_891' title='bbox 2306 4640 2474 4682; x_wconf 87' lang='lat' dir='ltr'><strong>autem</strong></span> <span class='ocrx_word' id='word_1_892' title='bbox 2496 4645 2582 4683; x_wconf 84' lang='lat' dir='ltr'><strong>vos</strong></span> <span class='ocrx_word' id='word_1_893' title='bbox 2607 4645 2722 4682; x_wconf 87' lang='lat' dir='ltr'><strong>cum</strong></span> <span class='ocrx_word' id='word_1_894' title='bbox 2763 4630 2871 4684; x_wconf 88' lang='lat' dir='ltr'><strong>sitis</strong></span> <span class='ocrx_word' id='word_1_895' title='bbox 2917 4631 3040 4685; x_wconf 81' lang='lat' dir='ltr'><strong>ntali</strong></span> <span class='ocrx_word' id='word_1_896' title='bbox 3064 4672 3078 4691; x_wconf 89' lang='lat'><strong>,</strong></span> <span class='ocrx_word' id='word_1_897' title='bbox 3121 4632 3257 4685; x_wconf 80' lang='lat' dir='ltr'><strong>scitis</strong></span> <span class='ocrx_word' id='word_1_898' title='bbox 3305 4634 3435 4690; x_wconf 91' lang='lat' dir='ltr'><strong>bona</strong></span> <span class='ocrx_word' id='word_1_899' title='bbox 3473 4640 3595 4693; x_wconf 77' lang='lat' dir='ltr'><strong>data</strong></span> 
     </span>
    </p>
   </div>
   <div class='ocr_carea' id='block_1_111' title="bbox 2012 4719 3594 4796">
    <p class='ocr_par' dir='ltr' id='par_1_111' title="bbox 2012 4719 3594 4796">
     <span class='ocr_line' id='line_1_111' title="bbox 2012 4719 3594 4796; baseline 0.004 -21"><span class='ocrx_word' id='word_1_900' title='bbox 2012 4724 2134 4779; x_wconf 85' lang='lat' dir='ltr'><strong>dare</strong></span> <span class='ocrx_word' id='word_1_901' title='bbox 2161 4721 2282 4796; x_wconf 69' lang='lat' dir='ltr'><strong>[iliis</strong></span> <span class='ocrx_word' id='word_1_902' title='bbox 2306 4721 2478 4775; x_wconf 84' lang='lat' dir='ltr'><strong>vestris</strong></span> <span class='ocrx_word' id='word_1_903' title='bbox 2508 4736 2526 4781; x_wconf 64' lang='grc' dir='ltr'>ς</span> <span class='ocrx_word' id='word_1_904' title='bbox 2550 4729 2735 4789; x_wconf 80' lang='lat' dir='ltr'><strong>quanto</strong></span> <span class='ocrx_word' id='word_1_905' title='bbox 2766 4721 2926 4789; x_wconf 81' lang='lat' dir='ltr'><strong>magis</strong></span> <span class='ocrx_word' id='word_1_906' title='bbox 2949 4719 3104 4774; x_wconf 82' lang='lat' dir='ltr'><strong>Pater</strong></span> <span class='ocrx_word' id='word_1_907' title='bbox 3141 4733 3306 4778; x_wconf 78' lang='lat' dir='ltr'><strong>vester</strong></span> <span class='ocrx_word' id='word_1_908' title='bbox 3329 4727 3416 4795; x_wconf 88' lang='lat' dir='ltr'><strong>qui</strong></span> <span class='ocrx_word' id='word_1_909' title='bbox 3443 4737 3516 4781; x_wconf 87' lang='lat' dir='ltr'><strong>est</strong></span> <span class='ocrx_word' id='word_1_910' title='bbox 3540 4730 3594 4783; x_wconf 78' lang='lat' dir='ltr'><strong>in</strong></span> 
     </span>
    </p>
   </div>
   <div class='ocr_carea' id='block_1_112' title="bbox 2013 4811 3595 4886">
    <p class='ocr_par' dir='ltr' id='par_1_112' title="bbox 2013 4811 3595 4886">
     <span class='ocr_line' id='line_1_112' title="bbox 2013 4811 3595 4886; baseline 0.003 -20"><span class='ocrx_word' id='word_1_911' title='bbox 2013 4813 2150 4868; x_wconf 78' lang='lat' dir='ltr'><strong>cmlis</strong></span> <span class='ocrx_word' id='word_1_912' title='bbox 2192 4811 2323 4866; x_wconf 91' lang='lat' dir='ltr'><strong>bona</strong></span> <span class='ocrx_word' id='word_1_913' title='bbox 2376 4811 2514 4866; x_wconf 87' lang='lat' dir='ltr'><strong>dabit</strong></span> <span class='ocrx_word' id='word_1_914' title='bbox 2555 4811 2617 4864; x_wconf 90' lang='lat' dir='ltr'><strong>iis</strong></span> <span class='ocrx_word' id='word_1_915' title='bbox 2663 4811 2749 4879; x_wconf 86' lang='lat' dir='ltr'><strong>qui</strong></span> <span class='ocrx_word' id='word_1_916' title='bbox 2793 4812 2857 4864; x_wconf 87' lang='lat' dir='ltr'><strong>ab</strong></span> <span class='ocrx_word' id='word_1_917' title='bbox 2900 4811 3011 4878; x_wconf 83' lang='lat' dir='ltr'><strong>ipso</strong></span> <span class='ocrx_word' id='word_1_918' title='bbox 3041 4822 3210 4880; x_wconf 77' lang='lat' dir='ltr'><strong>petunt</strong></span> <span class='ocrx_word' id='word_1_919' title='bbox 3263 4813 3486 4886; x_wconf 80' lang='lat' dir='ltr'><strong>(Matth.</strong></span> <span class='ocrx_word' id='word_1_920' title='bbox 3539 4819 3595 4875; x_wconf 83' lang='lat'><strong>&#39;1.</strong></span> 
     </span>
    </p>
   </div>
   <div class='ocr_carea' id='block_1_113' title="bbox 2017 4901 3602 4975">
    <p class='ocr_par' dir='ltr' id='par_1_113' title="bbox 2017 4901 3602 4975">
     <span class='ocr_line' id='line_1_113' title="bbox 2017 4901 3602 4975; baseline 0 -15"><span class='ocrx_word' id='word_1_921' title='bbox 2017 4904 2103 4960; x_wconf 86' lang='grc'><strong>10.</strong></span> <span class='ocrx_word' id='word_1_922' title='bbox 2135 4903 2267 4975; x_wconf 78' lang='lat' dir='ltr'><strong>il)?</strong></span> <span class='ocrx_word' id='word_1_923' title='bbox 2324 4913 2379 4959; x_wconf 92' lang='lat' dir='ltr'><strong>et</strong></span> <span class='ocrx_word' id='word_1_924' title='bbox 2435 4916 2623 4960; x_wconf 81' lang='lat' dir='ltr'><strong>rursus</strong></span> <span class='ocrx_word' id='word_1_925' title='bbox 2668 4901 2830 4969; x_wconf 87' lang='lat' dir='ltr'><strong>alibi,</strong></span> <span class='ocrx_word' id='word_1_926' title='bbox 2885 4901 3023 4960; x_wconf 70' lang='lat' dir='ltr'><strong>Nunt</strong></span> <span class='ocrx_word' id='word_1_927' title='bbox 3065 4901 3381 4958; x_wconf 78' lang='lat' dir='ltr'><strong>obliviscetur</strong></span> <span class='ocrx_word' id='word_1_928' title='bbox 3417 4908 3602 4962; x_wconf 76' lang='lat' dir='ltr'><strong>mulier</strong></span> 
     </span>
    </p>
   </div>
   <div class='ocr_carea' id='block_1_114' title="bbox 2016 4991 3601 5063">
    <p class='ocr_par' dir='ltr' id='par_1_114' title="bbox 2016 4991 3601 5063">
     <span class='ocr_line' id='line_1_114' title="bbox 2016 4991 3601 5063; baseline 0 -15"><span class='ocrx_word' id='word_1_929' title='bbox 2016 4994 2242 5050; x_wconf 86' lang='lat' dir='ltr'><strong>misereri</strong></span> <span class='ocrx_word' id='word_1_930' title='bbox 2261 4993 2486 5063; x_wconf 77' lang='lat' dir='ltr'><strong>ﬁliorum</strong></span> <span class='ocrx_word' id='word_1_931' title='bbox 2518 4992 2646 5046; x_wconf 83' lang='lat' dir='ltr'><strong>uteri</strong></span> <span class='ocrx_word' id='word_1_932' title='bbox 2673 4991 2800 5046; x_wconf 83' lang='lat' dir='ltr'><strong>sui?</strong></span> <span class='ocrx_word' id='word_1_933' title='bbox 2831 4991 2893 5048; x_wconf 87' lang='lat' dir='ltr'><strong>Si</strong></span> <span class='ocrx_word' id='word_1_934' title='bbox 2935 5003 3104 5048; x_wconf 86' lang='lat' dir='ltr'><strong>autem</strong></span> <span class='ocrx_word' id='word_1_935' title='bbox 3137 5009 3310 5048; x_wconf 84' lang='lat' dir='ltr'><strong>eorum</strong></span> <span class='ocrx_word' id='word_1_936' title='bbox 3337 4993 3601 5048; x_wconf 69' lang='lat' dir='ltr'><strong>obliviscar.-</strong></span> 
     </span>
    </p>
   </div>
   <div class='ocr_carea' id='block_1_115' title="bbox 2021 5085 3604 5156">
    <p class='ocr_par' dir='ltr' id='par_1_115' title="bbox 2021 5085 3604 5156">
     <span class='ocr_line' id='line_1_115' title="bbox 2021 5085 3604 5156; baseline -0.001 -14"><span class='ocrx_word' id='word_1_937' title='bbox 2021 5097 2105 5142; x_wconf 90' lang='lat' dir='ltr'><strong>tur</strong></span> <span class='ocrx_word' id='word_1_938' title='bbox 2135 5087 2334 5152; x_wconf 86' lang='lat' dir='ltr'><strong>mulier,</strong></span> <span class='ocrx_word' id='word_1_939' title='bbox 2386 5101 2478 5156; x_wconf 88' lang='lat' dir='ltr'><strong>ego</strong></span> <span class='ocrx_word' id='word_1_940' title='bbox 2517 5095 2683 5142; x_wconf 87' lang='lat' dir='ltr'><strong>tamen</strong></span> <span class='ocrx_word' id='word_1_941' title='bbox 2711 5086 2786 5138; x_wconf 83' lang='lat' dir='ltr'><strong>tui</strong></span> <span class='ocrx_word' id='word_1_942' title='bbox 2831 5101 2931 5139; x_wconf 89' lang='lat' dir='ltr'><strong>non</strong></span> <span class='ocrx_word' id='word_1_943' title='bbox 2980 5085 3266 5150; x_wconf 80' lang='lat' dir='ltr'><strong>obliviscar,</strong></span> <span class='ocrx_word' id='word_1_944' title='bbox 3320 5086 3444 5140; x_wconf 83' lang='lat' dir='ltr'><strong>dicit</strong></span> <span class='ocrx_word' id='word_1_945' title='bbox 3493 5086 3604 5141; x_wconf 76' lang='lat' dir='ltr'><strong>Do-</strong></span> 
     </span>
    </p>
   </div>
   <div class='ocr_carea' id='block_1_116' title="bbox 2019 5177 3606 5252">
    <p class='ocr_par' dir='ltr' id='par_1_116' title="bbox 2019 5177 3606 5252">
     <span class='ocr_line' id='line_1_116' title="bbox 2019 5177 3606 5252; baseline -0.002 -17"><span class='ocrx_word' id='word_1_946' title='bbox 2019 5181 2186 5236; x_wconf 88' lang='lat' dir='ltr'><strong>minus</strong></span> <span class='ocrx_word' id='word_1_947' title='bbox 2214 5178 2367 5252; x_wconf 87' lang='lat' dir='ltr'><strong>(lsai.</strong></span> <span class='ocrx_word' id='word_1_948' title='bbox 2398 5179 2490 5236; x_wconf 71' lang='lat' dir='ltr'><strong>b9.</strong></span> <span class='ocrx_word' id='word_1_949' title='bbox 2525 5180 2634 5250; x_wconf 82' lang='grc'><strong>15).</strong></span> <span class='ocrx_word' id='word_1_950' title='bbox 2661 5177 2794 5238; x_wconf 77' lang='lat' dir='ltr'><strong>Nam</strong></span> <span class='ocrx_word' id='word_1_951' title='bbox 2821 5178 2865 5233; x_wconf 89' lang='lat' dir='ltr'><strong>si</strong></span> <span class='ocrx_word' id='word_1_952' title='bbox 2895 5193 3002 5232; x_wconf 93' lang='lat' dir='ltr'><strong>non</strong></span> <span class='ocrx_word' id='word_1_953' title='bbox 3046 5178 3246 5246; x_wconf 83' lang='lat' dir='ltr'><strong>diligit,</strong></span> <span class='ocrx_word' id='word_1_954' title='bbox 3272 5193 3370 5233; x_wconf 90' lang='lat' dir='ltr'><strong>cur</strong></span> <span class='ocrx_word' id='word_1_955' title='bbox 3391 5193 3493 5236; x_wconf 88' lang='lat' dir='ltr'><strong>nos</strong></span> <span class='ocrx_word' id='word_1_956' title='bbox 3529 5181 3606 5235; x_wconf 61' lang='lat' dir='ltr'><strong>fo.</strong></span> 
     </span>
    </p>
   </div>
   <div class='ocr_carea' id='block_1_117' title="bbox 2019 5268 3607 5340">
    <p class='ocr_par' dir='ltr' id='par_1_117' title="bbox 2019 5268 3607 5340">
     <span class='ocr_line' id='line_1_117' title="bbox 2019 5268 3607 5340; baseline 0.001 -14"><span class='ocrx_word' id='word_1_957' title='bbox 2019 5273 2129 5327; x_wconf 87' lang='lat' dir='ltr'><strong>cit?</strong></span> <span class='ocrx_word' id='word_1_958' title='bbox 2156 5286 2283 5326; x_wconf 92' lang='lat' dir='ltr'><strong>num</strong></span> <span class='ocrx_word' id='word_1_959' title='bbox 2305 5271 2403 5327; x_wconf 91' lang='lat' dir='ltr'><strong>fuit</strong></span> <span class='ocrx_word' id='word_1_960' title='bbox 2426 5271 2474 5326; x_wconf 91' lang='lat' dir='ltr'><strong>ei</strong></span> <span class='ocrx_word' id='word_1_961' title='bbox 2501 5269 2762 5328; x_wconf 87' lang='lat' dir='ltr'><strong>necesse?</strong></span> <span class='ocrx_word' id='word_1_962' title='bbox 2790 5283 2916 5326; x_wconf 91' lang='lat' dir='ltr'><strong>num</strong></span> <span class='ocrx_word' id='word_1_963' title='bbox 2943 5268 3142 5338; x_wconf 84' lang='lat' dir='ltr'><strong>aliquid</strong></span> <span class='ocrx_word' id='word_1_964' title='bbox 3168 5268 3392 5324; x_wconf 84' lang='lat' dir='ltr'><strong>facimus</strong></span> <span class='ocrx_word' id='word_1_965' title='bbox 3415 5285 3524 5340; x_wconf 90' lang='lat' dir='ltr'><strong>quo</strong></span> <span class='ocrx_word' id='word_1_966' title='bbox 3551 5273 3607 5328; x_wconf 91' lang='lat' dir='ltr'><strong>ci</strong></span> 
     </span>
    </p>
   </div>
   <div class='ocr_carea' id='block_1_118' title="bbox 2022 5360 3607 5436">
    <p class='ocr_par' dir='ltr' id='par_1_118' title="bbox 2022 5360 3607 5436">
     <span class='ocr_line' id='line_1_118' title="bbox 2022 5360 3607 5436; baseline -0.002 -16"><span class='ocrx_word' id='word_1_967' title='bbox 2022 5366 2095 5421; x_wconf 91' lang='lat' dir='ltr'><strong>sit</strong></span> <span class='ocrx_word' id='word_1_968' title='bbox 2118 5380 2276 5436; x_wconf 88' lang='lat' dir='ltr'><strong>opus,</strong></span> <span class='ocrx_word' id='word_1_969' title='bbox 2305 5374 2358 5420; x_wconf 90' lang='lat' dir='ltr'><strong>et</strong></span> <span class='ocrx_word' id='word_1_970' title='bbox 2385 5365 2434 5421; x_wconf 89' lang='lat' dir='ltr'><strong>ei</strong></span> <span class='ocrx_word' id='word_1_971' title='bbox 2464 5363 2734 5434; x_wconf 84' lang='lat' dir='ltr'><strong>fungimur</strong></span> <span class='ocrx_word' id='word_1_972' title='bbox 2755 5360 3099 5417; x_wconf 81' lang='lat' dir='ltr'><strong>ministerio?</strong></span> <span class='ocrx_word' id='word_1_973' title='bbox 3130 5375 3256 5415; x_wconf 91' lang='lat' dir='ltr'><strong>num</strong></span> <span class='ocrx_word' id='word_1_974' title='bbox 3283 5361 3463 5431; x_wconf 88' lang='lat' dir='ltr'><strong>aliquo</strong></span> <span class='ocrx_word' id='word_1_975' title='bbox 3487 5373 3607 5432; x_wconf 79' lang='lat' dir='ltr'><strong>eget</strong></span> 
     </span>
    </p>
   </div>
   <div class='ocr_carea' id='block_1_119' title="bbox 2025 5451 3608 5533">
    <p class='ocr_par' dir='ltr' id='par_1_119' title="bbox 2025 5451 3608 5533">
     <span class='ocr_line' id='line_1_119' title="bbox 2025 5451 3608 5533; baseline -0.004 -20"><span class='ocrx_word' id='word_1_976' title='bbox 2025 5472 2091 5513; x_wconf 80' lang='lat' dir='ltr'><strong>ex</strong></span> <span class='ocrx_word' id='word_1_977' title='bbox 2117 5457 2357 5512; x_wconf 86' lang='lat' dir='ltr'><strong>nostris?</strong></span> <span class='ocrx_word' id='word_1_978' title='bbox 2385 5455 2521 5513; x_wconf 77' lang='lat' dir='ltr'><strong>Audi</strong></span> <span class='ocrx_word' id='word_1_979' title='bbox 2553 5453 2864 5523; x_wconf 85' lang='lat' dir='ltr'><strong>prophetam</strong></span> <span class='ocrx_word' id='word_1_980' title='bbox 2885 5451 3192 5507; x_wconf 88' lang='lat' dir='ltr'><strong>dicentem:</strong></span> <span class='ocrx_word' id='word_1_981' title='bbox 3217 5451 3338 5506; x_wconf 71' lang='lat' dir='ltr'><strong>Dixi</strong></span> <span class='ocrx_word' id='word_1_982' title='bbox 3364 5454 3608 5533; x_wconf 63' lang='lat' dir='ltr'><strong>Domina,</strong></span> 
     </span>
    </p>
   </div>
   <div class='ocr_carea' id='block_1_120' title="bbox 2027 5543 3610 5616">
    <p class='ocr_par' dir='ltr' id='par_1_120' title="bbox 2027 5543 3610 5616">
     <span class='ocr_line' id='line_1_120' title="bbox 2027 5543 3610 5616; baseline -0.002 -16"><span class='ocrx_word' id='word_1_983' title='bbox 2027 5546 2167 5602; x_wconf 88' lang='lat' dir='ltr'><strong>Deus</strong></span> <span class='ocrx_word' id='word_1_984' title='bbox 2186 5562 2325 5601; x_wconf 86' lang='lat' dir='ltr'><strong>meus</strong></span> <span class='ocrx_word' id='word_1_985' title='bbox 2349 5562 2400 5600; x_wconf 86' lang='lat' dir='ltr'><strong>es</strong></span> <span class='ocrx_word' id='word_1_986' title='bbox 2438 5553 2512 5610; x_wconf 84' lang='lat' dir='ltr'><strong>tu,</strong></span> <span class='ocrx_word' id='word_1_987' title='bbox 2553 5543 2793 5614; x_wconf 83' lang='lat' dir='ltr'><strong>quoniam</strong></span> <span class='ocrx_word' id='word_1_988' title='bbox 2843 5543 3086 5597; x_wconf 88' lang='lat' dir='ltr'><strong>bonorum</strong></span> <span class='ocrx_word' id='word_1_989' title='bbox 3113 5561 3339 5598; x_wconf 74' lang='lat' dir='ltr'><strong>uacarunt</strong></span> <span class='ocrx_word' id='word_1_990' title='bbox 3368 5560 3469 5598; x_wconf 90' lang='lat' dir='ltr'><strong>non</strong></span> <span class='ocrx_word' id='word_1_991' title='bbox 3494 5562 3610 5616; x_wconf 56' lang='lat' dir='ltr'><strong>eges</strong></span> 
     </span>
    </p>
   </div>
   <div class='ocr_carea' id='block_1_121' title="bbox 2027 5636 3608 5714">
    <p class='ocr_par' dir='ltr' id='par_1_121' title="bbox 2027 5636 3608 5714">
     <span class='ocr_line' id='line_1_121' title="bbox 2027 5636 3608 5714; baseline -0.001 -19"><span class='ocrx_word' id='word_1_992' title='bbox 2027 5642 2200 5714; x_wconf 85' lang='lat' dir='ltr'><strong>(Psal.</strong></span> <span class='ocrx_word' id='word_1_993' title='bbox 2237 5640 2325 5706; x_wconf 77' lang='grc'><strong>15.</strong></span> <span class='ocrx_word' id='word_1_994' title='bbox 2352 5639 2430 5710; x_wconf 70' lang='grc'><strong>2).</strong></span> <span class='ocrx_word' id='word_1_995' title='bbox 2460 5637 2564 5695; x_wconf 86' lang='lat' dir='ltr'><strong>Sed</strong></span> <span class='ocrx_word' id='word_1_996' title='bbox 2589 5636 2772 5699; x_wconf 83' lang='lat' dir='ltr'><strong>dicunt</strong></span> <span class='ocrx_word' id='word_1_997' title='bbox 2800 5637 2990 5709; x_wconf 79' lang='lat' dir='ltr'><strong>ingrati</strong></span> <span class='ocrx_word' id='word_1_998' title='bbox 3017 5647 3070 5698; x_wconf 86' lang='lat' dir='ltr'><strong>et</strong></span> <span class='ocrx_word' id='word_1_999' title='bbox 3098 5639 3244 5704; x_wconf 84' lang='lat' dir='ltr'><strong>nullo</strong></span> <span class='ocrx_word' id='word_1_1000' title='bbox 3267 5654 3430 5702; x_wconf 81' lang='lat' dir='ltr'><strong>sensu</strong></span> <span class='ocrx_word' id='word_1_1001' title='bbox 3474 5655 3608 5711; x_wconf 66' lang='lat' dir='ltr'><strong>pm.</strong></span> 
     </span>
    </p>
   </div>
  </div>
