4042 6212
424 278 513 332 151

422 393 548 460 diti,
572 390 770 448 κέραιε
794 403 926 450 sunt
953 393 1048 449 Dei
1077 393 1360 460 bonitatis,
1391 403 1449 446 ut
1491 392 1560 446 sit
1589 388 1839 446 omnibus
1870 389 2008 459 pari-

427 490 509 533 tas
537 480 796 536 honoris?
825 481 919 538 Dic
948 482 1101 549 mihi,
1131 483 1293 538 homo
1331 482 1558 552 ingrate,
1595 496 1837 550 quamam
1877 479 2011 535 dicis

430 587 535 627 non
565 589 689 630 esse
735 574 827 630 Dei
873 576 1144 642 bonitatis,
1192 585 1245 630 et
1280 588 1566 644 quaumam
1615 574 1750 629 dicis
1793 573 2011 628 honoris

431 665 837 732 a‘qnalitatem?
863 664 960 720 l-lic
985 680 1014 719 a
1039 679 1204 735 puero
1234 664 1453 718 mutilus
1479 674 1582 730 est,
1611 666 1749 721 alius
1791 664 2007 731 insanit,

431 765 485 808 et
513 764 734 810 vexatur
758 771 788 810 a
814 755 1096 818 daemone;
1127 754 1264 808 alius
1302 755 1389 824 qui
1436 754 1502 808 ad
1535 765 1827 810 extremam
1864 755 2013 810 venit

431 854 798 910 senectutem,
858 854 1021 899 totam
1069 845 1228 898 vitam
1279 846 1537 915 transegit
1585 846 1635 900 in
1676 853 2006 916 paupertate,

429 935 566 990 alius
594 936 645 989 in
680 934 880 989 morbis
905 935 1235 1005 gravissimis
1270 953 1285 990 :
1313 935 1500 991 barcne
1524 943 1649 991 sunt
1694 950 1855 1005 opera
1889 949 2011 1005 pro-

430 1026 676 1080 videntiae
701 1029 726 1080 7
755 1027 849 1080 llic
874 1026 1088 1096 quidem
1116 1036 1197 1081 est
1225 1027 1420 1081 surdus
1449 1067 1465 1094 ,
1505 1027 1596 1082 ille
1638 1041 1767 1082 vero
1795 1035 2008 1092 mutus;

430 1116 515 1170 hic
542 1125 625 1170 est
653 1131 872 1186 μιιιβθῑ,
899 1118 1037 1172 alius
1077 1132 1206 1172 vero
1231 1118 1524 1172 sceleratus
1571 1125 1732 1187 atque
1774 1117 2009 1172 scelera-

428 1207 666 1261 tissimus
691 1219 742 1260 ct
775 1207 958 1275 plenus
987 1208 1141 1261 malis
1169 1209 1492 1272 innumeris,
1533 1207 1729 1263 fruitur
1772 1207 2012 1278 pecuniis

427 1308 480 1352 et
510 1299 604 1352 alit
639 1301 947 1354 meretrices
974 1311 1028 1354 et
1058 1301 1339 1368 parasitos,
1383 1301 1776 1370 praeclarasque
1805 1309 1860 1354 et
1897 1314 2011 1353 ma-

426 1392 648 1459 gniticas
675 1392 818 1446 mdes
841 1393 1102 1461 possidet,
1130 1403 1183 1447 et
1209 1395 1369 1447 vitam
1394 1394 1500 1462 agit
1527 1393 1757 1462 quietam
1785 1403 1839 1448 et
1862 1393 2008 1448 otnni

429 1482 642 1552 negotio
673 1497 911 1536 vacuam.
946 1482 1213 1552 Multaque
1261 1484 1526 1552 ejusmodi
1557 1483 1845 1553 colligunt,
1897 1483 2011 1537 lon-

426 1587 544 1640 gam
576 1582 925 1627 contexentes
951 1575 1252 1628 orationem
1299 1575 1558 1628 adversus
1601 1574 1694 1627 Dei
1729 1572 2011 1643 providen-

429 1663 576 1718 tiam.
611 1663 743 1731 Quid
771 1663 938 1734 crgo?
970 1663 1182 1720 nullane
1204 1673 1286 1719 est
1314 1664 1648 1734 providentia
1669 1665 1694 1717 ?
1722 1663 1846 1734 quid
1883 1679 2009 1734 ergo

427 1754 668 1808 dicemus
697 1753 763 1808 ad
793 1754 950 1808 illos?
982 1752 1039 1809 Si
1064 1763 1248 1809 essent
1285 1755 1501 1825 quidem
1529 1753 1723 1820 Graeci,
1774 1763 1830 1808 et
1865 1755 2009 1808 dice-

428 1857 547 1898 rent
577 1846 732 1899 nobis
773 1846 1026 1901 mundum
1072 1846 1139 1901 ab
1167 1849 1346 1916 aliquo
1388 1845 1747 1901 administrari
1777 1863 1789 1899 :
1825 1862 2008 1901 rursus

429 1951 527 1990 nos
553 1952 766 2008 quoque
792 1936 979 1992 eadem
1023 1937 1100 1992 eis
1129 1938 1430 1994 diceremus
1459 1956 1472 1993 :
1517 1937 1654 2005 Quid
1685 1953 1834 2008 ergo,
1867 1939 2007 1992 tmlla

428 2039 512 2082 est
542 2029 921 2098 providentia?
945 2029 1215 2099 quomodo
1243 2045 1372 2101 ergo
1399 2044 1495 2085 vos
1522 2030 1651 2085 deos
1678 2031 1870 2095 colitis,
1902 2031 2008 2085 dze-

429 2133 617 2172 mones
640 2129 694 2172 et
724 2118 918 2173 heroas
944 2119 1220 2173 adoratis?
1251 2136 1370 2174 nam
1399 2120 1442 2174 si
1465 2128 1546 2175 est
1567 2122 1920 2190 providentia,
1945 2135 2007 2176 ea

427 2209 666 2261 onminm
687 2222 869 2262 curam
897 2207 1055 2278 gerit.
1085 2209 1142 2263 Si
1180 2209 1286 2264 sint
1324 2210 1487 2280 aliqui
1515 2212 1603 2280 qui
1641 2226 1785 2281 a‘gre
1835 2210 2008 2267 ferant

427 2297 713 2350 Christiani
745 2299 825 2352 vel
851 2299 1013 2353 etiam
1037 2299 1232 2366 Graeci,
1256 2309 1312 2358 et
1337 2302 1425 2371 qui
1454 2302 1745 2368 labascant,
1777 2302 1902 2372 quid
1929 2304 2008 2358 eis

429 2385 706 2441 dicemus?
737 2386 864 2440 Tam
884 2388 1476 2460 multaue.dic,qu:eso,
1501 2405 1626 2446 casu
1650 2392 1783 2445 facta
1810 2391 2010 2448 fuerint

430 2474 605 2530 bona?
628 2476 716 2530 lux
743 2477 1072 2545 quotidiana,
1100 2478 1236 2534 bene
1261 2480 1552 2549 dispositus
1583 2481 1717 2536 ordo
1744 2481 1796 2536 in
1823 2483 2004 2551 rebus,

428 2573 692 2619 astrorum
715 2566 938 2634 chorea,
969 2567 1178 2622 dierum
1208 2578 1264 2622 et
1289 2572 1523 2626 noetium
1553 2586 1743 2628 cursus
1765 2589 1828 2627 ex
1852 2588 2006 2643 aequo

429 2656 750 2720 consistens,
777 2666 980 2711 naturae
994 2659 1375 2728 consequentia
1397 2670 1452 2714 et
1467 2662 1518 2715 iu
1543 2663 1734 2729 plantis
1747 2672 1801 2717 et
1817 2663 1869 2716 in
1891 2664 2007 2717 atti-

433 2745 657 2800 malibus
687 2755 742 2800 et
781 2747 831 2800 in
865 2747 1210 2802 hominibus?
1254 2750 1381 2815 Quis
1409 2761 1512 2816 est,
1542 2752 1872 2822 dic,quzeso,
1917 2755 2006 2824 qui

433 2835 546 2888 haec
586 2835 965 2892 administrat?
994 2840 1050 2892 Si
1085 2841 1260 2895 nullus
1284 2851 1362 2894 est
1394 2842 1481 2910 qui
1513 2844 1713 2911 przesit,
1757 2844 1850 2897 sed
1875 2860 2006 2898 casu

428 2935 674 2980 constant
703 2929 880 2982 omnia
905 2945 920 2994 ;
951 2931 1070 2998 quis
1099 2930 1239 2984 hunc
1267 2939 1372 2984 tam
1420 2931 1722 3000 pulchrum,
1757 2944 1863 2988 tam
1893 2952 2006 2989 ma-

427 3033 586 3088 guum
617 3019 892 3086 fornicem,
913 3035 1105 3091 nempe
1127 3023 1339 3088 caelum,
1380 3025 1804 3081 circumductum
1841 3044 2005 3098 super

429 3118 644 3174 terram,
658 3110 924 3182 etiamque
938 3129 1097 3181 super
1110 3127 1274 3183 aquas
1289 3116 1474 3170 statuit
1488 3115 1512 3168 ?
1527 3118 1644 3186 quis
1653 3117 1744 3172 dat
1763 3129 2001 3189 tempora

428 3198 628 3254 ferendi
659 3199 1034 3274 fructus?quis
1061 3213 1254 3258 tantam
1281 3204 1384 3258 vim
1417 3208 1592 3275 posuit
1617 3211 1668 3261 in
1709 3210 2005 3267 seminibus

427 3299 482 3343 et
503 3291 872 3359 plantis?Nam
896 3293 1039 3362 quod
1060 3291 1119 3347 fit
1137 3309 1287 3359 casu,
1310 3303 1399 3350 est
1425 3297 1580 3366 plane
1606 3299 1959 3357 inordinatum
1984 3319 2000 3358 :

427 3382 568 3451 quod
599 3393 774 3437 autem
801 3391 886 3439 est
907 3383 1044 3440 bene
1069 3387 1394 3456 ordinatum,
1419 3387 1476 3442 lit
1508 3399 1642 3446 arte.
1677 3393 1809 3457 Quid
1833 3397 2000 3462 enim,

424 3473 756 3543 dir,qua-so?
779 3490 845 3529 ea
871 3491 992 3544 quae
1020 3478 1159 3546 apud
1188 3493 1288 3532 nos
1308 3494 1434 3534 casu
1463 3481 1614 3547 fiunt,
1639 3499 1814 3540 nonne
1840 3487 2001 3541 multa

429 3564 582 3632 plena
613 3574 738 3619 sunt
759 3566 1090 3633 confusione,
1120 3571 1393 3640 multoque
1433 3573 1660 3626 tumultu
1689 3583 1744 3629 et
1792 3587 2001 3645 pertur-

424 3653 680 3709 batione?
706 3655 816 3711 Nec
840 3657 961 3712 dico
989 3661 1160 3713 solum
1187 3675 1332 3726 casu,
1356 3662 1448 3716 sed
1473 3664 1632 3717 etiam
1656 3664 1879 3722 faciente
1902 3669 2000 3721 ali-

422 3760 551 3814 quo,
583 3761 768 3800 verum
810 3747 1037 3803 faciente
1067 3750 1184 3804 sine
1204 3761 1339 3806 arte.
1381 3753 1622 3824 EXempli
1644 3769 1806 3810 causa
1835 3775 1848 3810 :
1896 3759 2004 3813 sint

423 3836 560 3904 ligna
589 3847 641 3890 et
665 3837 887 3905 lapides,
915 3848 969 3893 et
995 3841 1067 3894 sit
1087 3840 1225 3904 calx,
1254 3852 1308 3897 et
1343 3843 1408 3899 iis
1431 3847 1662 3915 acceptis
1687 3847 1850 3905 homo
1869 3851 1999 3906 aedi-

423 3925 612 3980 licandi
629 3927 696 3978 im
703 3929 904 3996 peritus
914 3931 1136 3986 mdilicet
1147 3941 1204 3986 et
1214 3943 1488 4003 operetur:
1504 3952 1679 3993 annon
1691 3942 1867 3996 omnia
1881 3959 2002 4012 per-

420 4015 500 4070 dit
514 4025 567 4070 et
586 4019 900 4089 corrumpit?
916 4020 1140 4086 Rursus,
1157 4024 1226 4078 sit
1243 4026 1391 4080 navis
1406 4028 1606 4099 absque
1624 4031 1997 4101 gubernatore,

420 4122 538 4174 quae
571 4109 746 4161 omnia
767 4107 959 4164 habeat
995 4126 1113 4180 qua:
1131 4124 1339 4183 oportet
1363 4116 1559 4174 habere
1587 4137 1778 4178 navem
1806 4136 2000 4195 praeter

417 4196 848 4267 gubernatorem.
868 4215 971 4256 non
993 4203 1113 4257 dico
1125 4220 1234 4259 non
1253 4207 1528 4278 instructa,
1546 4213 1638 4268 sed
1661 4231 1727 4270 ne
1743 4217 1997 4276 instructa

418 4287 633 4358 quidem
656 4291 850 4359 poterit
876 4293 1159 4364 navigare?
1185 4294 1252 4350 Et
1269 4306 1407 4353 terra
1427 4315 1546 4370 quze
1567 4313 1650 4358 est
1665 4314 1828 4373 tanta,
1851 4320 2000 4367 stans

418 4392 580 4449 super
606 4394 818 4450 aquam,
839 4382 1044 4453 absque
1069 4384 1246 4454 aliqua
1275 4401 1396 4458 qua:
1419 4396 1687 4450 contineat
1711 4407 1994 4469 potestate,

419 4477 568 4524 tanto
591 4481 950 4541 temporestat
970 4473 1157 4531 ﬁrma?
1179 4477 1413 4535 baroeiue
1433 4483 1592 4538 ullam
1621 4487 1817 4544 habent
1834 4493 2000 4548 ratio-

418 4559 639 4614 nem?ct
659 4562 772 4617 haec
795 4565 1027 4633 «agitare
1052 4581 1230 4623 nerine
1252 4579 1334 4625 est
1351 4575 1571 4630 omnino
1597 4578 1908 4637 ridiculum?
1931 4583 1997 4640 Et

416 4649 460 4703 si
482 4665 614 4718 aqua
633 4651 790 4706 etiam
808 4653 912 4709 fert
931 4658 1140 4726 caelum,
1154 4672 1280 4717 ceae
1300 4663 1441 4720 aliud
1459 4681 1594 4724 onus
1613 4688 1627 4725 :
1647 4672 1690 4725 si
1711 4683 1887 4729 autem
1899 4690 1998 4732 cae-

419 4739 529 4794 lum
555 4757 768 4812 quoque
793 4742 996 4801 feratur
1019 4749 1070 4802 in
1101 4765 1260 4820 aqua,
1292 4769 1475 4812 rursus
1501 4759 1602 4813 alia
1633 4766 1873 4830 qutestio.
1889 4764 1994 4821 Sed

417 4839 584 4886 totum
603 4847 738 4903 Opus
761 4847 844 4890 cst
877 4839 1241 4907 providentia-.
1256 4845 1402 4901 Nam
1427 4865 1547 4920 qua:
1573 4853 1812 4911 feruntur
1831 4873 1994 4930 super

416 4936 610 4992 aquas,
638 4940 743 4978 non
767 4938 977 4996 oportet
991 4944 1110 4986 esse
1130 4934 1368 5001 incurva,
1394 4941 1487 4995 sed
1510 4957 1760 5001 concava.
1785 4948 1992 5016 Quare?

411 5011 672 5077 Quoniam
702 5029 897 5086 cmpos
932 5019 1148 5087 quidem
1183 5029 1406 5083 concavi
1451 5039 1620 5087 totum
1663 5011 1993 5110 immergitur

415 5103 470 5154 in
495 5108 652 5173 aquis
675 5115 939 5177 tamquam
961 5109 1013 5164 in
1037 5127 1169 5168 nave
1188 5131 1206 5168 :
1237 5118 1437 5174 incurvi
1463 5134 1637 5179 autem
1660 5103 1987 5202 corpns'qui-

409 5191 533 5247 dem
570 5203 738 5252 totum
787 5209 869 5255 est
897 5215 1151 5271 superne,
1179 5217 1423 5264 extrema
1452 5226 1630 5269 autem
1669 5219 1843 5274 solum
1883 5224 1985 5278 im-

411 5281 644 5348 pendent
669 5298 728 5341 et
753 5292 1040 5362 attingunt.
1067 5295 1127 5348 Ei
1153 5310 1284 5367 ergo
1308 5313 1442 5369 opus
1472 5315 1550 5358 est
1581 5321 1805 5377 corpore
1826 5311 1982 5380 duro,

410 5370 712 5438 resistente,
735 5387 796 5432 ct
827 5382 965 5448 quod
1021 5386 1189 5453 possit
1226 5392 1522 5460 continere,
1575 5405 1632 5450 ut
1673 5370 1807 5454 ferat
1845 5370 1984 5460 onus

408 5460 740 5561 itnpositnm.
779 5470 849 5561 At
874 5487 968 5528 aer
988 5473 1087 5531 fert
1111 5479 1337 5535 etenim?
1359 5482 1466 5540 Sed
1495 5487 1640 5543 isest
1659 5505 1794 5561 aqua
1817 5497 1984 5552 multo

415 5551 624 5608 mollior
649 5565 707 5609 ct
731 5557 922 5625 laxior,
948 5573 1003 5619 et
1033 5583 1104 5622 ne
1146 5571 1549 5634 subtilissimum
1592 5551 1802 5650 quidem
1831 5591 1983 5659 quid-

403 5657 560 5715 quam
602 5657 780 5719 potest
803 5651 1100 5726 continere,
1127 5663 1324 5722 nedum
1367 5678 1564 5729 tantam
1610 5679 1821 5736 molem.
1845 5651 1979 5741 δηι-

1187 279 1246 335 S.
1287 276 1564 334 JOANNIS
1595 268 2064 332 CHRYSOS'I‘OMI
2102 274 2415 334 ARCHIEP.
2456 280 2984 340 (IONSTANTINOI’.

3603 298 3701 354 13‘]

2117 391 2244 444 uino
2266 395 2308 446 si
2335 392 2556 448 velimus
2583 412 2704 466 quae
2748 409 2873 454 sunt
2900 401 3251 469 providentiae
3294 415 3347 460 et
3377 407 3621 467 universe
3647 425 3701 469 ct

2115 482 2380 550 sigillatim
2427 499 2490 538 ac
2536 487 2838 542 minutatim
2870 492 3148 561 persequi,
3184 503 3352 549 totum
3381 513 3556 555 rerum
3599 518 3699 559 nos

2114 570 2348 627 deficiet.
2379 573 2720 646 Interrogabo
2749 579 2892 632 enim
2914 595 3035 634 eum
3065 583 3153 651 qui
3178 583 3265 638 illa
3290 602 3428 640 nunc
3458 592 3649 658 quaerit
3682 612 3696 648 :

2119 660 2371 718 Ha'ccine
2399 675 2526 720 sunt
2575 667 2924 738 providentia:
2972 685 3040 726 an
3070 673 3185 727 sine
3225 676 3600 745 providentia?
3642 681 3698 738 Si

2114 751 2330 820 dixerit,
2360 755 2474 810 Non
2515 767 2641 812 sunt
2685 760 3034 828 providentiae
3062 779 3078 816 :
3110 779 3296 821 rursus
3323 784 3444 824 eum
3475 773 3698 842 rogabo,

2118 842 2400 911 Quomodo
2427 863 2555 919 ergo
2585 851 2719 906 facta
2747 855 2915 909 sunt?
2960 857 3066 912 Sed
3111 874 3214 914 non
3248 863 3440 930 poterit
3466 866 3699 935 aliquam

2115 935 2298 993 dicere
2323 941 2604 998 rationem.
2641 944 2803 999 Multo
2841 948 3009 1018 magis
3043 964 3170 1020 ergo
3213 967 3318 1007 non
3361 953 3526 1010 debes
3554 973 3700 1027 qua-

2114 1045 2234 1085 rere
2260 1045 2360 1087 nec
2389 1034 2598 1089 curiose
2623 1036 2874 1107 indagare
2901 1040 2967 1095 de
2995 1041 3155 1096 rebus
3179 1043 3447 1101 humanis.
3481 1048 3698 1116 Quare?

2113 1119 2376 1188 Quoniam
2416 1124 2576 1180 homo
2606 1138 2688 1182 est
2734 1129 2816 1184 his
2845 1133 3095 1189 omnibus
3140 1140 3478 1206 prmstantior
3517 1151 3569 1196 et
3596 1143 3698 1197 ho-

2113 1213 2423 1280 norabilior,
2452 1224 2505 1270 et
2534 1217 2647 1273 haec
2675 1229 2892 1290 propter
2918 1222 3066 1277 illum
3111 1222 3248 1281 facta
3278 1238 3418 1295 sunt,
3470 1245 3574 1285 non
3606 1233 3698 1289 ille

2115 1316 2332 1373 propter
2360 1305 2494 1362 ha'c.

2185 1395 2240 1450 4.
2282 1396 2471 1452 Rerum
2507 1405 2819 1457 naturalium
2847 1421 3028 1460 causas
3073 1408 3382 1479 ignoramus.
3424 1412 3697 1470 Peccatum

2111 1487 2275 1540 solum
2309 1490 2518 1545 malum.
2541 1521 2613 1533 —
2633 1492 2687 1549 Si
2720 1510 2848 1565 ergo
2874 1499 2990 1567 ejus
3016 1515 3134 1571 qua:
3173 1502 3240 1558 de
3280 1504 3396 1575 ipso
3438 1516 3520 1561 cst
3553 1523 3698 1564 cura:

2111 1588 2166 1634 et
2185 1572 2534 1648 providentia:
2558 1586 2732 1642 nescis
2753 1591 3066 1658 sapientiam
3090 1603 3142 1649 et
3159 1595 3692 1665 administrationem,

2110 1671 2378 1739 quomodo
2403 1674 2540 1730 scire
2566 1676 2763 1745 poteris
2782 1695 2901 1749 qum
2925 1683 3033 1736 sint
3058 1684 3127 1739 de
3149 1685 3262 1757 ipso
3293 1691 3566 1746 rationes?
3600 1693 3696 1747 l)ic

2112 1761 2265 1829 mihi,
2299 1780 2396 1819 cur
2423 1767 2492 1820 ita
2525 1783 2741 1835 parvum
2772 1771 2920 1826 illum
2949 1773 3071 1830 fecit
3094 1816 3109 1842 ,
3147 1788 3200 1832 et
3222 1780 3290 1833 ita
3317 1781 3598 1838 distantem
3625 1785 3694 1840 ab

2111 1851 2388 1909 altitudine
2417 1857 2553 1924 caeli,
2578 1867 2631 1912 ut
2659 1859 2726 1914 de
2755 1861 2818 1914 iis
2846 1878 2966 1932 quae
2988 1879 3220 1936 superne
3255 1883 3514 1940 apparent
3539 1874 3696 1929 dubi-

2113 1945 2225 1998 tet?
2251 1961 2346 2000 cur
2372 1947 2615 2004 boreales
2640 1961 2694 2006 et
2723 1955 2988 2010 australes
3013 1959 3260 2028 regiones
3291 1973 3415 2018 sunt
3435 1965 3692 2022 inhabita-

2109 2033 2285 2089 biles?
2309 2035 2398 2091 Dic
2418 2039 2565 2104 mihi,
2595 2055 2689 2094 cur
2709 2041 2846 2097 facta
2877 2055 2958 2100 est
2986 2063 3088 2102 nox
3129 2049 3302 2107 hieme
3327 2055 3538 2123 quidem
3576 2059 3692 2112 lon-

2108 2123 2245 2190 gior,
2274 2135 2460 2180 testate
2498 2139 2676 2183 autem
2720 2131 2968 2189 brevior?
2997 2151 3094 2190 cur
3121 2148 3321 2195 tantum
3359 2153 3441 2198 est
3484 2147 3691 2217 frigus?

2109 2229 2206 2269 cur
2232 2219 2432 2270 :estus?
2459 2234 2556 2274 cur
2585 2235 2778 2294 corpus
2806 2229 3070 2283 mortale?
3102 2230 3167 2286 Et
3212 2249 3240 2286 a
3290 2244 3339 2288 te
3378 2237 3690 2295 sciscitabar

2110 2308 2212 2362 alia
2240 2309 2644 2366 innumerabilia
2671 2332 2686 2379 ;
2714 2326 2765 2371 et
2797 2317 2842 2371 si
2867 2321 3026 2385 velis,
3061 2338 3164 2377 non
3194 2327 3414 2382 cessabo
3446 2337 3496 2384 te
3523 2330 3688 2386 inter-

2109 2414 2316 2468 rogare,
2361 2412 2416 2456 et
2443 2405 2571 2457 mihi
2599 2405 2867 2464 dubitabis
2914 2412 2963 2466 in
3013 2417 3279 2472 omnibus.
3329 2419 3687 2486 Quamobrem

2110 2489 2212 2545 hoc
2239 2495 2478 2549 maxime
2505 2506 2586 2551 est
2617 2501 2964 2567 providentia:
2985 2546 2999 2569 ,
3033 2507 3174 2574 quod
3202 2525 3413 2565 arcanae
3447 2514 3554 2568 sint
3587 2530 3686 2571 no.

2111 2579 2191 2634 bis
2233 2582 2470 2638 rationes
2500 2595 2556 2640 et
2599 2588 2914 2647 ineffabiles.
2959 2595 3101 2649 Alias
3138 2599 3280 2654 enim
3330 2601 3687 2662 existimasset

2106 2676 2367 2746 quispiam
2395 2720 2408 2744 ,
2458 2681 2725 2739 hominem
2756 2701 2875 2742 esse
2900 2703 3113 2745 causam
3143 2693 3502 2752 universitatis
3523 2740 3538 2766 ,
3581 2700 3684 2757 nisi

2109 2763 2211 2819 hoc
2233 2781 2467 2823 nostram
2499 2776 2902 2842 compressisset
2931 2779 3351 2852 intelligentiam.
3379 2789 3467 2855 At,
3493 2788 3680 2860 inquit,

2106 2857 2196 2911 illc
2223 2867 2303 2912 est
2329 2875 2546 2930 pauper,
2587 2872 2644 2919 et
2673 2865 2868 2922 malum
2907 2880 2989 2925 cst
3033 2883 3334 2944 paupertas.
3365 2877 3501 2944 Quid
3554 2857 3681 2938 vero

2105 2949 2356 3004 morbus?
2403 2954 2528 3024 quid
2564 2959 2818 3012 caecitas?
2846 2960 2988 3017 Nihil
3034 2963 3148 3020 haec
3200 2979 3356 3036 sunt,
3393 2986 3426 3025 ο
3472 2972 3678 3030 homo:

2106 3055 2268 3094 unum
2300 3044 2472 3098 solutn
2505 3047 2703 3102 malum
2729 3059 2830 3115 est,
2861 3067 3101 3120 peccare,
3136 3057 3316 3114 ethoc
3346 3070 3545 3118 tantum
3585 3066 3680 3121 de-

2104 3131 2292 3186 bemus
2318 3137 2639 3193 examiuare.
2671 3139 2774 3195 Sed
2808 3156 2994 3199 eorum
3043 3163 3162 3216 qua:
3207 3165 3332 3206 vere
3379 3166 3502 3208 sunt
3540 3157 3680 3213 mala

2103 3236 2292 3278 causas
2335 3229 2563 3282 scrutari
2612 3232 2904 3298 mittentes,
2951 3237 3054 3291 alia
3091 3242 3302 3299 curiose
3342 3245 3676 3316 inquirimus.

2105 3314 2211 3370 Cur
2237 3331 2396 3386 nemo
2422 3331 2661 3376 nostrum
2710 3341 2957 3396 umquam
2985 3333 3252 3390 examinat
3283 3352 3380 3392 cur
3405 3344 3680 3410 peccavit?

2103 3415 2255 3462 estne
2280 3407 2332 3462 iu
2355 3423 2469 3464 mea
2502 3422 2766 3480 potestate
2789 3432 3026 3486 peccare,
3051 3427 3265 3479 annon?
3297 3429 3360 3482 Et
3391 3407 3516 3499 quid
3547 3449 3680 3503 opus

2103 3509 2184 3552 est
2213 3516 2401 3572 magna
2429 3505 2712 3562 verborum
2746 3511 2821 3564 uti
2851 3513 3202 3573 circuitione?
3237 3535 3346 3576 rem
3393 3524 3442 3579 in
3476 3528 3679 3597 tneipso

2103 3603 2376 3659 quaeram:
2420 3597 2674 3668 numquid
2711 3599 2996 3672 aliquando
3021 3606 3121 3662 vici
3151 3611 3423 3669 animant?
3466 3632 3533 3672 an
3577 3620 3678 3675 ali-

2105 3680 2318 3748 quando
2348 3684 2446 3738 vici
2475 3686 2627 3753 iram,
2654 3699 2746 3743 aut
2767 3703 2984 3762 propter
3013 3698 3287 3767 pudorem,
3327 3715 3420 3760 aut
3461 3719 3680 3780 propter

2104 3767 2391 3826 humanum
2432 3779 2670 3832 metum?
2712 3780 2911 3836 Deinde
2939 3796 3214 3858 postquam
3241 3791 3343 3848 hoc
3366 3793 3565 3853 factum
3591 3801 3676 3856 in-

2100 3873 2320 3924 venero,
2343 3862 2736 3933 dcprehcndam
2768 3887 2887 3929 esse
2913 3877 2962 3930 in
2987 3894 3101 3933 mea
3132 3892 3393 3952 potestate
3430 3904 3673 3958 peccare.

2100 3947 2271 4006 Nemo
2301 3953 2416 4009 haec
2442 3959 2752 4028 examinat,
2796 3981 2954 4021 nemo
2978 3970 3044 4024 de
3090 3972 3172 4028 Itis
3201 3977 3408 4035 curiose
3432 3982 3672 4056 inquirit,

2099 4042 2193 4097 sed
2225 4046 2633 4117 inconsiderate,
2668 4066 2727 4108 ut
2765 4067 2848 4112 est
2879 4062 3015 4130 apud
3041 4063 3232 4122 Jobum
3255 4111 3270 4135 ,
3301 4071 3468 4130 Homo
3492 4042 3676 4135 feruere

2099 4145 2239 4188 natat
2278 4139 2433 4193 verbis
2466 4139 2584 4212 (Job
2630 4146 2714 4200 ll.
2749 4147 2835 4204 1‘2.
2886 4152 2937 4205 in
2983 4153 3203 4228 erco).
3240 4161 3375 4228 Quid
3405 4178 3486 4221 cst
3529 4172 3673 4226 enim

2100 4225 2192 4280 tibi
2219 4241 2361 4283 curto
2386 4245 2452 4284 an
2501 4233 2586 4288 hic
2631 4237 2699 4291 sit
2745 4253 2939 4308 caecus,
2965 4256 3017 4299 et
3047 4247 3136 4302 ille
3164 4225 3429 4324 pauper?
3473 4259 3588 4314 Non
3621 4271 3674 4319 te

2093 4315 2252 4383 jussit
2282 4319 2423 4378 Deus
2449 4323 2551 4378 hoc
2575 4329 2933 4399 considerare,
2966 4337 3058 4391 sed
3090 4315 3340 4408 quidnam
3371 4356 3422 4400 tu
3470 4365 3596 4421 agas
3630 4357 3668 4406 ί.

2097 4406 2228 4463 Nam
2257 4410 2301 4464 si
2333 4420 2388 4466 tu
2414 4412 2628 4471 dubitas
2667 4422 2934 4479 mundone
2965 4406 3145 4496 przesit
3191 4433 3364 4505 aliqua
3408 4406 3668 4510 patestas,

2096 4607 2336 4660 suasum,
2364 4597 2489 4666 quid
2539 4599 2750 4658 dubitas
2799 4608 2941 4676 quod
2979 4611 3090 4665 Deo
3139 4615 3348 4682 placere
3386 4597 3670 4688 Oportcat?

2097 4680 2321 4751 Gratias,
2353 4687 2544 4757 inquit,
2567 4707 2760 4763 semper
2779 4709 2978 4766 agentes
3001 4700 3107 4754 Deo
3136 4680 3226 4772 pro
3253 4680 3501 4764 omnibus.
3528 4711 3669 4769 Vade

2093 4771 2160 4828 ad
2187 4773 2458 4832 officinam
2488 4782 2702 4850 medici,
2727 4794 2781 4840 et
2806 4787 3014 4845 videbis
3044 4771 3211 4861 illum,
3243 4800 3456 4868 quando
3487 4803 3669 4860 inven-

2096 4870 2180 4917 tua
2208 4864 2365 4921 fuerit
2389 4869 2578 4939 aliquis
2602 4873 2801 4931 habens
2828 4881 3036 4946 vulnus,
3067 4864 3342 4944 secare'et
3371 4907 3548 4949 urere.
3597 4897 3670 4952 De

2092 4963 2145 5011 te
2168 4967 2345 5014 autem
2374 4960 2476 5017 hoc
2518 4979 2621 5019 non
2649 4967 2787 5034 dico,
2822 4973 2915 5027 5rd
2944 4976 3027 5028 abi
3058 4977 3122 5032 ad
3168 4980 3436 5040 officinam
3484 4987 3617 5041 fabri
3649 5007 3664 5054 ;

2091 5063 2189 5103 nec
2217 5049 2287 5105 ibi
2329 5052 2551 5123 inquiris
2577 5060 2858 5127 rationem,
2894 5068 2993 5121 etsi
3023 5070 3152 5125 nihil
3180 5075 3285 5128 scis
3315 5092 3498 5132 eorum
3546 5097 3665 5152 qua:

2091 5136 2224 5194 ﬁunt
2248 5158 2264 5196 :
2292 5151 2346 5197 et
2377 5145 2540 5200 multa
2571 5148 2663 5203 tibi
2696 5151 2942 5208 videntur
2969 5172 3089 5212 esse
3121 5161 3277 5217 dubia
3313 5183 3328 5220 :
3366 5178 3424 5221 ut
3450 5136 3665 5238 quando

2088 5227 2290 5299 lignum
2323 5241 2518 5302 tornat,
2538 5238 2752 5307 quando
2779 5245 3119 5302 transformat
3141 5261 3194 5305 et
3223 5253 3272 5306 in
3305 5257 3463 5312 aliam
3493 5273 3664 5318 mutat

2087 5316 2334 5389 ﬁguram.
2376 5322 2471 5379 Vel
2504 5329 2682 5396 potius
2713 5339 2764 5385 te
2804 5333 2870 5388 ad
2895 5335 3052 5391 aliam
3084 5338 3220 5395 duco
3257 5355 3427 5399 artem
3455 5316 3662 5405 facilio;

2086 5425 2220 5478 rem,
2253 5423 2310 5468 ut
2339 5415 2397 5470 in
2431 5417 2631 5486 pictura
2664 5433 2749 5477 :et
2777 5424 2885 5481 illic
2906 5429 3178 5500 caligabis.
3211 5433 3302 5489 Dic
3331 5441 3474 5492 enim
3503 5443 3654 5507 mihi,

2084 5517 2261 5559 annon
2309 5507 2403 5562 tibi
2451 5509 2842 5572 inconsiderate
2881 5518 3086 5576 videtur
3122 5523 3298 5581 facere
3335 5545 3454 5598 qua:
3489 5531 3662 5588 facit?

2149 5641 2374 5730 Lirin-no
2389 5647 2869 5730 Cogicelegiturrzn
2894 5658 2982 5729 [ioc
3007 5662 3333 5730 considerare,
3360 5680 3525 5730 neque
3558 5687 3588 5720 α
3610 5681 3659 5722 te

2081 5713 2263 5764 qureret
2286 5721 2374 5757 cur
2395 5708 2512 5761 talia
2532 5725 2622 5763 non
2639 5708 2968 5779 Exquisivcris,
2993 5708 3522 5792 eH'Ezif‘Iii-é'réEéi-R
