4042 6212
315 285 401 344 133

309 399 414 472 quid
445 397 549 452 sibi
591 394 778 450 volnt
803 394 908 449 illa:
942 393 1131 458 lineis,
1171 401 1226 446 et
1251 405 1434 446 earum
1462 386 1872 444 circumductio-

309 491 425 548 nes?
452 489 562 544 Sed
596 489 642 542 si
678 485 997 555 imposuerit
1022 485 1258 549 colores,
1285 493 1409 536 tunc
1440 481 1530 534 tibi
1564 478 1770 534 videtur
1789 491 1878 531 ars

310 582 520 653 pulchra
551 597 566 633 :
612 589 666 634 et
710 594 778 632 ne
822 578 902 633 sic
933 576 1149 646 quidem
1184 573 1382 643 poteris
1415 581 1602 624 exacte
1644 570 1873 622 discere.

305 673 423 739 Quid
455 681 642 724 autem
669 668 796 722 dico
821 667 889 720 de
913 666 1096 729 fabris,
1126 665 1195 718 de
1226 662 1538 731 pictoribus,
1569 671 1625 714 et
1652 674 1876 714 conser-

305 763 404 817 vis?
429 761 562 831 Apis
583 759 850 830 quomodo
883 757 1006 811 facit
1032 755 1206 820 fax-os,
1223 753 1330 818 ilic,
1349 765 1503 821 rogo,
1517 759 1708 806 ettunc
1731 749 1879 804 dices

302 857 359 910 de
385 856 520 908 Deo.
550 852 924 907 Formicarum
955 849 1101 902 disce
1136 845 1503 914 operationem
1523 883 1539 907 ,
1570 856 1782 895 aranea:
1823 849 1880 894 et

306 947 618 1007 hirundinis,
662 953 716 998 et
745 952 873 996 tunc
896 942 1044 995 dices
1073 939 1138 993 de
1164 939 1292 992 Deo.
1323 937 1380 991 Si
1403 936 1616 1004 Sapiens
1637 935 1732 999 sis,
1764 932 1879 986 lucc

305 1033 421 1087 mihi
449 1033 598 1086 dicas
622 1048 637 1092 ;
663 1029 758 1084 sed
788 1045 893 1082 non
918 1038 1094 1098 potes.
1123 1026 1239 1081 Non
1261 1025 1500 1080 cessabis
1526 1038 1672 1092 ergo,
1706 1039 1739 1074 ο
1779 1022 1876 1074 ho-

304 1142 396 1188 mo,
429 1138 676 1194 quaerere
696 1119 1134 1190 supervacanea?
1164 1126 1287 1172 sunt
1311 1117 1454 1171 enim
1482 1131 1667 1170 revera
1689 1129 1878 1181 super-

303 1230 524 1268 vacanea
558 1233 571 1268 :
601 1229 707 1267 non
757 1211 997 1266 cessabis
1043 1214 1256 1263 curiose
1294 1205 1561 1261 scrutari?
1605 1205 1747 1259 Nihil
1797 1215 1880 1258 est

302 1313 386 1362 hac
415 1306 758 1377 ignoratione
785 1315 841 1358 et
871 1303 1140 1373 imperitia
1182 1300 1515 1370 sapientius,
1561 1299 1612 1351 in
1656 1311 1758 1366 qua
1789 1295 1879 1366 qui

302 1398 611 1468 proﬁtentur
644 1396 862 1466 quidem
891 1409 952 1449 se
994 1392 1128 1447 nihil
1158 1391 1299 1446 scire
1321 1429 1340 1456 ,
1370 1399 1497 1444 sunt
1520 1389 1757 1443 omnium
1788 1402 1876 1441 sa-

303 1489 647 1560 pientissimi;
675 1488 767 1558 qui
796 1495 974 1541 autem
1007 1483 1220 1537 curiose
1243 1489 1573 1542 scrutantur,
1615 1485 1741 1532 sunt
1763 1491 1880 1531 om-

302 1584 436 1636 nium
476 1580 860 1636 amentissimi.
891 1579 1069 1646 Quare
1118 1575 1357 1646 proﬁteri
1394 1589 1454 1628 se
1481 1573 1622 1628 scire
1653 1587 1756 1626 non
1797 1579 1880 1624 est

300 1691 502 1744 seraper
522 1673 820 1742 sapientiae,
846 1670 940 1726 sed
969 1678 1052 1724 est
1073 1669 1233 1724 etiam
1255 1666 1447 1722 alicubi
1467 1664 1724 1718 stultitiae.
1748 1661 1902 1728 Nam,

298 1764 378 1820 dic
405 1765 575 1830 mihi,
615 1764 663 1818 si
691 1779 756 1818 ex
795 1762 1004 1816 duobus
1040 1759 1346 1814 hominibus
1383 1758 1518 1810 alter
1547 1756 1880 1824 profiteretur

301 1872 355 1910 se
374 1871 686 1911 mensuram
717 1870 921 1916 aerem,
950 1852 1042 1923 qui
1071 1866 1105 1907 a
1136 1860 1276 1905 terra
1308 1849 1551 1919 pervadit
1572 1847 1640 1902 ad
1667 1847 1876 1912 caelum,

302 1950 542 2003 extensis
586 1946 826 2006 Euntibus,
887 1947 1024 2000 alter
1067 1954 1244 1998 autem
1293 1941 1522 1996 irridens
1572 1940 1774 1994 diceret
1821 1955 1880 1993 se

306 2039 544 2104 nescire,
577 2037 1297 2110 quem,qnzcst‘t,ridebimus?
1321 2049 1516 2089 eumne
1547 2034 1635 2103 qui
1666 2034 1793 2087 dicit
1821 2047 1881 2087 se

305 2133 468 2198 scire,
500 2146 568 2185 an
609 2147 730 2186 eum
773 2130 864 2199 qui
913 2130 1159 2198 ignorat?
1206 2127 1304 2183 Est
1355 2128 1692 2198 perspicuum
1736 2124 1877 2194 quod

300 2243 416 2281 eum
438 2227 528 2294 qui
549 2225 682 2278 dicit
706 2239 765 2278 se
785 2227 942 2278 scire.
963 2224 1060 2290 Qui
1079 2237 1208 2291 ergo
1232 2222 1459 2290 ignorat,
1485 2229 1569 2275 est
1589 2219 1880 2287 sapientior

299 2333 362 2371 eo
385 2318 470 2386 qui
494 2317 774 2384 professus
787 2323 870 2369 est
889 2329 949 2370 se
974 2314 1132 2368 scire.
1155 2313 1291 2380 Quid
1321 2327 1522 2376 rursus,
1553 2313 1594 2364 si
1615 2310 1877 2381 quispiam

302 2407 642 2479 proﬁteretur
671 2421 732 2459 se
757 2404 897 2459 scire
917 2413 1050 2475 quot
1074 2406 1298 2476 cyathos
1329 2404 1517 2457 habeat
1547 2416 1716 2464 mare,
1745 2400 1880 2454 alius

298 2508 467 2551 autem
492 2512 554 2550 se
581 2498 852 2564 ignorare,
887 2510 993 2549 non
1025 2511 1210 2549 rursus
1255 2495 1516 2564 ignoratio
1545 2503 1626 2547 est
1664 2494 1878 2563 sapien-

301 2589 396 2641 tior
451 2588 798 2654 cognitione?
839 2587 1066 2662 Maxime
1116 2601 1130 2641 :
1173 2586 1379 2656 quare?
1432 2584 1876 2654 Quandoquidem

297 2683 382 2736 illa
411 2696 626 2752 quoque
652 2681 920 2750 ignoratio
946 2689 1031 2735 est
1057 2679 1289 2734 intensa.
1322 2678 1456 2732 Nam
1486 2679 1575 2747 qui
1605 2679 1733 2733 dicit
1756 2679 1876 2747 qui-

297 2775 413 2826 dem
461 2789 519 2826 se
571 2771 808 2839 nescire,
859 2771 961 2825 scit
999 2780 1204 2840 partem
1251 2770 1502 2840 aliquant.
1551 2769 1878 2835 Quamnam?

297 2865 442 2931 Quod
463 2863 671 2918 homini
713 2863 783 2917 sit
819 2861 1366 2930 incomprehensibile
1397 2877 1411 2913 :
1449 2876 1556 2915 non
1605 2860 1746 2914 enim
1777 2860 1878 2914 hoc

301 2970 542 3023 parvum.
569 2954 672 3019 Qui
694 2961 874 3008 autem
903 2966 963 3007 se
985 2953 1116 3007 dicit
1143 2953 1304 3017 scire,
1340 2952 1426 3007 ille
1449 2953 1679 3006 maxime
1710 2951 1876 3006 nescit

298 3044 434 3112 quod
460 3059 519 3098 se
538 3045 668 3098 dicit
695 3043 867 3107 scire;
895 3052 946 3098 et
979 3051 1196 3114 propter
1228 3044 1328 3099 hoc
1353 3044 1527 3113 ipsum
1566 3051 1650 3097 est
1677 3042 1874 3096 ridicu-

301 3135 396 3189 lus.
424 3134 520 3188 llei
543 3135 672 3188 mihi
697 3140 710 3187 !
741 3151 901 3204 quam
933 3135 1116 3190 multis
1145 3134 1422 3190 erttdimur
1447 3135 1875 3204 intempestivam

302 3225 569 3280 refrenare
607 3227 976 3281 curiositatem
1007 3237 1060 3282 ct
1086 3240 1540 3297 supervacaneam
1583 3226 1878 3297 indagatio-

305 3331 437 3381 nein,
489 3331 588 3370 nec
638 3316 1002 3381 sustinemus;
1048 3317 1144 3372 sed
1188 3319 1350 3372 vitam
1392 3310 1622 3372 aliorum
1668 3317 1878 3372 curiose

306 3407 641 3476 indagamus,
681 3422 778 3462 cur
819 3407 907 3462 hic
954 3422 1152 3473 caicus,
1192 3408 1284 3464 ille
1331 3422 1459 3462 vero
1506 3422 1726 3477 pauper.
1769 3407 1878 3461 llac

306 3499 453 3568 igitur
471 3499 681 3554 ratione
703 3499 756 3553 in
783 3499 916 3553 alias
935 3501 1100 3554 etiam
1121 3513 1289 3569 nugas
1307 3499 1624 3562 incidemus,
1646 3513 1743 3554 cur
1765 3497 1878 3552 lucc

307 3593 369 3643 sit
390 3591 610 3655 femina,
649 3600 704 3646 et
733 3607 839 3645 non
871 3607 1060 3648 omnes
1089 3592 1209 3658 viri,
1239 3606 1336 3647 cur
1363 3593 1565 3654 asinus,
1607 3607 1706 3646 cur
1743 3591 1839 3646 bos
1860 3635 1874 3655 ,

305 3697 397 3735 cur
421 3684 586 3746 (aliis,
611 3697 707 3738 cur
735 3684 908 3753 lupus,
933 3699 1028 3738 cur
1049 3684 1200 3754 lapis,
1232 3701 1326 3738 cur
1347 3685 1510 3753 ligna,
1533 3695 1587 3738 et
1607 3686 1670 3736 ad
1703 3685 1879 3738 inlini-

309 3783 405 3827 tam
436 3775 791 3842 prolixitatem
820 3775 1029 3830 decidet
1056 3777 1249 3830 oratio.
1285 3777 1570 3846 Propterea
1605 3777 1746 3830 Dens
1778 3792 1874 3830 no-

308 3866 384 3918 bis
413 3867 665 3920 terminos
695 3867 1019 3936 cognitionis
1047 3867 1348 3931 constituit,
1381 3878 1434 3922 et
1465 3869 1518 3921 in
1549 3878 1732 3921 natura
1759 3866 1879 3921 fun-

310 3957 459 4010 (lavit.
477 3957 854 4027 Cuntemplare
876 3968 1056 4012 autem
1081 3958 1207 4010 mihi
1239 3960 1458 4012 multam
1488 3957 1875 4022 curiositatem,

311 4050 437 4116 quod
473 4051 714 4106 videntes
742 4060 941 4106 tantam
970 4066 1000 4105 a
1028 4061 1166 4106 terra
1194 4051 1259 4105 ad
1288 4052 1478 4106 uelum
1523 4051 1875 4116 altitudinem,

316 4144 514 4199 minime
527 4145 791 4201 allicimur
807 4160 905 4201 nec
917 4159 1158 4200 movemu
1169 4161 1194 4200 r
1218 4157 1232 4199 :
1250 4145 1463 4216 quando
1487 4143 1591 4198 alta
1613 4144 1742 4198 turri
1759 4158 1879 4196 con-

314 4249 482 4292 scenso
509 4241 836 4294 voluerimus
851 4238 1102 4294 deorsum
1118 4239 1378 4308 aspicere,
1399 4238 1442 4292 si
1468 4252 1649 4306 parum
1681 4251 1776 4289 nos
1798 4236 1880 4288 in-

312 4327 687 4396 clinaverimus,
700 4330 878 4400 gravis
896 4345 992 4384 nos
1011 4329 1209 4384 invadit
1227 4331 1429 4400 vertigo
1441 4339 1496 4384 et
1517 4329 1766 4383 iCIICbI'iL'.
1787 4328 1878 4382 Dic

317 4417 430 4470 mihi
449 4419 600 4489 hujus
615 4421 693 4475 rei
709 4435 945 4483 causam,
963 4421 1057 4475 sed
1074 4436 1177 4476 non
1196 4422 1482 4485 inveneris,
1509 4436 1606 4474 cur
1624 4422 1877 4489 majorem

315 4506 790 4575 vimhabetoculus,
802 4511 1130 4567 etdetinetur
1141 4513 1210 4568 ab
1229 4513 1420 4580 iisquae
1431 4521 1553 4566 sunt
1568 4509 1875 4565 remotiora.

375 4599 424 4652 5.
453 4600 514 4654 Et
538 4601 589 4656 id
616 4602 868 4658 similiter
897 4603 1095 4659 videris
1136 4605 1184 4658 in
1227 4604 1432 4659 auditu.
1480 4604 1592 4660 Non
1646 4604 1880 4675 potuerit

315 4690 440 4744 enim
459 4693 724 4762 quispiam
757 4703 959 4748 tantum
1008 4695 1245 4749 clamare
1291 4703 1349 4747 ut
1400 4695 1617 4765 impleat
1659 4709 1874 4755 aerem,

316 4793 547 4846 quantum
574 4782 774 4852 poterit
799 4784 1264 4851 comprehendere
1291 4785 1477 4837 oculos
1502 4825 1516 4849 ,
1568 4799 1740 4854 neque
1779 4798 1877 4837 att-

318 4870 416 4924 tlire
450 4887 510 4926 ex
557 4884 707 4928 tanto
752 4875 1056 4929 intervallo.
1108 4873 1218 4929 Cur
1257 4891 1361 4931 non
1412 4876 1590 4930 omnia
1639 4877 1876 4930 membra

317 4971 426 5016 sunt
452 4965 652 5021 honore
684 4967 871 5033 paria?
900 4983 994 5021 cur
1017 4984 1121 5022 non
1155 4983 1318 5022 unum
1349 4978 1670 5038 acceperunt
1697 4984 1873 5031 usum,

319 5065 404 5106 nec
441 5055 652 5112 locum?
685 5057 881 5112 Paulus
927 5075 1136 5128 quoque
1167 5060 1270 5115 hoc
1303 5070 1386 5115 est
1429 5070 1698 5114 scrutatus
1718 5100 1732 5124 ,
1769 5061 1876 5114 imo

319 5154 434 5195 vero
458 5160 553 5200 non
578 5157 667 5201 est
694 5158 996 5213 scrutatus,
1030 5160 1146 5205 erat
1173 5152 1320 5206 enim
1348 5151 1564 5221 sapiens
1589 5192 1604 5216 ,
1633 5151 1728 5204 sed
1756 5165 1877 5206 cum

322 5229 368 5283 in
410 5233 535 5291 hunc
570 5239 748 5293 locum
781 5237 1084 5305 incidisset,
1121 5241 1291 5296 dicit:
1324 5242 1760 5311 Unumquodque,
1801 5243 1879 5293 iu-

318 5323 450 5386 quit,
477 5342 637 5382 eorum
670 5329 842 5396 posuit
867 5331 996 5383 sicut
1021 5332 1176 5385 voluit
1209 5335 1224 5398 (
1250 5335 1299 5387 i.
1324 5331 1444 5386 Cor.
1479 5333 1566 5388 l2.
1602 5334 1708 5402 18)
1739 5350 1752 5386 :
1777 5348 1872 5382 γη-

314 5407 488 5466 lentati
511 5418 623 5484 ejus
654 5427 824 5472 totout
856 5420 1144 5474 connuisit.
1189 5422 1279 5476 llis
1310 5438 1437 5492 ergo
1470 5423 1648 5476 missis
1677 5423 1876 5491 gratias

314 5506 472 5562 solum
496 5528 715 5584 agamus
740 5531 838 5582 pro
884 5515 1137 5570 omnibus
1171 5534 1182 5568 :
1215 5517 1371 5582 Ideo,
1425 5519 1626 5588 inquit,
1675 5518 1872 5586 gratias

315 5595 440 5663 lgitc
469 5616 558 5668 pro
581 5605 852 5659 omnibus.
889 5605 1001 5659 Hoc
1027 5615 1109 5659 est
1130 5607 1262 5674 grati
1295 5606 1496 5674 liu'nuli,
1531 5607 1634 5662 hoc
1660 5607 1876 5677 sapien-

315 5694 398 5754 υς,
427 5689 522 5747 hoc
551 5694 924 5764 iutelligentis;
973 5697 1104 5753 illud
1151 5698 1422 5766 loquacis,
1469 5700 1623 5756 otiosi
1675 5709 1728 5756 et
1777 5715 1870 5756 cu-

629 5813 896 5878 Pat‘nos.
946 5817 1060 5877 litt.
1117 5817 1302 5878 LXII.

1143 279 1210 336 ἰΝ
1247 277 1462 337 EPIST.
1505 279 1595 334 Al)
1630 273 1873 334 EPHES.
1915 272 2068 328 CAP.
2115 272 2176 326 V.
2217 270 2446 326 llOMlL.
2489 270 2632 327 XIX.

3463 277 3559 331 l3!

1987 383 2136 437 riosi.
2185 382 2300 437 Non
2333 383 2480 439 vides
2507 385 2643 439 inter
2671 385 2937 454 famulos,
2968 387 3109 456 quod
3139 386 3230 456 qui
3277 399 3399 442 sunt
3441 391 3559 458 qui-

1991 473 2114 526 dem
2140 472 2334 542 abjecti
2356 484 2409 528 et
2434 475 2592 544 plane
2620 476 2912 546 despuendi
2935 517 2951 542 ,
2980 487 3037 532 ct
3077 477 3146 532 ad
3196 479 3326 532 nihil
3379 479 3561 545 utiles,

1984 576 2109 620 sunt
2139 567 2389 636 loquaces
2412 575 2466 621 et
2489 578 2794 636 negatores,
2819 579 2873 624 et
2913 572 3128 626 curiose
3164 571 3436 641 inquirunt
3482 589 3562 629 res

1984 658 2322 712 dominorum
2347 699 2361 722 ,
2402 673 2533 727 quas
2576 659 2649 714 illi
2681 661 2864 714 volunt
2885 661 3071 718 celare
3103 679 3116 715 :
3154 663 3424 732 sapientes
3467 679 3560 718 au-

1985 757 2112 811 tem,
2143 749 2278 817 grati
2307 757 2362 802 et
2387 748 2659 814 benevoli,
2687 765 2849 804 unum
2874 752 3048 806 solum
3069 762 3317 821 spectant
3343 762 3401 807 ut
3413 769 3563 807 suum

1985 840 2338 894 ministerium
2372 841 2667 910 impleant?
2694 842 2793 909 Qui
2837 846 3062 899 multum
3108 845 3375 915 loquitur,
3433 847 3564 902 nihil

1983 943 2239 1002 operatur
2272 955 2284 989 :
2313 935 2453 989 sicut
2483 937 2574 1004 qui
2603 938 2828 991 multum
2856 950 3127 1008 operatur,
3159 940 3294 994 nihil
3328 941 3563 1012 loquitur

1987 1022 2440 1092 intempestivum.
2480 1026 2766 1094 Propterea
2791 1027 3001 1082 dicebat
3031 1031 3228 1084 Paulus
3253 1033 3478 1100 loquens
3504 1033 3571 1085 de

1983 1118 2156 1171 viduis
2189 1136 2201 1171 :
2233 1117 2355 1172 Non
2385 1119 2548 1174 solum
2567 1123 2741 1177 otiosa:
2769 1124 2968 1178 discunt
2999 1123 3020 1197 Ι
3042 1125 3228 1182 domos
3255 1127 3483 1183 circuire
3504 1127 3557 1200 j;

1983 1209 2072 1262 sed
2098 1211 2249 1263 etiam
2279 1211 2497 1266 verbose
2519 1224 2567 1268 et
2601 1231 2818 1285 πηρασες
2844 1215 2919 1287 (l.
2946 1215 3080 1269 Tim.
3107 1219 3161 1272 5.
3193 1220 3260 1274 l3
3284 1218 3322 1288 ).

2059 1299 2242 1354 Divina
2271 1318 2371 1354 non
2411 1302 2537 1357 adeo
2563 1305 2814 1360 incuriose
2845 1306 3160 1377 indaganda.
3193 1338 3263 1348 -——
3296 1311 3386 1362 Dic
3415 1309 3561 1364 mihi.

1981 1389 2110 1457 quid
2141 1393 2259 1459 plus
2294 1393 2515 1448 interest
2541 1382 2681 1448 inter
2712 1406 2949 1451 nostram
2991 1407 3202 1453 :rtatent
3261 1410 3316 1454 ct
3355 1409 3566 1454 tetatem

1987 1497 2297 1550 puerorum,
2330 1500 2396 1538 an
2428 1487 2566 1541 inter
2595 1490 2758 1544 Deum
2794 1498 2849 1543 et
2881 1489 3162 1545 homines?
3191 1492 3332 1546 inter
3380 1506 3478 1546 nos
3516 1501 3568 1546 et

1982 1573 2204 1636 culices,
2231 1588 2297 1626 an
2325 1574 2464 1629 inter
2497 1578 2662 1631 Deum
2689 1588 2745 1633 et
2775 1580 2912 1633 nos?
2944 1581 3164 1636 Planum
3191 1593 3294 1647 εει,
3327 1583 3447 1652 plus
3482 1584 3566 1637 in-

1985 1676 2188 1718 teresse
2228 1665 2366 1720 inter
2394 1667 2558 1720 llenm
2586 1677 2642 1721 et
2666 1683 2788 1726 nos.
2818 1669 2923 1723 Cur
2951 1685 3080 1740 ergo
3109 1682 3162 1725 tu
3202 1687 3262 1726 es
3300 1674 3436 1727 adeo
3467 1689 3594 1726 cu-‘

1984 1757 2195 1811 riosus?
2219 1756 2431 1814 Gratias
2451 1774 2548 1828 age
2577 1774 2672 1828 pro
2700 1761 2971 1816 omnibus.
2995 1764 3131 1831 Quid
3166 1780 3330 1830 vero,
3362 1766 3531 1835 inquit
3551 1807 3565 1828 ,

1984 1846 2028 1900 si
2055 1861 2140 1901 me
2163 1846 2727 1918 interrogetGrzecus,
2753 1850 2877 1920 quid
2911 1851 3288 1920 respondebo?
3334 1856 3444 1908 vult
3498 1870 3564 1908 ex

1984 1953 2070 1992 me
2094 1938 2233 1993 seire
2255 1955 2320 1992 au
2351 1943 2420 1993 sit
2444 1940 2780 2011 providentia
2807 1960 2822 1997 :
2860 1943 2971 2011 ipse
3016 1944 3158 1998 enim
3200 1944 3329 1999 dicit
3361 1945 3562 2000 nullum

1981 2045 2102 2086 esse
2128 2032 2218 2102 qui
2245 2031 2543 2100 provideat.
2571 2031 2651 2087 Tu
2674 2048 2804 2104 ergo
2825 2051 2946 2089 eum
2975 2044 3160 2091 contra
3185 2037 3473 2108 interroga.
3497 2041 3567 2092 At

1979 2124 2110 2177 dicit
2131 2139 2238 2178 non
2260 2139 2380 2178 esse
2402 2124 2811 2194 providentiam.
2840 2126 2991 2194 Quod
3029 2129 3100 2182 sit
3146 2130 3359 2200 quidem
3392 2133 3567 2201 provi-

1981 2214 2182 2277 dentia.
2207 2231 2272 2269 ex
2308 2217 2372 2270 iis
2397 2233 2515 2285 qua:
2543 2216 2723 2272 dixisti
2752 2228 2834 2273 est
2864 2220 3203 2289 perspicuum
3231 2236 3246 2285 ;
3278 2221 3424 2293 quod
3467 2240 3564 2276 au-

1983 2313 2089 2358 tem
2120 2320 2223 2357 non
2260 2307 2427 2373 possit
2460 2307 2881 2377 comprehendi,
2913 2325 2978 2364 ex
3005 2325 3071 2365 co
3095 2312 3236 2381 quod
3273 2329 3379 2369 non
3420 2315 3566 2369 inve-

1984 2396 2190 2448 ttiatttus
2220 2396 2501 2450 rationem.
2550 2397 2680 2452 Nam
2722 2400 2766 2454 si
2811 2401 2861 2453 in
2912 2399 2980 2455 iis
3030 2417 3150 2472 quin
3192 2403 3608 2478 administrant.

1984 2485 2263 2555 homines,
2312 2487 2580 2544 nescimus
2611 2505 2756 2559 saepe
2800 2492 3018 2547 modum
3066 2495 3564 2564 administrationis,

1982 2592 2303 2645 quamquam
2338 2578 2503 2631 multa
2534 2593 2600 2632 ex
2633 2580 2697 2634 iis
2719 2581 2875 2635 nobis
2900 2583 3148 2639 videntur
3171 2600 3291 2642 esse
3312 2588 3563 2656 absurda,

1982 2678 2037 2722 et
2065 2669 2304 2723 cediums
2331 2689 2345 2722 :
2388 2679 2590 2740 quanto
2623 2673 2792 2742 magis
2823 2674 2873 2726 in
2907 2675 3180 2731 Deo?Sed
3210 2678 3259 2731 in
3298 2678 3406 2733 Deo
3431 2680 3564 2736 nihil

1978 2771 2064 2814 est
2089 2761 2378 2817 absurdum
2400 2805 2414 2825 ,
2439 2778 2612 2833 neque
2646 2767 2855 2820 videtur
2892 2781 3017 2821 esse
3059 2768 3321 2824 litlclibus.
3352 2771 3419 2826 Et
3445 2772 3563 2826 ideo

1984 2868 2080 2924 pro
2100 2855 2352 2911 otnnibus
2379 2857 2580 2926 gratias
2603 2871 2823 2930 agamus
2844 2901 2857 2924 ,
2897 2875 2990 2928 pro
3017 2862 3264 2915 omnibus
3291 2877 3414 2918 eum
3446 2864 3564 2934 glo-

1981 2945 2270 3002 riﬁcemus.
2297 2948 2546 3019 Subjecti,
2583 2951 2773 3020 inquit,
2806 2953 3013 3007 invicem
3033 2955 3085 3007 in
3130 2955 3308 3008 timore
3353 2956 3467 3010 Dei.
3507 2957 3562 3012 Si

1980 3039 2122 3093 enim
2147 3050 2364 3108 propter
2390 3043 2754 3111 magistratum
2783 3043 3095 3114 subjiceris,
3141 3057 3361 3117 propter
3404 3063 3564 3120 pecu-

1981 3133 2119 3198 nias,
2145 3144 2232 3187 aut
2257 3146 2472 3203 propter
2497 3135 2751 3204 pudorem
2779 3178 2793 3199 .
2834 3139 3002 3191 multo
3031 3141 3198 3210 magis
3227 3151 3446 3211 preptcr
3469 3142 3562 3196 Dei

1983 3233 2204 3279 metum.
2233 3224 2314 3280 Sit
2340 3227 2612 3281 servitutis
2637 3237 2691 3282 et
2723 3229 3071 3298 subiectionis
3105 3241 3288 3286 mutua
3319 3248 3568 3290 remune-

1982 3315 2116 3368 ratio
2140 3331 2154 3379 ;
2187 3316 2264 3369 sic
2284 3316 2425 3370 enim
2449 3333 2552 3371 non
2572 3319 2675 3372 erit
2695 3320 2946 3374 servitus.
2971 3319 3086 3375 Non
3122 3322 3307 3378 sedeat
3342 3324 3558 3394 quidem

1983 3403 2074 3458 ille
2101 3405 2153 3459 in
2179 3407 2368 3461 ordine
2392 3415 2447 3461 et
2468 3407 2586 3462 loco
2610 3409 2760 3464 liberi
2785 3453 2798 3475 ,
2833 3411 2918 3464 hic
2949 3428 3077 3468 vero
3122 3414 3172 3468 in
3221 3415 3339 3469 loco
3381 3419 3558 3482 servi;

1982 3495 2076 3549 sed
2105 3496 2296 3551 melius
2323 3507 2405 3552 est
2434 3507 2492 3552 ut
2517 3507 2572 3552 et
2598 3499 2798 3554 domini
2827 3511 2882 3555 et
2905 3505 3042 3557 servi
3079 3504 3216 3559 alter
3253 3506 3406 3560 alteri
3445 3522 3572 3561 ser-

1983 3588 2127 3642 viant
2152 3605 2164 3640 :
2199 3587 2367 3642 multo
2392 3589 2581 3643 melius
2601 3599 2685 3644 est
2713 3592 2788 3646 sic
2813 3607 2932 3648 esse
2955 3607 3189 3661 servum,
3221 3611 3378 3666 quam
3412 3591 3566 3652 aliter

1983 3679 2228 3734 liberum.
2258 3678 2419 3748 quue
2449 3681 2571 3736 inde
2591 3692 2674 3737 est
2698 3683 2918 3740 evidens
2943 3703 2956 3738 :
2987 3687 3056 3740 sit
3077 3688 3338 3757 qniSpiam
3362 3689 3565 3745 habent

1981 3781 2193 3827 centum
2241 3772 2466 3830 famulos
2490 3817 2505 3840 ,
2549 3786 2601 3830 et
2648 3777 2823 3830 nullus
2865 3777 2963 3847 ipsi
2995 3780 3299 3846 ministret;
3332 3782 3440 3836 sint
3468 3783 3557 3835 alii

1983 3874 2196 3920 centum
2227 3865 2381 3920 amici
2407 3880 2467 3920 se
2497 3866 2723 3921 invicem
2752 3869 3047 3923 servientes
3075 3888 3087 3923 :
3122 3871 3335 3940 quinam
3373 3873 3566 3929 melius

1983 3956 2203 4010 vivent?
2229 3956 2444 4025 quinam
2468 3971 2588 4011 cum
2608 3957 2792 4026 majori
2824 3959 3095 4030 voluptate
3121 3971 3176 4016 et
3201 3961 3383 4017 laetitia
3403 3965 3427 4017 ?
3445 3963 3561 4020 Non

1983 4055 2064 4100 est
2091 4047 2198 4100 illic
2233 4047 2307 4100 ira
2339 4061 2512 4115 neque
2539 4046 2830 4115 indignatio
2857 4064 3029 4120 neque
3061 4051 3206 4105 furor
3252 4069 3423 4123 neque
3463 4056 3564 4108 ali-

1983 4134 2108 4205 quid
2135 4135 2276 4190 aliud
2309 4136 2570 4205 ejusmodi
2603 4154 2618 4202 ;
2653 4138 2738 4193 hic
2763 4149 2940 4194 autem
2967 4151 3049 4196 est
3080 4144 3238 4198 timor
3259 4155 3312 4198 et
3345 4157 3516 4198 metus
3544 4163 3560 4198 :

1983 4235 2039 4280 et
2062 4227 2168 4281 illic
2193 4225 2405 4294 quidem
2437 4230 2806 4292 necessitatis,
2862 4229 2947 4283 hic
2987 4244 3167 4286 autem
3214 4243 3340 4286 sunt
3384 4235 3564 4288 omnia

1984 4323 2209 4377 instituti
2237 4329 2291 4375 et
2319 4323 2469 4376 liberi
2495 4321 2700 4376 arbitrii
2734 4338 2748 4374 :
2782 4333 2834 4377 et
2866 4324 2975 4377 illic
3021 4325 3233 4392 quidem
3281 4327 3333 4381 vi
3376 4328 3517 4381 illata
3548 4346 3562 4392 ;

1986 4414 2072 4468 hic
2097 4422 2274 4466 autem
2305 4411 2565 4466 habentes
2594 4413 2818 4481 gratiam
2844 4454 2860 4476 ,
2915 4415 3050 4469 alter
3092 4415 3250 4469 alteri
3296 4420 3558 4474 serviunt.

1982 4503 2070 4558 Sic
2096 4503 2207 4557 vult
2236 4502 2376 4556 Deus
2407 4519 2421 4556 :
2454 4511 2731 4572 propterea
2777 4503 2902 4556 lavit
2951 4503 3114 4573 pedes
3161 4503 3562 4575 discipulorum.

1985 4593 2097 4649 lmo
2120 4607 2268 4656 vero,
2298 4594 2341 4647 si
2372 4593 2504 4646 velis
2529 4607 2640 4647 rem
2669 4602 2915 4648 accurato
2942 4593 3250 4649 examinare
3269 4634 3290 4662 ,
3321 4598 3481 4652 etiam
3509 4599 3566 4653 in

1983 4683 2211 4740 dominis
2237 4693 2320 4739 est
2343 4684 2612 4738 servitutis
2632 4693 2814 4738 mutua
2843 4686 3221 4740 remuneratio.
3243 4685 3382 4755 Quid
3394 4692 3564 4759 enim,

1983 4777 2028 4830 si
2057 4774 2226 4830 fastus
2254 4791 2356 4830 non
2386 4775 2510 4828 sinit
2539 4784 2596 4828 ut
2619 4783 2871 4846 appareat
2899 4777 3300 4833 remuneratio?
3337 4779 3561 4847 Quando

1984 4867 2124 4921 attint
2154 4865 2244 4921 hic
2262 4865 2475 4937 quidem
2503 4864 2721 4919 exhibet
2744 4868 3023 4936 corporale
3065 4870 3416 4924 ministerium
3438 4912 3452 4933 .
3503 4882 3559 4926 tu

1982 4967 2161 5013 autem
2185 4972 2379 5028 corpus
2411 4957 2579 5011 nutris
2603 4965 2656 5012 et
2682 4972 2838 5012 curas
2860 4959 3128 5016 alimentis
3151 4967 3206 5015 et
3236 4959 3561 5016 indumentis

1987 5062 2038 5105 et
2067 5051 2261 5106 calceis
2281 5092 2294 5114 ,
2326 5051 2446 5103 huic
2473 5065 2681 5118 quoque
2710 5049 2993 5105 exhibetur
3020 5053 3263 5122 quedam
3309 5054 3564 5107 servitus.

1985 5143 2114 5198 Nam
2145 5143 2244 5198 nisi
2275 5152 2328 5196 tu
2362 5141 2436 5194 illi
2465 5152 2611 5195 tuum
2641 5143 2894 5198 exhibeas
2918 5144 3270 5200 ministerium
3291 5184 3308 5209 ,
3344 5159 3442 5200 nec
3472 5146 3559 5201 ille

1984 5249 2161 5298 suum,
2191 5231 2287 5287 sed
2313 5231 2415 5286 erit
2441 5231 2596 5297 liber,
2627 5247 2724 5287 nec
2752 5233 2856 5288 ulla
2888 5234 2970 5288 lex
2997 5250 3117 5288 cum
3145 5243 3298 5303 coget
3341 5234 3443 5290 hoc
3483 5235 3560 5289 l'a-

1983 5343 2109 5382 cere
2136 5326 2235 5381 nisi
2262 5327 2456 5381 alatur.
2485 5325 2540 5380 Si
2573 5342 2700 5396 ergo
2731 5329 2831 5380 hoc
2861 5329 2948 5380 liat
2974 5328 3024 5379 in
3057 5328 3247 5392 servis,
3289 5328 3416 5398 qttid
3462 5325 3558 5382 'ab-

1985 5419 2225 5483 surdum,
2257 5419 2301 5472 si
2328 5419 2427 5472 ltoc
2448 5419 2606 5472 etiam
2645 5419 2732 5472 ﬁat
2762 5422 2812 5472 in
2843 5419 3064 5473 liberis?
3091 5419 3344 5491 Subjccti,
3368 5424 3550 5497 inquit.

1983 5514 2035 5568 iit
2066 5514 2242 5566 timore
2275 5511 2479 5565 Christi.
2508 5514 2714 5577 Quanta
2740 5522 2821 5566 est
2847 5511 3050 5582 gratia,
3083 5513 3222 5584 quod
3269 5519 3428 5572 etiam
3469 5520 3560 5576 lia-

1984 5607 2204 5660 beamus
2232 5602 2572 5659 mercedem?
2606 5605 2675 5658 At
2713 5618 2818 5657 non
2854 5605 2964 5658 vult
2992 5607 3083 5660 tibi
3111 5606 3346 5679 subjici?
3371 5607 3475 5666 Sed
3495 5623 3550 5668 tu

1985 5700 2250 5769 subjicere
2277 5715 2294 5752 :
2330 5713 2435 5752 non
2461 5695 2634 5752 solum
2659 5696 2899 5760 obedias,
2930 5699 3024 5756 sed
3051 5703 3210 5757 etiam
3239 5702 3556 5774 subjielaris.

3196 5806 3239 5869 9
