4042 6212
406 306 510 363 135

1120 302 1175 358 S.
1215 297 1491 358 J().\t\'NlS
1526 284 2000 349 CliliYSOSTOMI
2038 282 2353 343 ARCHIEP.
2392 276 2919 342 CONSTANTINOP.

3567 274 3666 335 1‘38

409 423 481 478 Ita
507 423 581 478 sis
607 419 826 479 aﬂectus
853 435 977 491 erga
1000 433 1188 474 omnes
1212 426 1271 470 ut
1288 428 1415 486 erga
1435 410 1715 468 dominos:
1747 408 1819 463 ita
1843 405 1986 462 enim
2095 403 2305 457 invicem
2332 401 2386 455 in
2415 400 2596 453 timore
2621 396 2858 479 Christi:
2888 403 2946 449 ut
2974 393 3249 449 vincamus
3272 407 3463 450 onlnes
3501 393 3666 448 animi

408 519 513 572 eito
543 515 763 572 habebis
791 528 977 570 servos
1007 514 1060 567 in
1104 510 1415 566 servitutem
1456 503 1703 560 redactos
1754 499 1985 555 maxime

409 610 685 680 tyrannica
711 606 984 663 servitutis
1010 602 1268 674 potentia.
1300 597 1463 667 Magis
1485 595 1628 650 enim
1670 605 1765 648 eos
1805 589 1985 659 capies

409 712 465 756 et
491 700 838 773 expugnabis,
861 695 1070 767 quando
1095 693 1227 748 nihil
1266 689 1334 744 ab
1381 689 1461 743 eis
1502 696 1827 755 assequeris,
1872 681 1987 773 ipse

411 810 531 859 qum
562 772 649 847 tua
674 802 799 846 sunt
832 790 911 845 eis
952 784 1237 858 prmltebis.
1284 781 1397 836 lloc
1440 788 1522 834 est
1551 776 1678 832 illud
1710 794 1723 828 :
1757 772 1984 839 Subiecti

2093 493 2520 566 perturbationes
2545 499 2601 545 et
2624 489 2773 551 vitia,
2800 476 2859 542 ut
2882 487 2993 542 Deo
3021 486 3315 542 serviamus
3336 525 3353 549 ,
3387 494 3443 539 ut
3471 484 3666 539 carita-

2095 599 2201 642 tem
2232 586 2371 640 inter
2399 597 2498 638 nos
2519 593 2899 637 conservemus
2931 595 2946 632 :
2975 587 3030 633 et
3057 585 3183 633 tunc
3210 576 3500 646 poterimus
3526 574 3669 647 digni

2096 677 2284 732 haberi
2309 675 2398 745 qui
2427 685 2781 742 assequamur
2807 669 2902 724 Dei
2946 667 3330 738 benignitatem
3356 707 3373 733 ,
3420 666 3587 737 gratia
3619 676 3675 720 et

2093 765 2521 823 miserationibus
2535 797 2554 825 ,
2584 772 2689 819 etc.

432 855 442 859 -
956 855 971 858 -

1779 907 2123 970 HOMILIA
2168 905 2319 968 XX.

414 1055 542 1109 Carr.
569 1053 622 1110 5.
649 1069 699 1106 v.
716 1051 807 1106 22.
844 1050 1105 1110 Mulieres,
1123 1045 1242 1100 uiris
1262 1041 1436 1097 uestris
1452 1036 1662 1093 subdita
1679 1040 1854 1099 estote,
1870 1030 1999 1084 sicut

493 1146 708 1200 Domino
738 1160 756 1198 :
779 1143 868 1198 23.
898 1147 1138 1212 quoniam
1163 1136 1240 1191 vir
1263 1142 1414 1202 caput
1441 1138 1514 1185 est
1558 1125 1784 1181 mulieris
1807 1163 1822 1189 ,
1871 1121 2000 1175 sicut

489 1242 720 1294 Christus
749 1245 899 1308 caput
927 1244 1000 1289 est
1026 1230 1272 1286 Ecclesiae
1299 1243 1318 1283 :
1346 1234 1391 1279 et
1420 1224 1530 1292 ipse
1554 1219 1997 1308 salvatorgco-rpo-

488 1332 560 1384 ris
585 1332 715 1402 ejus.
746 1304 837 1382 24⁷.
866 1325 972 1381 Sed
997 1324 1126 1378 sicut
1157 1317 1387 1374 Ecclesia
1414 1313 1637 1382 subjecta
1664 1317 1735 1362 est
1759 1304 1957 1360 Christo
1979 1316 2001 1356 :

489 1425 561 1476 ita
586 1433 630 1474 et
659 1419 894 1473 mulieres
914 1416 1034 1470 uiris
1056 1414 1162 1468 suis
1187 1412 1241 1464 in
1264 1405 1514 1463 omnibus.

492 1517 545 1568 1.
576 1512 718 1567 Beati
741 1510 987 1580 conjuges
1010 1506 1104 1560 sibi
1127 1503 1337 1557 inuicem
1364 1493 1748 1552 consentientes.
1780 1484 2002 1549 ,Amoris

424 1608 601 1660 uis.-—
623 1603 714 1657 Vir
739 1579 954 1671 quidam
974 1596 1188 1665 sapiens
1215 1604 1337 1646 cum
1365 1588 1417 1640 in
1468 1579 1853 1638 beatitudinum
1904 1590 2003 1630 nu-

425 1710 629 1752 merum
653 1666 818 1746 multa
840 1687 1129 1745 retulisset,
1163 1682 1266 1735 hoc
1294 1690 1458 1732 unum
1482 1686 1698 1744 quoque
1724 1667 1903 1739 posuit
1932 1666 2007 1720 in-

428 1799 510 1842 ter
532 1781 888 1840 bcatitudines
916 1794 930 1830 :
964 1772 1283 1834 iit-mulier,
1327 1764 1540 1836 inquit,
1588 1775 1702 1832 qua:
1736 1773 1857 1813 cum
1900 1755 2008 1809 uiro

427 1876 653 1931 convenit
676 1882 722 1926 et
738 1868 988 1925 consentit
1032 1862 1236 1936 (Eccli.
1280 1858 1371 1914 25.
1413 1856 1449 1910 2
1476 1855 1531 1924 ).η
1561 1852 1631 1907 Et
1669 1861 1855 1906 rursus
1881 1845 2008 1900 alibi

430 1968 580 2039 punit
603 1980 722 2019 cum
753 1957 1190 2018 beatitudinibus,
1220 1949 1365 2022 quod
1398 1962 1531 2002 uxor
1554 1941 1713 1999 simul
1739 1952 2013 2039 cum-ma-

430 2029 534 2113 ritu
559 2054 762 2110 habitet
784 2067 906 2106 cum
928 2044 1232 2104 concordia.
1262 2037 1562 2108 Quinetiam
1588 2035 1656 2087 ab
1683 2031 1834 2086 initio
1872 2029 2013 2082 Deus

432 2149 647 2205 videtur
670 2157 912 2213 rnagnam
934 2154 1115 2194 curam
1146 2132 1378 2204 gessisse
1406 2128 1563 2197 hujus
1586 2120 2011 2192 coniunctionis;

436 2249 493 2297 et
516 2239 585 2294 de
610 2211 870 2290 ambobus
895 2241 1162 2299 tamquam
1189 2225 1256 2279 de
1274 2235 1379 2277 uno
1395 2221 1638 2290 loquens,
1665 2215 1743 2269 sic
1765 2211 2012 2267 dicebat:

437 2328 729 2387 Masculum
749 2334 805 2380 et
825 2324 1064 2396 {culinam
1096 2318 1213 2390 fecit
1243 2330 1327 2369 eos
1355 2312 1375 2384 (
1402 2309 1530 2367 Gen.
1563 2308 1617 2362 ι.
1645 2306 1713 2360 9.7
1733 2306 1867 2396 )7;-et
1895 2315 2014 2396 rur-

435 2439 552 2488 sus,
586 2418 707 2473 Non
731 2425 804 2472 est
825 2391 1102 2473 masculus,
1134 2422 1224 2462 nec
1253 2406 1442 2475 [culina
1468 2401 1489 2472 (
1515 2398 1633 2454 Gal.
1662 2397 1715 2452 '5.
1744 2394 1814 2449 28
1836 2395 1874 2461 ).
1897 2391 2016 2488 l‘ion

383 2521 387 2525 ’
436 2524 522 2571 est
537 2483 693 2569 enim
728 2518 873 2564 tanta
899 2504 997 2559 viri
1019 2516 1141 2558 cum
1173 2498 1288 2553 viro
1314 2488 1653 2550 necessitudo
1695 2496 1750 2542 et
1793 2483 2017 2553 coniun-

439 2608 567 2672 ctio,
588 2612 783 2673 quanta
806 2595 1043 2653 mulieris
1067 2606 1189 2646 cum
1206 2589 1344 2654 viro,
1365 2584 1411 2639 si
1436 2585 1507 2639 sit
1524 2590 1669 2636 recte
1686 2576 2018 2673 coniugatus.

444 2663 735 2765 Propterea
759 2690 839 2743 vir
862 2684 1077 2757 quidam
1108 2681 1295 2735 beatus
1317 2686 1581 2730 summam
1609 2668 1913 2765 signiticans
1936 2663 2022 2765 (li-

444 2753 749 2845 lectionem,
785 2787 837 2833 et
864 2753 1054 2845 lugens
1082 2766 1366 2839 quemdam
1393 2778 1459 2818 ex
1484 2761 1596 2815 suis
1624 2757 1830 2820 amicis,
1859 2753 2021 2823 etqui

443 2873 896 2934 crantunanimes
915 2909 932 2935 ,
965 2880 1070 2921 non
1096 2861 1231 2916 dixit
1256 2868 1486 2927 patrem,
1511 2867 1616 2907 non
1644 2857 1892 2914 matrem,
1917 2859 2022 2900 non

446 2972 636 3034 lilium,
663 2979 767 3021 non
798 2934 1039 3023 fratrem,
1067 2968 1175 3008 non
1204 2948 1468 3011 amicum;
1499 2942 1594 2997 sed
1620 2938 1787 3010 quid?
1835 2934 2024 3034 Cecidit

446 3026 649 3117 dilectio
675 3066 760 3111 tua
783 3067 933 3123 super
953 3063 1051 3112 me,
1083 3044 1293 3112 inquit,
1321 3048 1577 3104 tamquam
1618 3030 1819 3123 dilectio
1856 3026 2027 3123 mulie-

445 3115 560 3207 rum
590 3151 684 3221 (l.
714 3115 919 3216 Regii.
946 3136 1074 3208 26).
1112 3134 1315 3189 Revera
1341 3128 1484 3184 enim
1510 3165 1525 3190 ,
1565 3135 1754 3177 revera
1803 3118 1917 3171 haac
1945 3115 2028 3221 di-

445 3211 610 3300 lectio
630 3247 713 3295 est
741 3211 909 3306 magis
947 3227 1259 3304 tyrannica,
1306 3234 1466 3293 quam
1516 3214 1719 3288 qumvis
1764 3211 2024 3285 tyrannis.

449 3335 579 3391 Nam
608 3331 727 3386 alim
753 3325 966 3397 quidem
995 3329 1117 3375 sunt
1142 3315 1525 3377 vehementes;
1558 3308 1672 3362 hac
1716 3314 1892 3360 autem
1930 3317 2028 3357 cu-

455 3426 646 3498 piditas
677 3394 838 3477 habet
864 3427 917 3472 et
944 3410 1330 3469 vehementiam
1357 3448 1373 3473 ,
1423 3413 1479 3460 et
1525 3400 1668 3472 quod
1716 3413 1821 3453 non
1863 3394 2032 3498 possit

454 3484 785 3572 marcescere
818 3526 834 3562 :
864 3507 1004 3562 inest
1028 3504 1172 3558 enim
1197 3497 1412 3569 quidam
1435 3508 1587 3548 amor
1615 3491 1666 3545 in
1704 3498 1889 3544 natura
1937 3484 2033 3539 de-

452 3610 733 3669 litescens,
757 3610 813 3657 et
855 3615 953 3655 nos
981 3598 1154 3651 lacteus
1181 3588 1453 3647 connectit
1490 3586 1605 3639 haec
1632 3594 1876 3651 corpora.
1899 3578 2031 3631 Pro-

454 3711 638 3772 pterea
664 3709 720 3752 et
746 3695 814 3749 ab
839 3692 991 3747 initio
1015 3704 1081 3742 ex
1098 3687 1213 3740 viro
1234 3682 1444 3740 mulier,
1458 3686 1513 3733 et
1535 3687 1719 3745 postea
1746 3689 1814 3728 ex
1840 3672 1953 3724 viro
1980 3676 2036 3722 et

458 3768 683 3846 inuliere
711 3785 792 3838 vir
806 3792 862 3838 et
885 3780 1093 3835 mulier.
1124 3774 1282 3828 \‘idcs
1301 3768 1728 3840 coniunctionem
1753 3774 1807 3818 et
1832 3776 2033 3817 conne-

459 3882 694 3943 xionem,
720 3885 775 3930 et
812 3867 1080 3942 quomodo
1111 3881 1216 3918 nou
1262 3861 1448 3915 siverit
1494 3858 1651 3910 aliam
1693 3853 2036 3909 extrinsecus

458 3940 1014 4042 ingrediessentiam‘i
1047 3955 1176 4010 Vide
1203 3962 1380 4006 autem
1419 3963 1576 4019 quam
1609 3944 1773 3999 multa
1814 3940 2036 3995 admini-

464 4038 649 4117 strarit
693 4065 748 4111 et
788 4047 1133 4122 dispensarit.
1177 4045 1373 4099 Passus
1403 4050 1489 4094 est
1528 4038 1698 4107 ipsum
1745 4048 1897 4088 suam
1945 4045 2037 4086 so-

460 4165 641 4208 rorem
688 4147 887 4201 ducere
942 4151 1208 4204 uxorem,
1253 4132 1339 4187 vel
1384 4129 1561 4200 potius
1601 4140 1707 4181 non
1751 4136 1992 4179 sororem
2016 4160 2035 4186 ,

465 4244 561 4299 sed
617 4242 816 4304 tiliam,
864 4232 947 4290 vel
982 4231 1168 4303 potius
1214 4240 1321 4282 non
1352 4222 1538 4284 tiliam.
1578 4218 1675 4275 sed
1710 4219 1835 4304 plus
1878 4228 2038 4286 quam

466 4336 669 4397 tiliam,
721 4300 912 4397 nempe
971 4300 1122 4378 suam
1176 4331 1394 4374 carnem
1427 4322 1645 4369 :tt0tum
1688 4300 1866 4365 autem
1912 4306 2042 4362 fecit

466 4431 534 4485 ab
573 4429 683 4482 alto
731 4423 892 4496 petita
924 4416 1165 4489 origine,
1196 4415 1336 4469 sicut
1381 4409 1434 4464 in
1478 4407 1741 4479 lapidibus
1765 4445 1781 4471 ,
1827 4418 1923 4460 eos
1950 4417 2043 4457 co-

462 4535 596 4592 gens
621 4520 673 4572 in
703 4530 889 4571 unum.
924 4510 1039 4566 Non
1065 4508 1207 4564 enim
1230 4519 1352 4561 eam
1388 4501 1515 4558 fecit
1556 4500 1892 4585 extrinsecus
1915 4537 1932 4563 ,
1971 4510 2042 4550 ne

466 4626 733 4681 tamquam
758 4607 945 4662 alierum
973 4606 1021 4659 ei
1047 4600 1326 4657 adhiberet
1350 4596 1627 4661 animum;
1652 4608 1829 4663 neque
1850 4603 2043 4647 rursus

466 4702 535 4759 ad
585 4703 759 4770 ipsum
805 4712 975 4767 usque
1016 4694 1166 4750 stetit
1202 4688 1598 4746 matrimonium
1625 4727 1640 4750 ,
1693 4700 1764 4739 ne
1806 4682 2043 4752 seipsnm

466 4805 725 4848 coercens
757 4798 812 4846 et
838 4801 1033 4858 cogens
1057 4790 1395 4855 separaretur
1421 4795 1454 4836 a
1479 4777 1707 4835 caeteris.
1744 4774 1815 4830 Et
1839 4775 1976 4829 sicut
1991 4774 2044 4828 in

470 4883 667 4956 plantis
696 4880 799 4934 illae
836 4887 961 4934 sunt
1003 4877 1158 4945 longe
1199 4871 1415 4943 Optimae
1452 4878 1508 4925 et
1547 4864 2043 4941 praestantissuma,

468 4954 590 5046 quae
621 4972 818 5026 habent
840 4981 1002 5023 unum
1033 4965 1266 5034 stipitem
1292 4971 1348 5016 et
1383 4957 1740 5017 extenduntur
1767 4954 1832 5010 ad
1867 4968 2046 5008 ramos

472 5068 710 5131 multos;
741 5078 847 5132 quo
877 5059 933 5113 lit
963 5067 1019 5111 ut
1044 5057 1092 5111 si
1114 5057 1291 5110 omnia
1317 5062 1518 5109 temere
1555 5051 1727 5106 solum
1770 5057 2047 5103 vertantur

471 5157 615 5214 cina
641 5153 907 5215 radicem,
947 5157 1002 5203 et
1029 5145 1222 5201 multas
1244 5144 1402 5199 etiam
1430 5142 1658 5197 habeant
1683 5139 1908 5203 radices,
1939 5152 2044 5191 non

473 5261 558 5306 est
584 5252 765 5319 utique
786 5246 949 5301 arbor
969 5242 1128 5312 digna
1150 5236 1502 5292 admiratione
1530 5254 1544 5288 :
1571 5235 1641 5288 ita
1679 5232 1764 5287 hic
1797 5245 2010 5301 quoque
2029 5270 2044 5296 ,

472 5358 545 5397 ex
576 5356 681 5395 uno
699 5340 906 5394 Adamo
932 5335 1060 5392 fecit
1082 5342 1140 5388 ut
1166 5330 1495 5400 plautaretur
1518 5326 1823 5379 universum
1855 5323 2043 5391 genus,

478 5433 536 5489 id
558 5432 624 5486 ad
650 5446 891 5501 magnam
933 5427 1180 5496 redigens
1210 5417 1580 5476 necessitatem
1609 5426 1666 5470 ut
1695 5430 1798 5468 non
1827 5413 2049 5468 divelle-

473 5534 623 5579 retur
653 5534 751 5575 ncc
779 5528 1139 5588 separaretur.
1165 5515 1230 5569 Et
1250 5509 1422 5583 magis
1439 5504 1790 5568 contrahens,
1841 5503 1968 5558 fecit
1992 5513 2050 5558 ut

481 5628 698 5669 sorores
724 5621 776 5665 et
805 5610 922 5663 lilia:
953 5625 1056 5664 non
1087 5606 1312 5677 amplius
1348 5603 1671 5657 ducerentur
1705 5610 1898 5651 uxores
1921 5636 1939 5664 ,
1980 5609 2048 5650 ne

477 5720 665 5763 rursus
686 5701 1027 5762 dilectionem
1057 5700 1108 5754 in
1138 5713 1300 5754 unum
1329 5692 1790 5753 contraheremus,
1811 5697 1866 5746 et
1889 5687 2077 5759 aliter_

2101 1039 2479 1097 separaremur
2525 1038 2556 1079 a
2595 1022 2751 1078 nobis
2792 1021 2943 1091 ipsis.
2970 1020 3261 1090 Propterea
3287 1017 3497 1075 dicebat
3528 1036 3542 1074 :
3577 1020 3681 1084 Qui

2103 1118 2222 1188 fecit
2246 1116 2308 1170 ab
2337 1115 2501 1178 initio,
2532 1113 2814 1167 masculum
2834 1122 2882 1166 et
2908 1111 3149 1182 feminam
3173 1111 3291 1181 fecit
3329 1125 3413 1165 eos
3452 1110 3679 1180 (Matth.

2103 1208 2194 1264 l9.
2222 1209 2256 1264 4
2274 1206 2315 1280 ).
2358 1206 2545 1275 Magna
2568 1203 2711 1259 enim
2736 1218 2804 1259 ex
2826 1202 2911 1257 his
2931 1210 3222 1256 nascuntur
3251 1200 3387 1256 mala
3413 1210 3467 1257 et
3489 1214 3681 1269 magna

2106 1300 2243 1354 bona
2268 1308 2324 1355 et
2349 1297 2594 1352 domibus
2622 1305 2680 1350 et
2705 1294 3035 1350 civitatibus.
3065 1292 3209 1347 Nihil
3256 1294 3398 1347 enim
3441 1303 3682 1347 nostram
3766 1354 3779 1365 κ

2105 1391 2268 1447 vitam
2292 1404 2446 1461 aeque
2471 1389 2790 1452 concinnat,
2824 1395 2883 1441 ut
2905 1401 3057 1442 amor
3083 1384 3183 1440 viri
3201 1394 3258 1440 et
3279 1385 3520 1441 mulieris
3547 1404 3560 1440 :
3586 1403 3688 1455 pro

2106 1497 2174 1538 eo
2199 1482 2348 1536 multi
2380 1495 2527 1535 arma
2554 1485 2798 1546 sumunt,
2826 1493 2924 1549 pro
2948 1491 3015 1532 eo
3043 1478 3204 1531 etiam
3232 1475 3520 1546 proiiciunt
3560 1478 3688 1531 aui-

2109 1588 2270 1628 mam.
2294 1571 2409 1626 Non
2430 1572 2571 1626 enim
2596 1579 2798 1626 temere
2827 1568 2982 1639 huius
3010 1567 3089 1623 rei
3115 1568 3335 1622 multam
3358 1581 3541 1622 curam
3560 1582 3691 1637 grs-

2109 1665 2182 1720 sit
2202 1664 2427 1729 Paulus,
2459 1673 2515 1718 et
2543 1663 2597 1717 in
2625 1676 2693 1716 eo
2721 1660 2900 1732 posuit
2925 1659 3160 1714 studium
3180 1698 3197 1726 ,
3227 1657 3414 1714 dicens
3451 1677 3464 1712 :
3495 1657 3692 1713 Mulie-

2111 1772 2192 1810 res
2220 1755 2339 1808 uiris
2368 1753 2473 1808 suis
2499 1752 2713 1808 subdita
2738 1753 2841 1806 sint
2867 1752 2995 1805 sicut
3021 1749 3259 1804 Domino.
3287 1749 3508 1818 Quare?
3540 1749 3693 1816 Quo-

2112 1848 2256 1901 niam
2277 1847 2322 1901 si
2344 1845 2396 1900 hi
2418 1844 2528 1899 sint
2565 1846 2619 1899 in
2661 1842 2981 1909 concordia,
3025 1853 3082 1897 et
3124 1851 3268 1899 recte
3298 1843 3514 1898 aluntur
3557 1842 3694 1906 lilii,

2115 1947 2261 1994 recte
2297 1936 2528 1992 ordinati
2572 1946 2697 1990 sunt
2748 1935 2968 2000 famuli,
3014 1942 3071 1989 et
3111 1934 3255 1989 bono
3300 1948 3483 1988 eorum
3526 1931 3698 1987 odore

2118 2029 2365 2084 fruuntur
2387 2028 2567 2092 vicini,
2595 2028 2860 2097 amicique
2887 2037 2943 2082 et
2960 2026 3175 2097 cognati
3204 2043 3219 2079 :
3248 2025 3329 2080 sin
3355 2038 3533 2080 autem
3556 2039 3695 2079 con—

2119 2131 2220 2186 tra,
2243 2129 2554 2176 evertuntur
2580 2129 2635 2174 et
2659 2118 3060 2175 confunduntur
3083 2123 3281 2174 omnia.
3311 2118 3377 2173 Et
3405 2118 3541 2173 sicut
3566 2133 3696 2174 cum

2118 2214 2282 2269 duces
2307 2215 2573 2269 exercitus
2607 2213 2746 2268 inter
2773 2227 2834 2268 se
2867 2226 3049 2282 pacem
3090 2219 3287 2281 agunt,
3326 2211 3503 2265 omnia
3543 2226 3699 2264 suam

2119 2316 2336 2361 servant
2360 2305 2835 2373 consequentiam;
2868 2310 2923 2357 et
2940 2301 2986 2356 si
3028 2315 3214 2356 rursus
3262 2299 3339 2354 illi
3380 2301 3699 2362 turbentur,

2120 2411 2334 2450 sursum
2356 2404 2412 2450 et
2433 2395 2685 2450 deorsum
2706 2384 2935 2464 aguntur
2955 2392 3135 2446 omnia
3159 2408 3173 2443 :
3198 2391 3269 2444 ita
3298 2403 3436 2444 nunc
3460 2405 3699 2460 quoque.

2123 2486 2248 2541 Ideo
2272 2487 2381 2552 ait,
2413 2484 2660 2539 Mulieres
2679 2486 2799 2538 uiris
2829 2488 2936 2539 suis
2959 2482 3174 2536 subdita
3194 2481 3292 2534 sint
3310 2520 3327 2546 ,
3369 2482 3496 2534 sicut
3519 2477 3709 2533 Domi-

2124 2596 2189 2633 no
2218 2581 2236 2647 (
2261 2577 2374 2633 Col.
2403 2578 2459 2633 5.
2493 2577 2560 2632 18
2582 2579 2624 2648 ).
2664 2577 2823 2646 Papa:
2847 2578 2861 2630 ε
2889 2573 3160 2645 quomodo
3196 2587 3324 2644 ergo
3348 2571 3483 2628 dicis
3517 2572 3643 2627 alibi
3680 2588 3701 2626 :

2124 2670 2236 2725 Nisi
2262 2670 2383 2740 quis
2413 2669 2800 2724 renuntiaverit
2824 2666 2977 2722 uxori
3002 2674 3058 2722 et
3080 2667 3197 2721 viro
3222 2705 3240 2731 ,
3268 2680 3372 2721 non
3402 2673 3573 2735 potest
3611 2679 3706 2720 me

2125 2765 2276 2835 sequi
2303 2762 2468 2835 (Luc.
2494 2764 2583 2817 14.
2634 2762 2785 2833 35)?
2824 2760 2879 2817 Si
2916 2761 3061 2816 enim
3101 2758 3291 2829 subiici
3321 2766 3529 2828 oportet
3568 2767 3711 2811 tam-

2134 2873 2290 2927 quam
2307 2855 2560 2923 Domino,
2581 2854 2849 2926 quomodo
2874 2852 3007 2909 dicit
3023 2852 3165 2922 quod
3183 2861 3404 2922 pmpter
3423 2851 3708 2906 Dominum

2133 2960 2378 3022 oporteat
2411 2949 2731 3005 discedere?
2752 2948 2822 3002 Et
2844 2961 2970 3002 vere
2987 2946 3208 3001 omnino
3227 2955 3435 3015 oportet
3459 2960 3473 2996 :
3499 2945 3592 2999 sed
3638 2945 3707 2997 il-

2130 3041 2218 3096 Iud
2238 3080 2258 3109 ,
2302 3042 2430 3095 sicut
2451 3079 2470 3106 ,
2516 3056 2622 3094 non
2657 3050 2739 3094 est
2764 3052 2974 3107 seraper
2993 3038 3212 3093 omnino
3231 3037 3564 3106 mquslitatis.
3598 3039 3713 3091 Aut

2132 3135 2235 3189 hoc
2262 3134 2429 3188 dicit:
2463 3132 2756 3203 Sit-.utqute
2793 3131 2975 3186 sciatis
3003 3129 3145 3199 quod
3184 3129 3409 3184 Domino
3450 3130 3658 3183 servitis
3692 3147 3711 3185 :

2130 3225 2269 3296 quod
2292 3225 2453 3279 etiam
2490 3223 2618 3279 dicit
2649 3222 2796 3285 alibi,
2824 3221 2964 3292 quod
2985 3222 3030 3275 si
3057 3237 3162 3275 non
3188 3228 3403 3291 propter
3431 3221 3706 3284 maritum,

2132 3314 2225 3370 sed
2259 3313 2520 3383 inprimis
2544 3322 2760 3381 propter
2793 3311 3075 3366 Dominum
3107 3328 3121 3365 :
3152 3319 3280 3376 aut,
3311 3310 3530 3376 Quando
3561 3309 3717 3364 cedis

2133 3405 2349 3470 marito,
2381 3413 2438 3457 ut
2467 3403 2689 3458 Domino
2717 3402 2981 3467 serviens,
3009 3408 3064 3456 te
3090 3400 3308 3470 obsequi
3337 3408 3481 3472 puta.
3511 3398 3641 3454 Nam
3664 3401 3715 3452 si

2134 3497 2213 3561 Is,
2231 3498 2317 3565 qui
2348 3497 2426 3549 his
2455 3494 2674 3550 externis
2701 3493 2930 3547 civilibus
2958 3493 3148 3548 resistit
3176 3491 3549 3562 magistratibus
3567 3534 3581 3551 .
3616 3491 3717 3542 θινὶ

2138 3590 2320 3644 resistit
2346 3587 2657 3641 ordinationi
2686 3583 2873 3655 (Rom.
2907 3584 2993 3639 15.
3021 3583 3093 3655 2)
3115 3624 3131 3647 ,
3162 3584 3331 3638 multo
3377 3583 3543 3651 magis
3592 3598 3720 3651 qum

2140 3684 2330 3738 marito
2360 3698 2465 3735 non
2493 3679 2795 3749 subiicitur.
2829 3678 2918 3733 Sic
2949 3677 3090 3732 Deus
3116 3676 3285 3731 voluit
3305 3679 3374 3731 ab
3397 3675 3566 3730 initio.
3605 3674 3720 3730 Po-

2140 3786 2331 3828 namus
2355 3786 2484 3841 ergo
2510 3771 2681 3825 virum
2708 3768 2925 3838 quidem
2947 3766 3191 3822 ordinem
3218 3775 3274 3822 et
3317 3768 3490 3821 locum
3534 3777 3723 3819 tenere

2140 3866 2351 3937 capitis,
2382 3864 2663 3919 mulierem
2709 3870 2887 3916 autem
2931 3859 3193 3930 corporis.
3251 3858 3455 3913 Deinde
3489 3858 3647 3912 etiam
3681 3874 3721 3909 a

2142 3955 2439 4013 rationibus
2467 3953 2719 4015 ostendit,
2763 3950 2903 4021 quod
2932 3950 3015 4005 vir
3043 3951 3111 4004 sit
3145 3957 3307 4016 caput
3327 3948 3565 4003 mulieris
3583 3990 3600 4014 ,
3634 3947 3729 4000 ius

2141 4048 2276 4117 quit,
2301 4046 2446 4102 Sicut
2475 4044 2705 4099 Christus
2728 4051 2883 4112 caput
2907 4053 2983 4096 est
3010 4039 3274 4104 Ecclesia,
3301 4050 3347 4093 et
3371 4039 3479 4108 ipse
3505 4047 3578 4092 est
3606 4039 3724 4091 sal-

2143 4148 2286 4193 vator
2310 4137 2552 4207 corporis.
2586 4133 2692 4191 Sed
2717 4137 2847 4189 sicut
2870 4133 3099 4188 Ecclesia
3122 4133 3345 4200 subjecta
3382 4142 3455 4187 est
3482 4132 3679 4187 Christo
3697 4169 3726 4197 ,

2143 4232 2216 4284 ita
2242 4239 2288 4283 et
2316 4227 2550 4282 mulieres
2578 4227 2697 4280 uiris
2723 4226 2830 4280 suis
2855 4227 2908 4280 in
2933 4225 3183 4279 omnibus.
3210 4223 3411 4278 Deinde
3437 4232 3724 4292 postquam

2145 4319 2296 4384 dixit,
2335 4317 2427 4371 Vir
2447 4327 2597 4387 caput
2620 4327 2693 4371 est
2710 4316 2955 4381 mulieris,
2972 4315 3103 4370 sicut
3128 4322 3175 4368 et
3199 4313 3424 4368 Christus
3445 4311 3686 4367 Ecclesia
3699 4329 3731 4378 ;

2146 4411 2317 4476 addit,
2349 4407 2417 4463 Et
2457 4410 2566 4482 ipse
2598 4419 2670 4463 est
2708 4407 2930 4463 salvator
2966 4407 3196 4477 corporis
3218 4424 3237 4460 :
3259 4415 3420 4476 caput
3459 4404 3598 4459 enim
3637 4417 3731 4459 ess.

2149 4506 2294 4560 salus
2331 4504 2590 4574 corporis.
2625 4502 2740 4557 Jam
2774 4502 2965 4556 marito
2987 4509 3046 4556 et
3087 4499 3246 4553 uxori
3289 4500 3418 4568 iecit
3448 4506 3727 4566 tamquam

2148 4594 2552 4649 fundamentum
2576 4593 2849 4648 caritatem
2884 4600 2944 4645 et
2966 4588 3348 4660 providentiam
3374 4628 3390 4653 ,
3436 4586 3733 4655 unicuique

2150 4683 2326 4740 locum
2352 4684 2592 4738 tribuens
2612 4681 3030 4737 convenientem
3048 4719 3064 4743 ,
3103 4679 3294 4733 utarito
3328 4677 3544 4747 quidem
3573 4677 3731 4747 priu~

2150 4775 2356 4846 cipatus
2378 4782 2433 4829 et
2459 4772 2809 4844 providentiae
2827 4812 2842 4835 ,
2873 4769 3023 4825 uxori
3041 4784 3171 4824 vero
3199 4767 3565 4837 subiectionis.

2219 4865 2275 4920 2.
2302 4865 2446 4920 Sicut
2472 4880 2592 4936 ergo
2621 4861 2857 4918 Ecclesia
2899 4861 3125 4930 subiecta
3154 4868 3226 4912 est
3254 4858 3494 4923 Christo;
3526 4856 3578 4912 id
3604 4868 3693 4913 est
3713 4899 3733 4923 .

2154 4957 2251 5012 viri
2277 4965 2333 5012 et
2357 4956 2606 5011 mulieres
2632 4971 2646 5009 :
2676 4956 2750 5008 ita
2775 4955 2929 5008 etiam
2957 4954 3191 5007 mulieres
3217 4952 3413 5005 maritis
3437 4953 3567 5005 sicut
3593 4949 3755 5005 Deo.‘

2153 5047 2243 5103 25.
2289 5045 2425 5113 Viri,
2451 5045 2646 5116 diligite
2684 5059 2867 5099 uxores
2897 5052 3082 5097 vestros
3102 5084 3117 5105 ,
3147 5043 3274 5097 sicut
3299 5050 3345 5095 et
3394 5039 3623 5097 Christus
3654 5042 3737 5094 dio

2164 5137 2285 5192 (exit
2345 5135 2652 5191 Ecclesium.
2710 5134 2974 5189 Audivisti
3033 5148 3296 5187 susurnam
3344 5131 3734 5195 dilectionem;

2158 5226 2384 5282 laudasti
2428 5236 2483 5281 et
2510 5225 2804 5280 admiratus
2828 5239 2889 5279 es
2932 5223 3187 5286 Paulum,
3216 5232 3277 5277 ut
3318 5223 3411 5293 qui
3456 5234 3733 5292 tamquam

2155 5321 2237 5374 vir
2275 5318 2602 5373 admirabilis
2628 5327 2684 5371 et
2728 5316 3027 5388 spiritualis
3068 5326 3307 5370 nostram
3336 5315 3496 5369 vitam
3525 5314 3737 5370 consti-

2157 5420 2348 5465 tueret.
2383 5409 2565 5464 Recte.
2598 5408 2706 5465 Sed
2742 5409 2873 5463 audi
2941 5422 3061 5477 quos
3104 5422 3136 5460 a
3185 5417 3236 5462 te
3280 5408 3495 5477 exigit:
3543 5420 3735 5460 rursus

2154 5504 2297 5557 enim
2328 5501 2514 5557 eodem
2544 5503 2711 5556 utitur
2753 5500 3041 5572 exemplo:
3075 5495 3216 5554 Viri.
3277 5498 3486 5568 Inquit,
3537 5497 3735 5567 ~1t'ligilc

2155 5606 2337 5647 uxores
2381 5601 2570 5647 uestras
2588 5632 2604 5657 ,
2647 5591 2778 5646 sicut
2823 5601 2870 5646 et
2915 5589 3146 5645 Christus
3189 5588 3367 5644 dilexit
3417 5586 3730 5647 Ecclesium.

2155 5682 2350 5743 Vidisti
2372 5698 2680 5743 mensuram
2702 5681 3060 5746 obedientias‘i
3080 5679 3219 5739 Audi
3240 5682 3399 5737 etiam
3421 5692 3737 5741 mensuram
