4042 6212
339 368 442 423 137

329 475 650 531 dilectionis.
677 473 770 530 Vis
789 475 882 530 tibi
905 475 1124 531 obedire
1146 490 1396 544 uxorem,
1414 477 1776 533 sicutChristo
1804 478 1908 533 Ec-

326 566 582 621 clesiam?
608 567 722 636 ipse
746 582 958 636 quoque
980 568 1099 636 ejus
1128 582 1310 623 curam
1337 583 1466 638 gere
1507 571 1645 624 sicut
1667 569 1913 626 Christus

328 657 615 714 Ecclesia:
648 660 858 716 etiamsi
908 661 1143 716 animam
1190 676 1286 730 pro
1322 661 1436 731 ipsa
1480 662 1610 719 dare
1642 673 1908 733 oporteat,

324 750 533 805 etiamsi
565 751 763 804 millies
792 751 1109 817 conscindi,
1147 752 1358 808 etiamsi
1387 754 1615 823 quodvis
1642 755 1910 809 sustinere

325 854 380 897 et
406 840 557 912 pati,
586 854 694 895 non
727 842 1037 907 recusabis;
1065 851 1122 897 et
1151 844 1197 898 si
1229 842 1343 898 hcec
1376 858 1565 912 passus
1591 843 1758 899 fueris
1781 886 1797 911 ,
1827 844 1908 898 ni-

325 935 400 989 hil
427 935 605 989 adhuc
631 933 738 988 tale
758 932 931 988 fecisti
957 935 1119 1005 quale
1147 935 1418 991 Christus.
1446 935 1581 991 Nam
1608 944 1661 991 tu
1689 938 1904 1007 quidem

321 1029 430 1099 jam
480 1031 801 1097 conjunctus'
829 1027 945 1084 haec
973 1028 1142 1084 lacis:
1176 1029 1266 1085 ille
1308 1040 1489 1086 autem
1539 1046 1638 1101 pro
1676 1047 1741 1088 ea
1785 1049 1903 1104 quae

324 1122 500 1190 ipsum
526 1133 807 1175 aversatur
830 1131 888 1177 et
924 1121 1050 1177 odio
1080 1122 1256 1177 habet.
1286 1124 1744 1192 Quemadmodum
1776 1141 1904 1197 ergo

318 1214 434 1281 ipse
464 1228 582 1267 eam
613 1228 734 1282 qua!
784 1214 961 1283 ipsum
1004 1215 1378 1281 aversabatur,
1405 1217 1697 1288 aderatque
1721 1228 1776 1274 et
1800 1219 1900 1275 de-

315 1303 543 1371 spicatui
577 1303 808 1358 habebat
846 1318 909 1359 ac
933 1306 1303 1375 conspuebat,
1330 1317 1384 1363 et
1412 1324 1507 1378 per
1545 1309 1818 1366 lasciviam
1847 1312 1898 1368 ei

312 1394 623 1458 insonabat,
657 1410 849 1464 magna
891 1411 986 1451 sua
1037 1411 1165 1453 cura
1212 1399 1327 1455 suis
1366 1400 1595 1469 subjecit
1638 1402 1895 1471 pedibus,

310 1499 415 1539 non
472 1485 632 1539 minis
663 1500 764 1540 nec
810 1488 1152 1543 contumeliis
1196 1505 1371 1560 neque
1408 1502 1552 1546 metu
1581 1507 1755 1561 neque
1787 1494 1895 1548 ullo

307 1576 414 1630 alio
434 1575 703 1645 ejusmodi
727 1594 742 1630 :
778 1577 851 1632 ita
881 1587 935 1631 tu
962 1593 1173 1649 quoque
1202 1588 1253 1634 te
1281 1595 1407 1650 gere
1435 1597 1559 1652 erga
1591 1594 1733 1639 tuam
1760 1599 1892 1639 uxo-

306 1683 419 1722 rem
446 1685 460 1719 :
491 1668 701 1722 etiamsi
724 1682 844 1722 eam
876 1668 1073 1723 videris
1097 1669 1481 1739 despicientem
1503 1712 1520 1739 ,
1553 1673 1765 1728 etiamsi
1794 1690 1891 1743 per

303 1757 581 1815 lasciviam
609 1760 992 1825 insultantem,
1036 1761 1246 1817 etiamsi
1292 1773 1758 1832 contemnentem,
1797 1782 1890 1836 po-

301 1851 438 1905 teris
484 1850 654 1904 multa
695 1850 810 1920 ejus
837 1866 965 1906 cura
996 1861 1051 1906 et
1094 1852 1469 1921 providentia,
1514 1854 1805 1912 dilectione
1833 1866 1888 1912 ct

300 1940 546 1995 amicitia
596 1956 714 1995 eam
760 1942 863 1996 tuis
911 1942 1135 2010 pedibus
1183 1943 1468 2014 subjicere.
1514 1944 1658 2000 Nihil
1688 1955 1774 2002 est
1801 1947 1885 2002 his

300 2034 535 2087 vinculis
579 2034 742 2103 magis
789 2035 1162 2103 tyrannicum,
1212 2044 1268 2090 et
1314 2037 1546 2092 maxime
1592 2040 1787 2093 marito
1831 2048 1886 2095 et

298 2126 476 2178 rixari.
508 2124 641 2179 Nam
676 2123 931 2179 famulum
960 2125 1173 2196 quidem
1211 2129 1403 2196 poterit
1428 2130 1689 2199 quispiam
1739 2141 1883 2186 metu

291 2216 532 2285 alligare,
563 2216 673 2270 imo
719 2234 847 2272 vero
884 2233 951 2272 ne
998 2218 1143 2272 illum
1186 2218 1435 2287 quidem;
1467 2218 1881 2309 fortasse‘enim

293 2310 497 2365 resiliet
537 2320 593 2365 et
642 2311 858 2365 abibit:
899 2312 1018 2366 vita:
1063 2320 1243 2367 autem
1299 2312 1540 2379 sociam,
1588 2313 1877 2369 liberorum

291 2412 514 2456 matrem
533 2443 549 2465 ,
581 2411 781 2472 etquae
806 2413 889 2458 eSt
915 2417 1073 2457 causa
1100 2412 1157 2458 et
1187 2403 1398 2458 occasio
1428 2404 1605 2459 omnis
1634 2404 1833 2460 lmtitize
1854 2445 1873 2470 ,

292 2508 395 2547 non
420 2503 637 2562 oportet
668 2504 813 2547 metu
842 2504 895 2548 et
941 2494 1100 2550 minis
1129 2494 1298 2565 ligare
1318 2536 1336 2562 ,
1369 2495 1464 2551 sed
1507 2495 1795 2553 dilectione
1822 2508 1878 2553 et

286 2584 590 2640 allectione.
618 2585 875 2652 Quaenam
898 2586 1040 2641 enim
1063 2595 1147 2641 est
1167 2587 1492 2656 conjunctio,
1509 2588 1720 2658 quando
1741 2605 1878 2645 uxor

285 2676 624 2731 exltorrescit
649 2676 934 2730 maritum?
954 2677 1194 2745 Quanam
1219 2688 1397 2733 autem
1425 2678 1696 2750 voluptate
1725 2679 1872 2735 frue-

287 2776 369 2822 tur
398 2769 517 2838 ipse
546 2769 807 2835 maritus,
835 2784 955 2824 cum
987 2785 1152 2825 uxore
1179 2770 1427 2826 habitans
1457 2781 1725 2844 tamquam
1748 2789 1869 2830 cum

282 2858 473 2911 ancilla
497 2896 513 2921 ,
540 2869 598 2913 et
628 2873 734 2913 non
765 2871 1038 2930 tamquam
1066 2875 1187 2914 cum
1214 2860 1427 2917 libera?
1455 2863 1519 2918 Et
1545 2864 1589 2918 si
1618 2864 1744 2934 quid
1771 2880 1870 2934 pro

282 2963 344 3002 ea
384 2963 577 3018 passus
624 2948 790 3005 fueris
814 2992 830 3015 ,
864 2966 931 3006 ne
973 2952 1305 3021 exprobres:
1340 2969 1514 3022 neque
1543 2956 1686 3010 enim
1713 2956 1871 3011 Chri-

282 3047 395 3094 stus
440 3038 547 3094 hoc
589 3040 755 3095 fecit:
807 3040 874 3095 Et
916 3042 1137 3110 seipsum
1184 3044 1396 3098 tradidit
1444 3063 1537 3116 pro
1566 3063 1645 3101 ea.
1675 3047 1767 3102 26.
1800 3047 1867 3103 Ut

281 3130 421 3183 illam
449 3130 814 3197 sanctiﬁcat-et.
862 3131 993 3187 Erat
1034 3148 1164 3202 ergo
1191 3134 1467 3190 immunda
1487 3176 1503 3201 ,
1536 3146 1689 3192 erant
1718 3137 1770 3192 in
1801 3154 1862 3193 ea

282 3220 468 3277 sordes
495 3232 554 3276 et
580 3222 826 3287 maculae,
854 3232 970 3279 erat
999 3226 1172 3295 turpis
1195 3241 1260 3281 ac
1286 3226 1544 3283 deformis
1561 3269 1576 3292 ,
1609 3229 1728 3283 vilis
1748 3238 1865 3285 erat

281 3318 335 3365 et
377 3311 609 3381 abjecta.
655 3312 1057 3384 Quamcumque
1104 3331 1235 3387 ergo
1283 3320 1556 3388 acceperis
1604 3336 1859 3388 uxorem,

281 3417 385 3458 non
430 3405 592 3460 talem
637 3405 866 3475 accipies
909 3421 1199 3475 sponsam,
1238 3411 1456 3480 qualem
1481 3411 1727 3468 Christus
1759 3414 1860 3468 Ec-

278 3494 529 3561 clesiam,
554 3510 725 3565 neque
749 3511 871 3566 quae
893 3512 925 3551 a
950 3505 1002 3552 te
1032 3505 1237 3553 tantum
1267 3499 1445 3569 absit,
1475 3513 1730 3571 quantum
1757 3503 1862 3561 Ec-

278 3585 442 3641 clesia
470 3600 503 3639 a
539 3586 796 3642 Christo:
841 3587 941 3642 sed
993 3597 1169 3645 tamen
1217 3606 1324 3646 non
1364 3602 1446 3647 est
1484 3593 1855 3664 abominatus,

279 3692 377 3731 nec
400 3692 521 3732 eam
542 3678 666 3733 odio
687 3678 874 3735 habuit
904 3690 1123 3750 propter
1142 3697 1408 3739 summam
1433 3684 1853 3743 deformitatem.

280 3767 371 3822 Vis
386 3768 571 3825 audire
585 3770 701 3840 ejus
718 3770 1115 3827 deformitatem
1128 3774 1152 3828 τ
1167 3775 1289 3830 audi
1311 3776 1532 3833 Paulum
1550 3777 1817 3835 dicentem
1840 3798 1854 3836 :

280 3858 451 3915 Eratis
473 3863 606 3917 enim
630 3864 904 3930 aliquando
930 3866 1145 3920 tenebris
1182 3865 1397 3937 (Ephes.
1420 3869 1475 3924 5.
1499 3869 1581 3939 8).
1610 3869 1855 3926 Vidistin’

278 3952 394 4020 ejus
441 3954 716 4007 atrorem?
766 3955 892 4023 quid
937 3964 1020 4010 est
1067 3956 1237 4012 atrius
1295 3960 1567 4016 tenebris?
1614 3961 1859 4018 Vidistin'

280 4041 585 4098 audaciam?
616 4041 685 4097 lu
727 4045 1009 4113 pravitate,
1063 4047 1264 4117 inquit,
1295 4058 1342 4102 et
1389 4051 1580 4105 invidia
1626 4054 1857 4125 degentes

282 4131 301 4199 (
330 4132 429 4186 Tit.
458 4136 513 4189 3.
542 4136 577 4190 5
601 4145 623 4205 j
694 4135 829 4191 Vide
880 4137 1269 4194 immunditiam
1297 4160 1309 4196 :
1343 4139 1694 4198 lnobedientes
1713 4186 1728 4210 ,
1775 4146 1855 4200 in-

280 4223 529 4290 sipiastes.
573 4224 712 4293 Quid
753 4236 933 4281 autem
976 4227 1137 4284 dico?
1178 4240 1234 4285 et
1275 4233 1437 4286 stulta
1476 4243 1593 4288 erat
1637 4244 1693 4290 et
1734 4251 1853 4292 ma-

282 4311 446 4368 ledica
479 4333 493 4368 :
522 4323 576 4370 et
608 4326 784 4371 tamen
814 4334 936 4372 cum
985 4330 1089 4373 tam
1117 4322 1282 4376 multa
1312 4322 1364 4377 in
1393 4338 1456 4379 ea
1483 4334 1683 4390 essent,
1715 4333 1853 4380 tam-

280 4419 432 4473 quam
463 4422 560 4475 pro
584 4409 860 4476 speciosa,
889 4418 1156 4482 tamquam
1188 4429 1286 4484 pro
1310 4415 1504 4470 dilecta
1526 4458 1544 4483 ,
1577 4426 1848 4488 tamquam

282 4510 378 4564 pro
416 4497 725 4553 admiranda
751 4542 766 4565 ,
812 4501 884 4556 ita
916 4504 1152 4573 seipsum
1202 4505 1420 4562 tradidit
1461 4523 1559 4578 pro
1601 4508 1849 4565 deformi.

280 4590 391 4648 Hoc
417 4591 611 4646 mirans
647 4593 861 4649 dicebat
895 4596 1124 4662 Paulus,
1165 4596 1264 4652 Vi:
1291 4599 1426 4653 enim
1456 4616 1549 4670 pro
1567 4601 1713 4671 justo
1738 4603 1852 4672 quis

281 4682 513 4733 morietur
539 4680 559 4748 (
581 4682 734 4739 Rom.
763 4684 818 4739 5.
850 4684 882 4739 7
909 4684 968 4757 );
1009 4695 1064 4741 et
1092 4702 1306 4755 rursus,
1342 4688 1403 4744 Si
1427 4706 1540 4744 cum
1567 4708 1657 4745 nos
1682 4692 1851 4747 adhuc

284 4779 554 4837 peccatores
597 4790 818 4829 essemus
839 4817 854 4839 ,
904 4775 1137 4832 Christus
1187 4795 1279 4849 pro
1325 4780 1466 4836 nobis
1508 4791 1581 4837 est
1624 4792 1852 4840 mortuus

286 4858 453 4928 (Ibid.
488 4878 534 4917 υ.
559 4865 612 4919 8.
646 4866 739 4934 9).
773 4866 839 4921 Et
867 4882 989 4923 cum
1023 4870 1184 4925 talem
1236 4874 1563 4943 accepisset,
1605 4890 1721 4930 eam
1764 4891 1854 4931 or-

284 4961 377 5004 nat
411 4963 461 5007 et
490 4955 654 5023 lavat,
687 4966 745 5013 et
789 4973 859 5013 ne
908 4960 1011 5015 hoc
1053 4961 1268 5031 quidem
1319 4974 1551 5019 recusat.
1589 4965 1657 5020 Ut
1700 4965 1843 5020 illaut

284 5044 608 5110 sanctiﬁcaret
630 5088 649 5113 ,
688 5048 943 5103 mandans
968 5051 1170 5107 lavacro
1201 5070 1346 5124 aqua:
1379 5057 1432 5109 in
1458 5055 1636 5116 verba.
1666 5057 1758 5110 27.
1790 5066 1846 5111 ιιι

288 5133 521 5190 exhiberet
543 5140 649 5210 ipse
672 5140 772 5194 sibi
798 5141 1079 5209 gloriosam
1108 5144 1388 5201 Ecclesium
1407 5188 1423 5213 ,
1453 5165 1554 5202 non
1584 5148 1849 5204 habentem

290 5225 526 5281 nidulum
542 5271 555 5293 ,
579 5240 670 5284 aut
693 5249 877 5303 rugam
897 5274 914 5300 ,
941 5244 1030 5287 aut
1054 5235 1248 5306 aliquid
1278 5238 1558 5309 ejusmodi,
1586 5240 1675 5293 sed
1699 5250 1754 5293 ut
1778 5241 1843 5294 iit

288 5322 457 5366 saneto
492 5328 535 5370 et
561 5320 913 5379 immaculata.
957 5322 1196 5380 Lavacro
1238 5327 1379 5381 lavat
1416 5331 1531 5395 ejus
1562 5329 1849 5385 immundi-

292 5401 432 5458 tiam.
456 5405 516 5461 In
541 5412 723 5477 verba,
779 5412 989 5483 inquit.
1018 5415 1300 5484 Quonam?
1342 5417 1397 5471 In
1429 5420 1647 5475 nomine
1673 5421 1849 5477 Patris

288 5501 347 5545 et
385 5492 493 5551 Filii
519 5510 570 5555 et
613 5502 850 5572 Spiritus
888 5507 1085 5561 sancti.
1113 5508 1223 5563 Nec
1250 5510 1421 5563 solum
1451 5526 1568 5565 eam
1598 5517 1848 5583 ornavit,

291 5582 383 5636 sed
420 5587 535 5643 fecit
566 5592 858 5662 gloriosam
880 5636 895 5660 ,
948 5595 1072 5651 Non
1121 5599 1385 5654 habentem
1424 5604 1714 5671 oraculum,
1764 5582 1850 5660 aut

289 5687 485 5765 rugam,
511 5692 597 5734 aut
622 5684 820 5754 aliquid
862 5688 1132 5757 ejusmodi.
1164 5689 1229 5744 Et
1260 5706 1359 5746 nos
1386 5707 1514 5763 ergo
1541 5709 1846 5765 quaeramus

288 5764 418 5822 hanc
438 5773 903 5847 pulchritudinem,
929 5790 981 5836 et
1010 5783 1301 5852 poterimus
1321 5799 1443 5841 esse
1466 5764 1581 5858 ejus
1602 5788 1839 5860 opiﬁces.

1253 366 1317 421 IN
1358 367 1573 424 EPIS‘I‘.
1614 367 1706 422 AD
1747 366 1986 422 El’llES.
2029 368 2179 425 CAP.
2226 372 2286 426 V.
2331 374 2556 433 1105111..
2598 381 2716 437 XX.

3503 406 3602 462 £33

2022 478 2099 535 Ne
2125 498 2332 551 qumras
2357 487 2426 542 ab
2456 505 2623 549 uxore
2650 512 2771 564 quae
2799 514 2904 556 non
2946 514 3071 561 sunt
3097 507 3232 578 ejus.
3263 511 3421 570 Vides
3455 521 3597 587 quod

2018 587 2048 626 a
2094 573 2321 631 Domino
2367 585 2546 637 omnia
2579 585 2826 647 habuerit
2870 595 3108 653 Ecclesia
3136 618 3149 654 :
3182 603 3249 658 ab
3296 606 3410 675 ipso
3457 573 3595 669 facta

2017 669 2100 716 cst
2125 664 2355 732 gloriosa
2381 711 2397 735 ,
2424 671 2492 727 ab
2521 675 2636 746 ipso
2661 677 2799 735 facta
2826 695 2904 738 cst
2933 688 3048 743 sine
3077 664 3408 751 ﬂlﬂCllla.'Ne
3434 716 3592 757 aver-

2015 755 2151 810 seris
2166 773 2403 864 Juxorem
2452 778 2671 864 propter
2716 771 3136 837 deformitatem.
3165 786 3303 843 Audi
3342 792 3591 864 Scriptu-

2013 858 2127 897 ram
2156 845 2462 906 dicentem:
2494 853 2665 912 Parva
2712 861 2763 914 in
2793 867 3078 924 volucribus
3121 875 3267 944 apis,
3302 890 3349 933 et
3388 845 3591 939 initrium

2011 934 2333 1039 dulcediuum
2363 953 2437 996 est
2478 946 2675 1015 fructus
2718 955 2827 1022 ejus
2871 956 3058 1029 (Eccli.
3108 934 3196 1020 ii.
3241 934 3325 1039 ἐι).
3369 934 3591 1032 υθίηέξί

2010 1024 2356 1094 figmentum:
2390 1050 2497 1091 non
2551 1039 2698 1095 illam
2729 1024 3053 1106 contumelia
3103 1024 3311 1129 aflicis',
3340 1063 3435 1118 sed
3462 1081 3585 1122 eum

2007 1115 2097 1184 qui
2120 1116 2289 1186 ipsam
2320 1121 2467 1180 fecit.
2500 1128 2638 1195 Quid
2668 1146 2788 1202 agat
2816 1139 3051 1195 mulier?

2077 1208 2143 1263 In
2171 1228 2328 1267 uxore
2355 1219 2479 1286 quid
2502 1227 2853 1291 quwrendum.
2874 1233 3042 1291 —Ne
3073 1237 3216 1295 illam
3247 1243 3433 1304 laudes
3460 1266 3586 1319 pro—

2077 1314 2121 1319 -..
2148 1299 2189 1319 1⁸-
2394 1308 2405 1319 ⁶
2577 1314 2587 1319 ⁸
2755 1317 2762 1319 Α

2005 1307 2121 1367 pter
2145 1299 2331 1359 forma:
2357 1308 2677 1380 elegantiam
2707 1333 2720 1369 :
2751 1317 3143 1391 impudicorum
3172 1299 3475 1394 auimaruui
3496 1352 3581 1397 est

2000 1399 2055 1500 et
2084 1391 2282 1500 lausnet
2309 1397 2437 1453 illud
2468 1402 2646 1458 odium
2669 1447 2684 1472 ,
2715 1417 2770 1462 ct
2817 1411 2932 1481 ipsa
2963 1414 3199 1474 dilectio.
3232 1391 3582 1500 Quare—pd;

1998 1482 2357 1543 chritudinem
2419 1494 2661 1551 animm:
2719 1500 2930 1559 imitare
2991 1482 3275 1578 sponsum~
3298 1482 3574 1580 Ecclesiae.

1998 1573 2233 1671 Externa
2264 1581 2601 1671 pulchritudo
2624 1589 2779 1659 plena
2808 1604 2891 1650 est
2917 1573 3239 1670 arrogantia:
3265 1618 3319 1664 et

1998 1666 2117 1770 tie,
2147 1677 2200 1722 et
2230 1670 2397 1775 injicit
2430 1676 2482 1729 in
2513 1678 2865 1751 zelotypiam,
2899 1697 2954 1742 et
2982 1666 3126 1761 saepe
3157 1703 3214 1752 te
3247 1697 3371 1755 facit
3400 1666 3576 1775 suspi-

1993 1758 2101 1863 cari
2130 1763 2555 1863 rem-absurdam
2582 1781 2636 1825 et
2667 1783 2900 1844 turpem.
2924 1781 2989 1834 At
3017 1758 3177 1842 habet
3204 1758 3573 1863 voluptatem?

1994 1847 2171 1920 Usque
2198 1853 2263 1908 ad
2297 1856 2524 1925 primum
2556 1871 2611 1916 ct
2638 1868 2935 1925 secundum
2963 1888 3206 1934 mensem
3230 1920 3247 1947 ,
3279 1847 3570 1957 atitpluri:

1991 1954 2134 1995 mum
2164 1959 2331 2014 usque
2359 1949 2425 2003 ad
2456 1965 2653 2007 annum
2676 1997 2692 2021 ,
2737 1956 2932 2016 deinde
2975 1980 3083 2022 non
3114 1973 3347 2042 amplius
3370 1949 3508 2041 {sed
3536 2001 3569 2038 a

1988 2035 2374 2092 consuetudine
2414 2046 2697 2099 marcescit
2724 2049 3040 2110 miraculum
3074 2075 3088 2111 :
3127 2035 3246 2131 qua:
3288 2035 3416 2123 vero
3445 2035 3569 2140 pro:

1986 2129 2104 2190 pter
2129 2125 2579 2193 pulchritudinem
2609 2136 2748 2192 mala
2775 2139 3129 2215 advenerunt,
3145 2125 3460 2224 remanent:
3486 2164 3564 2217 l‘ao

1984 2220 2133 2279 stus,
2185 2221 2488 2288 arrogantia
2534 2233 2589 2279 et
2632 2238 2993 2301 contemptus.
3027 2237 3084 2293 ln
3132 2256 3191 2295 ca
3224 2258 3401 2302 autem
3444 2220 3589 2322 quze.

1984 2320 2090 2361 non
2142 2318 2226 2363 est
2264 2311 2561 2381 ejusmodi,
2595 2319 2724 2375 nihil
2759 2325 2896 2392 tale;
2929 2330 3024 2384 sed
3070 2337 3264 2392 merito
3292 2356 3443 2397 amur
3464 2311 3560 2401 in-

1980 2396 2184 2497 cipiens
2211 2402 2363 2457 valde
2393 2418 2707 2477 permanet,
2741 2417 2996 2484 quoniam
3033 2430 3120 2479 est
3145 2428 3560 2495 pulchritudinis

1978 2500 2171 2543 anima:
2187 2530 2201 2554 ,
2236 2505 2340 2546 non
2381 2500 2652 2566 corporis.

2049 2578 2102 2679 ξι.
2137 2578 2323 2679 Uxoris
2353 2587 2556 2654 optimae
2580 2589 2739 2647 doles.
2771 2624 2844 2636 —
2873 2597 2968 2655 Dic
3010 2603 3143 2660 mihi
3167 2650 3182 2673 ,
3232 2612 3359 2679 quid
3388 2624 3471 2671 est
3499 2618 3552 2674 in

1976 2667 2109 2722 crelo
2124 2671 2312 2726 melius
2333 2684 2387 2728 et
2403 2682 2777 2745 prmstantius?
2805 2686 2941 2753 Quid
2966 2693 3155 2749 melius
3168 2667 3365 2755 astris?

1975 2774 2203 2830 cumque
2242 2764 2441 2821 dixeris
2481 2786 2712 2841 corpus,
2745 2791 2849 2833 non
2877 2789 2958 2835 est
2984 2782 3119 2839 adeo
3143 2788 3356 2860 album;
3393 2764 3585 2866 quos»

1972 2866 2200 2923 cumque
2224 2856 2423 2913 dixeris
2450 2863 2657 2930 oculos,
2685 2883 2789 2924 non
2813 2884 2936 2927 sunt
2957 2874 3091 2932 adeo
3116 2880 3223 2935 lteti
3247 2892 3302 2938 et
3326 2856 3547 2948 hilares.

1973 2942 2068 2998 His
2100 2956 2279 3001 autem
2303 2954 2498 3007 creatis
2522 2956 2683 3011 etiam
2707 2963 2882 3030 angeli
2910 2976 3036 3021 sunt
3059 2968 3341 3041 admirati;
3372 2988 3426 3032 et
3454 2996 3552 3037 nos

1970 3051 2181 3108 quoque
2211 3056 2352 3097 nunc
2384 3046 2675 3117 miramur,
2719 3052 2814 3107 sed
2844 3069 2951 3111 non
2983 3060 3124 3115 sicut
3151 3062 3219 3117 ab
3249 3066 3417 3122 initio.
3448 3069 3550 3126 Ta-

1969 3126 2035 3182 lis
2055 3130 2197 3184 enim
2222 3148 2306 3186 res
2326 3145 2409 3190 est
2429 3144 2765 3197 consuetudo
2791 3164 2807 3200 :
2835 3162 2939 3203 non
2962 3150 3211 3210 similiter
3230 3158 3543 3230 stupefacit;

1967 3231 2165 3288 quanto
2190 3222 2357 3295 magis
2387 3230 2438 3282 in
2471 3232 2734 3289 muliere?
2761 3235 2854 3291 Sin
2881 3249 3063 3298 autem
3099 3222 3537 3324 morbus-super;

1965 3314 2208 3380 venerit,
2243 3325 2409 3372 tutum
2440 3323 2621 3376 statim
2653 3328 2854 3383 evolat.
2897 3330 3213 3398 Quaeramus
3243 3358 3271 3395 a
3319 3314 3548 3406 muliere

1965 3399 2427 3476 benevolentiam,
2484 3414 2844 3485 modestiam,
2893 3425 3351 3503 moderationem,
3392 3399 3542 3493 leni-

1969 3500 2129 3598 tatem
2161 3505 2215 3598 et
2241 3496 2624 3598 benignitatem
2654 3523 2667 3559 :
2698 3507 2813 3564 lucc
2841 3523 2966 3568 sunt
2990 3516 3137 3588 signa
3168 3534 3223 3577 et
3248 3496 3390 3580 nota:
3422 3531 3542 3598 pul-

1963 3582 2306 3640 chritudinis.
2327 3588 2443 3644 Non
2460 3608 2760 3662 quatramus
2774 3610 2950 3657 autem
2967 3611 3207 3678 corporis
3223 3582 3539 3684 elegantiam

1962 3691 2025 3732 ac
2073 3688 2431 3750 venustatem,
2487 3701 2589 3742 nec
2641 3706 2759 3745 eam
2804 3695 3165 3765 vituperemus
3194 3719 3413 3778 propter
3441 3728 3537 3778 ea,

1962 3782 2082 3837 quae
2125 3786 2231 3825 non
2265 3772 2427 3829 habet
2456 3777 2507 3830 iu
2554 3788 2856 3850 potestate;
2888 3786 2996 3842 imo
3023 3806 3156 3849 vero
3182 3772 3540 3863 nec-omnino

1960 3862 2359 3967 vituperemus;
2400 3869 2682 3927 audacium
2728 3877 2872 3931 enim
2920 3879 2976 3934 id
3021 3893 3135 3950 est;
3181 3903 3355 3960 neque
3396 3910 3539 3967 wgre

1960 3951 2214 4009 feramus.
2244 3959 2441 4014 Annon
2486 3961 2699 4036 videtis~
2725 3982 2887 4038 quam
2913 3973 3066 4032 multi
3089 4016 3107 4042 ,
3138 3981 3228 4049 qui
3258 3951 3380 4041 cum
3427 3951 3540 4044 ὦτζ

1961 4042 2125 4099 mosis
2167 4046 2484 4104 mulieribus
2528 4046 2873 4126 habitarent,
2921 4042 3304 4127 miserabiliter
3331 4089 3362 4129 e
3400 4042 3534 4134 vivis

1959 4133 2337 4191 excesserunt?
2359 4155 2516 4208 quam
2544 4145 2698 4201 multi
2741 4158 2918 4205 autem
2951 4169 3072 4210 cum
3102 4174 3210 4214 non
3241 4164 3391 4220 valde
3421 4168 3531 4222 for-

1957 4224 2161 4290 mosis,
2193 4242 2313 4281 cum
2360 4231 2527 4286 multa
2579 4236 2850 4305 voluptate
2895 4242 2963 4295 ad
3011 4256 3309 4305 extremam
3360 4270 3530 4324 usque

1956 4326 2282 4373 senectutem
2314 4328 2715 4388 pervenerunt?
2746 4328 2944 4384 Sordes
2985 4335 3220 4393 internas
3266 4356 3532 4417 expurge-

1957 4420 2095 4469 mus,
2125 4423 2282 4476 rugas
2309 4425 2430 4478 quae
2458 4423 2584 4467 sunt
2618 4416 2761 4470 intus
2786 4421 3102 4490 evellamus,
3138 4428 3385 4486 tollamus
3413 4416 3536 4491 ma.

1956 4498 2104 4552 cuias
2128 4514 2247 4568 qua:
2273 4510 2397 4555 sunt
2428 4503 2482 4557 in
2521 4507 2720 4562 anima.
2752 4509 2935 4566 Talem
2985 4515 3126 4571 Deus
3154 4524 3374 4591 requirit
3409 4531 3529 4596 pul-

1956 4589 2350 4647 chritudinem:
2388 4594 2530 4663 Deo,
2580 4613 2687 4653 non
2734 4601 2886 4656 nobis
2927 4620 3047 4661 eam
3088 4589 3376 4671 reddamus
3403 4589 3528 4691 pul-

1956 4679 2161 4735 chram.
2193 4681 2307 4738 Non
2337 4700 2637 4755 quaeramus
2669 4693 2939 4760 pecunias,
2972 4711 3081 4753 non
3106 4679 3529 4776 externam-scd

1955 4788 2074 4844 quae
2104 4784 2186 4829 est
2231 4775 2285 4829 in
2329 4777 2543 4845 anima,
2590 4781 2947 4840 nobilitatem.
2978 4788 3152 4848 Nemo
3201 4775 3432 4865 patiatur
3476 4815 3533 4860 ut

1957 4865 2156 4922 ditetur
2182 4884 2215 4922 a
2240 4868 2466 4925 muliere
2490 4886 2503 4925 :
2538 4877 2721 4942 turpes
2748 4877 2890 4931 enim
2914 4889 2969 4934 et
2997 4884 3270 4952 probrosae
3295 4902 3418 4946 sunt
3449 4893 3532 4949 ha:

1956 4956 2191 5013 divitiae:
2225 4976 2398 5031 neque
2425 4966 2647 5018 omnino
2688 4978 2891 5036 quaerat
2936 4973 3198 5046 quispiam
3245 4980 3366 5037 hinc
3394 4983 3541 5040 dite-

1958 5056 2128 5104 scere.
2164 5047 2303 5103 Nam
2328 5052 2412 5121 qui
2438 5054 2608 5107 uolunt
2633 5071 2739 5111 esse
2761 5058 2958 5130 divites,
2978 5065 3205 5123 incidunt
3224 5071 3277 5124 in
3298 5076 3539 5129 tentatio-

1957 5156 2105 5206 nem,
2128 5150 2175 5193 et
2201 5143 2254 5194 in
2301 5143 2549 5198 desideria
2590 5147 2793 5203 inutilia
2820 5161 2867 5205 et
2917 5157 3100 5223 noxia,
3128 5169 3174 5212 et
3213 5165 3265 5214 in
3295 5161 3503 5231 laqueos
3521 5206 3537 5228 ,

1958 5245 2003 5288 et
2041 5235 2093 5287 in
2121 5235 2326 5289 exitium
2357 5247 2401 5290 et
2426 5238 2480 5292 in
2507 5240 2761 5295 interitum
2789 5246 2864 5315 (l.
2895 5245 3025 5302 Tim.
3056 5251 3110 5305 6.
3140 5251 3216 5322 9).
3245 5255 3327 5309 Ab
3368 5272 3540 5314 uxore

1957 5344 2086 5400 ergo
2107 5344 2175 5383 ne
2197 5345 2404 5400 quaeras
2433 5333 2641 5401 cupiam
2673 5338 2933 5405 pecuniae,
2964 5350 3020 5393 et
3047 5342 3148 5395 alia
3177 5345 3355 5401 omnia
3384 5350 3536 5406 facile

1958 5419 2218 5474 invenies.
2245 5421 2397 5489 Quis,
2415 5422 2741 5491 dic,ou:eso,
2768 5426 3001 5483 dimissis
3026 5429 3092 5486 iis
3123 5448 3242 5504 quae
3266 5449 3387 5493 sunt
3409 5457 3538 5510 pne-

1960 5511 2136 5582 cipua,
2168 5512 2438 5567 minorum
2473 5528 2655 5568 curam
2693 5518 2876 5586 geret?
2914 5520 3020 5575 Sed
3045 5561 3061 5588 ,
3095 5523 3181 5580 hei
3220 5529 3381 5585 mihi!
3422 5531 3539 5588 lure

1960 5605 2116 5660 nobis
2145 5618 2357 5673 semper
2381 5604 2705 5660 usuveniunt
2724 5648 2741 5673 ,
2770 5616 2824 5662 et
2862 5611 2933 5665 ita
2963 5611 3232 5671 aflicimur
3260 5637 3274 5673 :
3316 5632 3371 5675 et
3400 5623 3444 5677 si
3473 5623 3538 5677 li-

1959 5696 2089 5750 lium
2129 5694 2439 5761 habeamus,
2470 5710 2576 5749 nnn
2606 5696 2839 5755 studium
2866 5703 3113 5773 ponimus
3138 5718 3193 5762 ut
3217 5710 3410 5767 evadat
3436 5713 3536 5769 bo-

1964 5802 2065 5846 nus
2088 5828 2105 5857 ,
2146 5786 2241 5846 sed
2265 5796 2320 5843 ut
2350 5788 2396 5844 ei
2428 5787 2645 5845 divitem
2685 5792 3008 5865 accipiamus
3046 5816 3300 5871 uxorem;
3333 5820 3438 5861 non
3481 5818 3537 5863 ut
