4042 6212
458 500 612 554 tionis
633 497 701 552 sit
724 497 980 563 moribus,
1013 497 1104 551 sed
1143 509 1198 552 ut
1237 494 1472 550 abundet
1497 491 1689 562 opibus
1724 510 1736 544 :
1767 501 1820 546 et
1845 492 1888 545 si
1919 491 2038 544 vine

476 592 754 644 nstitutum
788 604 1188 659 persequamur,
1219 603 1323 641 non
1351 585 1637 656 quaerimus
1667 593 1726 637 ut
1755 584 1823 637 sit
1848 599 1875 635 a
1918 597 2014 651 per.

456 680 590 734 ratis
619 681 869 746 liberum,
896 681 990 735 sed
1025 669 1080 733 ut,
1109 694 1356 746 maguum
1387 677 1541 731 nobis
1572 675 1757 730 aﬂ'erat
1789 675 1992 728 lucrum
2031 720 2035 724 .

455 781 512 826 et
540 772 716 826 omnia
745 772 798 826 in
832 772 1108 840 pecuniam
1133 785 1284 823 verna
1313 779 1455 823 sunt.
1486 767 1609 821 Ideo
1634 775 1886 835 corrupta
1913 775 2038 819 sunt

455 866 632 920 omnia
658 907 675 932 ,
718 863 967 934 quoniam
1001 873 1243 918 tenemur
1273 863 1363 917 illo
1393 877 1592 916 amore.
1613 861 1704 916 28.
1742 858 1825 914 Ita
1849 869 1894 913 et
1921 859 2031 920 viri,

455 957 666 1027 inquit,
712 956 889 1010 dcbent
931 956 1141 1025 diligere
1187 971 1370 1008 uxores
1412 969 1567 1018 suas,
1600 962 1656 1004 ut
1679 968 1892 1020 corpora
1918 967 2033 1003 sua.

452 1047 589 1112 Quid
622 1049 722 1100 hoc
749 1046 864 1100 est?
892 1044 1185 1114 Tamquam
1229 1043 1297 1096 ad
1325 1042 1582 1110 majorem
1615 1041 1897 1109 imaginem
1939 1055 2033 1092 vc-

453 1142 532 1193 nit
568 1149 624 1194 et.
654 1139 1020 1194 Vehementius
1063 1137 1366 1206 exemplum
1408 1156 1421 1190 :
1472 1151 1646 1204 neque
1689 1137 1789 1190 hoc
1837 1134 2030 1196 soluat,

451 1231 545 1286 sed
575 1242 842 1300 tamquam
874 1231 939 1284 ad
966 1229 1314 1299 propinquius
1342 1240 1395 1283 et
1427 1227 1781 1287 manifestius,
1813 1236 1864 1280 et
1892 1225 2031 1296 quod

450 1324 608 1378 aliam
637 1323 828 1376 habeat
865 1322 1002 1390 juris
1031 1321 1316 1377 rationem.
1356 1321 1486 1376 Nam
1527 1321 1653 1375 illud
1685 1320 1897 1389 quidem
1926 1335 2030 1373 non

451 1423 567 1466 erat.
604 1412 890 1466 admodum
922 1414 1308 1468 necessnritun.
1339 1411 1418 1466 Ne
1445 1413 1564 1480 quis
1590 1413 1731 1466 enim
1759 1411 1916 1475 dicat,
1942 1410 2034 1464 Ille

448 1505 694 1560 Christus
714 1514 849 1568 erat,
880 1514 933 1558 et
963 1505 1101 1559 Deus
1127 1514 1241 1559 erat
1265 1545 1278 1568 ,
1307 1514 1362 1558 et
1391 1503 1626 1571 scipsum
1654 1501 1902 1566 tradidit;
1927 1501 2030 1553 alia

444 1597 554 1662 jam
575 1596 782 1650 ratione
799 1606 852 1650 ct
871 1594 1125 1649 methodo
1146 1594 1194 1646 id
1219 1595 1427 1663 prohat,
1451 1593 1634 1646 dicens
1663 1610 1675 1644 :
1703 1591 1790 1646 Sic
1811 1593 1989 1644 debent
2012 1606 2032 1644 :

451 1703 556 1741 non
589 1688 730 1743 cnim
763 1703 847 1741 res
873 1696 1020 1757 grata
1043 1727 1056 1749 ,
1085 1685 1178 1739 sed
1218 1684 1476 1738 debitum.
1519 1681 1649 1736 Cum
1690 1683 1930 1743 dixisset,
1963 1681 2032 1736 Ut

446 1797 540 1832 sua
562 1797 796 1850 corpora,
837 1779 1055 1846 adjecit,
1082 1778 1171 1834 29.
1203 1776 1371 1831 Nemo
1401 1779 1534 1832 enim
1560 1795 1800 1850 umquam
1828 1795 2032 1832 carnem

445 1887 592 1925 suam
639 1872 756 1924 odio
797 1871 1012 1933 habuit,
1054 1871 1143 1923 sed
1167 1870 1322 1922 nutrit
1371 1879 1414 1922 et
1455 1874 1588 1940 [ovet
1621 1886 1754 1924 eum.
1790 1870 1898 1922 lloe
1922 1878 2026 1936 est,

448 1977 642 2031 magno
679 1962 856 2015 studio
881 1970 935 2015 et
961 1960 1234 2029 diligentia
1264 1975 1383 2014 eam
1429 1969 1600 2014 curat.
1643 1959 1922 2026 Quomodo
1950 1969 2032 2014 est

447 2069 574 2108 caro
603 2053 758 2122 ejus?
788 2051 920 2106 Audi
955 2071 968 2107 :
1000 2051 1112 2104 Hoc
1133 2067 1266 2104 nunc
1287 2069 1342 2105 os
1365 2068 1427 2105 ea:
1447 2053 1640 2104 ossibus
1666 2053 1808 2115 meis,
1838 2051 2028 2121 inquit,

446 2155 493 2199 et
518 2162 636 2198 caro
662 2161 724 2198 ea:
747 2160 900 2197 carne
921 2161 1032 2197 mea
1059 2141 1212 2211 (Ceu.
1238 2143 1289 2196 2.
1310 2144 1425 2212 ‘25).
1453 2143 1561 2197 Nec
1590 2144 1689 2198 hoc
1714 2144 1906 2210 solum,
1935 2144 2030 2198 sed

445 2237 607 2290 etiam
639 2255 651 2291 :
684 2235 846 2289 Erunt
871 2278 884 2295 .
930 2235 1100 2305 inquit
1123 2277 1136 2296 ,
1167 2235 1220 2287 iu
1264 2251 1418 2289 carne
1456 2251 1558 2288 uua
1589 2233 1805 2307 (Ephes.
1836 2236 1888 2290 5.
1914 2236 2026 2304 5|).

448 2331 594 2383 Sicut
621 2339 665 2383 et
695 2329 923 2383 Christus
951 2328 1129 2380 dilexit
1169 2325 1466 2380 Ecclesium.
1499 2326 1657 2380 Venit
1691 2327 1755 2379 ad
1797 2326 2027 2397 primum

445 2423 770 2490 exetnplum.
803 2421 892 2475 '50.
929 2419 1062 2486 Quia
1089 2419 1311 2471 membra
1331 2435 1503 2472 sumus
1531 2419 1758 2488 corporis
1788 2421 1926 2486 ejus,
1967 2421 2031 2472 de

447 2531 598 2567 carne
622 2515 730 2584 ejus
758 2523 804 2565 et
829 2512 1023 2567 ossibus
1051 2512 1181 2582 ejus.
1210 2510 1530 2576 Quomodo?
1553 2509 1630 2564 Ex
1655 2522 1833 2564 nostra
1860 2511 2028 2566 factas

444 2615 527 2658 est
554 2603 776 2659 materia
805 2645 818 2665 ,
853 2602 991 2659 sicut
1020 2612 1075 2658 et
1097 2603 1203 2656 Eva
1234 2617 1359 2656 caro
1393 2612 1508 2656 erat
1535 2617 1598 2656 ex
1627 2616 1789 2656 carne
1812 2601 2024 2655 Adami.

445 2697 612 2751 Recte
653 2705 830 2749 autem
859 2709 980 2749 ossa
1017 2703 1072 2748 et
1096 2709 1311 2748 carnem
1348 2695 1666 2747 memoravit
1698 2710 1711 2746 :
1747 2693 1860 2747 lure
1885 2693 2026 2747 enim

445 2796 572 2841 sunt
615 2801 736 2856 qua:
779 2784 833 2840 in
882 2785 1037 2840 nobis
1078 2785 1430 2854 principatum
1477 2793 1697 2848 tenent,
1740 2799 1931 2839 carnes
1975 2793 2030 2840 et

444 2895 565 2933 assa
597 2897 611 2933 :
643 2880 756 2932 lucc
785 2877 1000 2947 quidem
1039 2877 1278 2945 subjecta
1329 2886 1596 2946 tamquam
1643 2877 1884 2947 quaedam
1933 2893 2027 2932 ca-

447 2969 582 3037 rina,
609 2969 696 3024 illa
741 2976 920 3022 autem
961 2977 1230 3037 tamquam
1261 2965 1572 3021 :edilicium.
1604 2967 1712 3021 Sed
1748 2967 1876 3020 illud
1907 2968 2024 3036 qui-

444 3066 565 3115 dem
615 3071 698 3115 est
749 3055 1127 3130 perspicuum;
1181 3058 1282 3112 hoc
1319 3067 1495 3112 autem
1541 3058 2029 3128 quomodo?Sicut

444 3157 550 3209 illic
575 3164 718 3208 tanta
749 3162 830 3207 est
858 3151 1222 3221 propinquitas
1243 3191 1257 3215 ,
1292 3151 1358 3202 ita
1381 3190 1396 3214 ,
1430 3151 1599 3219 inquit
1621 3190 1638 3215 ,
1675 3150 1762 3204 hic
1791 3166 2023 3221 quoque.

442 3250 580 3318 Quid
601 3257 702 3310 est.
735 3249 814 3303 Ex
836 3265 986 3302 carne
1010 3250 1118 3318 ejus
1142 3249 1166 3301 ?
1192 3248 1302 3302 Hoc
1331 3256 1432 3311 est,
1455 3262 1583 3302 vere
1603 3256 1656 3302 et
1681 3262 1933 3315 germane
1959 3260 2026 3299 ex

443 3343 580 3410 ipso.
612 3341 674 3394 Et
705 3339 974 3409 quomodo
1005 3341 1082 3393 sic
1108 3337 1306 3392 Christi
1353 3338 1588 3392 membra
1622 3338 1850 3392 smnus?
1878 3337 2023 3413 Quo-

443 3433 584 3485 niam
619 3429 744 3484 l‘acti
767 3443 951 3484 sumus
981 3429 1120 3483 sicut
1159 3430 1292 3498 ipse.
1342 3427 1404 3480 Et
1433 3427 1702 3497 quomodo
1727 3442 1792 3481 ex
1823 3425 2026 3482 carae?

441 3522 604 3578 Scitis
649 3524 968 3592 quicumque
1013 3519 1143 3575 estis
1187 3519 1474 3587 participes
1503 3520 1876 3589 mysteriorum
1907 3535 1920 3571 ε
1953 3532 2019 3571 ex

445 3616 546 3669 hoc
572 3614 714 3670 enim
759 3614 937 3668 statim
963 3611 1350 3666 eﬂ‘ortnatnur?
1395 3610 1462 3664 Et
1486 3611 1798 3678 quomodo?
1823 3610 2025 3664 Rursus

441 3709 563 3761 audi
613 3708 754 3761 hanc
807 3707 1021 3761 beatum
1067 3705 1379 3757 dicentem:
1427 3703 1678 3768 Quoniam
1722 3719 1840 3772 ergo
1881 3701 2024 3770 pueri

440 3801 872 3853 communicaruut
898 3797 1045 3850 carni
1068 3806 1115 3848 et
1151 3795 1408 3864 sanguini,
1434 3795 1665 3846 similiter
1691 3795 1798 3862 ipse
1829 3810 2026 3862 quoque

442 3907 614 3944 eorum
657 3889 756 3960 fuit
804 3889 1075 3957 particeps.
1103 3886 1207 3940 Sed
1247 3885 1331 3939 hic
1375 3887 1489 3954 ipse
1528 3885 1681 3938 nobis
1722 3887 2022 3938 communi-

442 3983 584 4036 cavit
609 4023 623 4040 .
653 3997 757 4035 non
787 3995 883 4035 nos
913 3980 1012 4048 ipsi
1043 3996 1056 4030 :
1088 3978 1356 4047 quomodo
1400 3993 1526 4048 ergo
1552 3992 1736 4031 sumus
1765 3993 1826 4030 ex
1859 3993 2022 4032 carne

441 4075 559 4144 ejus
580 4082 634 4129 et
657 4088 723 4127 ex
754 4071 965 4126 ossibus
991 4070 1142 4140 ejus?
1166 4069 1390 4136 Quidam
1421 4064 1604 4124 dicunt
1631 4070 1940 4139 sanguinem
1968 4081 2023 4127 et

439 4181 654 4235 aquam,
687 4162 780 4218 sed
803 4177 908 4216 non
932 4171 1013 4214 est
1037 4178 1052 4224 ;
1079 4160 1170 4214 sed
1199 4161 1330 4214 sicut
1363 4160 1452 4215 ille
1480 4161 1821 4215 manifestare
1840 4161 2022 4215 volue-

443 4260 529 4320 rit,
551 4257 651 4311 hoc
672 4267 777 4322 est,
794 4253 1238 4323 quemadmodum
1258 4252 1456 4322 absque
1470 4254 1609 4306 coitu
1634 4252 1722 4306 ille
1745 4251 1913 4307 factus
1939 4263 2022 4307 est

439 4367 502 4406 ex
533 4350 732 4420 Spiritu
758 4357 944 4403 sancto
967 4389 980 4408 ,
1014 4348 1084 4401 ita
1125 4361 1222 4401 nos
1246 4363 1456 4416 quoque
1495 4345 1595 4400 hoc
1619 4361 1940 4415 generamur
1967 4347 2018 4401 in

441 4441 675 4498 lavacro.
707 4439 837 4494 Vide
867 4449 995 4508 quot
1017 4439 1256 4506 exempla
1283 4477 1298 4498 ,
1329 4447 1384 4490 nt
1409 4437 1657 4490 credatur
1683 4438 1766 4492 illa
1797 4455 2020 4509 genera-

439 4537 533 4588 tio.
564 4534 607 4589 0
636 4533 925 4588 amentiam
968 4531 1338 4585 ha'reticorum
1369 4530 1383 4584 !
1426 4529 1566 4598 quod
1593 4530 1704 4594 jam
1731 4542 1908 4584 natum
1937 4541 2018 4585 est

437 4643 501 4680 ex
529 4641 687 4694 aqua,
715 4624 856 4693 quod
889 4625 1142 4685 nascitur,
1174 4623 1410 4692 genitum
1443 4637 1624 4674 verum
1651 4625 1974 4677 conﬁtentur
1998 4641 2013 4687 ;

438 4720 576 4777 ullOti
601 4725 776 4768 autem
807 4714 924 4783 ejus
944 4730 1139 4780 corpus
1161 4713 1474 4772 ciliciamur,
1507 4712 1556 4765 id
1582 4727 1684 4766 nou
1707 4713 2014 4767 admittunt.

435 4805 491 4862 Si
520 4821 650 4876 ergo
681 4820 779 4859 nos
810 4805 877 4857 ita
902 4803 1070 4857 laetos
1095 4818 1215 4857 esse
1241 4803 1458 4856 minime
1479 4802 1720 4862 credunt.
1750 4803 2020 4872 quomodo

434 4913 564 4961 ergo
585 4937 600 4962 ,
635 4895 716 4950 Ea:
761 4911 914 4948 carne
959 4896 1087 4958 eius,
1117 4904 1163 4947 et
1207 4911 1270 4947 ea;
1310 4893 1501 4948 ossibus
1544 4895 1700 4963 ejus?
1735 4894 1862 4949 Illud
1893 4913 2020 4951 vero

429 4989 567 5044 mihi
599 4987 878 5042 considera
910 4985 1203 5040 :fortnatus
1237 4997 1321 5040 cst
1358 4987 1548 5052 Adam,
1574 4996 1729 5042 natus
1753 4998 1835 5042 est
1861 4989 2018 5043 Chri-

433 5093 584 5134 stus:
610 5081 676 5134 de
703 5081 868 5133 latere
890 5078 1076 5131 Adami
1101 5093 1314 5148 egressa
1339 5089 1421 5132 est
1444 5080 1738 5148 corruptio,
1763 5080 1829 5135 de
1853 5082 2017 5136 latere

435 5170 633 5226 Christi
678 5182 794 5248 orta
823 5179 907 5224 est
930 5169 1035 5222 vita
1071 5188 1084 5220 :
1120 5168 1173 5222 in
1219 5171 1466 5238 paradiso
1505 5171 1823 5239 germinavit
1851 5188 2016 5238 mors,

443 5265 495 5318 in
523 5279 684 5318 cruce
711 5281 856 5319 mors
886 5263 1091 5316 sublata
1119 5271 1220 5316 est.

511 5355 566 5408 ι.
588 5353 721 5408 Unio
737 5357 853 5426 conj
858 5372 1009 5426 ugum
1032 5355 1228 5409 uniouis
1258 5363 1443 5408 nostra:
1457 5371 1571 5408 cttm
1596 5354 1794 5410 Christo
1811 5357 2017 5428 symbo-

439 5449 564 5497 lum.
598 5443 663 5496 In
700 5461 859 5499 uxore
884 5446 1115 5516 quadam
1143 5446 1264 5498 ritia
1305 5445 1530 5516 ferenda.
1556 5476 1628 5487 -—
1657 5449 2019 5514 Quemadmo-

442 5538 571 5590 dum
600 5550 730 5606 ergo
761 5536 851 5590 Dei
883 5536 1050 5591 Filius
1087 5549 1293 5592 naturae
1325 5547 1520 5592 nostra:
1573 5538 1745 5595 factus
1781 5550 1867 5596 est
1888 5583 1902 5603 ,
1945 5543 2016 5596 ita

443 5645 542 5682 nos
569 5628 684 5696 ejus
710 5625 1056 5692 substantiae;
1082 5637 1137 5681 et
1161 5634 1299 5682 sicut
1321 5629 1408 5682 ille
1433 5644 1530 5683 nos
1560 5630 1610 5682 in
1633 5632 1809 5700 seipse
1838 5633 2016 5696 habet,

443 5720 512 5772 ita
553 5729 754 5773 etcum
795 5732 893 5771 nos
942 5717 1200 5774 habemus
1235 5719 1286 5773 in
1340 5722 1514 5775 nobis.
1543 5721 1631 5776 51.
1670 5720 1884 5790 Propter
1929 5723 2020 5776 hoc

442 5812 682 5881 relinquet
714 5811 860 5866 homo
889 5820 1079 5882 patrem
1120 5821 1164 5866 ct
1208 5821 1412 5867 matrem
1441 5830 1622 5882 suam,
1659 5824 1706 5870 ct
1748 5817 2020 5872 adha'rcbit

1217 383 1273 438 S.
1305 380 1576 437 JOANNIS
1615 377 2087 434 CllllYSUSTOill
2130 377 2443 434 ARCIHEP.
2484 379 3010 438 CONSTANTINOP.

3623 383 3719 440 HO

2144 494 2290 545 uxori
2315 508 2421 547 sua:
2445 535 2458 556 ,
2507 507 2551 548 et
2581 504 2726 548 erunt
2753 497 2854 549 duo
2893 497 2945 549 iu
2983 512 3134 550 carne
3179 513 3300 550 una.
3347 495 3484 552 Ecce
3513 499 3719 553 tertiam

2141 597 2356 637 causam
2389 602 2402 638 :
2441 587 2674 640 ostendit
2702 587 2842 640 enim
2865 627 2878 649 ,
2908 587 3049 654 quod
3073 588 3249 657 quivis
3299 588 3498 642 relictis
3525 605 3717 658 paren-

2145 673 2282 729 tibus
2307 689 2371 728 ex
2395 676 2586 744 quibus
2607 686 2690 731 est
2717 687 2891 740 natus,
2922 693 3041 732 cum
3066 679 3150 732 illa
3181 679 3550 748 conjungitur;
3577 679 3723 735 etde

2142 774 2336 818 cmtero
2362 781 2488 819 caro
2512 777 2595 821 est
2625 776 2776 837 pater
2809 778 2862 823 et
2901 777 3073 823 mater
3101 780 3154 824 et
3181 770 3321 824 [ilius
3348 786 3415 825 ex
3446 772 3722 840 utriusque

2141 855 2282 907 coitu
2311 873 2326 906 :
2358 859 2558 911 etenim
2595 859 2776 913 mixtis
2813 859 3108 914 seminibus
3137 862 3379 914 nascitur
3402 861 3542 914 lilius
3569 879 3584 914 :
3616 862 3718 914 ita-

2141 958 2244 1012 que
2270 955 2379 1000 tres
2403 957 2525 1001 sunt
2552 965 2656 1003 una
2677 965 2824 1004 caro.
2851 949 2940 1004 Sic
2960 967 3090 1021 ergo
3113 967 3210 1007 nos
3236 967 3356 1005 cum
3381 952 3593 1007 Christo
3615 967 3719 1007 una

2139 1051 2266 1093 caro
2295 1040 2561 1094 el'licimur
2591 1057 2685 1110 per
2714 1043 3208 1113 participationem;
3241 1054 3296 1099 et
3325 1045 3496 1112 multo
3549 1045 3720 1113 magis

2141 1145 2238 1184 nos
2259 1173 2273 1194 ,
2305 1147 2464 1201 quam
2499 1149 2628 1202 puer
2656 1145 2830 1188 natus.
2861 1135 3075 1202 Quare?
3102 1136 3363 1204 Quoniam
3408 1139 3486 1191 sic
3516 1136 3614 1190 fuit
3649 1137 3722 1190 ab

2141 1221 2314 1276 initio.
2344 1223 2422 1278 Nc
2449 1225 2578 1278 mihi
2605 1225 2754 1280 dicas
2795 1241 2914 1280 eam
2958 1241 3080 1281 esse
3109 1227 3265 1282 talem
3294 1237 3350 1282 et
3376 1229 3554 1282 talem.
3601 1227 3720 1282 Non

2137 1314 2287 1369 vides
2315 1316 2458 1386 quod
2484 1319 2644 1372 etiam
2674 1320 2726 1373 in
2748 1335 2911 1375 carne
2933 1321 3130 1375 multos
3155 1322 3411 1376 habemus
3432 1321 3673 1376 deiectus
3693 1322 3719 1375 ἓ

2139 1406 2226 1462 hic
2252 1408 2394 1461 enim
2427 1420 2508 1464 est
2533 1410 2775 1478 claudus,
2805 1412 2894 1466 ille
2921 1427 3050 1468 vero
3075 1413 3312 1467 detortos
3339 1413 3500 1467 habet
3529 1412 3717 1480 pedes,

2136 1499 2273 1552 alius
2319 1515 2512 1554 manus
2548 1501 2726 1556 aridas
2749 1543 2765 1568 ,
2801 1502 2942 1557 alius
2978 1503 3193 1572 aliquod
3225 1503 3366 1557 aliud
3416 1503 3716 1558 membrum

2137 1589 2407 1644 inlirmum
2447 1600 2501 1646 et
2531 1592 2823 1647 invalidum
2857 1612 2871 1648 :
2904 1609 3080 1662 neque
3111 1604 3288 1648 tamen
3317 1595 3494 1658 dolet,
3544 1611 3719 1664 neque

2136 1679 2187 1732 id
2215 1682 2477 1736 exscindit
2496 1723 2510 1747 ,
2539 1683 2632 1738 sed
2662 1693 2717 1739 et
2746 1685 2919 1754 ipsum
2951 1701 3095 1755 sirpe
3123 1686 3336 1755 prtefert
3365 1686 3454 1740 alii
3487 1705 3497 1738 :
3522 1697 3575 1740 et
3604 1702 3720 1740 me-

2136 1771 2279 1834 rito;
2332 1782 2415 1826 est
2463 1774 2605 1827 enim
2652 1789 2828 1828 suum.
2857 1774 3118 1842 Quantam
3168 1775 3309 1830 enim
3355 1776 3719 1845 nmisquisquc

2136 1862 2298 1917 habet
2327 1865 2378 1918 in
2403 1879 2462 1919 se
2489 1865 2830 1921 dilectionem
2856 1908 2871 1932 ,
2917 1875 3117 1922 tantam
3149 1868 3258 1922 vult
3287 1883 3385 1922 nos
3426 1867 3623 1923 habere
3659 1871 3716 1923 in

2136 1969 2356 2010 uxorem
2397 1974 2411 2011 :
2443 1973 2548 2011 non
2577 1958 2699 2026 quia
2728 1973 2911 2013 sumus
2955 1961 3112 2014 unius
3152 1970 3354 2015 naturae
3393 1963 3714 2032 participes,

2133 2046 2226 2100 sed
2256 2048 2515 2116 potiorem
2548 2050 2686 2104 hanc
2714 2049 2973 2104 habemus
3003 2052 3265 2105 rationem
3308 2053 3358 2105 in
3391 2053 3666 2108 mulierem
3695 2093 3715 2118 ,

2135 2137 2276 2206 quod
2324 2153 2427 2192 non
2458 2139 2565 2194 duo
2609 2141 2716 2194 sint
2761 2155 3022 2210 corpora,
3052 2142 3146 2196 scd
3193 2159 3378 2205 unum,
3409 2145 3545 2198 alter
3588 2160 3716 2199 enin

2133 2229 2200 2281 sit
2231 2237 2406 2298 caput,
2433 2231 2598 2285 altera
2629 2247 2758 2286 vero
2784 2248 2998 2302 corpus.
3021 2233 3088 2288 Et
3109 2235 3382 2304 quomodo
3407 2235 3535 2290 dicit
3561 2237 3715 2302 alibi,

2134 2322 2299 2391 Caput
2327 2335 2492 2376 autem
2519 2321 2705 2377 Christi
2745 2324 2884 2378 Deus
2909 2327 2930 2395 (
2953 2327 3002 2380 1.
3037 2325 3155 2380 Cor.
3185 2329 3272 2381 il.
3312 2327 3408 2390 3)?
3440 2327 3553 2398 Ego
3577 2345 3717 2400 quo-

2133 2430 2237 2485 que
2268 2415 2368 2470 hoc
2411 2415 2553 2481 dico,
2583 2418 2726 2486 quod
2754 2419 2891 2472 sicut
2937 2434 3099 2473 unum
3129 2435 3323 2488 corpus
3368 2435 3464 2474 nos
3503 2436 3713 2486 sumus,

2132 2507 2201 2560 ita
2250 2509 2410 2562 etiam
2459 2507 2700 2564 Christus
2745 2519 2800 2564 et
2841 2511 2995 2566 Pater
3037 2527 3220 2566 unum.
3267 2511 3539 2568 invenitur
3581 2529 3716 2582 ergo

2130 2599 2288 2654 etiam
2319 2600 2476 2654 Pater
2505 2615 2625 2655 esse
2653 2612 2892 2656 nostrum
2915 2613 3094 2672 caput.
3115 2603 3230 2657 Duo
3257 2605 3403 2674 ponit
3429 2605 3667 2675 exempla
3690 2646 3712 2666 .

2133 2705 2325 2759 nempe
2376 2693 2618 2761 corporis
2670 2703 2724 2747 et
2771 2693 2976 2748 Christi
3037 2711 3050 2745 :
3095 2694 3320 2765 ideoque
3373 2696 3642 2766 subiungit
3692 2716 3709 2749 :

2131 2780 2220 2834 52.
2251 2781 2638 2834 Sacrameutum
2665 2783 2760 2836 hoc
2803 2799 3039 2854 magnum
3066 2795 3136 2838 est
3167 2801 3188 2838 :
3211 2803 3300 2855 ego
3327 2798 3493 2839 autem
3519 2788 3630 2840 dico
3655 2788 3715 2840 in

2130 2871 2329 2927 Christo
2367 2883 2410 2928 et
2440 2876 2491 2928 in
2521 2873 2769 2929 Ecclesia.
2799 2875 2934 2943 Quid
2964 2887 3046 2931 est
3076 2876 3217 2931 hoc?
3241 2878 3482 2947 Magnum
3523 2894 3711 2933 saera-

2131 2975 2369 3020 mentum
2394 2969 2506 3036 ipse
2538 2967 2666 3021 dicit
2691 3009 2706 3034 ,
2736 2969 2859 3037 quia
2887 2983 3134 3036 magnum
3165 2968 3288 3038 quid
3317 2980 3371 3024 et
3398 2969 3716 3025 admirabile

2132 3059 2290 3111 tacite
2328 3059 2648 3128 signiﬁcavit
2683 3058 2870 3113 beatus
2915 3059 3124 3130 Moyses
3147 3101 3162 3126 ,
3205 3060 3313 3114 imo
3353 3075 3482 3114 vero
3511 3060 3645 3114 Deus
3692 3077 3712 3112 :

2131 3149 2342 3204 interim
2374 3160 2551 3204 autem
2576 3151 2740 3212 dicit.
2787 3149 2854 3204 In
2911 3150 3112 3206 Christo
3158 3153 3306 3218 dico,
3357 3155 3608 3224 quoniam
3650 3164 3716 3209 et

2129 3241 2243 3310 ipse
2270 3241 2491 3295 dimisso
2520 3243 2679 3297 Patre
2708 3242 2984 3298 descendit
3008 3285 3022 3310 ,
3053 3255 3104 3299 et
3131 3244 3276 3298 venit
3315 3246 3378 3299 ad
3411 3261 3661 3315 Sponsam
3687 3288 3708 3310 ,

2127 3344 2182 3386 et
2226 3334 2396 3388 lactus
2436 3345 2519 3388 est
2565 3335 2617 3388 in
2660 3337 2903 3405 spiritum
2947 3353 3106 3391 unum
3141 3355 3154 3390 :
3191 3339 3290 3403 Qui
3314 3340 3532 3392 adliwret
3560 3342 3710 3394 enim

2127 3423 2378 3488 Domino,
2407 3437 2482 3480 est
2512 3443 2644 3480 unus
2673 3429 2882 3494 spiritus
2912 3429 2986 3486 (-l.
3020 3429 3136 3483 Cor.
3167 3430 3219 3484 6.
3254 3431 3361 3495 17).
3395 3432 3458 3484 Ει
3486 3431 3712 3500 pulchre

2125 3514 2260 3570 dixit
2286 3537 2300 3571 :
2331 3517 2583 3588 Magnum
2609 3531 2682 3572 est
2711 3521 3038 3588 mysterium;
3069 3521 3286 3590 perinde
3313 3537 3377 3576 ac
3405 3523 3450 3577 si
3477 3524 3706 3588 diceret,

2125 3607 2196 3660 At
2221 3607 2473 3678 allegoria
2493 3623 2597 3662 non
2623 3611 2816 3664 evertit
2841 3609 3204 3667 dilectionem.
3229 3613 3317 3668 55.
3352 3612 3708 3668 Verumtamen

2124 3709 2171 3754 et
2198 3715 2282 3753 eos
2308 3701 2515 3771 singuli,
2548 3703 2888 3772 unusquisque
2924 3719 3130 3756 uxorem
3155 3720 3298 3757 suam
3324 3705 3452 3757 sicut
3478 3706 3709 3773 seipsum

2124 3790 2303 3859 diligat
2330 3807 2349 3845 :
2376 3807 2506 3846 uxor
2523 3803 2692 3846 autem
2719 3794 2892 3846 timeat
2919 3794 3079 3846 virum
3105 3811 3274 3848 suum.
3301 3795 3508 3852 Revera
3533 3797 3708 3864 enim,

2123 3899 2311 3938 revera
2339 3894 2421 3938 est
2448 3887 2762 3956 mysterium
2787 3925 2803 3948 ,
2849 3894 2904 3940 et
2931 3902 3178 3957 magnum
3205 3888 3547 3958 mysterium:
3574 3891 3708 3957 quia

2123 3988 2189 4027 eo
2215 3975 2301 4042 qui
2353 3976 2650 4042 procreavit
2676 4017 2690 4038 ,
2718 3976 2806 4045 qui
2839 3978 3057 4046 genuit,
3087 3977 3179 4046 qui
3233 3979 3508 4045 educavit,
3535 3989 3587 4034 et
3633 3995 3711 4034 ea

2122 4082 2241 4136 qua:
2263 4068 2528 4136 concepit,
2563 4083 2682 4137 qua:
2703 4083 2823 4122 cmn
2854 4069 3041 4123 dolore
3072 4071 3277 4139 peperit
3301 4082 3357 4126 et
3391 4071 3708 4136 afﬂictione,

2122 4159 2209 4228 qui
2240 4167 2316 4212 tot
2361 4168 2416 4213 et
2456 4162 2616 4214 tantis
2666 4161 2960 4217 affecerunt
3003 4163 3279 4218 beneﬁciis
3303 4206 3317 4229 ,
3359 4180 3478 4219 cum
3510 4165 3710 4235 quibus

2121 4251 2403 4306 diutttrnus
2433 4254 2530 4307 luit
2563 4269 2688 4308 usus
2714 4264 2768 4310 et
2801 4256 3151 4320 consuetudo,
3185 4259 3405 4319 relictis.
3436 4259 3485 4313 ei
3517 4259 3711 4314 adhm-

2121 4352 2255 4406 reat,
2287 4358 2407 4411 qua:
2429 4359 2496 4398 ne
2524 4345 2633 4397 visa
2665 4345 2878 4414 quidem
2903 4346 2997 4400 luit
3024 4360 3079 4402 et
3103 4363 3225 4402 cum
3253 4365 3318 4403 eo
3349 4349 3478 4403 nihil
3503 4349 3712 4406 habue-

2121 4443 2204 4487 rat
2231 4449 2515 4490 commune
2535 4478 2550 4499 ,
2582 4446 2634 4489 et
2659 4451 2778 4491 eam
2806 4439 3057 4494 omnibus
3089 4440 3357 4509 prmferat.
3385 4442 3588 4498 Revera
3617 4455 3710 4500 est

2122 4527 2456 4595 mysterium.
2488 4527 2548 4580 Et
2589 4541 2835 4594 parentes
2856 4569 2870 4592 .
2919 4546 3041 4584 cum
3069 4531 3182 4586 harc
3209 4533 3341 4586 ﬁunt
3362 4574 3378 4598 ,
3409 4550 3512 4588 non
3561 4551 3711 4604 argre.

2121 4616 2327 4684 ferunt,
2360 4619 2452 4673 sed
2489 4619 2663 4687 potius
2700 4636 2840 4690 agre
2866 4621 3042 4676 ierunt
3070 4624 3112 4676 si
3143 4640 3249 4679 non
3284 4625 3444 4689 fiant,
3498 4635 3552 4681 ct
3580 4643 3710 4682 cum

2121 4710 2500 4777 impenduntur
2523 4713 2760 4780 pecunize
2777 4723 2829 4766 et
2861 4713 2916 4766 iit
2932 4726 3196 4784 sumptus,
3219 4717 3480 4770 laetantur.
3499 4717 3710 4772 Revera

2122 4817 2370 4870 maguum
2399 4813 2481 4857 est
2512 4806 2862 4874 mysterium,
2890 4821 3141 4862 arcanam
3185 4808 3470 4878 quamdam
3502 4809 3712 4864 habens

2120 4894 2461 4962 sapientiam.
2515 4893 2628 4950 Hoc
2665 4896 2847 4950 multis
2897 4899 3182 4953 retroactis
3227 4899 3440 4952 smculis
3494 4899 3712 4969 Moyses

2121 4985 2447 5052 prophetans
2489 4987 2652 5053 dicit;
2685 4987 2787 5042 hoc
2834 4998 2887 5043 et
2918 4990 3114 5044 Paulus
3152 4990 3394 5045 clamans
3437 4990 3641 5060 profert
3690 5010 3707 5046 :

2119 5074 2185 5128 In
2211 5076 2410 5130 Christo
2440 5087 2487 5132 et
2526 5077 2775 5132 Ecclesia.
2810 5080 2915 5134 Sed
2945 5095 3049 5134 non
3081 5092 3301 5149 propter
3326 5081 3498 5150 ipsum
3528 5083 3709 5136 solum

2122 5166 2222 5220 hoc
2247 5168 2444 5223 dictum
2468 5180 2579 5232 est,
2606 5170 2701 5225 sed
2731 5171 2891 5224 etiam
2919 5182 3135 5240 propter
3161 5187 3388 5227 uxorem
3411 5189 3425 5236 ;
3456 5163 3512 5226 ut
3535 5173 3712 5242 ipsam

2122 5268 2388 5328 tamquam
2421 5263 2689 5329 propriam
2714 5277 2930 5317 carnem
2975 5261 3174 5324 foveat,
3207 5263 3349 5316 sicut
3372 5273 3425 5316 et
3455 5263 3714 5316 Christus

2123 5350 2436 5404 Ecclesiam.
2496 5351 2638 5406 Ua'or
2683 5363 2850 5406 autem
2899 5355 3069 5406 timeat
3106 5356 3291 5408 virum.
3321 5353 3436 5406 Non
3477 5354 3717 5421 amplius

2125 5443 2273 5510 ponit
2299 5459 2418 5510 qua:
2446 5453 2569 5497 sunt
2595 5445 2768 5498 solum
2801 5445 3063 5512 caritatis,
3108 5445 3202 5500 sed
3232 5445 3356 5516 quid
3383 5445 3406 5497 ?
3439 5444 3507 5499 Ut
3534 5447 3716 5498 (intrat

2124 5535 2304 5584 virum.
2336 5533 2525 5587 Mulier
2549 5545 2634 5588 est
2664 5533 2931 5588 secundus
2954 5535 3302 5603 principatus.
3333 5534 3518 5605 Neque
3549 5536 3719 5604 igitur

2125 5627 2236 5694 ipsa
2261 5626 2435 5693 exigat
2463 5627 2821 5695 a-qualitatem
2843 5625 3098 5693 honoris;
3129 5639 3210 5682 est
3225 5627 3367 5682 enim
3389 5629 3489 5682 sub
3505 5629 3719 5697 capite:

2126 5734 2297 5786 neque
2343 5718 2431 5771 ille
2477 5734 2594 5771 cam
2638 5717 2896 5786 despiciat
2943 5729 3210 5790 tamquam
3240 5721 3578 5789 suhjcrtaut;
3625 5727 3720 5770 est

2126 5813 2266 5868 enim
2291 5827 2484 5882 corpus
2510 5830 2520 5865 :
2552 5812 2594 5866 si
2625 5821 2786 5882 caput
2814 5827 3009 5884 corpus
3041 5813 3333 5884 despiciat,
3370 5813 3541 5882 ipsum
3569 5824 3718 5877 quae
