4046 6210
388 377 500 432 138

387 507 603 561 στερον,
623 489 717 544 καὶ
730 485 1008 558 δ.καίωμα
1029 484 1237 557 ἓτερον.
1266 482 1474 539 Ἐκεῖνο
1497 484 1597 554 μὲν
1620 483 1730 555 γάρ
1754 483 1859 537 οὐκ
1884 474 1954 551 ἦν

385 576 589 646 πολλῆς
602 575 868 644 ἀνάγκης·
895 574 982 626 ἵνα
995 571 1101 643 γάρ
1118 573 1191 643 μή
1206 589 1289 636 τις
1307 570 1458 643 εἴπῃ,
1474 571 1709 633 Ἐκεῖνος
1723 567 1957 641 Χριστὸς

382 659 479 728 ἦν,
494 662 593 717 καὶ
606 661 740 725 Θεὸς
760 657 850 731 ἦν,
870 659 963 713 καὶ
978 659 1169 712 ἑαυτὸν
1189 658 1523 729 παρέδωκεν,
1540 656 1807 730 ἑτέρωθεν
1825 653 1956 709 αὐτὸ

388 749 669 823 μεθοδεύει
706 748 895 802 λοιπὸν
915 786 932 811 ,
965 746 1139 814 λέγων
1165 761 1179 774 ·
1215 745 1415 812 Οὕτως
1450 746 1811 815 ὀφείλουσι-ν
1846 759 1861 774 ⁸
1893 742 1953 794 οὐ

385 837 499 908 γὰρ
524 836 687 905 χάρις
702 835 823 888 ἐστὶ
847 833 908 887 τὸ
936 834 1193 903 πρᾶγμα,
1240 831 1357 886 ἀλλ’
1386 832 1599 901 ὀφειλή.
1625 830 1831 893 Είπὼν,
1872 828 1955 893 ὡς

384 925 462 977 τὰ
496 921 727 977 ἑαυτῶν
757 921 1020 991 σώματα,
1059 921 1338 991 ἐπήγαγεν
1362 961 1376 986 ,
1404 919 1609 985 Οὐδεὶς
1650 919 1763 989 γάρ
1796 931 1943 971 ποτε

386 1010 506 1077 τὴν
531 1009 751 1063 ἑαυτοῦ
793 1006 994 1076 σάρκα
1026 1008 1353 1076 ἐμίσησεν,
1396 1006 1534 1061 ἀλλ’
1559 1005 1827 1073 ἐκτρέφει
1856 1000 1954 1054 καὶ

385 1099 607 1155 θάλπει
649 1097 863 1162 αὐτήν.
910 1097 1192 1160 Τουτέστι,
1233 1094 1529 1165 θεραπεύει
1591 1093 1730 1164 μετά
1758 1092 1956 1161 πολλῆς

384 1186 488 1254 τῆς
507 1184 846 1256 ἐπιμελείας.
880 1185 993 1239 Kal
1015 1183 1131 1247 πῶς
1162 1182 1326 1236 αὐτοῦ
1352 1183 1467 1235 ἐστι
1493 1180 1662 1253 σάρξς
1697 1182 1896 1235 Ἄκουε
1937 1194 1952 1209 ο

388 1272 573 1328 Τοῦτο
622 1270 741 1325 νῦν
796 1270 1024 1325 ὀστοῦν
1068 1270 1138 1323 ἐκ
1186 1268 1306 1323 τῶν
1361 1269 1558 1323 ὀστῶν
1603 1286 1743 1337 μου,
1778 1268 1912 1337 φησὶ
1936 1310 1951 1334 ,

383 1358 488 1413 καὶ
542 1358 703 1426 σὰρξ
733 1357 804 1411 ἐκ
844 1356 959 1426 τῆς
1005 1357 1239 1425 σαρκός
1272 1373 1414 1426 μου.
1443 1356 1551 1410 Kal
1572 1357 1632 1408 οὐ
1658 1355 1819 1408 τοῦτο
1859 1355 1955 1425 μό-

385 1463 503 1509 νον,
543 1444 683 1499 ἀλλὰ
716 1445 810 1499 καὶ
836 1484 853 1507 ,
892 1446 1180 1498 Ἔσονται
1199 1486 1214 1509 ,
1247 1443 1432 1513 φησὶν,
1455 1446 1543 1509 εἰς
1571 1444 1767 1510 σάρκα
1784 1443 1952 1510 μίαν.

384 1532 594 1597 Καθὼς
623 1531 721 1585 καὶ
755 1534 788 1585 ὀ
814 1528 962 1603 [I67]
988 1529 1239 1599 Χριστὸς
1257 1528 1533 1600 ἠγάπησε
1558 1529 1673 1597 τὴν
1705 1531 1956 1596 Ἐκκλη-

382 1622 552 1675 σίαν.
594 1620 717 1673 Ἐπὶ
742 1619 805 1673 t6
829 1617 1043 1689 πρῶτον
1074 1618 1378 1687 ὑπόδειγμα
1401 1613 1587 1688 ἦλθεν.
1623 1618 1754 1671 Ὅτι
1788 1616 1946 1684 μέλη

380 1707 574 1777 ἐσμὲν
604 1705 714 1760 τοῦ
759 1704 1033 1774 σώματος
1089 1704 1301 1770 αὐτοῦ,
1354 1705 1424 1759 ἐκ
1460 1703 1571 1773 τῆς
1598 1705 1828 1772 σαρκὸς
1848 1705 1955 1757 αὐ-

382 1794 513 1856 τοῦ,
541 1793 644 1848 καὶ
678 1793 750 1847 ἐκ
775 1791 895 1846 τῶν
944 1790 1141 1846 ὀστῶν
1193 1793 1402 1848 αὐτοῦ.
1459 1792 1585 1857 Πῶς
1619 1808 1636 1857 ;
1682 1793 1815 1844 Ἀπὸ
1845 1790 1955 1862 γὰρ

379 1883 480 1951 τῆς
514 1882 790 1952 ἡμετέρας
814 1881 1037 1948 γέγονεν
1066 1880 1221 1951 ῦλης,
1244 1880 1433 1952 ὥσπερ
1474 1881 1568 1935 καὶ
1601 1882 1635 1951 ἡ
1673 1877 1784 1932 Εὔα
1819 1877 1957 1949 σὰρξ

381 1969 495 2023 ἀπὸ
543 1969 642 2037 τῆς
701 1969 901 2039 σαρκὸς
963 1968 1058 2023 τοῦ
1105 1969 1296 2040 ’Δδάμ.
1336 1967 1533 2031 Καλῶς
1577 1968 1635 2022 δέ
1661 1967 1834 2021 ὀστῶν
1860 1966 1957 2020 καὶ

388 2056 591 2123 σαρκὺς
647 2056 1019 2126 ἐμνημόνευσε
1045 2072 1060 2088 ο
1089 2055 1257 2110 ταῦτα
1307 2056 1417 2127 γάρ
1455 2058 1605 2109 ἐστιν
1636 2055 1694 2107 ἐν
1727 2056 1859 2125 ἡμῖν
1885 2054 1956 2108 τά

382 2140 694 2213 κυριώτερα
717 2180 735 2207 ,
768 2142 970 2213 σάρκες
1017 2143 1111 2196 καὶ
1165 2143 1300 2196 ὀστᾶ
1332 2159 1348 2174 °
1383 2141 1453 2197 τὰ
1506 2144 1606 2212 μὲν
1650 2140 1839 2213 ὥσπερ
1872 2156 1956 2203 τις

378 2228 576 2300 τρόπις
624 2228 978 2299 ὑποκείμενα,
1034 2230 1104 2282 τὰ
1155 2229 1212 2283 δέ
1262 2228 1451 2301 ὥσπερ
1476 2228 1772 2299 οίκοδομία.
1817 2227 1955 2283 Ἀλλ’

378 2320 560 2372 έκεῖνο
608 2318 709 2390 μὲν
748 2318 909 2390 δῆλον
934 2333 949 2347 ·
994 2318 1152 2373 τοῦτο
1190 2319 1249 2373 δὲ
1288 2318 1401 2383 πῶς
1436 2335 1451 2384 ;
1489 2319 1835 2389 Ὠσπεμέκεῖ
1863 2335 1959 2371 τος

381 2404 557 2474 σαύτη
594 2404 833 2475 ἐγγύτης
872 2406 1042 2471 ἐστὶν,
1095 2405 1259 2472 οὕτω,
1290 2407 1445 2477 φησὶ,
1469 2406 1563 2459 καὶ
1603 2403 1857 2458 ἐνταῦθα.
1890 2406 1955 2458 Τί

379 2494 551 2555 ἐστιν,
604 2492 676 2545 ἐκ
717 2490 827 2559 τῆς
867 2492 1095 2560 σαρκὸς
1134 2493 1361 2559 αὐτοῦ;
1414 2491 1692 2554 Τουτέστι,
1719 2492 1955 2559 γνησίως

378 2578 440 2642 ἐξ
478 2578 671 2633 αὑτοῦ.
695 2579 803 2632 Καὶ
832 2578 951 2635 πῶς
972 2577 1063 2632 τοῦ
1096 2578 1333 2650 Χριστοῦ
1371 2578 1507 2650 μέλη
1539 2577 1715 2641 οὕτως
1746 2578 1951 2648 ἐσμέν;

381 2666 505 2719 Ὀτι
521 2666 645 2719 κατ’
664 2665 824 2719 αὐτὸν
845 2665 1208 2736 γεγενήμεθα.
1228 2667 1338 2721 Καὶ
1357 2666 1475 2729 πῶς
1498 2668 1562 2719 ἐκ
1595 2666 1694 2736 τῆς
1720 2666 1919 2735 σαρκός
1937 2683 1957 2733 ;

381 2753 529 2804 Ἶστε
560 2752 675 2806 ὅσοι
706 2753 963 2823 μετέχετε
988 2752 1302 2824 μυστηρίων
1335 2768 1348 2782 ·
1385 2754 1449 2807 ἐκ
1478 2752 1669 2806 τούτου
1708 2752 1816 2822 γὰρ
1861 2752 1955 2805 εύ-

377 2840 518 2903 θὲως
555 2840 1025 2912 ἀναπλαττόμεθα.
1063 2841 1172 2893 Kal
1229 2840 1378 2906 πῶς
1417 2840 1585 2894 Πάλιν
1631 2842 1795 2897 ἄκουε
1859 2839 1953 2894 τοῦ

380 2927 659 2997 μακαρίου
712 2926 902 2980 τούτου
940 2927 1189 2996 λέγοντος
1215 2943 1231 2958 ’
1276 2928 1442 2982 Ἐπεί
1471 2928 1600 2983 οὖν
1630 2930 1703 2982 τὰ
1748 2927 1957 2982 παιδία

377 3013 789 3083 κεκοινώνηκε
820 3017 1051 3083 σαρκὸς
1085 3014 1184 3068 καὶ
1213 3015 1482 3084 αἵματος,
1516 3017 1957 3084 παραπλησίως

377 3101 481 3155 καὶ
512 3100 700 3167 αὐτὸς
734 3101 1002 3171 μετέσχε
1032 3100 1152 3155 τῶν
1178 3101 1399 3156 αὐτῶν.
1438 3102 1580 3156 Ἀλλ’
1604 3101 1840 3160 ἐνταῦθα
1861 3103 1958 3156 αὐ-

378 3188 476 3251 τὸς
521 3189 657 3259 ἡμῖν
688 3187 1048 3258 ἐκοινώνησεν
1068 3228 1085 3253 ,
1117 3189 1215 3259 οὐχ
1241 3191 1401 3260 ἡμεῖς
1419 3188 1569 3258 αύτῷ
1591 3205 1606 3221 ⁸
1627 3186 1866 3252 πὼςοῦν
1891 3192 1958 3245 ἐκ

376 3277 479 3346 τῆς
518 3276 724 3347 σαρκὸς
768 3276 935 3331 αὐτοῦ
978 3279 1168 3347 ἐσμεν,
1200 3279 1293 3330 καὶ
1320 3281 1384 3332 ἐκ
1408 3277 1517 3335 τῶν
1548 3278 1721 3332 ὀστῶν
1750 3279 1953 3345 αὐτοῦς

378 3362 537 3426 Τινὲς
572 3363 633 3415 τὸ
661 3356 807 3434 αίμά
837 3379 971 3431 φασι
999 3365 1095 3417 καὶ
1122 3365 1185 3417 τὸ
1224 3363 1399 3435 ὕδωρ,
1429 3365 1529 3419 ούκ
1561 3365 1677 3421 ἐστι
1706 3366 1765 3419 δέ
1785 3383 1801 3398 υ
1839 3367 1954 3421 ἀλλί

374 3452 516 3522 ὅπερ
541 3450 734 3522 δηλοῦν
764 3449 1045 3521 βούλεται,
1082 3452 1243 3506 τοῦτό
1284 3454 1453 3516 ἐστιν,
1485 3454 1568 3507 ὅτι
1604 3453 1794 3524 ὥσπερ
1824 3455 1954 3509 ἀνευ

379 3540 672 3603 συνουσίας
705 3543 909 3603 ἐκεῖνος
954 3541 1276 3612 γεγέννηται
1326 3544 1393 3595 ἐκ
1423 3543 1739 3609 Πνεύματυς
1771 3544 1953 3611 ἁγίου,

380 3625 529 3679 οὕτω
560 3626 655 3679 καὶ
676 3627 838 3698 ἡμεῖς
866 3626 1185 3699 γεννώμεθα
1205 3629 1264 3681 ἐν
1286 3627 1363 3693 τῷ
1386 3628 1615 3700 λουτρῷ.
1651 3631 1793 3699 Ὅρα
1810 3630 1957 3692 πόσα

378 3714 780 3786 ὑποδείγματα,
797 3715 939 3770 ὥστε
952 3717 1306 3787 πιστευθῆναι
1331 3717 1431 3789 τὴν
1447 3717 1700 3789 γέννησιν
1713 3720 1951 3790 ἐκείνην.

378 3802 449 3855 Ὠ
482 3803 583 3871 τῆς
608 3803 798 3868 ἀνοίας
810 3802 921 3857 τῶν
951 3804 1276 3877 αἶρε-ταῶνι
1313 3805 1375 3859 τὸ
1416 3805 1520 3876 ἡδη
1541 3805 1806 3875 τεχθὲνιέξ
1829 3806 1955 3861 ὕδα-

375 3906 494 3952 τος,
545 3891 630 3943 ὅτι
660 3891 926 3956 τίκτεται,
980 3891 1227 3962 γέννημα
1280 3890 1534 3962 ἀληθινὸν
1557 3893 1907 3963 ὁμολογοῦσιν
1935 3910 1949 3926 ·

376 3977 465 4030 ὅτι
509 3977 570 4029 δὲ
603 3977 884 4048 γινώμεθα
915 3978 1087 4034 αὐτοῦ
1109 3979 1311 4048 σώμα,,
1338 3980 1399 4032 ού
1424 3978 1689 4050 δέχονται.
1729 3982 1954 4035 ’Ἂν-τοί·

377 4083 478 4118 νυν
523 4065 682 4118 τοῦτο
737 4065 812 4137 μὴ
856 4064 1158 4136 γινώμεθα,
1199 4064 1315 4130 πῶς
1341 4067 1570 4139 ἁρμόσει
1601 4068 1683 4133 τὸ,
1722 4068 1817 4123 Ἐκ
1843 4069 1953 4139 τῆς

375 4154 612 4222 σαρκὸς
642 4153 851 4219 αὐτοῦ,
881 4154 980 4208 καὶ
998 4155 1071 4209 ἐκ
1098 4154 1217 4209 τῶν
1239 4157 1469 4211 ὀστέων
1490 4156 1700 4223 αὑτοῦ,
1726 4156 1954 4230 λεγόμε-

375 4257 507 4305 νον;
536 4240 740 4294 Σκόπει
777 4240 874 4296 δέ·
909 4240 1150 4313 ἐπλάσθη
1179 4245 1207 4296 6
1253 4243 1442 4315 Ἀδὰμ,
1497 4243 1690 4314 ἐτέχθη
1750 4246 1779 4298 6
1818 4247 1948 4318 X9:-

376 4327 506 4390 στός
533 4342 549 4358 ο
578 4330 643 4381 ἐκ
664 4327 767 4398 τῆς
799 4328 1038 4400 πλευρᾶς
1068 4329 1162 4382 τοῦ
1200 4330 1370 4400 Ἀδὰμ
1396 4329 1612 4401 εἰσῆλθε
1659 4332 1858 4403 φθορὰ,
1889 4336 1953 4387 ἐκ

372 4414 480 4484 τῆς
501 4415 743 4485 πλευρᾶς
778 4415 872 4469 τοῦ
917 4416 1152 4485 Χριστοῦ
1183 4418 1521 4489 ἐπήγασενὴ
1556 4416 1669 4490 ζωή
1694 4436 1708 4450 ·
1746 4421 1806 4473 ἐν
1841 4436 1948 4473 πα-

376 4502 617 4575 ραδείσῳ
656 4502 959 4573 ἐϐλάστησε
989 4504 1214 4568 θάνατος
1234 4545 1249 4571 ,
1282 4505 1342 4557 ἐν
1367 4504 1447 4575 τῷ
1480 4504 1699 4577 σταυρῷ
1722 4505 1885 4560 αὐτοῦ
1917 4509 1959 4579 ή¹

374 4592 662 4663 ἀναίρεσις
691 4589 937 4659 γέγονεν.

450 4806 517 4860 δ’.
566 4805 655 4866 Ὠς
682 4801 777 4859 οὖν
804 4808 833 4860 ὀ
862 4808 989 4872 Υἱὸς
1014 4809 1110 4863 τοῦ
1140 4809 1275 4864 Θετιῦ
1295 4812 1393 4883 τῆς
1416 4813 1685 4886 ἡμετέρας
1717 4815 1951 4884 φύσεως,

388 4892 569 4957 οὕτως
601 4894 767 4964 ἡμεῖς
798 4894 899 4966 τῆς
922 4896 1109 4962 οὐσίας
1141 4899 1331 4953 αὐτοῦ·
1369 4901 1463 4954 καὶ
1485 4901 1559 4966 ὡς
1581 4903 1730 4973 ἡμᾶς
1752 4905 1955 4970 ἐκεῖνος

268 5010 273 5011 ν
375 4981 494 5048 ἔχει
548 4981 609 5033 ἐν
648 4980 859 5052 ἐαυτῷ,
893 4981 1035 5038 οὕτω
1088 4985 1182 5038 καὶ
1245 4987 1403 5056 ἡμεῖς
1449 4988 1609 5041 αὐτὸν
1664 4989 1859 5061 ἔχομεν
1897 4993 1955 5044 ἐν

377 5070 533 5138 ἡμῖν.
562 5066 724 5122 Ἀντί
780 5069 997 5124 τούτου
1055 5073 1404 5141 καταλείψει
1470 5074 1783 5144 ἄνθρωπος
1848 5077 1955 5133 τὸν

378 5153 607 5224 πατέρα
678 5155 868 5211 αὐτοῦ
935 5156 1035 5211 καὶ
1103 5159 1218 5227 τὴν
1274 5159 1503 5230 μητέρα
1588 5162 1800 5229 αὐτοῦ,
1855 5165 1953 5222 καί

378 5241 1001 5307 προσκολληθήσεται
1025 5243 1177 5309 πρὸς
1203 5242 1321 5311 τὴν
1338 5243 1593 5312 γυναῖκα
1615 5248 1824 5312 αὐτοῦ,
1856 5249 1955 5302 καί

378 5327 628 5383 ἔσονται
672 5332 729 5384 οι
778 5328 891 5383 δύο
913 5331 1002 5397 είς
1038 5330 1236 5397 σάρκα
1279 5334 1446 5402 μίαν.
1495 5335 1624 5388 Ἰδοὺ
1657 5336 1751 5390 καλ⁵
1774 5339 1954 5409 τρίτον

374 5414 656 5488 δικαίωμα
678 5433 694 5447 ·
734 5416 974 5471 δείκνυσι
995 5417 1123 5488 γὰρ,
1150 5419 1232 5472 ὅτι
1259 5421 1385 5483 τοὺς
1413 5423 1851 5493 γεννησαμένους
1870 5443 1955 5490 τις

376 5506 537 5573 ἀφεὶς
570 5508 667 5560 καὶ
694 5506 757 5571 ἐξ
776 5500 855 5560 ὧν
885 5506 1006 5575 ἔφυ,
1038 5507 1219 5578 ἐκείνη
1256 5509 1628 5580 συμπλέκεται
1665 5528 1679 5542 °
1708 5514 1801 5567 καὶ
1837 5515 1948 5568 λοι·

379 5595 480 5646 πόθ
511 5598 542 5666 ἡ
580 5594 721 5665 σὰρξ
755 5596 784 5648 6
810 5594 995 5665 πατὴρ
1022 5596 1116 5649 καὶ
1139 5598 1173 5665 ἡ
1212 5598 1394 5668 μήτηρ
1452 5600 1547 5652 καὶ
1577 5601 1606 5653 ὀ
1654 5604 1781 5664 παῖς
1807 5603 1955 5655 ἐστιν

378 5683 442 5733 ἐκ
483 5682 583 5749 τῆς
633 5680 902 5751 ἑκατέρου
938 5683 1223 5747 συνουσίας
1266 5687 1636 5756 συγκραθεῖσα
1664 5704 1678 5718 ⁸
1705 5690 1797 5742 καὶ
1844 5692 1953 5761 γὰρ

379 5770 650 5837 μιγέντων
697 5767 808 5821 τῶν
859 5769 1208 5841 σπερμάτων,
1250 5769 1486 5826 τίκτεται
1519 5776 1549 5828 6
1586 5778 1713 5839 παῖς
1741 5793 1754 5808 ·
1808 5776 1946 5833 ὥστε

1304 365 1368 424 ΙΝ
1412 365 1632 422 EPIST.
1670 364 1763 420 AD
1790 359 2032 421 EPHES.
2060 360 2217 417 CAP.
2258 363 2301 417 Ἴ
2342 363 2572 423 HOMIL.
2616 368 2732 424 XX.

3523 373 3631 431 160

2061 478 2188 543 τοὺς
2216 484 2363 552 τρεῖς
2399 495 2423 524 ι
2452 479 2590 538 εἶναι
2623 485 2751 555 μίαν
2773 485 2967 559 σάρκα.
2996 484 3181 550 οὕτως
3202 482 3469 558 οῦνήμεῖς
3490 489 3626 561 1:96;

2055 562 2147 616 τόν
2202 566 2434 636 Χριστὸν
2473 570 2731 641 γινόμεθα
2755 571 2851 642 μία
2900 570 3036 643 σὰρξ
3058 572 3146 626 διά
3174 573 3460 645 μετουσίας
3486 590 3501 604 ’
3531 576 3625 628 καὶ

2056 650 2465 723 ⁸πολλῷομᾶλλον
2495 657 2677 727 ἡμεῖς,
2708 657 2740 728 ἢ
2782 658 2843 711 τὸ
2869 660 3099 713 παιδίον.
3126 660 3190 712 Τί
3220 660 3284 731 δή
3317 677 3471 726 ποτε;
3502 662 3626 715 ’Ότι

2057 737 2117 802 ἐξ
2143 739 2318 810 ἀρχῆς
2343 741 2485 795 οὕτω
2508 742 2720 811 γέγονε.
2754 746 2844 815 Μή
2875 762 2962 815 μοι
2994 746 3138 814 λέγε,
3166 748 3248 800 ὅτι
3275 746 3450 800 τοιάδε
3484 749 3622 808 ἐστι,

2057 827 2151 879 καὶ
2168 827 2344 881 τοιάδε
2377 828 2541 882 ἐστίν.
2574 831 2686 900 Οὐχ
2709 832 2862 901 ὀρᾷς,
2885 832 2966 885 ὅτι
2998 832 3090 885 καὶ
3112 834 3169 884 ἐν
3184 834 3250 902 τῇ
3271 831 3434 903 σαρκὶ
3455 833 3625 886 πολλά

2057 912 2252 983 ἔχομεν
2274 913 2660 985 ἐλαττώματας
2707 919 2765 968 '0
2799 918 2896 988 μὲν
2925 918 3034 988 γάρ
3062 920 3177 971 ἐστι
3199 918 3388 987 χωλὸς,
3420 919 3448 970 6
3471 918 3526 971 δὲ
3546 919 3625 971 δι-

2056 1003 2466 1071 εστραμμένους
2486 1004 2594 1074 ἔχει
2628 1006 2753 1068 τοὺς
2789 1006 2977 1071 πόδας,
3011 1006 3197 1077 ἕτερος
3220 1009 3405 1076 χεῖρας
3434 1005 3622 1077 ξηρὰς.

2056 1088 2214 1152 ἄλλος
2246 1091 2374 1145 ἄλλο
2401 1108 2456 1146 τι
2500 1092 2659 1163 μέλος
2714 1092 2942 1156 ἀσθενές
2965 1111 2980 1125 ·
3023 1094 3119 1146 καὶ
3157 1094 3306 1162 ὅμως
3345 1094 3450 1148 οὐκ
3471 1094 3627 1160 ἀλγεῖ

2054 1176 2176 1231 ούδέ
2201 1179 2483 1240 ἐκκόπτει,
2524 1177 2665 1232 ἀλλά
2684 1181 2777 1234 καὶ
2801 1180 3120 1252 προτίθησιν
3158 1178 3313 1251 [Ηὸζ
3347 1180 3477 1233 αὐτὸ
3500 1179 3627 1232 πολι-

2055 1261 2211 1327 λάκις
2256 1263 2350 1317 τοῦ
2380 1264 2570 1319 ἄλλου·
2602 1266 2826 1330 εἰκότως
2858 1282 2872 1297 ·
2908 1267 3073 1321 αὐτοῦ
3110 1268 3219 1336 γάρ
3254 1268 3422 1321 ἐστιν.
3453 1268 3632 1337 Ὂσην.

2052 1350 2233 1404 τοίνυν
2292 1351 2519 1417 ἕκαστος
2554 1355 2688 1425 1:96;
2728 1354 2920 1409 ἐαυτὸν
2946 1354 3166 1424 ἀγάπην
3184 1354 3318 1424 ἔχει,
3346 1354 3619 1425 τοσαύτην

2056 1439 2192 1509 πρὸς
2214 1440 2313 1510 τὴν
2331 1443 2563 1508 γυναῖκα
2601 1445 2747 1513 ἡμᾶς
2773 1444 3018 1514 βούλεται
3042 1444 3184 1513 ἔχειν
3215 1459 3229 1472 ⁸
3277 1444 3376 1512 οὐχ
3404 1445 3486 1497 ὅτι
3520 1443 3624 1513 φύς-

2057 1542 2193 1584 σεως
2220 1529 2349 1596 μιᾶς
2373 1528 2755 1599 κοινωνοῦμεν,
2780 1530 2917 1583 ἀλλὰ
2940 1531 3100 1583 πλέον
3127 1530 3286 1583 τοῦτο
3309 1532 3442 1600 ἡμῖν
3462 1531 3524 1583 τὸ
3547 1532 3628 1584 6:-

2056 1613 2275 1683 καίωμα
2295 1614 2362 1666 τὸ
2384 1615 2520 1684 πρὸς
2548 1616 2646 1686 τὴν
2666 1620 2920 1684 γυναῖκα.
2956 1617 3143 1687 ἐπειδὴ
3181 1617 3367 1672 ούκέτι
3392 1616 3487 1669 δύο
3518 1616 3637 1671 είσὶν

2058 1698 2305 1769 σώματα,
2333 1700 2448 1754 ἀλλ’
2469 1700 2548 1762 ὃν,
2583 1704 2612 1754 6
2636 1703 2736 1773 μὲν
2767 1703 2978 1773 κεφαλὴ
3007 1702 3104 1769 ὢν,
3135 1706 3167 1774 ἡ
3201 1705 3258 1759 δὲ
3295 1703 3474 1773 σῶμα.
3508 1704 3624 1756 Kal

2057 1786 2173 1850 πῶς
2215 1803 2378 1858 φησιν
2409 1788 2664 1859 ἀλλαχοῦ,
2692 1789 2939 1857 Κεφαλίι
2980 1788 3049 1842 δὲ
3076 1788 3399 1857 Χριστοῦό
3442 1791 3624 1854 Θεόςπ

2056 1873 2226 1928 Τοῦτο
2273 1876 2367 1928 καὶ
2420 1875 2531 1944 ἐγώ
2578 1894 2739 1947 φημι,
2769 1878 2849 1930 ὅτι
2892 1876 3079 1948 ὥσπερ
3132 1875 3190 1929 ἓν
3228 1876 3387 1947 σῶμα
3437 1880 3620 1947 ἡμεῖς,

2054 1962 2197 2019 οὕτω
2230 1965 2324 2017 καὶ
2344 1966 2372 2018 ὀ
2399 1966 2630 2036 Χριστὸς
2659 1966 2751 2020 καὶ
2783 1968 2812 2020 6
2845 1966 3031 2037 Πατὴρ
3056 1967 3135 2024 ἐν.
3159 1967 3486 2038 Εὑρίσκεται
3517 1968 3625 2038 ἄρα

2055 2052 2150 2104 καὶ
2170 2053 2199 2105 ὀ
2244 2053 2432 2125 Πατὴρ
2457 2053 2664 2125 κεφαλὴ
2682 2056 2714 2124 ἡ
2725 2054 2840 2124 μῶν
2869 2052 2965 2111 ὢν.
2997 2056 3101 2107 Δύο
3125 2054 3338 2125 τίθησιν
3369 2053 3624 2125 ὑποδείγ-

2059 2161 2226 2214 ματα,
2287 2144 2348 2198 τδ
2399 2145 2492 2202 τοῦ
2554 2144 2806 2214 σώματος
2826 2186 2840 2208 .
2870 2146 2964 2200 καὶ
3001 2146 3062 2200 :6
3107 2146 3201 2202 τοῦ
3231 2147 3472 2217 Χριστοῦ
3499 2164 3514 2179 ο
3543 2146 3625 2203 διὸ

2055 2232 2150 2284 καὶ
2175 2230 2392 2300 ἐπάγειο
2435 2233 2504 2286 Τὸ
2525 2233 2861 2303 μυστήριον
2887 2232 3064 2287 τοῦτο
3095 2233 3248 2303 μέγα
3277 2235 3451 2288 ἐστίν
3475 2251 3488 2264 ⁶
3510 2234 3627 2304 ἐγὼ

2055 2317 2305 2388 δὲλέγω
2344 2321 2432 2385 είς
2455 2320 2711 2388 Χριστὸν
2725 2321 2823 2375 καὶ
2861 2322 2949 2387 είς
2980 2320 3095 2387 τὴν
3132 2321 3522 2389 Ἐκκλησίαν.
3558 2320 3625 2375 Τί

2057 2405 2173 2457 ἐστι
2198 2404 2396 2471 τοῦτος
2426 2406 2585 2473 Μέγα
2637 2408 2934 2478 μυστήριον
2976 2406 3109 2460 αὐτό
3148 2424 3334 2478 φησιν,
3370 2408 3452 2461 ὅτι
3481 2407 3623 2477 μέγα

2055 2507 2109 2547 τι
2135 2492 2228 2544 καὶ
2253 2491 2563 2563 θαυμαστὸν
2600 2493 2863 2567 ᾐνίξατοό
2896 2496 3165 2566 μακάριος
3194 2494 3459 2565 Μωῦσῆς,
3487 2495 3623 2565 μᾶλτ

2056 2577 2147 2630 λον
2168 2577 2227 2630 δὲ
2257 2580 2285 2631 6
2334 2578 2467 2641 Θεός
2498 2595 2512 2610 ο
2543 2579 2682 2642 τέως
2743 2580 2949 2650 μέντοι,
2980 2583 3085 2645 Είς
3133 2579 3429 2647 Χριστόν,
3464 2581 3619 2650 φησι,

2055 2666 2230 2734 λέγω,
2265 2666 2348 2719 ὅτι
2373 2666 2470 2721 καὶ
2503 2666 2663 2729 αὐτὸς
2694 2668 2783 2720 τὸν
2816 2667 3035 2739 Πατέρα
3061 2669 3223 2737 ἀφεὶς
3250 2669 3508 2739 κατῆλθε,
3530 2671 3626 2723 καὶ

2055 2746 2187 2823 ἦλθε
2220 2752 2358 2825 πρὸς
2384 2753 2483 2822 τὴν
2521 2754 2761 2825 νύμφην,
2798 2755 2891 2809 καὶ
2926 2752 3141 2822 ἐγένετο
3171 2756 3251 2817 εἰς
3276 2755 3491 2823 πνεῦμα
3524 2755 3584 2808 ἓν
3604 2771 3621 2786 ’

2069 2838 2132 2893 '0
2157 2840 2540 2909 κολλώμενος
2581 2841 2690 2913 γὰρ
2718 2840 2797 2907 τῷ
2849 2841 3061 2909 Κυρίῳ,
3091 2839 3162 2894 ἓν
3211 2840 3446 2911 πνεῦμά
3469 2843 3621 2896 ἐστι.

2054 2928 2164 2982 Καὶ
2185 2928 2365 2992 καλῶς
2380 2924 2522 2983 εἷπε·
2537 2929 2700 2999 Μέγα
2713 2929 3052 2998 μυστήριόν
3063 2929 3252 2983 ἐστιν·
3267 2928 3342 2992 ὡς
3360 2928 3424 2985 ἂν
3439 2931 3486 2981 εἰ
3506 2928 3623 2984 (At.

2055 3029 2140 3083 γε·
2167 3015 2313 3087 Πλὴν
2354 3016 2467 3069 ἀλλ’
2488 3016 2586 3086 οὐχ
2610 3018 2649 3086 ἡ
2681 3016 2978 3086 ἀλληγορία
3019 3017 3317 3087 ἀνατρέπει
3349 3019 3447 3087 τὴν
3485 3018 3623 3086 ἀγάο

2054 3118 2183 3172 πην.
2230 3102 2403 3172 Πλὴν
2443 3104 2542 3160 καὶ
2602 3104 2770 3170 ὑμεῖς
2790 3107 2847 3159 οἱ
2883 3105 3010 3158 καθ’
3047 3103 3190 3166 ἕνα,
3220 3103 3480 3169 ἕκαστος
3511 3104 3625 3168 τὴν

2053 3190 2273 3246 ἑαυτοῦ
2300 3189 2765 3261 τυναῖκαοῦτως
2791 3189 3093 3260 ἀγαπάτω,
3121 3192 3203 3257 ὠς
3232 3190 3470 3245 ἐαυτόνο
3491 3191 3529 3259 η
3556 3191 3626 3246 δέ

2054 3279 2209 3348 γυνὴ
2248 3280 2347 3332 ἵνα
2383 3278 2638 3347 φοϐῆται
2674 3278 2784 3331 τὸν
2806 3278 3015 3346 ἄνδρα.
3049 3279 3256 3342 Ὄντως
3278 3276 3387 3348 γὰρ
3409 3319 3426 3343 ,
3457 3279 3625 3344 ὅντως

2058 3365 2357 3436 μυστήριόν
2386 3367 2526 3430 ἐστι,
2552 3366 2647 3418 καὶ
2667 3364 2810 3434 μέγα
2847 3365 3167 3435 μυστήριον,
3196 3366 3280 3419 ὃτι
3308 3365 3398 3418 τὸν
3423 3365 3621 3433 φύντα,

2051 3451 2143 3506 τὸν
2163 3451 2585 3522 γεννησάμενον,
2615 3453 2706 3504 τὸν
2724 3450 3194 3521 ἀναθρεψάμενον,
3226 3451 3324 3522 τὴν
3361 3452 3613 3522 ώδινήσα-

2056 3556 2175 3606 σαν,
2202 3538 2300 3610 τὴν
2333 3538 2848 3608 ταλαιπωρηθεῖσαν
2893 3538 3072 3605 ἀφεὶς,
3114 3540 3242 3602 τοὺς
3280 3539 3349 3592 τά
3387 3539 3624 3594 τοσαῦτα

2053 3627 2556 3697 εὐεργετήσαντας,
2583 3627 2709 3689 τοὺς
2750 3627 2809 3678 ἐν
2852 3627 3109 3697 συνηθείᾳ
3156 3628 3499 3697 γενομένους,
3553 3631 3619 3698 τῇ

2059 3715 2195 3785 μηδέ
2246 3713 2496 3786 ὀφθείσῃ,
2540 3714 2674 3784 μηδὲ
2721 3714 2897 3767 κοινόν
2929 3731 2983 3767 τι
3042 3713 3241 3785 ἐχούσῃ
3276 3715 3411 3783 πρὸς
3460 3716 3624 3771 αὐτὸν

2054 3802 2476 3874 προσκολλάται,
2511 3800 2607 3855 καὶ
2647 3802 2865 3854 πάντων
2904 3801 3081 3872 αὐτὴν
3104 3803 3366 3874 προτιμᾷ.
3391 3804 3616 3874 Μυστή-

2055 3905 2167 3959 ριον
2198 3888 2367 3952 ὅντως
2393 3886 2530 3941 ἐστί.
2558 3886 2668 3941 Καὶ
2685 3889 2733 3941 οί
2751 3890 2929 3957 γονεῖς
2964 3887 3168 3942 τούτων
3194 3888 3490 3958 γινομένων
3520 3891 3621 3943 ούκ

2051 3975 2342 4046 ἄχθονται,
2375 3975 2513 4029 ἀλλά
2547 3975 2623 4048 μὴ
2655 3976 2954 4046 γινομένων
2986 3975 3184 4045 μᾶλλον
3211 3993 3227 4009 ·
3266 3964 3360 4031 καὶ
3399 3978 3619 4049 χρημάη

2050 4081 2158 4118 των
2181 4064 2622 4135 ἀναλισκομένων
2644 4064 2738 4118 καὶ
2766 4063 3013 4136 δαπάνης
3040 4065 3351 4138 γινομένης,
3376 4067 3615 4138 ἥδονται.

2055 4153 2262 4215 Ὄντως
2308 4150 2451 4222 μέγα
2513 4152 2846 4224 μυστήριον,
2888 4151 3199 4223 ἀπόρρητόν
3249 4168 3373 4206 τινα
3424 4154 3618 4222 σοφίαν

2051 4239 2195 4308 ἔχον,
2250 4239 2421 4294 Τοῦτο
2459 4237 2663 4293 ἄνωθεν
2702 4238 3061 4308 προφητεύων
3111 4237 3300 4308 ἐδήλου
3332 4238 3571 4307 Μωῦσῆς
3599 4257 3610 4268 ·

2050 4325 2211 4382 τοῦτο
2241 4326 2337 4380 καὶ
2370 4324 2464 4378 νῦν
2489 4326 2518 4378 6
2561 4323 2772 4387 Παῦλος
2826 4322 2926 4393 βοᾷ
2968 4323 3142 4390 λέγων
3173 4339 3187 4354 ·
3220 4324 3325 4389 Εἰς
3360 4325 3620 4391 Χριστόν

2053 4413 2151 4467 καὶ
2182 4415 2269 4478 εὶς
2294 4412 2411 4480 τὴν
2452 4411 2831 4479 Ἐκκλησίαν.
2872 4411 3016 4479 Πλὴν
3043 4411 3105 4465 ού
3127 4411 3194 4464 δι’
3217 4411 3380 4465 αὑτὸν
3402 4413 3620 4483 εἴρηται

2057 4499 2216 4571 μόνον
2249 4496 2442 4563 οὔτως,
2488 4496 2623 4551 ἀλλά
2661 4497 2757 4552 καὶ
2791 4497 2879 4551 διὰ
2910 4497 3009 4569 τὴν
3033 4499 3287 4564 γυναῖκα,
3317 4496 3406 4550 ίνα
3425 4497 3500 4561 ὡς
3520 4499 3618 4568 τὴν

2058 4587 2192 4641 ἰδίαν
2231 4585 2409 4658 σάρκα
2449 4585 2616 4656 αὐτὴν
2671 4584 2872 4656 θάλπῃ,
2918 4584 2995 4647 ὠς
3049 4585 3142 4637 καὶ
3171 4585 3200 4638 6
3233 4584 3468 4656 Χριστὸς
3521 4585 3620 4657 τὴν

2066 4673 2411 4746 Ἐκκλησίαν.
2454 4673 2521 4729 Ἢ
2569 4672 2640 4726 δὲ
2664 4670 2820 4741 γυνὴ
2851 4672 2951 4725 ἵνα
2993 4669 3245 4740 φοϐῆται
3274 4672 3385 4727 τὸν
3406 4671 3615 4743 ἄνδρα.

2056 4764 2249 4818 Οὐκέτι
2295 4762 2365 4818 τά
2399 4763 2497 4833 τῆς
2527 4762 2749 4833 ἀγάπης
2776 4759 2958 4830 τίθησι
2984 4759 3163 4831 μόνον,
3191 4761 3328 4815 ἀλλά
3362 4764 3415 4816 τί
3441 4780 3456 4831 ;
3499 4765 3622 4820 Ἵνα

2054 4850 2308 4921 φοϐῆται
2335 4849 2444 4905 τὸν
2474 4848 2682 4917 ἄνδρα.
2722 4847 2889 4920 Ἀρχὴ
2932 4847 3159 4918 δευτέρα
3194 4850 3342 4903 ἐστὶν
3380 4851 3414 4920 ἡ
3459 4854 3616 4923 γυνή.

2054 4940 2210 5010 Μὴτε
2263 4932 2355 4992 οὖν
2395 4935 2536 5008 αὕτη
2568 4935 2668 5007 τὴν
2699 4934 2974 5005 ίσοτιμίαν
2998 4934 3300 4990 ἀπαιτείτω
3327 4951 3343 4965 ο
3380 4936 3485 4989 ὑπὸ
3513 4937 3622 5006 γάρ

2054 5028 2155 5098 τὴν
2182 5027 2424 5097 κεφαλήν
2450 5028 2568 5079 ἐστι
2594 5041 2611 5059 ο
2651 5025 2788 5097 μήτε
2819 5026 3026 5087 ἐκεῖνος
3057 5023 3135 5088 ώς
3167 5024 3631 5095 ὑποτεταγμένης,

2056 5112 2460 5185 καταφρονείτω
2482 5129 2498 5145 ·
2535 5111 2695 5182 σῶμα
2731 5111 2840 5184 γάρ
2886 5113 3023 5176 ἐστι,
3058 5113 3160 5167 κᾶν
3182 5113 3496 5183 καταφρονῇ
3523 5113 3638 5168 τοῦ..

2056 5200 2362 5271 σώματοςὴ
2401 5197 2607 5269 κεφαλὴ
2628 5238 2644 5263 ,
2692 5200 2788 5253 καὶ
2825 5199 2964 5268 αὐτὴ
3016 5197 3475 5269 προσαπολεῖται,·
3505 5198 3620 5254 ἀλλὲ

2055 5288 2378 5359 ἀντίρροπον
2430 5285 2531 5354 τῆς
2581 5286 2826 5355 ὑπακοῆς
2891 5284 3159 5352 είσαγότω
3214 5283 3327 5354 τὴν.
3371 5284 3619 5356 ἀγάπην.

2057 5375 2267 5443 Ὠσπερ
2291 5375 2323 5444 ἡ
2356 5373 2587 5442 κεφαλὴ.
2618 5372 2715 5427 καὶ
2765 5370 2828 5424 τὸ
2879 5371 3037 5441 σῶμα
3060 5368 3167 5422 ·-τό
3196 5370 3298 5439 μὲν
3318 5371 3454 5442 αὐτῇ
3484 5374 3620 5442 πρὸς

2053 5462 2325 5516 διακονίαν
2356 5460 2593 5530 παρέχον
2622 5460 2718 5521 τὰς
2742 5461 2952 5528 χεῖρας,
2985 5458 3113 5521 τοὺς
3154 5458 3341 5524 πόδας,
3365 5463 3431 5514 τά
3458 5461 3621 5517 λοιπά

2125 5788 2149 5816 ⁸
2178 5783 2311 5833 Unus
2329 5780 2502 5841 codex,
2527 5780 2651 5829 ὥστε
2676 5780 2921 5842 συμϐαίνει
2941 5779 3048 5835 τοὺς
3070 5781 3205 5842 τρεῖς,
