4042 6212
296 394 384 449 Nl

291 971 382 1023 hoc
410 968 667 1038 conjugio
703 967 898 1022 melius
944 976 997 1022 et
1035 966 1395 1036 praestantius.
1452 961 1522 1018 Et
1549 961 1816 1032 quomodo
1839 1000 1857 1026 ,

288 1060 475 1129 inquit,
536 1062 697 1113 fuerit
724 1059 982 1124 dilectio,
1029 1059 1074 1112 si
1102 1067 1185 1113 est
1212 1056 1430 1111 metus?
1474 1056 1703 1110 Maxime
1731 1066 1856 1109 tunc

286 1153 447 1206 fuerit.
496 1150 636 1206 Nam
667 1167 791 1222 quae
819 1152 1010 1215 timet,
1058 1152 1218 1205 etiam
1249 1150 1415 1220 diligit
1442 1165 1457 1214 ;
1491 1165 1610 1220 quze
1640 1147 1810 1217 diligit
1836 1188 1853 1212 ,

286 1246 421 1298 timet
448 1253 726 1314 tamquam
750 1252 949 1313 caput,
1004 1242 1176 1313 diligit
1207 1252 1475 1313 tamquam
1507 1241 1805 1295 membrum
1836 1258 1850 1293 :

286 1350 397 1387 nam
439 1345 607 1404 caput
647 1349 868 1406 quoque
912 1344 998 1391 est
1036 1336 1336 1388 membrum
1385 1333 1546 1388 totius
1587 1334 1852 1402 corporis.

283 1427 564 1498 Propterea
592 1427 740 1481 illam
763 1426 979 1495 quidem
1007 1426 1258 1497 subjecit,
1289 1425 1430 1479 hunc
1455 1440 1586 1480 vero
1617 1423 1855 1494 prml'eeit

276 1529 327 1572 et
347 1534 503 1587 supra
535 1520 754 1588 posuit,
782 1528 841 1573 ut
866 1527 1009 1574 esset
1039 1533 1163 1588 pax.
1210 1516 1311 1573 Ubi
1339 1517 1480 1571 enim
1509 1525 1593 1570 est
1632 1517 1854 1571 honoris

274 1611 566 1679 :rqnalitas,
599 1626 699 1680 pax
730 1627 1016 1682 numquam
1048 1610 1228 1677 fuerit,
1250 1627 1421 1682 neque
1450 1610 1495 1664 si
1526 1611 1719 1665 domus
1744 1626 1850 1681 po-

275 1701 437 1770 pulari
464 1712 683 1773 regatur
698 1703 945 1772 imperio,
970 1718 1143 1773 neque
1169 1703 1212 1757 si
1236 1717 1424 1757 omnes
1445 1703 1730 1772 imperent,
1752 1697 1849 1757 sed

279 1809 492 1851 necesse
535 1806 619 1850 est
647 1809 702 1849 ut
730 1796 799 1850 sit
827 1811 965 1849 unus
1001 1797 1351 1866 principatus.
1408 1795 1475 1850 Et
1504 1795 1618 1850 lucc
1653 1794 1849 1863 ubique

274 1888 323 1939 in
349 1887 749 1955 corporalibus:
774 1902 898 1942 nam
929 1889 973 1942 si
996 1888 1103 1941 sint
1128 1889 1228 1942 viri
1255 1888 1580 1955 spiritualcs,
1600 1887 1703 1943 erit
1725 1902 1846 1956 pax.

280 1980 446 2034 Erant
469 1981 748 2050 quinquies
767 1981 916 2035 mille
946 1982 1161 2045 anima},
1201 1991 1255 2036 et
1284 1996 1442 2036 nemo
1465 1981 1751 2050 quidquam
1780 1994 1845 2034 ex

274 2072 386 2125 suis
414 2070 749 2126 facultatibus
775 2072 988 2127 dicebat
1015 2089 1136 2127 esse
1164 2073 1436 2143 proprium
1466 2072 1604 2142 (Act.
1632 2073 1686 2127 4.
1715 2071 1840 2140 '52),

272 2160 364 2216 sed
383 2162 520 2216 inter
543 2177 603 2217 se
629 2163 854 2233 subjecti
889 2175 1043 2217 erant
1069 2165 1211 2218 alter
1238 2163 1413 2218 alteri.
1462 2162 1576 2218 Hoc
1604 2172 1685 2218 est
1708 2162 1846 2216 indi-

268 2256 400 2308 cium
431 2253 709 2322 sapientia:
750 2264 805 2310 et
855 2255 1064 2310 timoris
1090 2255 1205 2310 Dei.
1264 2256 1437 2326 Atque
1465 2255 1699 2310 ostendit
1726 2256 1844 2326 qui-

271 2345 381 2400 dem
410 2346 627 2400 modum
649 2346 974 2411 dilectionis,
1008 2346 1215 2401 timoris
1239 2353 1418 2401 autem
1451 2346 1709 2400 nondum.

332 2438 385 2491 5.
416 2438 480 2492 Et
506 2437 629 2491 vide
652 2438 865 2507 quidem
891 2453 1013 2494 eum
1037 2439 1261 2494 dilatare
1289 2449 1341 2494 ct
1361 2440 1687 2509 amplilieare
1722 2454 1840 2508 qua:

267 2537 380 2581 sunt
403 2527 730 2591 dilectionis,
761 2528 831 2585 de
854 2526 1066 2585 Christo
1105 2538 1447 2596 narrantem,
1489 2542 1543 2585 ct
1580 2531 1648 2586 de
1681 2545 1841 2586 carne

268 2622 492 2688 propria,
520 2632 577 2676 et
601 2622 870 2678 dicentem
891 2664 907 2691 ,
940 2621 1160 2692 Propter
1181 2629 1273 2677 hoc
1300 2624 1545 2693 relinquet
1577 2622 1724 2676 homo
1749 2640 1841 2694 ραι

268 2720 383 2765 trem
406 2721 455 2765 et
488 2722 699 2766 matrem
718 2729 737 2767 :
757 2728 876 2784 qua:
902 2723 1027 2768 sunt
1054 2724 1230 2769 autem
1265 2716 1474 2770 timoris
1493 2732 1595 2769 non
1614 2716 1839 2770 dilatare

272 2816 363 2857 nec
397 2802 755 2871 amplificare.
803 2805 1044 2871 Quanam
1076 2805 1143 2860 de
1169 2805 1369 2860 causa?
1417 2806 1680 2874 Quoniam
1727 2808 1841 2861 vult

268 2895 601 2952 dilectionem
634 2897 807 2969 magis
835 2898 1083 2955 obtinere
1105 2899 1460 2954 dominatum.
1489 2899 1621 2957 Nam
1656 2900 1699 2954 si
1725 2899 1838 2956 Inec

271 2986 371 3052 sit,
403 3000 703 3056 sequuntur
728 2990 909 3044 omnia
946 2990 1081 3056 alia;
1126 2992 1169 3045 si
1207 2991 1294 3046 ille
1322 2992 1418 3054 sit,
1457 3008 1561 3044 non
1594 2992 1834 3045 omnino.

270 3077 393 3134 Nam
416 3083 505 3153 qui
533 3082 707 3152 diligit
735 3098 983 3145 uxorem,
1010 3084 1110 3139 etsi
1145 3100 1248 3138 non
1279 3078 1572 3139 admodum
1607 3086 1837 3154 morige-

267 3184 392 3236 ram,
416 3172 596 3226 omnia
628 3182 806 3228 tamen
837 3174 1166 3230 sustinebit:
1214 3176 1349 3231 adeo
1377 3192 1465 3231 res
1491 3186 1575 3232 est
1606 3177 1836 3233 difﬁcilis

268 3259 491 3315 etardua
522 3264 832 3328 concordia,
891 3266 1109 3334 quando
1140 3281 1248 3321 non
1274 3265 1470 3323 fuerint
1489 3267 1721 3336 colligati
1753 3278 1835 3339 ty-

269 3353 478 3407 rannide
504 3355 845 3410 dilectionis:
873 3356 1034 3411 timor
1058 3367 1237 3413 autem
1267 3373 1373 3413 non
1398 3362 1619 3414 omnino
1652 3362 1706 3414 in
1734 3359 1836 3415 ltoc

265 3458 321 3498 se
343 3455 484 3500 recte
502 3456 674 3515 geret.
707 3447 770 3501 Et
801 3448 921 3503 ideo
954 3450 1123 3520 magis
1141 3451 1452 3505 immoratur
1473 3452 1524 3506 in
1553 3451 1674 3516 hoc,
1695 3452 1835 3523 quod
1859 3445 1862 3448 ’

266 3544 345 3588 est
379 3537 512 3592 forte
544 3552 608 3592 ac
638 3539 898 3593 validum.
953 3540 1018 3595 Et
1040 3543 1230 3597 mulier
1253 3583 1268 3608 ,
1299 3544 1383 3597 cui
1420 3543 1630 3598 videtur
1655 3544 1834 3598 alfcrri

267 3626 530 3692 damnum,
561 3632 703 3701 quod
730 3632 983 3699 jttheatur
1004 3635 1214 3699 timere,
1247 3636 1519 3690 lucratur:
1549 3637 1665 3689 viro
1691 3637 1834 3691 enim

267 3728 668 3791 estprarceptum
697 3723 748 3776 id
770 3725 909 3794 quod
933 3734 1013 3779 est
1029 3727 1373 3796 prrecipuum,
1391 3727 1835 3798 nempediligcre.

268 3809 399 3872 Quid
429 3827 555 3867 vero
577 3853 593 3877 ,
647 3814 850 3885 inquit,
893 3817 936 3871 si
968 3834 1072 3870 non
1105 3817 1288 3871 timeat
1313 3818 1483 3872 uxor?
1537 3818 1619 3873 Tu
1644 3820 1834 3889 dilige,

271 3900 426 3970 imple
466 3902 603 3972 quod
648 3912 796 3959 tuum
837 3914 939 3961 est.
996 3904 1125 3961 Nam
1166 3908 1210 3961 si
1255 3924 1361 3961 non
1404 3917 1697 3978 sequantur
1719 3925 1837 3978 qua:

269 3994 555 4060 praestanda
605 4007 732 4051 sunt
756 3997 825 4051 ab
861 4000 1015 4067 aliis,
1057 4009 1268 4071 oportet
1312 4009 1369 4054 ut
1397 4009 1689 4071 sequantur
1719 4016 1837 4069 quae

267 4089 558 4154 pra-standa
605 4098 731 4143 sunt
776 4105 804 4142 a
855 4091 1029 4145 nobis.
1078 4091 1320 4161 Exempli
1343 4106 1542 4146 causa:
1577 4090 1834 4160 Subjecti,

276 4169 478 4240 inquit,
519 4174 730 4227 invicem
756 4174 810 4227 in
840 4176 1016 4229 timore
1038 4175 1247 4230 Christi.
1291 4174 1426 4240 Quid
1458 4189 1605 4244 ergo,
1637 4176 1679 4229 si
1704 4175 1840 4227 alter

273 4276 375 4315 non
419 4264 767 4334 subjiciatur?
816 4265 891 4320 Tu
921 4282 1045 4336 pare
1068 4268 1169 4337 legi
1204 4268 1314 4321 Dei:
1360 4267 1435 4322 Ita
1469 4266 1554 4320 hic
1583 4279 1792 4335 quoque
1822 4282 1836 4319 :

276 4349 455 4409 Mulier
478 4357 713 4427 quidem,
741 4358 955 4413 etiamsi
983 4374 1086 4413 non
1113 4357 1389 4429 diligatur,
1423 4358 1609 4412 timeat
1634 4366 1834 4421 tamen,

276 4462 341 4500 ne
366 4447 487 4502 nihil
513 4450 578 4505 ab
609 4451 724 4519 ipsa
756 4451 879 4513 fiat;
934 4461 988 4507 et
1023 4452 1280 4517 maritus,
1334 4449 1543 4505 etiamsi
1572 4466 1706 4504 uxor
1733 4466 1836 4503 non

280 4540 468 4605 timeat,
491 4548 664 4597 tamen
694 4541 900 4612 diligat,
923 4551 979 4596 ut
1005 4542 1118 4613 ipse
1141 4543 1193 4596 in
1225 4542 1372 4596 nullo
1398 4542 1643 4598 deficiat:
1676 4556 1841 4595 unus—

279 4632 486 4700 quisque
514 4635 656 4688 enim
703 4632 910 4701 accepit
938 4633 1078 4703 quod
1107 4644 1190 4687 est
1221 4633 1516 4703 proprium.
1569 4632 1684 4688 Hoc
1712 4647 1839 4701 ergo

284 4726 658 4780 matrimonium
691 4735 781 4780 est
801 4724 1090 4780 secundum
1110 4722 1405 4787 Christum,
1440 4724 1838 4779 matrimonium

287 4818 536 4883 spiritnale
559 4862 573 4881 .
615 4829 668 4876 et
699 4818 980 4890 generatio
1007 4819 1228 4888 spiritus
1247 4860 1262 4882 ,
1318 4835 1425 4873 non
1451 4834 1519 4873 ex
1545 4816 1804 4889 sanguine
1823 4857 1837 4881 ,

292 4922 380 4962 nec
402 4925 461 4964 ex
484 4911 668 4966 dolore
708 4920 912 4980 partus.
942 4908 1092 4965 Talis
1118 4920 1200 4964 cst
1226 4910 1389 4964 etiam
1420 4908 1583 4964 Isaaci
1619 4922 1843 4978 genera-

294 4997 397 5053 tio:
431 5002 547 5057 audi
575 5002 909 5071 Scripturam
953 5001 1242 5056 dicentem.
1292 4999 1360 5053 Et
1389 5000 1639 5055 desierunt
1667 4998 1843 5054 Sarrae

296 5088 393 5157 ﬁcri
415 5094 511 5162 ejus
538 5094 845 5167 muliebria(
877 5092 1003 5148 Gen.
1037 5094 1123 5149 18.
1154 5093 1211 5148 H
1239 5093 1283 5165 ).
1336 5092 1404 5147 Et
1441 5091 1843 5147 matrimonium

302 5200 393 5238 non
417 5203 471 5244 ex
496 5191 674 5245 scnsili
722 5198 873 5244 motu
902 5205 1002 5244 nec
1044 5206 1109 5244 ex
1143 5187 1494 5259 corporibus,
1539 5184 1633 5241 sed
1673 5193 1842 5239 totum

302 5278 561 5345 spirituale.
595 5284 707 5339 Deo
732 5284 1020 5351 conjuncta
1051 5284 1226 5336 anima
1259 5282 1636 5351 conjunctione
1661 5278 1847 5336 ineffa-

303 5368 408 5433 bili,
434 5386 481 5427 et
506 5392 660 5444 quam
700 5378 817 5446 ipse
842 5376 990 5429 solus
1019 5375 1187 5430 novit.
1221 5374 1513 5444 Propterea
1544 5372 1708 5438 dicit,
1744 5370 1846 5436 Qui

304 5463 491 5518 mitteret
517 5465 753 5534 Domino,
776 5477 849 5521 est
879 5484 1009 5521 unus
1037 5467 1245 5538 spiritus
1270 5465 1473 5537 (l.Cor.
1490 5465 1668 5537 6.17).
1686 5464 1845 5520 Vides

307 5561 537 5623 quomodo
573 5562 723 5632 ponit
758 5561 995 5616 studium
1034 5569 1091 5614 ut
1138 5572 1352 5616 carnem
1386 5561 1534 5616 carni
1561 5559 1746 5624 uniat,
1790 5565 1847 5612 et

311 5647 516 5712 spiritum
539 5652 770 5722 spiritui.
803 5652 900 5708 Ubi
924 5659 1051 5706 sunt
1076 5649 1316 5707 haeretici
1334 5650 1358 5703 ’ἒ
1373 5652 1428 5708 Si
1447 5650 1845 5706 matrimonium

313 5753 428 5795 esset
460 5760 521 5797 ex
568 5745 636 5800 iis
687 5760 809 5814 quas
870 5744 1240 5814 vituperantur
1270 5784 1285 5809 ,
1319 5757 1425 5799 non
1490 5757 1744 5813 sponsum
1795 5752 1849 5797 et

314 5842 524 5899 sponsam
585 5834 922 5906 vocavisset,
983 5851 1089 5893 non
1146 5835 1437 5893 adhortans
1493 5833 1624 5893 illud
1680 5834 1845 5891 addu-

1095 387 1162 444 ΙΝ
1201 387 1416 445 EPIS'I'.
1457 388 1550 442 AD
1588 385 1826 443 EPHES.
1865 385 2016 443 CAP.
2061 388 2122 445 ν.
2165 392 2396 448 HOMIL.
2440 392 2556 452 XX.

294 523 390 578 que
413 504 645 577 peribit:
691 503 787 561 sed
815 502 1005 560 aﬂerat
1031 503 1371 559 dilectionem
1421 518 1540 573 qua:
1589 511 1861 569 tamquam

295 602 343 655 in
370 597 666 668 :eqnilibrio
694 594 1017 666 respondeat
1036 595 1376 650 obedientiae.
1407 594 1554 649 Sicut
1584 601 1762 661 caput,
1792 591 1863 644 ita

292 701 342 748 et
362 705 592 761 corpus:
625 689 730 744 hoc
761 688 835 743 illi
878 689 945 744 ad
995 689 1348 743 ministerium
1373 686 1608 757 praebeat
1637 699 1860 748 manus,

292 783 439 855 pedes
470 792 530 837 et
571 782 777 850 reliqua
820 781 1000 835 omnia
1028 780 1303 844 membra;
1336 777 1466 833 illud
1508 789 1686 832 autem
1738 778 1862 831 huic

292 875 514 944 invigilet
568 874 717 929 omni
783 873 1101 928 instructum
1158 870 1528 941 intelligentia.
1581 868 1721 924 Nihil
1778 875 1862 923 est

3449 414 3550 470 ΗΞ

1970 502 2151 570 xisset,
2185 505 2451 574 Itet'inquet
2480 508 2631 563 homo
2656 519 2850 581 patrem
2894 522 2940 567 et
2986 525 3230 585 matrem;
3276 535 3373 576 nec
3415 539 3549 581 rur-

1971 612 2065 651 sus
2091 596 2460 667 subjunxisset
2486 618 2500 655 :
2539 600 2744 657 Dictum
2771 615 2846 658 est
2864 648 2878 668 ,
2908 607 2960 660 iu
2989 608 3186 664 Christo
3215 623 3262 668 et
3290 613 3541 675 Ecclesia.

1969 688 2043 744 De
2071 691 2170 743 hac
2196 693 2335 746 enim
2367 692 2498 748 dicit
2517 695 2676 749 etiam
2705 696 3150 769 psalmographus
3173 721 3188 757 :
3220 703 3385 772 Audi,
3407 710 3540 777 ﬁlia,

1965 790 2012 834 et
2041 782 2182 847 vide,
2215 794 2261 837 et
2281 784 2471 837 inch‘na
2500 801 2671 841 aurem
2694 797 2832 841 tuam
2852 829 2868 855 ,
2903 800 2952 845 et
2978 792 3268 850 obliviscere
3300 801 3546 869 papulunt

1965 882 2126 937 tuum,
2155 885 2200 928 et
2223 874 2425 928 domum
2447 879 2606 946 patris
2636 879 2743 932 tui:
2768 888 2812 932 et
2841 884 3156 947 concupiscet
3184 887 3295 942 Rex
3314 893 3518 959 pulchri
3528 925 3541 935 -

1963 966 2186 1018 tudinem
2206 976 2345 1020 tuam
2369 966 2539 1037 (Psal.
2572 968 2661 1022 M.
2693 970 2802 1041 il).
2832 971 3119 1042 Propterea
3147 977 3387 1034 Christus
3411 998 3544 1051 quo-

1960 1071 2064 1125 que
2090 1056 2336 1111 dicebat:
2370 1056 2482 1127 Ego
2506 1059 2636 1112 exivi
2663 1076 2695 1111 a
2722 1059 2898 1126 Patre,
2922 1073 2970 1116 et
2984 1066 3094 1118 veni
3122 1065 3537 1143 (Joan.16.28).

1960 1149 2065 1205 Sed
2087 1151 2300 1219 quando
2318 1151 2438 1206 dico
2464 1168 2585 1207 eum
2614 1154 2893 1224 reliquisse
2919 1157 3153 1221 Patrem.
3178 1178 3244 1216 ne
3281 1166 3383 1218 tale
3410 1168 3537 1234 quid

1957 1243 2248 1306 existimes,
2279 1245 2436 1314 quale
2465 1246 2602 1313 apud
2623 1246 2889 1313 homines,
2916 1251 3152 1307 locorum
3183 1258 3460 1311 transitum
3486 1269 3540 1315 et

1957 1334 2638 1390 transmutattonem.Sicut
2657 1338 2797 1392 enim
2817 1340 3047 1394 exivisse
3063 1342 3274 1407 dicitur,
3291 1360 3393 1399 noo
3414 1365 3538 1415 quo-

1956 1427 2097 1481 niam
2120 1428 2301 1494 cxivit,
2321 1428 2414 1483 sed
2433 1439 2652 1499 propter
2677 1444 2892 1485 carnem
2915 1449 2929 1491 :
2959 1433 3028 1487 ita
3052 1436 3210 1490 etiam
3228 1437 3377 1499 illud,
3401 1437 3539 1491 Reli-

1953 1520 2061 1588 quit
2087 1518 2315 1572 Patrem.
2349 1519 2457 1573 Cur
2478 1536 2605 1589 ergo
2633 1536 2737 1575 non
2771 1521 2902 1576 dixit
2927 1523 2993 1578 de
3025 1526 3537 1588 uxore,Ad|ta'rebit

1953 1608 2147 1663 ntarito
2162 1609 2299 1664 suo?
2318 1625 2416 1679 qua
2426 1626 2544 1665 nam
2573 1611 2639 1665 de
2659 1627 2817 1667 causa
2834 1614 3129 1680 ?Quoniam
3148 1615 3357 1671 dicebat
3374 1619 3440 1673 de
3457 1620 3541 1672 di-‘

1952 1699 2201 1764 lcetione,
2222 1711 2273 1754 et
2290 1700 2607 1770 loquebatur
2622 1717 2742 1756 cum
2764 1704 2900 1757 viro.
2918 1704 3049 1758 Nam
3068 1723 3190 1760 cum
3209 1708 3295 1761 illa
3320 1710 3532 1777 quidem

1951 1790 2266 1859 loquensde
2292 1790 2483 1846 timore
2508 1792 2658 1857 dicit,
2697 1791 2789 1846 Vir
2814 1801 2888 1846 est
2912 1804 3064 1863 caput
3103 1799 3277 1851 uxoris
3302 1816 3445 1862 sum;
3480 1812 3534 1854 et

1950 1881 2180 1936 Christus
2210 1897 2415 1947 rursus,
2453 1891 2604 1952 caput
2634 1882 2908 1939 Ecclesia:
2940 1900 3057 1940 cum
3100 1887 3217 1941 viro
3261 1899 3438 1943 autem
3466 1891 3534 1947 de

1947 1974 2233 2030 dilectione
2247 1976 2499 2046 loquitur,
2518 1986 2644 2032 etea
2662 1992 2779 2047 quae
2798 1978 2863 2030 ad
2884 1978 3049 2046 ipsam
3068 1990 3304 2047 spectant
3327 1981 3398 2035 illi
3423 1993 3533 2037 tra-

1947 2066 2060 2133 dit;
2090 2081 2154 2122 ac
2179 2067 2247 2123 de
2272 2067 2559 2122 dilectione
2603 2083 2724 2122 cum
2755 2068 2845 2122 illo
2876 2068 3036 2123 verba
3066 2069 3214 2135 facit,
3243 2088 3365 2126 eum
3396 2088 3531 2128 eon-

1944 2160 2214 2233 stringcos
2256 2169 2310 2216 et
2344 2160 2719 2232 conglutinans
2762 2170 2816 2215 et
2863 2161 3062 2218 faciens
3100 2163 3396 2220 adhaerere.
3428 2166 3533 2234 Qui

1945 2256 2086 2309 enim
2116 2262 2319 2324 patrem
2341 2254 2542 2309 dimisit
2569 2264 2789 2324 propter
2814 2271 3057 2321 uxorem,
3073 2266 3129 2311 et
3155 2257 3322 2327 ipsam
3344 2275 3532 2315 rursus

1945 2359 2127 2416 postea
2159 2346 2379 2401 dimittit
2399 2356 2453 2402 et
2485 2347 2757 2417 relinquit,
2781 2363 2940 2417 quam
2961 2348 3253 2404 merebitur
3282 2350 3553 2405 veniam?

1944 2438 2059 2496 Non
2081 2440 2230 2495 vides
2247 2447 2504 2509 quantum
2524 2439 2664 2494 Deus
2686 2440 2945 2495 honorem
2966 2455 3082 2495 eam
3106 2442 3232 2497 velit
3249 2443 3527 2513 consequi,

1943 2547 2064 2585 cum
2094 2540 2145 2585 le
2175 2544 2202 2582 a
2235 2540 2385 2599 patre
2406 2528 2694 2585 abductum
2720 2529 2768 2584 ei
2795 2529 3027 2585 affixerit
3048 2531 3073 2585 ?
3097 2531 3236 2597 Quid
3269 2548 3417 2599 vero,
3449 2533 3531 2587 itt-

1943 2622 2092 2694 quit,
2118 2622 2161 2676 si
2190 2621 2326 2675 facta
2348 2621 2455 2675 sint
2484 2635 2514 2674 a
2548 2621 2702 2675 nobis
2726 2636 2845 2690 qum
2867 2630 2991 2675 sunt
3021 2621 3284 2687 facienda,
3314 2623 3400 2678 illa
3432 2639 3532 2678 au-

1945 2724 2050 2768 tem
2082 2728 2187 2767 non
2219 2712 2553 2782 sequantur?
2585 2711 2647 2773 Si
2675 2722 2844 2765 autent
2872 2711 3094 2779 inﬁdelis
3124 2712 3367 2778 discedit,
3414 2714 3527 2767 dis-

1941 2804 2084 2858 cedat
2115 2787 2323 2877 (1.6ωῆ
2342 2804 2396 2857 7.
2419 2803 2531 2872 l5).
2560 2801 2677 2857 Non
2699 2810 2781 2856 est
2798 2801 3043 2857 servituti
3064 2802 3335 2870 subjectus
3359 2802 3524 2858 frater

1941 2904 2035 2950 aut
2060 2912 2214 2950 soror
2242 2894 2295 2949 in
2326 2893 2644 2965 Itujusmodi.
2691 2893 2794 2949 Sed
2819 2892 3035 2962 quando
3061 2892 3213 2947 audis
3251 2892 3522 2959 timorem,

1941 2988 2094 3057 exige
2116 2987 2361 3040 timorem
2389 2986 2477 3055 qui
2504 2985 2758 3041 convenit
2778 2984 2984 3051 liberte,
3016 2999 3121 3037 non
3161 2992 3430 3053 tamquam
3458 2984 3524 3037 ab

1939 3078 2155 3133 ancilla:
2179 3078 2417 3133 estenim
2442 3093 2637 3147 corpus
2663 3085 2808 3130 tnum
2833 3093 2846 3128 :
2868 3090 2989 3129 nam
3009 3074 3051 3129 si
3076 3074 3176 3128 hoc
3203 3073 3414 3133 feceris,
3441 3083 3524 3127 te-

1940 3172 2111 3241 ipsum
2137 3171 2333 3241 probro
2356 3170 2543 3234 aflicis,
2567 3179 2715 3224 tuum
2733 3183 2929 3237 corpus
2954 3166 3193 3222 afficiens
3210 3165 3521 3236 ignominia.

1939 3261 2069 3328 Quis
2085 3270 2167 3317 est
2185 3271 2361 3317 autem
2383 3260 2563 3315 timor?
2578 3261 2648 3316 Ut
2665 3274 2768 3313 non
2788 3257 3135 3322 contradicat,
3152 3267 3208 3312 ut
3223 3271 3326 3311 non
3351 3258 3523 3311 insur-

1938 3367 2048 3424 gat,
2077 3365 2133 3409 ιιι
2179 3356 2378 3425 primas
2407 3364 2583 3423 partes
2614 3370 2718 3408 non
2748 3361 2893 3408 amet
2922 3369 2935 3406 :
2962 3353 3027 3407 ad
3056 3351 3168 3406 hmo
3193 3367 3357 3420 usque
3392 3349 3523 3406 satis

1938 3457 2020 3502 est
2043 3448 2285 3501 timorem
2317 3445 2633 3501 consistere.
2657 3445 2748 3500 Sin
2766 3454 2943 3498 autem
2968 3444 3164 3513 diligis,
3183 3454 3242 3497 ut
3266 3443 3412 3511 jussa
3436 3458 3518 3507 es,

1939 3539 2099 3594 etiam
2123 3537 2323 3608 majora
2351 3536 2553 3600 facies;
2586 3535 2693 3589 imo
2720 3550 2848 3591 vero
2872 3551 2977 3589 non
3002 3534 3193 3589 timore
3210 3533 3311 3588 hoc
3335 3533 3518 3597 facies,

1940 3631 2035 3688 sed
2067 3632 2180 3701 ipsa
2207 3631 2368 3684 etiam
2397 3628 2615 3683 dilectio
2637 3626 2795 3683 faciet
2819 3625 3043 3696 aliquid.
3089 3626 3180 3679 Est
3208 3639 3368 3679 sexus
3401 3632 3521 3679 tuus

1937 3721 2330 3794 quodammodo
2356 3719 2687 3785 imbecillior,
2711 3720 2877 3773 multo
2902 3734 3065 3788 egens
3094 3717 3317 3784 auxilio,
3352 3718 3516 3770 multa

1941 3812 2263 3884 indulgentia
2286 3853 2301 3878 ,
2332 3822 2391 3866 ut
2420 3820 2523 3865 tua:
2557 3808 2881 3864 infirmitatis
2906 3807 3162 3862 habeatur
3195 3808 3350 3861 ratio.
3383 3805 3523 3872 Quid

1939 3905 2172 3960 dixerint
2192 3903 2281 3973 qui
2308 3899 2557 3958 secundis
2583 3899 2982 3970 conjtmguutur
2997 3900 3198 3967 nuptiis
3221 3898 3245 3952 ?
3271 3898 3383 3953 Non
3400 3897 3524 3951 dico

1941 3996 2307 4051 condemnatis
2334 4033 2350 4055 ,
2380 3991 2554 4046 absit:
2595 3987 2880 4061 Apostolus
2925 3989 3068 4044 enim
3116 3988 3165 4042 id
3215 3989 3522 4051 concessit;

1941 4085 2034 4141 sed
2065 4085 2219 4139 valde
2248 4083 2383 4138 adeo
2425 4081 2492 4136 ad
2519 4082 2639 4150 ejus
2661 4080 3025 4135 inﬁrmitatem
3071 4096 3160 4136 me
3184 4080 3472 4135 dctttittens
3508 4097 3523 4134 :

1941 4178 1989 4231 ei
2020 4177 2196 4228 omnia
2227 4173 2405 4243 prarbe
2424 4213 2441 4237 ,
2494 4170 2671 4226 omnia
2697 4185 2794 4239 pro
2823 4171 2909 4225 illa
2939 4186 3065 4238 gere
3091 4180 3144 4224 et
3184 4179 3404 4238 patere:
3434 4170 3523 4223 in-

1940 4266 2142 4321 cumbit
2184 4264 2275 4317 tibi
2303 4262 2619 4317 necessitas.
2668 4259 2766 4315 llic
2797 4275 2901 4313 non
2933 4261 3045 4314 vult
3068 4261 3309 4314 externis
3339 4274 3524 4314 exem-

1943 4361 2047 4430 plis
2078 4357 2498 4411 admonitionem
2523 4352 2797 4416 inducere,
2829 4351 2971 4421 quod
3004 4366 3147 4420 saepe
3177 4350 3321 4404 facit.
3353 4348 3519 4405 Suffi-

1942 4453 2116 4506 ciebat
2140 4448 2280 4503 enim
2303 4444 2504 4501 Christi
2533 4443 2836 4512 exemplum
2862 4483 2877 4506 ,
2910 4440 3131 4511 utquod
3172 4444 3240 4494 sit
3272 4454 3521 4510 maguum

1942 4516 1997 4596 et
2018 4539 2311 4596 vehemens
2331 4577 2346 4602 ,
2378 4536 2612 4590 maxime
2638 4544 2815 4590 autem
2844 4532 2909 4586 ad
2939 4533 3197 4586 rationem
3229 4531 3523 4599 subjectio-

1944 4634 2047 4687 uis.
2088 4631 2391 4697 Relinquat,
2443 4625 2648 4696 inquit,
2693 4635 2887 4693 patrem
2915 4630 2963 4676 et
2996 4629 3228 4675 matrem.
3279 4621 3417 4677 Ecce
3454 4621 3523 4675 ab

1942 4724 2199 4781 externis.
2218 4720 2321 4776 Sed
2338 4736 2441 4773 non
2457 4717 2612 4781 dixit,
2633 4717 2695 4770 Et
2712 4713 3059 4778 coltabitabit,
3074 4712 3190 4779 sed,
3214 4714 3520 4778 Adhtzrebit,

1942 4834 2034 4875 seu
2047 4813 2479 4889 agglutinabitur,
2497 4818 2736 4865 exactam
2752 4806 3055 4877 signiﬁcans
3066 4806 3520 4876 conjunctionem,

1941 4911 2279 4967 dilectionem
2312 4906 2491 4975 utique
2522 4903 2914 4958 vehementem.
2944 4898 3125 4968 Neque
3142 4898 3243 4954 hoc
3263 4898 3359 4952 fuit
3395 4910 3523 4951 con-

1945 5015 2143 5070 tentus,
2161 5001 2253 5057 sed
2273 5009 2326 5055 et
2343 5015 2435 5070 per
2456 4996 2508 5053 id
2528 4996 2671 5068 quod
2687 4993 2958 5065 subjungit
2984 4994 3061 5048 sic
3087 4991 3319 5047 ostendit
3345 4988 3523 5055 subje-

1943 5095 2197 5160 ctiouem,
2214 5092 2390 5145 utduo
2408 5106 2512 5144 non
2533 5087 2760 5157 amplius
2781 5085 2887 5140 duo
2908 5091 3215 5153 appareant.
3237 5080 3350 5135 Non
3369 5078 3524 5145 dixit,

1948 5190 2001 5243 lo
2029 5188 2246 5259 Spiritu;
2274 5200 2379 5239 non
2410 5183 2565 5248 dixit,
2588 5184 2642 5238 In
2669 5181 2844 5235 anima
2862 5195 2878 5245 ;
2898 5194 3018 5233 nam
3043 5176 3169 5231 illud
3194 5181 3278 5229 cst
3304 5171 3503 5228 manife

1945 5288 2108 5345 stum,
2122 5288 2175 5331 ct
2190 5276 2292 5331 hoc
2307 5283 2479 5345 potest
2494 5273 2746 5345 quilibet;
2772 5270 2865 5325 sed
2885 5270 3024 5322 itaut
3041 5267 3130 5329 sit,
3153 5263 3216 5318 In
3227 5281 3379 5319 carne
3398 5280 3502 5317 una

2017 5372 2071 5428 6.
2116 5370 2211 5425 llic
2231 5377 2313 5423 est
2342 5366 2607 5423 secundus
2633 5363 2985 5435 principatus,
3010 5358 3213 5411 habens
3241 5357 3524 5426 imperium

1948 5475 2003 5521 et
2031 5464 2254 5519 multam
2283 5459 2501 5514 honoris
2529 5457 2884 5527 :equalitatem
2911 5467 2926 5515 ;
2969 5449 3063 5503 sed
3093 5457 3270 5502 tamen
3301 5448 3383 5501 vir
3428 5447 3525 5499 Ita-

1950 5557 2041 5611 bet
2077 5552 2274 5625 aliquid
2300 5550 2549 5619 amplius.
2584 5548 2696 5601 Hoc
2727 5553 2808 5600 est
2854 5542 3084 5597 maxima
3132 5539 3275 5595 salus
3312 5538 3526 5595 domus.

1950 5648 2080 5704 Nam
2113 5644 2241 5700 illud
2269 5642 2506 5714 quidem,
2535 5636 2678 5710 quod
2708 5637 2777 5691 sit
2802 5633 3023 5699 Christi,
3053 5631 3280 5701 accepit,
3312 5645 3415 5683 non
3442 5643 3530 5681 so-

1951 5740 2058 5795 lum
2087 5745 2144 5792 ut
2168 5736 2362 5791 debeat
2394 5732 2638 5802 diligere,
2666 5726 2762 5784 scd
2787 5728 2948 5782 etiam
2979 5735 3037 5780 ιιι
3063 5739 3182 5779 eam
3212 5722 3448 5776 instituat
3473 5728 3529 5773 et

1950 5828 2254 5888 moderetur
2280 5846 2290 5883 :
2331 5823 2397 5882 Ut
2422 5825 2505 5893 sit,
2538 5822 2725 5892 inquit,
2756 5829 2931 5875 sancta
2961 5826 3004 5872 ct
3027 5813 3350 5869 iunnaculata
3376 5825 3393 5866 :
3424 5813 3524 5862 hoc
