4042 6212
478 365 577 421 H3

479 493 625 539 vero,
666 475 880 543 Carnis,
909 473 974 530 ad
1028 471 1393 541 diligendum;
1433 478 1488 524 et
1523 466 1684 522 etiam
1723 464 1887 525 illud.
1939 463 2045 516 Ad-

475 571 720 634 hwrebit,
775 569 841 623 ad
907 566 1254 637 diligendum.
1323 562 1454 618 Nam
1517 561 1562 615 si
1627 574 1746 614 eam
1807 557 2050 612 effeceris

475 669 716 714 sanctam
757 668 810 714 et
850 657 1266 720 immaculatam,
1312 659 1606 722 sequuntur
1632 650 1832 704 omnia.
1876 647 2050 714 Quare

475 765 597 819 quae
641 759 766 803 sunt
797 749 908 811 Dei,
939 757 994 802 et
1033 755 1325 814 sequentur
1353 743 1581 798 humana
1611 756 1730 797 cum
1767 741 1930 794 multa
1970 738 2052 792 fa-

473 843 698 894 cilitate.
726 841 1001 908 Compone
1032 847 1086 893 et
1117 836 1398 891 moderare
1429 849 1671 899 uxorem,
1701 841 1772 895 et,
1794 833 1872 887 sic
1900 847 2049 887 com-

473 937 696 1004 ponitur
720 935 931 990 domus.
961 934 1097 989 Audi
1129 933 1348 988 Paulum
1378 932 1642 986 dicentem
1669 948 1682 984 :
1717 931 1778 985 Si
1805 928 1926 996 quid
1953 944 2050 980 au-

472 1037 570 1080 tem
599 1028 769 1080 volunt
793 1027 1002 1089 discere,
1027 1026 1163 1078 denti
1190 1025 1321 1078 viros
1350 1040 1469 1077 suos
1497 1024 1804 1091 interrogent
1831 1019 1904 1088 (i.
1927 1017 2046 1071 Cor.

470 1118 561 1172 Η.
606 1117 721 1187 35).
755 1118 808 1173 Si
853 1117 1042 1171 domos
1088 1125 1299 1170 nostras
1343 1115 1422 1169 sic
1461 1113 1915 1175 administremus,
1941 1110 2048 1178 apti

471 1211 630 1264 etiam
660 1211 861 1263 erimus
897 1210 960 1262 ad
989 1208 1281 1263 Ecclesiam
1312 1204 1792 1259 administrandam
1818 1219 1830 1254 :
1855 1203 2049 1255 domus

471 1301 614 1356 enim
667 1308 750 1354 est
795 1315 956 1368 parva
1005 1298 1265 1352 Ecclesia.
1316 1296 1426 1358 Sic,
1455 1310 1576 1350 eum
1629 1294 1726 1347 viri
1754 1300 1810 1346 et
1854 1306 2050 1346 uxores

471 1392 625 1463 probi
683 1390 898 1455 fuerint,
950 1399 1174 1461 possunt
1222 1403 1410 1442 omnes
1466 1386 1810 1441 antecellere.
1862 1382 2048 1452 Cogita

470 1484 855 1546 Abrahamum,
881 1483 1097 1538 Sarram
1126 1491 1179 1536 et
1210 1480 1372 1546 Isaac,
1391 1489 1444 1534 et
1475 1470 1743 1532 trecentos
1764 1476 1972 1539 decem,
1993 1483 2049 1528 et

469 1587 591 1630 octo
619 1590 832 1636 vernas,
875 1573 1147 1644 quomodo
1177 1581 1284 1628 tota
1329 1573 1519 1626 donms
1558 1570 1847 1624 constituta
1891 1567 2050 1620 fuerit

471 1673 530 1720 et
557 1666 874 1733 composita,
905 1664 1174 1734 quomodo
1206 1671 1312 1717 tota
1335 1661 1495 1716 fuerit
1523 1661 1674 1730 plena
1703 1660 1918 1729 pietate.
1952 1655 2046 1710 llla

468 1767 793 1827 praeceptum
823 1756 1064 1826 implevit
1099 1755 1475 1825 apostolicum,
1505 1764 1561 1809 et
1591 1753 1763 1808 virum
1795 1749 2043 1806 timebat:

471 1850 594 1904 audi
651 1850 792 1905 enim
842 1850 1009 1920 ipsam
1057 1849 1358 1914 dicentem,
1427 1845 1674 1900 Nondum
1720 1845 1845 1898 mihi
1887 1843 2045 1897 euenit

468 1942 748 1995 hactenus:
781 1942 1014 1996 dominus
1043 1952 1210 1994 autem
1262 1958 1400 1995 meus
1426 1950 1499 1993 est
1543 1941 1710 1993 senior
1755 1937 1904 2010 (Gen.
1953 1936 2040 1991 l8.

467 2034 558 2106 19.)
585 2052 598 2088 :
626 2045 680 2090 et
715 2035 800 2089 ille
829 2036 995 2105 ipsam
1025 2035 1104 2088 sic
1132 2033 1404 2102 diligebat,
1437 2041 1495 2085 ut
1535 2031 1740 2100 juheuti
1773 2031 1824 2083 in
1870 2028 2044 2084 omni-

463 2123 566 2180 bus
599 2135 833 2195 pareret.
862 2128 920 2179 Et
950 2140 1083 2195 puer
1109 2133 1228 2178 erat
1256 2124 1450 2177 virtute
1479 2122 1752 2190 prwditus,
1775 2128 1830 2174 et
1864 2133 2041 2173 verna:

463 2215 564 2283 ipsi
591 2232 801 2285 quoque
827 2223 982 2270 erant
1035 2213 1402 2280 admirabiles,
1445 2213 1534 2281 qui
1581 2227 1685 2267 non
1734 2210 2044 2266 dubitarunt

463 2305 624 2357 etiam
655 2305 946 2373 periculum
975 2303 1123 2359 adire
1151 2318 1270 2358 cum
1301 2303 1541 2366 domino,
1583 2316 1688 2356 non
1718 2300 2042 2357 distulerunt

469 2409 641 2463 neque
686 2409 900 2448 causam
948 2394 1337 2463 inquisieruut;
1390 2394 1482 2448 sed
1528 2407 1667 2447 unus
1716 2409 1781 2448 ex
1841 2393 1906 2446 iis
1951 2392 2040 2461 qui

464 2493 714 2552 praeerat,
738 2484 873 2538 adeo
899 2494 1015 2540 erat
1041 2484 1403 2550 admirandus,
1425 2495 1483 2539 ut
1507 2485 1624 2554 ejus
1650 2484 1768 2539 ﬁdei
1800 2484 1871 2538 sit
1895 2499 2044 2538 eom-

464 2574 689 2628 missum
721 2575 864 2629 unici
899 2574 989 2628 ﬁlii
1024 2575 1458 2640 matrimonium,
1491 2589 1696 2630 necnon
1726 2583 1874 2629 extra
1907 2573 2042 2628 ﬁnes

464 2665 700 2733 regionis
729 2666 1108 2736 peregrinatio.
1155 2667 1307 2722 Sicut
1349 2667 1492 2722 enim
1523 2669 1736 2736 quando
1777 2666 1878 2720 sub
1904 2664 2042 2720 duce

464 2755 590 2810 belli
621 2765 764 2810 recte
792 2757 1124 2825 compositus
1153 2758 1311 2813 fuerit
1332 2758 1623 2821 exercitus,
1659 2757 1853 2812 bellum
1895 2756 2038 2810 nulla

460 2860 527 2898 ex
558 2855 706 2914 parte
740 2848 972 2917 ingruit:
1009 2848 1079 2900 ita
1111 2848 1196 2902 hic
1215 2863 1457 2917 quoque,
1489 2847 1701 2918 quando
1742 2847 1962 2901 maritus
1985 2855 2040 2900 et

462 2951 597 2990 uxor
620 2945 673 2990 et
701 2934 792 2990 ﬁlii
820 2948 873 2991 et
903 2936 1083 2992 famuli
1125 2937 1310 2992 eadem
1347 2949 1555 3002 curant,
1585 2953 1774 3009 magna
1813 2945 1898 2992 est
1939 2937 2039 2992 do-

461 3042 580 3080 mus
605 3028 915 3083 concordia.
934 3028 1147 3098 Alioqui
1172 3030 1215 3082 si
1239 3045 1344 3084 nou
1375 3030 1442 3083 ita
1471 3031 1559 3092 sit,
1583 3046 1726 3098 stupe
1755 3045 1850 3099 per
1875 3044 2037 3083 unum

468 3133 694 3188 nequam
730 3133 943 3173 servum
974 3120 1280 3174 universum
1313 3120 1589 3184 evertitur,
1613 3131 1668 3175 et
1695 3121 2035 3187 dissolvitur;

465 3219 522 3260 et
566 3222 702 3260 unus
745 3223 888 3278 sche
918 3217 1086 3262 totum
1118 3207 1263 3263 delet
1303 3218 1362 3264 et
1405 3209 1598 3279 perdit.
1629 3208 1870 3280 Magnam
1909 3223 2036 3280 ergo

461 3315 644 3353 curam
670 3315 916 3369 geramus
934 3312 988 3355 et
1015 3316 1238 3356 uxorum
1263 3310 1317 3355 et
1343 3301 1631 3355 liberorum
1655 3310 1710 3356 et
1735 3316 2033 3368 servorum,

461 3392 694 3446 scientes
729 3392 870 3462 quod
904 3393 1256 3462 principatum
1303 3393 1455 3447 uohis
1485 3394 1613 3462 ipsis
1643 3393 1927 3448 reddemus
1953 3393 2036 3447 fa-

461 3483 658 3537 cilem:
691 3483 1036 3551 clemensque
1083 3493 1138 3538 et
1185 3485 1412 3552 benigna
1459 3484 1563 3538 erit
1611 3484 1765 3538 nobis
1809 3485 2031 3538 rationis

463 3573 712 3639 redditio,
745 3581 800 3628 et
841 3575 1122 3630 dicemus:
1161 3574 1290 3628 Ecce
1333 3591 1426 3645 ego
1462 3585 1508 3629 et
1552 3577 1714 3644 pueri,
1755 3592 1880 3645 quos
1910 3576 2035 3630 mihi

459 3663 744 3718 deditDeus
761 3665 911 3736 (lsai.
928 3665 1113 3737 8.18).
1130 3665 1184 3722 Si
1207 3669 1274 3721 sit
1291 3667 1372 3720 vir
1387 3667 1752 3733 admirandus,
1769 3676 1826 3723 et
1839 3669 2035 3723 bonum

460 3769 637 3819 caput.
671 3759 932 3826 reliquum
965 3774 1178 3828 quoque
1203 3774 1400 3829 corpus
1427 3759 1621 3812 nullam
1652 3760 1756 3813 vim
1780 3763 2029 3830 patietur.

533 3845 799 3912 Quomodo
825 3864 879 3901 se
902 3864 1071 3916 gerere
1096 3849 1270 3901 debeat
1300 3850 1375 3902 uir
1400 3865 1520 3918 erga
1545 3866 1773 3904 uxorem.
1795 3880 1867 3890 —
1892 3853 2035 3919 Quo-

462 3935 622 3989 modo
644 3936 859 4004 quidem
888 3947 1032 3992 recte
1057 3954 1116 3993 se
1147 3939 1378 3994 habeant
1405 3955 1493 3994 res
1524 3941 1705 3994 uxoris
1724 3949 1778 3993 et
1798 3956 1885 3995 res
1911 3944 2033 4006 viri,

461 4038 647 4081 exacte
687 4039 738 4083 et
786 4042 1032 4085 accurate
1061 4031 1212 4098 dixit,
1245 4041 1302 4086 ut
1342 4032 1429 4101 qui
1462 4033 1536 4086 illi
1567 4032 1782 4102 quidem
1809 4035 2038 4087 suaserit

463 4127 521 4171 ut
571 4119 756 4175 timeat
801 4131 1068 4191 tamquam
1115 4134 1307 4192 caput;
1361 4123 1484 4177 huic
1527 4132 1704 4178 autem
1752 4132 1812 4178 ut
1853 4123 2039 4192 diligat

463 4221 728 4281 tamquam
758 4229 976 4268 uxorem
1001 4230 1014 4266 :
1042 4213 1158 4279 sed,
1189 4215 1486 4282 Quomodo.
1511 4215 1700 4285 inquit,
1733 4214 1847 4269 haec
1875 4214 2036 4269 ﬁent?

462 4302 594 4358 Nam
623 4305 763 4374 quod
795 4313 1044 4374 oporteat
1068 4305 1282 4376 quidem
1301 4347 1316 4372 ,
1345 4306 1611 4370 ostendit;
1643 4305 1910 4375 quomodo
1939 4321 2037 4359 au-

464 4406 592 4460 tem,
626 4412 726 4466 ego
750 4397 903 4450 Vobis
936 4397 1109 4450 dicam
1145 4415 1156 4449 :
1210 4397 1253 4452 si
1305 4398 1557 4466 pecunias
1583 4398 1962 4466 despiciamus,
1991 4397 2036 4451 si

461 4504 624 4542 unum
649 4498 1056 4558 exspectemus,
1091 4505 1281 4556 nempe
1312 4491 1561 4544 virtutem
1606 4491 1820 4554 animae,
1853 4491 1898 4545 si
1944 4490 2036 4545 Dei

464 4587 664 4630 metum
707 4577 999 4633 habeamus
1039 4586 1164 4633 aute
1207 4578 1413 4633 oculos.
1447 4579 1600 4646 Quod
1628 4579 1770 4635 enim
1800 4579 2030 4643 dicebat,

460 4683 581 4721 eum
609 4667 899 4724 dissereret
926 4671 993 4725 de
1038 4669 1210 4724 servis
1237 4688 1250 4724 :
1286 4669 1643 4736 Quodcumque
1671 4671 1840 4739 fecerit
1876 4688 2034 4726 unus-

457 4761 667 4830 quisque
690 4761 873 4813 bonum
896 4771 984 4814 aut
1005 4764 1216 4827 malum,
1241 4761 1337 4814 hoc
1362 4762 1566 4830 recipiet
1595 4778 1626 4814 a
1651 4759 1910 4827 Domino;
1938 4763 2038 4819 hoc

463 4851 550 4906 hic
592 4866 824 4921 quoque.
856 4849 974 4905 Non
1005 4866 1134 4920 ergo
1177 4861 1394 4921 propter
1427 4852 1571 4906 illam
1615 4860 1840 4921 tantum,
1865 4871 2035 4924 quan-

460 4953 575 4998 tum
622 4951 842 5013 propter
887 4940 1159 4996 Christum
1205 4951 1418 5012 oportet
1464 4959 1583 4998 eam
1632 4943 1875 5013 diligere.
1926 4945 2037 5000 Hoc

459 5049 588 5104 ergo
611 5048 825 5104 quoque
851 5031 1459 5100 subindtcavit,dicens:
1483 5033 1766 5103 Tamquam
1795 5034 2032 5093 Domino.

457 5123 749 5194 Tamquam
783 5123 1007 5178 Domino
1032 5138 1160 5193 ergo
1187 5123 1508 5193 obsequens,
1535 5135 1589 5180 et
1618 5136 1833 5196 propter
1863 5129 2033 5200 ipsum

459 5215 640 5269 omnia
676 5215 899 5279 faciens,
923 5215 1001 5270 sic
1031 5229 1156 5284 gere
1185 5215 1362 5268 omnia
1389 5233 1404 5268 :
1435 5215 1536 5270 hoc
1560 5217 1756 5272 sufficit
1785 5218 1851 5273 ad
1881 5220 2036 5274 indu-

459 5305 688 5359 cendutn
731 5315 785 5361 et
821 5304 1255 5376 persuadendum
1278 5345 1294 5370 ,
1324 5314 1379 5360 et
1409 5321 1512 5359 non
1560 5308 1838 5362 siueudum
1884 5321 1941 5364 ut
1969 5311 2038 5366 sit

461 5395 567 5450 ulla
597 5397 660 5449 lis
681 5406 734 5452 et
755 5397 1038 5452 dissensio.
1061 5395 1247 5451 Nullus
1271 5395 1442 5451 ﬁdelis
1467 5398 1712 5451 maritum
1744 5400 1880 5468 apud
1907 5417 2037 5454 uxo-

462 5504 573 5542 rem
606 5488 994 5543 calumnietur:
1025 5488 1120 5544 sed
1146 5503 1320 5559 neque
1345 5489 1424 5542 vir
1450 5487 1639 5542 leviter
1660 5498 1714 5542 et
1738 5489 2036 5546 inconside-

462 5591 577 5634 rate
599 5579 782 5634 credat
807 5579 1064 5634 adversus
1091 5596 1344 5646 uxorem;
1392 5595 1562 5649 neque
1593 5596 1725 5634 uxor
1755 5582 1944 5636 leviter
1981 5592 2036 5637 et

460 5671 671 5722 curiose
695 5677 960 5723 scrutetur
989 5671 1260 5740 ingressus
1285 5680 1340 5726 et
1367 5673 1540 5727 exitus
1564 5688 1578 5736 ;
1612 5673 1704 5727 sed
1747 5689 1844 5728 nec
1871 5675 2033 5728 mari-

461 5769 547 5815 tus
580 5761 808 5830 seipsuut
854 5763 1084 5830 pra-heat
1114 5763 1328 5834 dignum
1375 5766 1695 5834 suspicione.
1723 5765 1825 5820 Cur
1856 5768 2018 5834 cuitu,

1213 359 1269 416 S.
1303 355 1581 415 JOANNIS
1615 349 2082 410 CHRYSOSTOMI
2120 349 2429 408 ARCIIIEP.
2470 353 3000 414 CONSTANTINOP.

3638 367 3734 422 HI

2163 461 2249 517 dic
2283 465 2436 526 mihi.
2471 474 2583 522 toto
2609 467 2696 524 die
2742 480 2793 524 te
2821 470 2918 525 das
2963 471 3172 538 amicis,
3217 475 3367 530 uxori
3416 488 3592 536 autem
3641 501 3733 540 ve-

2157 567 2314 622 spere
2338 573 2352 620 ;
2380 566 2433 611 et
2459 573 2558 612 nec
2581 559 2660 613 sic
2689 560 2787 629 ipsi
2814 571 2965 630 potes
2992 564 3300 622 satisfacere
3317 609 3332 633 ,
3362 586 3462 624 nec
3486 588 3734 632 amovere

2156 645 2554 713 suspicionem?
2597 651 2662 704 Et
2689 653 2735 706 si
2765 661 2818 706 te
2846 664 3066 710 accuset
3093 672 3244 723 uxor,
3277 675 3344 716 ne
3373 676 3515 732 aegre
3559 664 3730 724 feras:

2157 746 2238 790 est
2280 738 2331 791 id
2369 741 2639 807 amicitiae,
2685 759 2792 800 non
2837 751 3201 818 arrogantiae:
3247 753 3491 813 ardentis
3533 765 3732 820 amoris

2157 838 2282 882 sunt
2308 829 2411 884 illa:
2435 835 2802 890 accusationes
2823 848 2875 892 et
2897 837 3151 895 ferventis
3174 842 3395 902 aﬂ'cctus
3415 864 3479 903 ac
3504 851 3736 910 timoris.

2156 916 2332 974 Timet
2362 922 2505 976 enim
2536 939 2605 979 ne
2631 927 2749 993 quis
2777 928 3069 985 suti‘ttretur
3095 933 3270 990 cubile
3309 951 3484 1006 suum,
3517 957 3586 996 ne
3613 947 3735 1014 quis

2157 1008 2210 1063 in
2241 1010 2504 1068 honorum
2535 1029 2743 1072 summa
2770 1021 2817 1073 ei
2842 1020 3221 1081 detrimentum
3249 1029 3454 1098 aﬂ‘erat,
3480 1050 3548 1090 ne
3572 1047 3736 1106 caput

2155 1103 2380 1169 auferat,
2410 1121 2477 1160 ne
2504 1107 2702 1162 lectum
2737 1111 3022 1179 perfodiat.
3051 1116 3144 1171 Est
3167 1119 3310 1174 aliud
3333 1137 3544 1194 quoque
3568 1103 3736 1199 argu—

2153 1203 2390 1248 mentum
2417 1195 2767 1256 dissensionis
2799 1219 2812 1256 :
2859 1221 3019 1261 nemo
3045 1221 3237 1277 pra-ter
3262 1216 3476 1272 modum
3504 1195 3737 1279 famulos

2153 1292 2324 1352 curet,
2353 1301 2454 1340 nec
2495 1291 2724 1357 puellam
2775 1289 3226 1369 maritusfneque
3255 1320 3391 1360 uxor
3433 1309 3731 1368 famulum:

2153 1373 2269 1429 haec
2297 1377 2441 1431 enim
2487 1382 2618 1435 satis
2644 1393 2767 1438 sunt
2795 1385 2862 1440 ad
2905 1390 3192 1456 pariendas
3219 1397 3575 1466 suspiciones.
3605 1403 3735 1459 Mihi

2151 1467 2294 1519 enim
2344 1471 2516 1538 cogita
2558 1472 2735 1540 justos
2777 1476 3073 1548 illoszipsa
3099 1482 3256 1538 Sarra
3298 1486 3460 1555 jussit
3501 1495 3734 1561 patriar-

2151 1555 2304 1610 cham
2335 1559 2580 1628 accipere
2607 1565 2787 1634 Agar;
2839 1567 2950 1637 ipsa
2996 1570 3300 1640 imperavit,
3346 1555 3734 1652 nemo-coegit,

2152 1661 2253 1700 nec
2282 1663 2399 1703 eam
2433 1651 2625 1708 invasit
2655 1657 2914 1725 maritus;
2943 1661 3038 1716 sed
3064 1666 3307 1733 quamvis
3347 1669 3562 1741 longum
3595 1651 3737 1730 teni-

2151 1753 2248 1808 pus
2279 1744 2627 1808 protraxisset
2651 1748 2768 1802 sine
2808 1751 3013 1820 liberis,
3041 1755 3202 1826 elegit
3233 1761 3409 1828 potius
3440 1779 3734 1836 numquam

2148 1844 2268 1884 esse
2300 1843 2469 1900 pater,
2509 1850 2668 1904 quam
2711 1855 2831 1894 esse
2876 1843 3135 1900 molestus
3180 1851 3352 1906 uxori.
3395 1852 3497 1909 Sed
3549 1867 3733 1913 tamen

2151 1933 2268 1991 post
2297 1925 2410 1981 haec
2435 1930 2608 1982 omnia
2639 1932 2765 1998 quid
2804 1933 2932 1989 dicit
2958 1935 3158 1992 Sarra?
3184 1941 3388 1998 Judicet
3431 1926 3571 2002 Deus
3599 1951 3735 2005 inter

2148 2030 2225 2066 me
2251 2025 2298 2068 et
2348 2027 2395 2069 te
2447 2017 2720 2089 (Gen.16.
2766 2023 2845 2096 5).
2879 2027 3092 2091 Annon,
3138 2031 3183 2084 si
3236 2033 3419 2089 fuisset
3464 2039 3735 2110 quispiam

2149 2108 2305 2173 alius,
2336 2120 2513 2165 motus
2544 2123 2692 2168 esset
2730 2115 2796 2169 ad
2847 2117 3022 2171 iram?
3069 2137 3176 2175 non
3221 2127 3379 2180 etiam
3410 2108 3598 2185 manus
3627 2149 3732 2188 ex-

2150 2202 2428 2265 ιειιιιίεςθι.
2460 2208 2845 2274 propemodum
2877 2210 3082 2280 dicens,
3111 2215 3245 2282 Quid
3270 2218 3444 2274 dicis?
3479 2224 3736 2280 uolebam

2147 2309 2246 2363 ego
2271 2299 2717 2354 consuetudinem
2741 2300 2942 2358 habere
2970 2319 3090 2360 cum
3117 2308 3344 2366 muliere
3373 2330 3386 2365 :
3417 2321 3585 2370 totum
3611 2332 3639 2370 a
3672 2327 3734 2372 te

2148 2385 2444 2454 profectum
2472 2399 2589 2456 est;
2613 2400 2667 2445 et
2694 2408 2882 2449 rursus
2903 2399 3166 2453 accusas?
3190 2397 3294 2455 Sed
3322 2402 3411 2458 ille
3437 2405 3569 2462 nihil
3591 2407 3732 2464 dixit

2144 2476 2406 2545 ejusmodi
2431 2495 2446 2543 ;
2493 2481 2586 2535 sed
2616 2482 2783 2552 quid?
2811 2483 2944 2540 Ecce
2970 2489 3158 2544 ancilla
3183 2492 3236 2545 in
3260 2494 3487 2549 manibus
3514 2499 3635 2565 tuis,
3662 2516 3730 2553 ea

2143 2577 2282 2622 utere
2319 2579 2372 2623 ut
2419 2571 2508 2624 tibi
2555 2573 2801 2642 placuerit
2852 2576 3016 2646 (Ibid.
3049 2596 3096 2634 υ.
3144 2582 3221 2651 6).
3257 2583 3410 2640 Dedit
3457 2587 3577 2642 lecti
3627 2605 3731 2645 so-

2143 2659 2303 2724 ciam,
2335 2675 2402 2715 ne
2431 2661 2644 2717 Sarram
2676 2665 2915 2722 molestia
2965 2669 3224 2727 afﬁceret.
3253 2676 3412 2745 Atqui
3464 2679 3594 2734 nihil
3638 2692 3730 2737 est

2145 2748 2248 2805 hoc
2278 2751 2450 2820 majus
2475 2753 2541 2807 ad
2570 2755 2828 2812 rationem
2857 2759 3270 2819 benevolentiae.
3296 2765 3428 2822 Nam
3454 2769 3497 2824 si
3521 2785 3730 2827 mensa:

2144 2840 2308 2898 fuisse
2336 2846 2534 2911 socios,
2563 2847 2729 2903 efficit
2757 2859 2814 2903 ut
2839 2852 3000 2907 etiam
3034 2853 3269 2912 latrones
3307 2859 3412 2915 sint
3442 2863 3732 2921 unanimes

2142 2949 2265 2989 cum
2296 2936 2621 2995 adversariis
2653 2943 2673 3007 (
2691 2953 2745 2996 et
2769 2943 2900 2998 dicit
2929 2947 3366 3020 psalmographus
3396 2973 3414 3008 :
3445 2955 3550 3022 Qui
3569 2958 3729 3012 simul

2143 3026 2315 3079 dulces
2344 3045 2537 3081 mecum
2564 3032 2796 3100 capiebat
2825 3035 2960 3088 cibos
2991 3034 3174 3108 [PsaL
3208 3041 3297 3096 54.
3334 3043 3432 3115 15]
3459 3045 3512 3111 )ξ
3559 3063 3733 3105 unam.

2135 3117 2246 3188 jam
2279 3121 2472 3174 factam
2501 3137 2620 3178 esse
2645 3139 2862 3180 carnem
2912 3128 3050 3195 (hoc
3088 3132 3232 3188 enim
3258 3144 3339 3188 est
3379 3137 3571 3191 cubilis
3599 3155 3728 3195 esse

2142 3210 2399 3282 sociam),
2447 3214 2616 3270 multo
2663 3218 2832 3288 magis
2884 3219 3082 3279 sufﬁcit
3132 3224 3195 3279 ad
3224 3225 3619 3286 attrahendum.
3649 3233 3730 3287 At

2141 3301 2272 3354 nihil
2317 3303 2579 3371 ejusmodi
2627 3306 2828 3376 justum
2881 3314 3055 3380 potuit
3097 3331 3418 3386 expugnare,
3463 3323 3555 3376 sed
3600 3338 3725 3378 eam

2141 3391 2360 3446 tradidit
2406 3397 2592 3459 uxori,
2643 3401 2938 3458 ostendens
2987 3404 3120 3460 nihil
3171 3407 3365 3463 factum
3415 3413 3575 3468 fuisse
3622 3429 3726 3471 sua

2140 3481 2337 3552 culpa:
2371 3493 2425 3540 et
2473 3487 2614 3556 quod
2665 3500 2751 3544 est
2803 3493 2995 3562 majus,
3024 3509 3143 3550 eam
3195 3500 3372 3553 emisit
3420 3501 3718 3570 gravidam.

2141 3572 2272 3638 Quis
2299 3591 2404 3629 non
2427 3587 2572 3632 esset
2598 3581 2851 3636 misertus
2874 3584 3012 3653 ejus,
3033 3603 3151 3655 quae
3168 3604 3234 3641 ex
3262 3590 3378 3660 ipso
3398 3603 3730 3661 conceperat

2141 3665 2352 3720 ﬁlium?
2392 3668 2496 3723 Sed
2523 3684 2629 3724 non
2659 3673 2831 3728 ﬂexus
2857 3685 2940 3730 est
2969 3677 3059 3732 ille
3079 3678 3256 3748 juStus
3285 3699 3299 3735 :
3330 3697 3451 3736 nam
3479 3683 3724 3738 dilectio-

2141 3770 2266 3811 nem
2297 3757 2348 3810 in
2381 3773 2606 3815 uxorem
2649 3763 2969 3831 przefercbat
2995 3768 3265 3823 omnibus.

2214 3846 2264 3899 7.
2308 3847 2532 3904 Consilia
2555 3852 2624 3904 ad
2653 3855 2954 3925 conjugatos
2979 3875 3244 3928 pauperes.
3273 3859 3465 3916 Domus
3491 3873 3539 3917 et
3567 3868 3730 3936 fami-—

2142 3935 2211 3988 lia
2231 3941 2479 4005 quomodo
2503 3944 2842 3997 oruaudte.—
2862 3946 3010 4002 Hunc
3037 3964 3136 4003 nos
3163 3967 3376 4023 quoque
3403 3935 3674 4012 imitemur
3698 3977 3716 4012 :

2141 4045 2300 4084 nemo
2345 4035 2590 4100 proximo
2617 4036 2907 4105 exprobret
2958 4052 3350 4111 paupertatem,
3380 4063 3536 4103 nemo
3574 4061 3729 4106 amet.

2143 4123 2432 4189 pecunias;
2479 4135 2534 4178 et
2579 4127 2752 4180 soluta
2784 4138 2910 4184 sunt
2958 4134 3161 4190 omnia.
3208 4135 3390 4206 Neque
3415 4138 3556 4194 dicat
3582 4157 3726 4196 uxor

2143 4212 2352 4278 marito,
2392 4212 2583 4283 Ignave
2620 4227 2677 4273 et
2721 4219 2926 4286 timide,
2959 4231 3176 4294 torpore
3221 4228 3376 4296 plene
3400 4241 3456 4284 et
3491 4230 3722 4287 hebetu—

2139 4302 2295 4372 dine,
2349 4306 2497 4377 piger
2547 4317 2601 4363 et
2651 4313 3028 4372 somnolente:
3075 4317 3164 4372 ille
3219 4319 3433 4374 humilis
3471 4332 3527 4377 et
3567 4323 3724 4394 abje-

2142 4405 2262 4452 ctus
2287 4409 2342 4454 et
2385 4400 2570 4456 humili
2605 4403 2725 4458 loco
2763 4416 2940 4472 natus,
2987 4409 3147 4464 aditis
3177 4411 3430 4480 periculis
3459 4425 3513 4470 et
3538 4430 3728 4473 susce-

2143 4489 2249 4558 ptis
2273 4493 2815 4562 peregrinationibus,
2846 4513 3067 4568 magnas
3097 4503 3302 4569 paravit
3338 4502 3637 4569 facultates.
3665 4519 3724 4563 et

2142 4595 2278 4635 uxor
2321 4583 2438 4650 ejus
2466 4595 2643 4653 gestat
2671 4601 2882 4655 aurum,
2911 4599 2966 4644 et
3005 4592 3056 4644 in
3086 4607 3249 4648 curru
3278 4597 3541 4651 mulorum
3565 4599 3723 4656 albo-

2142 4687 2258 4725 rum
2311 4676 2666 4743 progreditur,
2716 4679 2768 4732 in
2815 4695 3028 4735 omnem
3077 4695 3282 4752 partem
3323 4688 3720 4756 circumfertur,

2143 4763 2303 4818 habet
2327 4781 2518 4837 greges
2558 4767 2879 4825 famulorum
2907 4781 2962 4827 et
2985 4776 3193 4844 agmina
3221 4778 3587 4834 cunuchorum
3617 4798 3630 4834 :
3665 4791 3720 4836 tu

2141 4864 2318 4911 autem
2357 4859 2571 4924 metuis,
2604 4859 2909 4933 frustraque
2933 4864 3072 4920 vivis
3101 4876 3155 4921 et
3183 4866 3461 4926 inutiliter.
3493 4869 3574 4926 Ne
3603 4871 3721 4929 haec

2143 4946 2228 5000 vel
2249 4947 2445 5002 similia
2473 4950 2618 5005 dicat
2657 4967 2824 5019 uxor;
2868 4965 2950 5009 est
2975 4957 3120 5010 enim
3149 4973 3366 5030 corpus,
3397 4977 3501 5017 non
3535 4972 3592 5018 ut
3621 4964 3723 5018 im-

2144 5047 2294 5106 peret
2313 5040 2492 5108 capiti,
2517 5041 2610 5094 sed
2638 5051 2693 5096 ut
2715 5052 2899 5112 pareat
2919 5055 2976 5101 et
3000 5047 3232 5103 obediat.
3262 5049 3542 5117 Quomodo
3566 5071 3721 5127 ergo,

2144 5129 2334 5199 inquit,
2367 5130 2502 5185 feret
2533 5137 2942 5202 paupertatem?
2990 5140 3131 5195 unde
3176 5142 3409 5197 inveniet
3436 5147 3726 5202 solatium?

2144 5221 2320 5291 Eligat
2347 5240 2466 5294 quae
2495 5233 2621 5280 sunt
2661 5241 2719 5280 se
2747 5229 3113 5297 pauperiores,
3140 5242 3350 5302 reputet
3379 5247 3509 5304 quot
3536 5254 3726 5294 rursus

2143 5315 2336 5384 puellae
2367 5317 2572 5372 uohiles
2600 5329 2656 5373 et
2683 5321 2848 5375 nobili
2879 5323 2996 5376 loco
3029 5333 3166 5378 nata:
3203 5340 3308 5380 nou
3337 5328 3511 5381 solum
3544 5344 3572 5381 a
3604 5346 3720 5384 ma-

2144 5406 2260 5460 ritis
2283 5405 2417 5460 nihil
2446 5419 2788 5477 acceperunt,
2819 5411 2910 5466 sed
2937 5414 3098 5467 etiam
3125 5415 3203 5468 eis
3227 5415 3512 5483 dederunt,
3542 5429 3594 5473 et
3625 5435 3722 5474 sua

2145 5495 2324 5549 omnia
2363 5509 2845 5567 consumpserunt;
2901 5504 3098 5572 cogitet
3135 5521 3256 5575 quae
3299 5522 3363 5561 ex
3399 5509 3479 5561 bis
3519 5508 3726 5565 divitiis

2147 5595 2438 5642 nascuntur
2466 5590 2725 5658 pericula,
2758 5601 2812 5646 et
2839 5594 3202 5662 amplectetur
3225 5598 3383 5651 vitam
3416 5614 3533 5668 qnze
3563 5601 3728 5656 nullis

2142 5679 2375 5747 agitatur
2425 5681 2673 5751 negotiis.
2700 5682 2763 5757 (In
2797 5700 3026 5752 summa,
3079 5687 3122 5742 si
3150 5687 3220 5742 sit
3267 5689 3319 5742 in
3351 5691 3597 5746 maritum
3627 5692 3722 5746 hc-

2152 5772 2334 5825 rtcvolu
2363 5779 2414 5826 ct
2444 5771 2576 5827 bene
2597 5774 2804 5842 affecta,
2823 5778 2951 5833 nihil
2978 5781 3118 5835 ilicet
3150 5781 3412 5850 ejusmodi
3440 5826 3454 5851 ,
3481 5787 3573 5840 sed
3608 5803 3720 5838 tua-
