4046 6210
412 357 521 416 με

408 472 524 543 γάρ
548 469 717 540 αὐτὴν
749 470 1169 545 κατασκευάσῃς
1204 469 1363 539 ἀγίαν
1395 471 1486 525 καὶ
1518 472 1781 542 ἄμωμον,
1807 472 1988 525 πάντα

408 555 625 608 ιπεται.
658 556 823 625 Ζήτει
860 553 933 608 τά
957 555 1053 608 τοῦ
1073 553 1231 620 Θεοῦ,
1271 556 1368 608 καὶ
1405 554 1476 608 τά
1511 555 1830 627 ἀνθρώπινα
1858 557 1991 609 ἀκο-

406 638 663 708 λουθήσει
702 638 842 707 μετά
874 637 1074 706 πολλῆς
1117 637 1219 706 τῆς
1268 637 1538 700 εὐκολίας.
1584 636 1843 707 Ῥύθμιζε
1887 636 1991 703 τὴν

409 723 667 789 γυναῖκα,
694 721 792 774 καὶ
819 719 964 774 οὕτω
986 720 1369 789 συγκροτεῖται
1398 723 1431 789 ή
1455 720 1622 775 οἰκία.
1654 721 1851 773 Ἄκουε
1890 720 1990 773 τοῦ

412 807 630 863 Παύλου
669 806 937 875 λέγοντος·
968 805 1039 860 Εἰ
1057 806 1125 860 δέ
1145 824 1197 861 τι
1225 807 1433 874 μαθεῖν
1466 803 1767 870 θέλουσιν,
1803 808 1873 859 ἐν
1900 805 1990 859 οῖ·-

413 908 503 957 κφ
533 889 673 955 τοὺς
695 887 887 954 ίδίους
913 888 1137 956 ἄνδρας
1172 887 1658 957 ἐπερωτάτωσαν.
1715 889 1812 941 “Av
1846 885 1991 939 οὓτω

412 977 517 1039 τὰς
546 974 724 1037 οἰκίας
749 974 1040 1044 διοικῶμεν
1070 975 1169 1038 τὰς
1202 974 1433 1037 ἑαυτῶν,
1454 976 1548 1031 καὶ
1584 974 1719 1045 πρὸς
1760 972 1992 1042 Ἐκκλη-

416 1057 542 1119 σίας
563 1056 885 1109 ἐπιστασίαν
924 1055 1159 1126 ἐσόμεθα
1187 1056 1503 1126 ἐπιτήδειοι·
1541 1058 1633 1109 καί
1660 1058 1694 1127 ή
1720 1057 1864 1109 οἰκία
1879 1054 1989 1125 γάρ

424 1138 726 1210 Ἐκκλησία
747 1139 864 1191 ἐστὶ
902 1137 1093 1206 μικρά.
1121 1136 1307 1201 Οὕτως
1340 1137 1418 1189 ἔνι
1448 1138 1649 1208 ἄνδρας
1678 1138 1768 1190 καὶ
1802 1138 1991 1206 γυναῖ-

413 1237 523 1281 κας
580 1220 904 1291 γενομένους
968 1220 1226 1288 ἀγαθοὺς,
1290 1220 1502 1284 πάντας
1561 1220 1988 1290 ὑπερϐαλέσθαι.

427 1302 713 1372 Ἐννόησον
741 1301 835 1354 τὸν
886 1300 1158 1371 Ἀϐραάμ,
1204 1301 1306 1372 τήν
1351 1302 1593 1373 Σάρραν,
1649 1301 1740 1354 τὸν
1779 1302 1987 1367 Ἰσαὰκ,

413 1387 544 1448 τοὺς
574 1383 924 1455 τριακοσίους
981 1382 1113 1436 δέκα
1169 1383 1267 1438 καὶ
1316 1382 1463 1436 ὀκτὼ
1515 1385 1833 1451 οἰκογενεῖς*
1875 1381 1990 1446 πῶς

415 1470 571 1522 πᾶσα
590 1470 625 1538 η
652 1466 801 1520 οἰκία
828 1466 1255 1536 συγκεκρότητο,
1292 1467 1411 1530 πῶς
1463 1466 1651 1520 ἅπασα
1704 1466 1991 1529 εὐλαϐείας

415 1552 636 1620 ιγεμεν.
671 1548 886 1618 Ἐκείνη
923 1548 1017 1602 καὶ
1047 1549 1108 1601 τὸ
1139 1548 1493 1602 ἀποστολικδν
1509 1549 1749 1620 ἐπλήρου
1777 1548 1993 1619 παράγ-

413 1634 615 1703 γελμα,
644 1633 740 1686 καὶ
764 1631 855 1686 τὸν
878 1631 1045 1704 ἄνδρα
1070 1632 1317 1702 ἐφοϐεῖτο
1338 1647 1351 1660 ·
1392 1633 1557 1687 ἄκουε
1581 1633 1689 1703 γάρ
1715 1632 1886 1700 αὐτῆς
1907 1631 1991 1684 λε-

414 1716 645 1786 γούσης·
682 1715 860 1770 οὔπω
873 1715 991 1783 μέν
1004 1731 1106 1783 μοι
1130 1713 1380 1784 γέγονεν
1398 1714 1509 1780 ἕως
1531 1714 1637 1768 τοῦ
1670 1713 1807 1779 νῦν,
1850 1715 1884 1767 ό
1924 1712 1994 1766 δὲ

415 1799 622 1864 κύριός
652 1813 773 1866 μου
832 1797 1253 1865 πρεσϐύτερος·
1302 1796 1551 1861 κάκεῖνος
1596 1797 1767 1867 αὐτὴν
1819 1795 1992 1860 οὕτως

412 1881 633 1949 ἠγάπα,
664 1880 741 1942 ὡς
768 1880 946 1932 πάντα
979 1878 1272 1949 κελευούσῃ
1303 1877 1608 1932 πείθεσθαι.
1631 1880 1743 1932 Καὶ
1775 1879 1837 1932 τὸ
1861 1895 1988 1932 παι-

418 1962 534 2015 δίον
558 1963 813 2032 ἐνάρετον
837 1958 926 2032 ἦν,
953 1963 1048 2015 καὶ
1072 1963 1119 2015 οἰ
1142 1963 1439 2030 οἰκογενεῖς
1464 1963 1559 2015 καὶ
1596 1963 1753 2015 αὐτοὶ
1774 1961 1991 2033 θαυμα-

415 2045 559 2110 στοὶ,
600 2045 653 2097 οῖ
679 2061 744 2113 γε
780 2046 878 2099 καὶ
934 2045 1272 2099 κινδυνεῦσαι
1314 2047 1452 2114 μετά
1479 2046 1573 2100 τοῦ
1607 2046 1863 2100 δεσπότου
1893 2046 1993 2099 οὐκ

419 2129 697 2199 ὤκνησαν,
734 2130 836 2181 οὐκ
870 2128 1212 2193 ἀνεϐάλοντο,
1243 2128 1364 2181 οὐδὲ
1378 2129 1476 2201 τήν
1497 2129 1676 2183 αἰτίαν
1702 2129 1990 2200 ἐζήτησαν·

413 2209 532 2262 ἀλλ’
558 2204 640 2273 εἷς
663 2209 885 2264 αὐτῶνό
915 2210 1268 2282 προεστηκὼς
1294 2209 1434 2265 οὕτω
1464 2210 1775 2280 θαυμαστὸς
1800 2207 1891 2282 ἦν,
1920 2211 1995 2275 ὡς

417 2294 515 2346 καὶ
557 2293 734 2361 γάμον
780 2292 1209 2363 ἐμπιπευθῆναι
1247 2292 1341 2347 τοῦ
1410 2294 1728 2363 μονογενοῦς
1784 2293 1993 2360 παιδὸς,

418 2375 516 2427 καὶ
539 2374 846 2444 ἀποδημίαν
866 2374 1175 2446 ὑπερόριον.
1214 2374 1480 2445 Καθάπερ
1511 2376 1617 2445 γὰρ
1650 2377 1744 2429 ἐπὶ
1798 2392 1996 2447 στρατ-

425 2457 589 2527 ηγοῦ,
619 2458 747 2512 ὅταν
772 2459 866 2512 καὶ
888 2459 947 2511 τὸ
974 2458 1363 2529 στρατιωτικὸν
1409 2455 1444 2529 ᾗ
1468 2459 1993 2530 συγκεκροτημένον,

417 2541 716 2611 οὐδαμόθεν
736 2543 764 2594 6
789 2542 1051 2611 πολέμιος
1080 2540 1480 2611 ἐπεισέρχεται·
1509 2542 1653 2596 οὕτω
1675 2541 1742 2612 δὴ
1772 2544 1867 2594 καὶ
1913 2543 1999 2594 ἐν-

418 2622 615 2683 ταῦθα,
644 2625 772 2677 ὅταν
801 2624 941 2695 ἀνὴρ
964 2624 1059 2676 καὶ
1090 2624 1227 2695 γυνὴ
1269 2625 1364 2678 καί
1424 2624 1610 2677 παιδία
1656 2625 1752 2678 καὶ
1787 2623 1997 2677 οἰκέται

416 2698 521 2757 ὦσι
548 2704 658 2758 τῶν
709 2704 888 2758 αὐτῶν
920 2706 1358 2777 ἐπιμελούμενοι,
1410 2706 1576 2777 πολλὴ
1605 2707 1703 2775 τῆς
1743 2706 1920 2770 οἰκίας
1962 2706 1996 2770 ἠ

416 2787 663 2856 ὁμόνοια·
700 2787 842 2850 ἐπεὶ,
892 2788 988 2841 ἐὰν
1039 2789 1112 2858 μὴ
1150 2787 1321 2851 οὕτως
1352 2784 1410 2864 ᾖ,
1452 2788 1709 2852 πολλάκις
1760 2788 1828 2842 δι’
1880 2788 1998 2852 ἐνὸς

418 2868 635 2922 οἰκέτου
664 2869 868 2937 φαύλου
892 2870 955 2922 τὸ
977 2872 1084 2923 πᾶν
1107 2869 1472 2941 ἀνατρέπεται
1500 2872 1595 2924 καὶ
1646 2870 1993 2934 καταλύεται,

423 2953 517 3005 καὶ
545 2954 576 3005 6
623 2947 704 3016 είς
730 2952 992 3016 πολλάκις
1040 2953 1101 3006 τὸ
1152 2956 1260 3007 πᾶν
1306 2954 1538 3022 ἠφάνισε
1578 2955 1670 3008 καὶ
1700 2953 1992 3024 διέφθειρε.

424 3035 632 3107 Πολλὴν
684 3032 781 3090 οὖν
834 3036 1089 3107 πρόνοιαν
1117 3036 1400 3106 ποιώμεθα
1438 3038 1533 3090 καὶ
1573 3037 1849 3104 γυναικῶν
1900 3036 1997 3090 καὶ

420 3119 631 3171 παίδων
664 3119 759 3172 καὶ
781 3117 1003 3184 δούλων,
1030 3118 1227 3181 εἰδότες
1253 3119 1336 3171 ὅτι
1367 3119 1468 3188 τὴν
1524 3119 1701 3190 ἀρχὴν
1734 3119 1866 3188 ἡμῖν
1892 3118 1994 3171 αὐ-

421 3203 537 3262 τοῖς
583 3198 805 3253 εὔκολον
842 3202 1280 3272 καταστήσομεν,
1326 3201 1421 3254 καὶ
1469 3201 1552 3254 ὅτι
1608 3202 1709 3264 τὰς
1765 3200 1997 3264 εὐθύνας

419 3283 666 3353 ἡμέρους
700 3285 797 3338 καὶ
845 3285 1109 3348 ἐπιεικεῖς
1153 3273 1368 3353 ἕξομεν,
1410 3284 1503 3337 καὶ
1536 3284 1791 3353 ἐροῦμεν·
1835 3282 1995 3337 Ἰδοὺ

420 3365 540 3433 ἐγὼ
574 3367 674 3420 καί
708 3367 778 3421 τὰ
814 3365 1035 3425 παιδία,
1063 3365 1101 3421 ἄ
1124 3383 1229 3435 μοι
1256 3365 1484 3419 ἔδωκεν
1526 3369 1559 3419 ὀ
1603 3365 1768 3430 Θεός.
1814 3365 1940 3418 Ἐάν
1968 3366 1997 3418 6

422 3446 567 3517 ἀνὴρ
593 3446 926 3517 θαυμαστὸς,
966 3449 1059 3501 καὶ
1098 3450 1132 3518 ή
1177 3447 1389 3518 κεφαλὴ
1416 3446 1577 3518 καλή,
1609 3447 1703 3502 καί
1726 3446 1786 3499 τὺ
1809 3446 1997 3500 λοιπὸν

423 3531 594 3601 σῶμα
629 3532 886 3603 οὐδεμίαν
918 3531 1280 3602 ὐποστήσεται
1308 3530 1449 3602 βίαν.

497 3664 578 3718 τά
614 3665 715 3737 μιν
734 3659 828 3720 οὗν
847 3665 988 3720 κατά
1004 3665 1101 3737 τὴν
1126 3667 1358 3735 γυναῖκα
1381 3664 1498 3728 πῶς
1520 3663 1587 3718 ἂν
1611 3663 1791 3729 καλῶς
1816 3665 1995 3719 διατε-

423 3747 548 3816 θείη
585 3750 682 3800 καὶ
707 3746 798 3801 τὸν
843 3747 1038 3819 ἄνδρα,
1067 3747 1313 3818 ἀκριϐῶς
1366 3744 1513 3812 εῖπε,
1539 3745 1637 3817 τὴν
1669 3746 1769 3817 μὲν
1801 3746 1991 3816 φοϐεῖ-

422 3830 552 3886 σθαι
581 3831 916 3902 παραινέσας
951 3831 1027 3892 ώς
1076 3830 1337 3903 κεφαλὴν,
1399 3830 1490 3884 τὸν
1544 3829 1603 3883 δέ
1638 3830 1860 3900 ἀγαπᾷν
1913 3829 1991 3893 ώς

420 3917 681 3983 γυναῖκα.
722 3912 844 3977 Πῶς
864 3914 909 3967 δ’
937 3913 1003 3968 ἀν
1027 3915 1200 3968 ταῦτα
1226 3914 1469 3983 γένοιτο;
1511 3912 1676 3982 φησίν
1697 3928 1713 3943 ⁸
1742 3912 1866 3965 Ὅτι
1896 3912 1995 3984 μὲν

418 3999 535 4068 γάρ
559 3996 661 4060 δεῖ,
700 3995 886 4061 ἔδειξε·
911 3996 971 4049 τὸ
998 3997 1054 4050 δέ
1077 3998 1215 4061 πῶς,
1252 3996 1364 4065 ἐγὼ
1398 3995 1536 4066 πρὸς
1574 3994 1719 4065 ὑμᾶς
1744 3994 1855 4065 ἐρῶ
1877 4009 1893 4026 ·
1926 3991 1994 4047 ἂν

420 4080 724 4151 χρημάτων
763 4080 1206 4149 καταφρονῶμεν,
1240 4079 1307 4131 ἂν
1327 4077 1461 4149 πρὸς
1485 4076 1544 4129 ἐν
1559 4075 1775 4148 ὁρῶμεν
1804 4076 1988 4146 μόνον,

417 4164 607 4234 ψυχῆς
655 4162 877 4233 ἀρετὴν,
920 4160 987 4215 ἀν
1028 4162 1117 4214 τὸν
1144 4159 1239 4214 τοῦ
1274 4158 1412 4213 Θεοῦ
1446 4158 1609 4227 φόϐον
1640 4158 1852 4229 ἔχωμεν
1887 4158 1992 4229 πρὸ

376 4277 393 4300 ε
416 4245 740 4315 ὀφθαλμῶν.
779 4246 954 4315 Ὅπερ
986 4243 1094 4313 γάρ
1114 4246 1170 4296 ἐν
1196 4244 1306 4306 τοῖς
1334 4241 1468 4313 πρὸς
1491 4241 1616 4305 τοὺς
1641 4240 1857 4303 δούλους
1878 4240 1996 4293 δια-

417 4331 716 4398 λεγόμενος
743 4328 945 4396 ἔλεγεν,
980 4328 1054 4380 ’⁸0
1083 4343 1137 4379 τι
1191 4325 1271 4380 ἂν
1301 4323 1528 4392 ποιήσῃ
1568 4323 1828 4388 ἕκαστος
1858 4323 1995 4389 dra-

420 4411 536 4466 θὸν
571 4409 725 4482 [152]
758 4409 1022 4476 ἣκακὸν,
1040 4408 1215 4463 τοῦτο
1239 4405 1521 4475 κομιεῖται
1558 4404 1717 4473 παρὰ
1754 4403 1858 4457 τοῦ
1880 4406 1997 4456 Κυ-

411 4499 583 4567 ρίου,
614 4495 775 4550 τοῦτο
807 4499 900 4550 καὶ
924 4494 1175 4548 ἐνταῦθα.
1200 4493 1290 4564 Μὴ
1322 4492 1391 4544 δι’
1423 4492 1642 4561 ἐκείνην
1679 4489 1860 4543 τοίνυν
1907 4505 1997 4541 το·

424 4579 643 4644 σοῦτον,
665 4581 789 4632 ὅσον
812 4579 901 4632 διὰ
920 4579 1010 4631 τὸν
1038 4575 1270 4647 Χριστὸν
1301 4574 1470 4644 αὐτὴν
1508 4573 1728 4643 ἀγαπᾷν
1754 4613 1768 4627 .
1828 4571 1998 4631 Τοῦτο

424 4663 563 4729 γοῦν
586 4663 681 4716 καὶ
706 4660 925 4732 ᾐνίξατο
961 4658 1158 4713 εἰπών·
1196 4658 1290 4722 Ὠς
1318 4655 1397 4721 τῷ
1421 4656 1630 4724 Κυρίῳ.
1664 4684 1737 4695 -
1776 4655 1869 4720 Ὡς
1918 4652 1999 4718 τῷ

427 4747 627 4815 Κυρίῳ
646 4747 825 4797 τοίνυν
854 4742 1192 4813 πειθόμενος,
1207 4740 1300 4793 καὶ
1328 4739 1394 4792 δι’
1420 4739 1581 4791 αὐτὸν
1605 4737 1781 4791 πάντα
1806 4735 1996 4801 ποιῶν,

427 4828 574 4882 οὕτω
604 4828 782 4881 πάντα
804 4829 1029 4894 πρᾶττε·
1052 4823 1210 4877 τοῦτο
1231 4820 1414 4875 ἱκανὸν
1444 4821 1729 4887 ἐναγαγεῖν
1760 4819 1852 4871 καὶ
1880 4820 1999 4869 πεῖ-

435 4928 550 4975 σαι,
585 4910 682 4963 καὶ
732 4910 807 4978 μὴ
856 4910 1075 4975 ἀφεῖναι
1104 4903 1418 4975 ἐρεσχελίαν
1449 4902 1570 4955 τινὰ
1597 4902 1693 4955 καὶ
1735 4899 1998 4970 διχόνοιαν

428 4989 587 5047 εἶναι.
618 4990 824 5061 Μηδεὶς
858 4988 998 5041 ἔστω
1024 4987 1213 5049 πιστὸς
1246 4983 1599 5053 συκοφαντῶν
1627 4984 1721 5035 ἐπὶ
1758 4980 1861 5050 τῆς
1895 4997 1996 5050 γυ-

432 5074 613 5137 ναικὸς
640 5074 732 5125 τὸν
756 5070 942 5141 ἄνδρα⁸
970 5069 1107 5122 ἀλλά
1129 5068 1263 5139 μηδὲ
1290 5070 1318 5121 6
1341 5067 1480 5136 ἀνὴρ
1498 5065 1683 5127 ἁπλῶς
1700 5062 2001 5116 πιστευέτω

435 5158 575 5210 κατά
622 5157 725 5226 τῆς
760 5154 1036 5223 γυναικὸς,
1088 5151 1221 5222 μηδὲ
1270 5152 1305 5219 ή
1359 5148 1496 5220 γυνὴ
1548 5143 2002 5231 ,περιεργαζέσθω

428 5240 670 5301 εἰσόδους
701 5238 799 5291 καὶ
827 5235 1041 5300 ἐξόδους
1074 5231 1279 5294 ἁπλῶς·
1324 5231 1456 5301 μηδέ
1499 5230 1605 5300 μὴν
1634 5228 1769 5299 μηδέ
1796 5229 1826 5280 6
1862 5226 2001 5299 ἀνὴρ

431 5321 581 5388 ἀξιον
612 5319 905 5390 παρεχέτω
933 5316 1125 5370 ἐαυτόν
1149 5331 1295 5375 τινος
1322 5312 1578 5380 ὑποψίας.
1606 5311 1672 5362 Τί
1701 5310 1831 5380 γάρ,
1879 5308 2003 5364 είπέ

435 5420 552 5472 μοι,
573 5406 756 5456 πᾶσαν
784 5402 883 5470 τὴν
908 5399 1121 5469 ἡμέραν
1150 5398 1261 5458 τοῖς
1286 5395 1463 5465 φίλοις
1512 5392 1668 5455 δίδως
1694 5392 1911 5457 σαυτὸν,
1934 5394 2002 5463 τῇ

436 5488 493 5540 δέ
543 5485 767 5554 γυναικὶ
816 5483 915 5551 τὴν
953 5480 1212 5551 ἑσπέραν,
1267 5479 1361 5530 καὶ
1423 5476 1543 5529 οὐδὲ
1604 5475 1775 5537 οὕτως
1828 5474 2000 5544 αὐτὴν

431 5570 559 5642 δύνῃ
592 5568 984 5640 πληροφορεῖν,
1029 5563 1125 5617 καὶ
1168 5561 1323 5623 ἐκτὸς
1363 5558 1596 5642 ὑποψίας
1644 5559 1852 5642 ποιεῖν;
1885 5557 2004 5642 Κάν

432 5639 635 5720 ἐγκαλῇ
685 5652 722 5719 ἡ
765 5646 924 5717 γυνὴ,
968 5645 1041 5717 μὴ
1088 5643 1425 5714 δυσχέραινε·
1466 5640 1646 5711 φιλίας
1683 5639 1852 5702 ἐστὶν,
1903 5639 2003 5691 οὐκ

432 5734 709 5796 ἀπονοίας·
748 5728 930 5800 φιλίας
976 5727 1094 5781 ἐστὶ
1146 5726 1373 5795 ζεούσης
1424 5725 1490 5777 τά
1545 5721 1862 5791 ἐγκλήματα
1904 5722 1996 5775 καὶ

1320 351 1387 409 IN
1431 352 1650 410 EPIST.
1692 353 1783 408 AD
1825 353 2072 411 EPHES.
2114 354 2272 413 CAP.
2315 357 2380 413 ν.
2423 358 2655 417 ΙΙΟΜΙΙ..
2698 361 2817 418 XX.

3550 357 3653 419 ιιι

2093 472 2385 538 διαθέσεως
2415 479 2816 549 πεπυρωμένης
2838 478 2933 531 καὶ
2977 477 3164 548 φόϐου.
3192 476 3409 531 Δέδοικε
3436 474 3545 545 γάρ
3578 477 3652 546 μή

2086 571 2173 619 τις
2204 557 2375 627 αὐτῆς
2404 558 2598 630 ἔκλεψε
2650 562 2751 631 τήν
2796 561 2978 631 εὐνὴν,
3030 563 3103 632 μή
3133 578 3218 624 τις
3241 560 3409 630 αὐτὴν
3437 559 3568 629 περὶ
3594 558 3657 611 το

2088 639 2380 707 κεφάλαιον
2405 642 2517 694 τῶν
2544 644 2766 712 ἀγαθῶν
2788 645 3083 713 ἐζημίωσε,
3116 646 3189 715 μή
3232 660 3317 706 τις
3363 642 3531 711 αὐτῆς
3556 640 3657 708 τὴν

2089 723 2332 792 κεφαλὴν
2356 725 2629 793 ἀφείλετο,
2670 728 2742 797 μή
2774 743 2859 788 τις
2884 726 3112 796 διώρυξε
3148 726 3247 795 τὴν
3277 726 3458 795 εὐνήν.
3501 724 3657 778 Ἔστι

2088 803 2183 856 καὶ
2214 804 2350 875 άλλη
2397 809 2762 878 μικροψυχίας
2813 808 3090 870 ὑπόθεσις·
3126 807 3313 878 μηδεὶς
3366 806 3511 872 πέρα
3560 802 3656 856 τοῦ

2090 888 2294 960 μέτρου
2321 893 2431 945 τῶν
2454 893 2680 946 οἰκετῶν
2710 892 3114 956 ἀντιποιείσθω,
3152 894 3288 963 μήτε
3312 892 3409 960 τῆς
3437 890 3605 959 κόρης
3626 889 3657 942 ὃ

2088 972 2248 1043 ἀνὴρ.
2277 976 2413 1044 μήτε
2442 976 2537 1028 τοῦ
2558 976 2768 1029 οἰκέτου
2796 978 2829 1046 ή
2853 976 3011 1045 γυνή·
3032 975 3126 1028 καὶ
3151 978 3261 1045 γὰρ
3288 973 3463 1027 ταῦτα
3495 969 3657 1023 ἰκανά

2086 1059 2267 1109 τεκεῖν
2307 1058 2563 1128 ὑποψίας.
2621 1060 2903 1126 Ἐννόησον
2936 1060 3045 1129 γάρ
3107 1076 3196 1129 μοι
3248 1058 3375 1118 τοὺς
3419 1053 3657 1117 δικαίους

2087 1138 2350 1203 ἐκείνους·
2407 1142 2545 1214 αὐτὴ
2595 1144 2628 1213 ἡ
2670 1144 2858 1214 Σάρρα
2904 1144 3159 1195 ἐκέλευσε
3215 1140 3294 1210 τῷ
3344 1137 3658 1207 πατριάρχῃ

2086 1218 2269 1275 λαϐεῖν
2287 1224 2384 1293 τὴν
2415 1225 2625 1295 Ἄγαρ-
2656 1225 2793 1295 αὐτὴ
2833 1222 3186 1294 προσέταξεν,
3215 1222 3391 1284 οὐδεὶς
3413 1219 3660 1289 ἠνάγκα-

2089 1319 2204 1365 σεν,
2237 1304 2360 1356 οὐδέ
2399 1306 2631 1376 ἐπῆλθεν
2652 1309 2679 1360 6
2711 1308 2871 1378 ἀνήρ·
2903 1306 3040 1359 ἀλλά
3068 1305 3246 1359 καίτοι
3281 1312 3492 1373 μακρον
3530 1299 3660 1370 κρό-

2088 1403 2178 1440 νον
2201 1387 2436 1451 ἑλκύσας
2464 1391 2522 1442 ἐν
2548 1390 2799 1461 ἀπιδῖᾳ,
2862 1390 3038 1443 είλετο
3094 1388 3364 1459 μηδέποτε
3406 1384 3659 1453 γενέσθαι

2089 1471 2296 1540 πατὴρ,
2330 1471 2364 1540 ἦ
2401 1471 2501 1543 τήν
2534 1476 2773 1539 γυναῖκα
2816 1473 3081 1541 λυπῆσαι.
3129 1469 3271 1525 Ἀλλ’
3323 1469 3474 1538 ὅμως
3524 1466 3663 1535 μετά

2087 1551 2264 1605 ταῦτα
2292 1554 2489 1613 πάντα.
2522 1555 2575 1607 τί
2630 1572 2796 1625 φησιν
2833 1557 2868 1625 ἡ
2923 1556 3147 1627 Σάρρας
3195 1554 3404 1621 Κρίναι
3444 1552 3478 1603 δ
3517 1548 3663 1613 Θεὸς

2088 1635 2206 1691 ἀνὰ
2227 1637 2425 1706 μέσον
2450 1638 2597 1707 ἐμοῦ
2635 1638 2733 1691 καί
2772 1637 2909 1692 σοῦ.
2945 1634 3096 1708 Ἀρα
3145 1636 3197 1689 εἰ
3221 1652 3305 1697 τις
3329 1629 3396 1704 ἧν
3426 1631 3537 1685 τῶν
3566 1630 3662 1685 ἀλ-

2088 1718 2219 1781 λων,
2254 1719 2356 1772 οὐκ
2383 1719 2450 1773 ἂν
2476 1721 2554 1782 εἰς
2586 1718 2757 1790 ὀργὴν
2784 1717 3010 1789 ἐκινήθη
3036 1736 3050 1783 ;
3098 1718 3200 1770 οὐκ
3237 1715 3305 1770 ἂν
3333 1714 3429 1767 καὶ
3472 1715 3664 1785 χεῖρας

2090 1801 2341 1868 ἐξέτεινε,
2369 1803 2653 1873 μονονουχί
2703 1802 2947 1873 φάσκων·
2979 1800 3045 1854 Τί
3074 1800 3282 1867 λέγεις;
3322 1799 3422 1849 οὐκ
3450 1794 3665 1849 ἐϐουλέ-

2093 1902 2202 1957 μην
2226 1884 2338 1954 ἐγὼ
2373 1884 2729 1955 συγγενέσθαι
2759 1888 2824 1956 τῇ
2848 1884 3092 1953 γυναικὶ,
3126 1884 3219 1936 σὸν
3241 1881 3301 1934 τὸ
3316 1882 3423 1934 πᾶν
3444 1879 3660 1947 γέγονε,

2090 1969 2185 2020 καὶ
2233 1967 2397 2023 πάλιν
2453 1968 2745 2036 ἐγκαλεῖςς
2811 1968 2949 2021 Ἀλλ’
2993 1967 3145 2020 οὐδὲν
3199 1963 3440 2018 τοιοῦτον
3508 1958 3664 2014 εἶπεν

2092 2050 2323 2113 ἐκεῖνος·
2355 2050 2493 2103 ἀλλὰ
2522 2051 2574 2103 τί
2598 2069 2610 2109 ;
2656 2050 2813 2104 Ἰδοὺ
2838 2050 2878 2116 ή
2906 2048 3201 2114 παιδίσκη
3231 2048 3302 2100 ἐν
3333 2045 3462 2110 ταῖς
3489 2043 3666 2112 χερσί

2091 2149 2229 2187 σου·
2254 2131 2379 2201 χρῶ
2422 2132 2598 2201 αὐτῇ.
2632 2134 2713 2198 ὠς
2744 2134 2822 2186 ἄν
2851 2146 2951 2186 σοι
2993 2130 3253 2200 ἀρεστὸν
3392 2128 3506 2197 Τὴν
3535 2142 3656 2179 κοι-

2091 2215 2258 2270 νωνὸν
2282 2218 2384 2286 τῆς
2408 2214 2574 2283 εὐνῆς
2612 2215 2895 2281 ἐξέδωκεν,
2922 2215 3010 2268 ἵνα
3054 2215 3127 2283 μὴ
3156 2212 3377 2281 λυπήσῃ
3405 2209 3505 2279 τὴν
3526 2208 3667 2277 Σάρ-

2095 2299 2215 2368 ραν.
2240 2296 2435 2350 Καίτοι
2465 2313 2530 2364 γε
2568 2297 2724 2350 οὐδὲν
2749 2298 2942 2351 τούτου
2982 2296 3165 2368 μεῖξον
3190 2297 3272 2358 εἰς
3320 2292 3534 2354 εὐνοίας
3572 2289 3666 2343 λόο

2092 2397 2189 2448 γον
2208 2379 2374 2434 ἐστίν.
2408 2380 2471 2433 Εἰ
2504 2380 2614 2451 γάρ
2638 2382 2700 2434 τὸ
2730 2380 3014 2451 τραπέζης
3058 2380 3389 2447 κοινωνῆσαι
3432 2374 3526 2428 καὶ
3571 2373 3667 2443 λῃ-

2094 2464 2250 2525 σταῖς
2300 2462 2605 2532 ὁμοψυχίαν
2662 2465 2808 2516 ποιεῖ
2861 2462 2996 2532 πρὸς
3028 2462 3155 2523 τοὺς
3191 2459 3466 2521 ἐναντίους
3496 2456 3611 2528 (καί
3638 2456 3668 2509 6

2092 2546 2398 2616 Ψαλμῳδός
2424 2563 2608 2615 φησιν·
2639 2548 2746 2612 ὐς
2784 2546 2882 2599 ἐπὶ
2908 2545 2973 2597 τὸ
3018 2542 3167 2599 αὐτὸ
3203 2540 3544 2611 ἐγλύκανάς
3566 2556 3667 2608 μοι

2091 2627 2435 2698 ὲδέσματα)·
2473 2629 2535 2682 τὸ
2594 2628 2725 2698 μίαν
2766 2630 2945 2700 σάρκα
2972 2626 3225 2694 γενέσθαι
3261 2623 3449 2677 λοιπὸν
3482 2621 3668 2693 (τοῦτο

2094 2712 2204 2783 γάρ
2231 2714 2348 2765 ἐστι
2376 2715 2703 2783 κοινωνῆσαι
2728 2712 2827 2781 τῆς
2851 2710 3059 2779 εὐνῆς),
3107 2707 3289 2778 πολλῷ
3319 2706 3521 2778 μᾶλλον
3548 2707 3667 2759 ἰκα-

2105 2794 2196 2847 v6v
2249 2793 2682 2848 ἐπισπάσασθαι.
2727 2793 2866 2847 Ἀλλ’
2885 2791 3037 2845 οὐδὲν
3086 2789 3293 2844 τούτων
3335 2788 3520 2858 ἴσχυσε
3574 2786 3669 2839 τὸν

2093 2876 2301 2930 δίκαιον
2346 2876 2506 2943 ἐλεῖν,
2551 2876 2667 2929 ἀλλ’
2709 2875 2940 2943 ἐξέδωκε
2969 2876 3034 2944 τῇ
3066 2872 3305 2941 γυναικὶ,
3340 2870 3555 2932 δεικνὺς
3583 2870 3666 2923 ὅτι

2095 2960 2157 3012 οὐ
2194 2952 2345 3030 παρά
2374 2957 2473 3030 τὴν
2505 2958 2670 3012 αὐτοῦ
2706 2958 2887 3013 αἰτίαν
2906 2975 2959 3010 τι
3006 2957 3318 3025 γεγένηται·
3354 2954 3449 3006 καὶ
3497 2952 3560 3004 16
3597 2950 3665 3021 δὴ

2098 3043 2297 3112 μεῖζον,
2328 3039 2564 3095 κύουσαν
2593 3041 2902 3111 ἐξέπεμψεν
2921 3040 3110 3111 αὐτήν.
3144 3038 3239 3100 Τίς
3263 3037 3363 3089 οὐκ
3381 3035 3448 3089 ἂν
3464 3033 3663 3103 ἠλέησε

2094 3124 2373 3194 κυήσασαν
2420 3124 2478 3189 ἐξ
2532 3124 2697 3177 αὐτοῦ
2748 3123 2994 3189 παιδίον;
3033 3120 3174 3173 Ἀλλ’
3219 3118 3319 3187 οὐχ
3370 3119 3400 3169 6
3446 3115 3656 3176 δίκαιος

2093 3206 2443 3276 ἐπεκάμφθη·
2472 3206 2691 3260 πάντων
2715 3206 2825 3276 γάρ
2848 3205 2949 3276 τὴν
2985 3204 3208 3273 ἀγάπην
3242 3201 3530 3273 προύτίθει
3560 3200 3661 3269 τὴν

2093 3288 2232 3358 πρὸς
2253 3288 2354 3358 τὴν
2382 3292 2640 3357 γυναῖκα.

2163 3417 2232 3481 ζ’.
2259 3416 2461 3470 Τοῦτον
2490 3416 2785 3487 μιμώμεθα
2815 3417 2907 3469 καὶ
2926 3417 3104 3487 ἡμεῖς·
3146 3413 3335 3484 μηδείς
3361 3412 3669 3477 όνειδιζέτω

2093 3499 2285 3552 πενίαν
2312 3497 2390 3569 τῷ
2439 3498 2690 3570 πλησίον,
2728 3498 2913 3568 μηδεὶς
2964 3496 3262 3569 χρημάτων
3313 3497 3511 3564 δράτω,
3566 3496 3664 3549 καὶ

2094 3581 2273 3634 πάντα
2295 3579 2532 3634 λέλυται.
2569 3581 2719 3651 Μηδέ
2741 3580 2947 3649 λεγέτω
2975 3579 3111 3649 γυνὴ
3143 3578 3278 3648 πρὸς
3334 3576 3425 3629 τὸν
3473 3575 3665 3646 ἄνδρα·

2095 3663 2243 3735 [155]
2278 3664 2539 3736 Ἀνανδρε
2584 3665 2680 3717 καὶ
2722 3662 2882 3727 δειλὲ,
2915 3662 3076 3716 δκνου
3101 3661 3287 3731 γέμων
3310 3660 3401 3713 καὶ
3438 3659 3670 3720 νωθείας

2091 3748 2185 3800 καῖ
2212 3746 2379 3800 ὕπνου
2399 3744 2620 3811 πολλοῦ,
2644 3746 2672 3799 6
2690 3745 2837 3800 δεῖνα
2869 3743 3123 3808 ταπεινὸς
3156 3743 3249 3797 καὶ
3278 3742 3343 3796 ἐκ
3373 3741 3666 3804 ταπεινῶν,

2091 3829 2364 3894 κινδύνους
2391 3829 2665 3900 ἀράμενος
2692 3828 2787 3881 καὶ
2807 3827 3116 3896 ἀποδημίας
3140 3825 3509 3895 στειλάμενος,
3536 3824 3669 3877 πολ-

2090 3910 2187 3983 λὴν
2212 3914 2310 3983 τὴν
2333 3912 2521 3965 οὐσίαν
2542 3910 2786 3981 ἐποίησε,
2818 3908 2913 3963 καί
2952 3910 2985 3978 ἡ
3011 3907 3151 3979 γυνὴ
3195 3908 3542 3979 χρυσοφορεῖ,
3578 3907 3671 3959 καὶ

2090 3995 2183 4047 ἐπὶ
2199 3993 2421 4063 ζεύγους
2433 3993 2638 4048 λευκῶν
2653 3992 2890 4064 ἡμιόνων
2905 3992 3141 4063 πρόεισι,
3158 3990 3513 4062 περιφέρεται
3536 4006 3670 4042 παν-

2090 4076 2278 4147 ταχοῦ,
2303 4075 2528 4130 οἰκετῶν
2552 4077 2750 4145 ἀγέλας
2770 4075 2881 4146 ἔχει
2902 4075 2996 4128 καὶ
3016 4074 3284 4144 εὐνούχων
3302 4075 3469 4143 ἐσμόν
3484 4090 3498 4104 ·
3523 4073 3586 4126 σύ
3611 4072 3668 4125 δὲ

2092 4159 2458 4229 κατέπτηχας,
2487 4159 2581 4211 καὶ
2606 4158 2728 4227 εἰκῆ
2766 4157 2884 4229 ζῇς.
2913 4157 3005 4229 Μὴ
3054 4156 3255 4223 λεγέτω
3300 4154 3472 4207 ταῦτα
3510 4153 3667 4224 γυνη,

2092 4241 2185 4295 καὶ
2208 4244 2276 4295 τά
2300 4241 2506 4304 τούτοις
2535 4242 2695 4310 ὅμοια
2715 4254 2728 4268 ·
2760 4241 2917 4309 σῶμα
2955 4240 3063 4310 γάρ
3089 4241 3255 4301 ἐστιν,
3285 4236 3382 4304 οὐχ
3420 4236 3509 4287 ἵνα
3547 4235 3665 4286 δια-

2091 4326 2259 4395 τάττῃ
2280 4326 2347 4394 τῇ
2374 4323 2605 4392 κεφαλῇ.
2622 4322 2735 4375 ἀλλ’
2753 4321 2838 4373 ἵνα
2862 4319 3111 4389 πείθηται
3139 4320 3233 4372 καὶ
3257 4315 3524 4389 ὑπακούῃ.
3545 4314 3669 4376 ιἸῶς

2092 4404 2186 4461 οῦν
2206 4407 2361 4469 οἴσει,
2397 4404 2551 4474 φησὶ,
2579 4403 2679 4473 τὴν
2700 4402 2928 4467 πενίαν;
2957 4402 3121 4454 πόθεν
3150 4401 3371 4469 εὑρήσει
3406 4414 3661 4467 παραμυ-

2094 4489 2216 4542 θίαν
2234 4504 2249 4554 ;
2285 4486 2619 4555 Ἐκλεγέσθω
2639 4501 2752 4556 παρ
2767 4486 2781 4504 ⁹
2802 4486 2969 4555 ἑαυτῇ
2990 4484 3085 4547 τὰς
3103 4480 3453 4551 πενεστέρας,
3480 4480 3667 4533 ἀναλο-

2092 4564 2329 4640 γιζέσθω
2366 4568 2530 4622 πόσαι
2558 4568 2722 4621 πάλιν
2755 4569 2993 4636 εὐγενεῖς
3026 4566 3120 4619 καί
3153 4564 3212 4628 ἐξ
3237 4562 3475 4632 εὐγενῶν
3510 4564 3667 4635 κόραι

2093 4655 2153 4708 οὐ
2179 4653 2336 4725 μόνον
2355 4652 2414 4717 ἐξ
2429 4651 2636 4723 ἀνδρῶν
2658 4650 2810 4703 οὐδὲν
2831 4648 3186 4719 προσέλαϐον,
3205 4646 3342 4700 ἀλλά
3368 4646 3467 4699 καὶ
3496 4662 3666 4717 προσ-

2096 4736 2318 4801 έδωκαν,
2341 4736 2436 4788 καὶ
2462 4735 2531 4787 τά
2570 4732 2748 4787 αὐτῶν
2785 4732 2999 4785 ἅπαντα
3047 4731 3329 4784 ἀνάλωσαν
3350 4745 3364 4758 ·
3419 4728 3668 4782 ἐννοείτω

2094 4820 2219 4881 τοὺς
2241 4819 2304 4871 ἐκ
2334 4817 2590 4870 τοιούτοιν
2613 4814 2856 4869 πλούτων
2880 4813 3178 4876 κινδύνους,
3213 4812 3306 4865 καὶ
3331 4810 3422 4864 τὸν
3441 4810 3661 4882 ἀπράγ-

2101 4916 2237 4969 μονα
2266 4899 2571 4953 ἀσπάσεται
2605 4897 2738 4967 βίον.
2777 4897 2883 4950 Καὶ
2908 4897 3043 4958 ὅλως
3066 4897 3114 4948 εί
3142 4893 3508 4964 φιλοστόργως
3531 4891 3667 4963 πρὸς

2098 4983 2189 5034 τὸν
2218 4982 2387 5051 ἄνδρα
2418 4980 2704 5046 διακέοιτο,
2738 4980 2895 5035 οὐδὲν
2927 4979 3166 5032 τοιοῦτον
3200 4978 3333 5048 ἐρεῖ,
3364 4975 3481 5029 ἀλλ’
3503 4974 3666 5045 αἱρή-

2102 5081 2251 5118 σεται
2288 5065 2513 5135 πλησίον
2554 5063 2723 5134 αὐτῆς
2756 5064 2901 5134 ἔχειν
2935 5062 3096 5116 αὐτὸν
3135 5061 3300 5132 μηδὲν
3352 5056 3663 5128 πορίζοντα,

2099 5148 2133 5217 ἢ
2160 5148 2329 5219 μυρία
2357 5148 2594 5201 τάλαντα
2632 5148 2833 5217 χρυσοῦ
2864 5146 3001 5217 μετά
3037 5145 3310 5216 μερίμνης
3327 5141 3420 5194 καὶ
3445 5140 3666 5210 φροντί-

2098 5231 2188 5294 δος
2220 5232 2319 5300 τῆς
2343 5232 2407 5283 ἐκ
2436 5230 2546 5283 τῶν
2564 5230 2877 5300 ἀποδημιῶν
2904 5230 3022 5285 ταῖς
3040 5225 3287 5294 γυναιξὶν
3314 5223 3668 5293 ἐγγινομένης

2101 5315 2208 5368 ἀεί.
2225 5312 2384 5366 Ἀλλά
2412 5312 2589 5382 μηδέδ
2609 5312 2748 5384 ἀνὴρ
2762 5311 2931 5365 ταῦτα
2956 5309 3166 5363 ἀκούων
3196 5306 3271 5368 ὡς
3309 5306 3484 5375 ἀρχὴν
3506 5304 3665 5375 ἔχων,

2102 5400 2195 5451 ἐπὶ
2228 5395 2413 5465 ῦϐρεις
2436 5396 2719 5466 τρεπέσθω
2756 5396 2852 5448 καὶ
2876 5393 3111 5462 πληγάς,
3144 5390 3279 5444 ἀλλὰ
3308 5390 3665 5461 παραινείτω,

2103 5481 2418 5533 νουθετείτω
2438 5521 2452 5543 ,
2483 5480 2560 5541 ὼς
2584 5477 2940 5547 ἀτελεστέραν
2968 5475 3248 5543 λογισμοῖς
3294 5472 3664 5538 ἀναπειθέτω,

2103 5566 2287 5634 χεῖρας
2313 5561 2581 5633 μηδέποτε
2621 5561 2926 5612 ἐντεινέτω·
2958 5558 3148 5630 πόρρω
3173 5556 3462 5626 ἐλευθέρας
3487 5555 3667 5626 ψυχῆς
3702 5581 3710 5587 ~

2104 5647 2294 5701 ταῦτα·
2320 5643 2453 5698 ἀλλά
2471 5642 2605 5712 μηδέ
2620 5640 2824 5711 ὕϐρεις,
2841 5641 2974 5712 μηδέ
2998 5640 3197 5710 ὀνείδη,
3224 5639 3356 5710 μηδὲ
3372 5637 3665 5707 λοιδορίας·

2110 5730 2221 5785 ἀλλ’
2250 5727 2694 5798 ώςάνοητύτερον
2743 5725 3094 5799 διακειμένην
3135 5722 3461 5797 ῥυθμιζέτω.
3499 5722 3666 5776 Πόθει.
