4046 6210
444 384 548 439 Hb

439 496 499 550 δέ
534 495 691 550 τοῦτο
714 494 900 559 latae;
943 495 1070 550 Ἐάν
1096 497 1187 549 τὸν
1228 495 1401 565 ἀληθῆ
1438 493 1668 549 πλοῦτον
1728 493 1996 563 μανθάνῃ,

440 579 537 633 ἐάν
568 579 667 649 τὴν
698 579 808 631 ἄνω
831 579 1168 649 φιλοσοφίαν,
1194 578 1348 632 οὐδὲν
1371 578 1657 646 ἐγκαλέσει
1682 576 1792 631 τῶν
1827 574 2006 629 τοιού-

437 677 547 715 των
563 670 605 716 '.
670 661 975 716 Διδασκέτω
1000 663 1187 733 αὐτὴν,
1212 664 1293 715 ὅτι
1317 663 1473 715 πενία
1488 663 1656 716 κακὸν
1671 661 1842 713 οὐδέν·
1859 659 2008 713 διδα-

440 744 637 802 σκέτω.
682 744 755 814 μὴ
785 744 852 797 δι’
888 738 962 797 ὧν
996 745 1144 812 λέγει
1176 745 1357 814 μόνον,
1383 744 1520 799 ἀλλά
1545 744 1642 798 zeal
1661 743 1727 797 6e‘
1747 735 1821 795 ὧν
1843 743 2005 794 ποιεῖ·

436 826 733 880 διδασκέτω
759 827 917 896 δόξης
939 831 1321 898 καταφρονεῖν,
1362 829 1457 882 zeal
1508 828 1661 882 οὐδὲν
1711 825 2007 894 τοιοῦτονή

436 908 574 979 γυνή
598 908 719 962 οὔτε
748 912 864 979 ἐρεῖ
890 910 1015 963 οὐτε
1070 911 1422 981 ἐπιθυμήσει.
1472 909 1744 979 Καθάπερ
1784 907 2009 976 ἄγαλμα

435 990 743 1059 δεχόμενος,
772 991 942 1056 οὕτως
974 993 1082 1046 ἀπὸ
1129 994 1229 1063 τῆς
1276 993 1517 1061 ἑσπέρας
1564 991 1805 1060 ἐκείνης,
1834 986 1905 1061 ἦς
1939 990 2008 1041 ἂν

436 1072 604 1142 αὐτὴν
627 1074 707 1137 είς
734 1074 826 1127 τὸν
863 1076 1106 1145 θάλαμον
1131 1076 1376 1145 δέχηται,
1402 1074 1701 1129 διδασκέτω
1726 1070 2009 1143 σωφροσύ-

437 1172 556 1223 νην,
585 1155 905 1219 ἐπιείκειαν,
957 1159 1106 1221 ὅπως
1140 1158 1405 1227 βιώσηται
1437 1158 1672 1229 σεμνῶς,
1726 1158 1789 1209 ἐκ
1820 1171 2007 1225 προοι·

439 1236 575 1307 μίων
601 1240 803 1304 εὐθέως
838 1242 931 1294 zeal
965 1241 1026 1306 ἐξ
1054 1242 1233 1296 αὐτῶν
1281 1243 1389 1294 τῶν
1418 1241 1706 1313 προθύρων
1734 1237 2006 1296 καταϐάλο

436 1319 545 1373 λων
598 1320 707 1375 τῶν
757 1324 1057 1394 χρημάτων
1121 1324 1213 1377 τὸν
1269 1324 1487 1395 Ερωταο
1547 1325 1641 1377 zeal
1691 1322 2009 1391 φιλοσοφίαν

438 1405 760 1468 παιδευέτω,
812 1409 908 1460 zeal
957 1408 1295 1478 παραινείτω
1339 1410 1488 1470 ὅπως
1547 1410 1622 1478 μὴ
1673 1408 1759 1476 εἰη
1808 1406 2007 1476 χρυσία

438 1488 764 1558 κρεμάμενα
792 1489 887 1542 ἐπὶ
920 1489 1029 1543 τῶν
1065 1489 1219 1544 ὢτων
1249 1492 1344 1544 zeal
1368 1491 1506 1544 κατά
1524 1490 1633 1543 τῶν
1649 1489 1893 1559 παρειῶν
1912 1489 2008 1540 zeal

437 1572 532 1623 ἐπὶ
563 1571 656 1624 τοῦ
692 1572 962 1643 τραχήλου
1014 1575 1399 1644 περικείμενα,
1455 1577 1592 1645 μήτε
1634 1571 2009 1641 κατακείμενα

438 1655 567 1725 περὶ
588 1655 677 1708 τὸν
695 1656 959 1725 θάλαμον,
992 1658 1130 1727 μήτε
1172 1658 1365 1727 ἱμάτια
1391 1660 1570 1729 χρυσᾶ
1596 1660 1692 1710 zeal
1739 1656 2006 1725 πολυτελῆ

436 1737 794 1805 ἀποκείμεναο
838 1738 956 1791 ἀλλ’
989 1738 1130 1792 ἔστω
1162 1741 1261 1810 μὲν
1305 1741 1528 1810 φαιδρὸς
1572 1742 1600 1794 ὀ
1644 1739 1868 1808 κόσμος,
1932 1736 2007 1807 μὴ

439 1819 548 1887 μὴν
589 1822 668 1881 είς
716 1818 874 1889 ὓϐριν
902 1821 934 1889 ή
964 1821 1261 1893 φαιδρότης
1304 1821 1640 1877 ἐκπιπτέτωο
1672 1821 1807 1874 ἀλλά
1833 1818 2007 1874 ταῦτα

435 1903 593 1969 ἀφεὶς
617 1905 728 1965 τοῖς
758 1904 850 1956 ἐπὶ
875 1904 975 1973 τῆς
1006 1908 1231 1976 σκηνῆς,
1263 1906 1428 1971 αὐτὸς
1488 1905 1628 1976 μετά
1676 1905 1878 1973 πολλῆς
1906 1905 2007 1973 τῆς

435 1985 791 2054 κοσμιότητος
861 1986 1170 2053 καλλώπιζε
1244 1989 1338 2041 τόν
1432 1984 1614 2055 οἷκον,
1650 1986 2008 2058 σωφροσύνης

433 2068 668 2121 πνέοντα
702 2069 924 2139 μᾶλλον,
955 2072 988 2141 ἢ
1018 2070 1187 2141 ἄλλης
1216 2071 1360 2134 τινὸς
1384 2072 1634 2134 εὐωδίας.
1668 2070 1773 2123 Δύο
1810 2070 1921 2139 γὰρ
1944 2070 2007 2122 ἐκ

431 2150 624 2204 τούτου
662 2151 832 2213 ἔσται,
860 2153 953 2205 zeal
991 2153 1119 2224 τρία
1154 2154 1223 2206 τά
1275 2154 1438 2207 καλά’
1469 2154 1685 2225 πρῶτον
1733 2153 1852 2221 μὲν,
1904 2154 2006 2206 οὐκ

434 2233 664 2303 ἀλγήσει
720 2236 753 2303 ή
813 2234 1021 2305 νύμφη,
1061 2235 1326 2290 λυθεισῶν
1379 2236 1488 2289 τῶν
1540 2236 1861 2300 παστάδων,
1910 2236 2006 2288 zeal

432 2316 913 2386 ἀποπεμπομένων
969 2318 1185 2388 ἑκάστῳ
1231 2320 1326 2372 καὶ
1368 2319 1479 2370 τῶν
1509 2318 1739 2387 ἱματίων
1774 2317 1869 2371 καὶ
1896 2316 2006 2371 τῶν

431 2401 669 2470 χρυσίων
703 2402 798 2455 καὶ
827 2400 936 2454 τῶν
967 2402 1176 2455 σκευῶν
1197 2402 1307 2455 τῶν
1331 2401 1610 2473 ἀργυρῶνο
1632 2402 1904 2472 δεύτερον,
1940 2402 2002 2454 οὐ

432 2483 709 2554 φροντίσει
750 2484 780 2535 ὀ
810 2485 1043 2554 νυμφίος
1091 2485 1231 2557 ὐπέρ
1279 2486 1381 2555 τῆς
1436 2486 1737 2548 ἀπωλείας,
1780 2486 1875 2538 καὶ
1904 2486 2005 2554 τῆς

432 2567 680 2637 φυλακῆς
711 2567 818 2621 τῶν
868 2568 1370 2638 συμπορισθέντων.
1432 2569 1630 2640 Τρίτον
1684 2569 1845 2622 πάλιν
1867 2569 2004 2638 πρὸς

427 2649 660 2713 τούτοις,
690 2650 750 2704 τὸ
779 2650 1076 2719 κεφάλαιον
1104 2651 1214 2704 τῶν
1245 2650 1488 2719 ἀγαθῶν,
1511 2652 1571 2717 ἐξ
1587 2651 1769 2705 αὐτῶν
1798 2651 2007 2705 τούτων

429 2734 723 2800 ἐνδείξεται
746 2734 845 2804 τὴν
875 2732 1039 2787 αὐτοῦ
1080 2734 1325 2805 γνώμην,
1354 2736 1439 2788 ὅτι
1462 2735 1527 2805 δή
1583 2735 1789 2789 τούτων
1827 2734 2003 2788 οὐδενὶ

427 2818 608 2889 χαίρει
639 2816 809 2889 [1541.
850 2818 942 2871 zeal
957 2818 1039 2871 ὅτι
1068 2819 1159 2870 zeal
1186 2817 1256 2871 τά
1284 2818 1447 2872 λοιπά
1473 2820 1649 2873 πάντα
1686 2817 2002 2884 καταλύσει,

427 2900 523 2955 zeal
563 2901 701 2970 μήτε
721 2900 1031 2970 ὀρχήματα,
1076 2904 1213 2971 μήτε
1257 2900 1529 2971 ἀσέμνους
1574 2900 1718 2971 ᾠδάς
1748 2899 2002 2969 γενέσθαι

429 2984 774 3054 συγχωρήσει
808 2982 958 3037 ποτέ.
993 2983 1106 3037 Kal
1132 2979 1249 3037 οῖδα
1264 2984 1379 3053 ’μὲν
1404 2985 1485 3038 ότι
1515 2984 1657 3037 δοκῶ
1700 2983 2003 3051 καταγέλα-

429 3083 552 3129 στος
575 3064 715 3120 εἶναι
740 3066 872 3129 ἴσως
899 3067 1032 3128 τισὶ,
1062 3066 1132 3120 τά
1188 3066 1419 3121 τοιαῦτα
1473 3066 1784 3137 νομοθετῶν
1815 3081 1829 3096 ⁸
1861 3065 2003 3133 πλὴν

426 3148 541 3204 ἀλλ’
592 3149 687 3202 ἐὰν
722 3147 980 3218 πεισθῆτὲ
1022 3165 1135 3218 μοι,
1180 3148 1275 3201 τοῦ
1330 3148 1525 3219 χρόνου
1558 3149 1861 3217 προϊόντος,
1905 3148 2002 3201 zeal

425 3232 527 3301 τῆς
548 3232 655 3285 ἀπὸ
680 3232 773 3286 τοῦ
808 3232 1132 3303 πράγματος
1153 3231 1519 3294 ἀπολαύοντες
1557 3230 1845 3301 ὡφελείας,
1878 3231 2002 3283 τότε

426 3316 486 3369 τὸ
514 3315 702 3386 κέρδος
751 3315 981 3368 είσεσθευ
1022 3315 1116 3368 zeal
1158 3317 1187 3369 6
1239 3316 1337 3384 μέν
1375 3316 1549 3379 γέλως
1600 3315 1882 3386 ρυήσεται,
1907 3316 2002 3369 zeal

426 3398 865 3468 καταγελάσεσθε
892 3398 986 3451 τοῦ
1006 3396 1102 3451 νῦν
1136 3398 1312 3463 ἔθους,
1348 3400 1443 3453 zeal
1489 3398 1689 3468 ὄψεσθε
1726 3399 1808 3452 ὅτι
1833 3398 2002 3462 ὅντως

428 3481 635 3536 παίδων
660 3481 923 3551 ἀνοήτων,
956 3481 1052 3534 zeal
1105 3479 1316 3552 ἀνδρῶν
1346 3481 1650 3551 μεθυόντων
1680 3481 1797 3533 ἐστ)⁸
1818 3480 1885 3533 τά
1916 3497 2003 3549 γι-

426 3564 626 3637 νόμενα
652 3565 768 3618 νύν⁶
800 3563 837 3618 ἀ
857 3564 914 3617 δέ
951 3564 1224 3632 παραινῶ,
1258 3564 1613 3635 σωφροσύνης
1658 3564 1752 3617 καὶ
1782 3564 2000 3634 φιλοσο-

428 3648 574 3717 φίας,
595 3649 690 3702 zeal
722 3649 821 3719 τῆς
847 3648 1107 3701 ἀνωτάτω
1145 3646 1422 3709 πολιτείας
1449 3647 1585 3700 ἐστί.
1621 3646 1685 3699 Τί
1715 3642 1809 3699 οὖν
1857 3664 2000 3717 φημι

425 3732 566 3799 δεῖν;
591 3733 776 3786 Πάντα
792 3731 860 3784 τὰ
890 3731 1114 3803 ᾅσματα
1140 3732 1208 3784 τά
1236 3731 1460 3800 αἰσχρά,
1485 3730 1551 3782 τὰ
1577 3729 1867 3792 σατανικά,
1898 3731 2000 3794 τάς

426 3814 697 3884 ἀσέμνους
720 3814 883 3884 ᾠδὰς,
902 3814 998 3876 τάς
1022 3814 1326 3884 συνδρομάς
1343 3812 1452 3865 τῶν
1480 3812 1795 3865 ἀκολάστων
1813 3813 1839 3851 b
1862 3814 1999 3867 νέων

426 3896 646 3968 περίελε
678 3895 772 3949 τοῦ
803 3896 1003 3965 γάμου,
1049 3896 1145 3949 zeal
1177 3897 1351 3948 ταῦτα
1394 3895 1494 3966 τήν
1530 3896 1750 3965 νύμφην
1786 3913 2000 3967 σωφρο-

426 3980 571 4032 νίσαι
603 3977 909 4050 δυνήσεται.
941 3978 1158 4042 Εὐθέως
1186 3981 1294 4048 γὰρ
1333 3980 1457 4047 παρ’
1508 3978 1672 4050 ἑαυτῇ
1710 3978 1994 4048 λογιεῖται,

426 4061 598 4115 Βαϐαί
619 4061 631 4114 ί
655 4064 803 4125 ποῖος
836 4057 989 4125 οὗτος
1020 4065 1049 4116 ό
1081 4062 1251 4133 ἀνήρ;
1290 4061 1581 4131 φιλόσοφός
1631 4062 1799 4125 ἐστιν,
1844 4064 1998 4117 οὐδὲν

425 4146 516 4199 τὸν
538 4143 780 4215 παρόντα
808 4147 1022 4216 ήγεῖται
1061 4144 1194 4216 βίον,
1240 4146 1333 4199 ἐπὶ
1365 4145 1713 4199 παιδοποιίαν
1738 4148 1831 4200 zeal
1866 4164 1995 4200 παι-

423 4228 711 4300 δοτροφίαν
745 4246 810 4299 με
847 4229 1054 4300 ἤγαγεν
1076 4231 1154 4293 είς
1184 4228 1283 4299 τήν
1311 4227 1493 4283 οἰκίαν
1520 4229 1618 4299 τὴν
1651 4228 1869 4291 ἑαυτοῦ,
1904 4230 1998 4282 ἐπὶ

422 4311 722 4382 οἰκουρίαν.
759 4312 896 4366 Ἀλλ’
934 4312 1075 4381 ἀηδῆ
1112 4312 1287 4365 ταῦτα
1316 4314 1381 4383 τῇ
1423 4311 1652 4383 νύμφῃς
1688 4310 1867 4383 Μέχρι
1894 4313 1996 4383 τῆς

424 4398 651 4469 πρώτης
704 4396 941 4468 ἡμέρας,
970 4397 1063 4449 zeal
1092 4398 1189 4466 τῆς
1222 4395 1504 4466 δευτέραςο
1551 4396 1739 4449 λοιπὸν
1765 4396 1822 4450 δέ
1870 4397 1993 4459 οὐκ,

423 4480 560 4533 ἀλλά
608 4481 699 4534 zeal
738 4480 1000 4549 μεγίστην
1030 4479 1384 4549 καρπώσεται
1419 4479 1519 4550 τὴν
1562 4479 1778 4550 ήδονήν,
1816 4480 1996 4551 πάσης

425 4563 623 4633 ἐαυτὴν
649 4563 885 4631 ὑποψίας
914 4562 1356 4616 ἀπαλλάττουσα.
1395 4562 1455 4616 ὐ
1501 4562 1611 4634 γάρ
1651 4565 1789 4633 μήτε
1814 4563 1994 4616 αὐλῶν

427 4646 563 4715 μήτε
593 4645 938 4715 ὀρχουμένων
974 4646 1108 4717 μήτε
1136 4644 1398 4717 ᾀσμάτων
1444 4644 1832 4714 κεκλασμένων
1862 4646 1993 4699 ἀνα-

425 4725 704 4795 σχόμενος,
745 4728 840 4779 zeal
865 4726 1038 4780 ταῦτα
1085 4728 1236 4798 παρά
1285 4728 1378 4782 τὸν
1408 4726 1502 4781 τοῦ
1552 4727 1732 4798 γάμου
1778 4728 1989 4798 καιρὸν,

424 4808 586 4879 σχολῇ
620 4808 671 4875 γ’
691 4806 758 4861 ἂν
815 4801 971 4872 οὗτος
1004 4809 1252 4876 ἀνέξεταί
1277 4828 1405 4864 ποτε
1434 4810 1637 4882 πρᾶξαι
1667 4811 1698 4879 ἢ
1730 4812 1903 4865 εἰπεῖν
1938 4830 1990 4865 τι

422 4891 668 4963 αἰσχρόν.
706 4888 859 4943 Μετά
896 4889 955 4943 δὲ
978 4890 1155 4956 τοῦτο,
1181 4894 1310 4946 ὅταν
1332 4894 1509 4947 πάντα
1541 4893 1800 4965 περιέλῃς
1817 4894 1991 4948 ταῦτα

419 4972 513 5028 τοῦ
552 4973 752 5042 γάμου,
791 4972 1118 5042 παραλαϐὼν
1144 4974 1332 5045 αὐτὴν,
1357 4975 1558 5030 πλάττε
1592 4975 1790 5040 καλῶς,
1810 4976 1871 5028 τὸ
1891 4977 1990 5047 μὲν

420 5054 774 5127 αἰσχυντηλόν
807 5055 899 5108 ἐπὶ
932 5056 1067 5109 πολὺ
1110 5055 1204 5109 τοῦ
1246 5057 1439 5127 χρόνου
1492 5057 1724 5127 ἐξάγων,
1776 5059 1869 5113 zeal
1916 5059 1990 5132 μὴ

418 5139 649 5192 διαλύων
673 5136 907 5208 ταχέως.
935 5137 1057 5192 Κάν
1086 5137 1195 5210 γὰρ
1234 5137 1735 5215 ἀναισχυντοτέραῇ
1769 5144 1801 5213 ἡ
1825 5143 1990 5213 κόρη,

422 5224 585 5291 μέχρι
608 5221 799 5293 καιροῦ
822 5222 981 5294 σιγᾷν
1011 5219 1169 5284 οἶδεν,
1203 5222 1501 5295 αἰδουμένη
1539 5225 1631 5278 τὸν
1674 5226 1863 5296 ἄνδρα.
1897 5229 1992 5280 zeal

423 5303 736 5375 ξενιζομένη
790 5306 929 5376 πρὸς
975 5304 1044 5358 τά
1076 5306 1399 5375 πράγματα.
1435 5307 1507 5361 Σὺ
1536 5308 1715 5362 τοίνυν
1746 5308 1904 5362 τοῦτο
1930 5311 1991 5363 τὸ

418 5388 773 5457 αἰσχυντηλόν
799 5391 873 5458 μὴ
901 5388 1161 5458 διαλύσῃς
1193 5390 1424 5460 ταχέως,
1454 5390 1590 5461 ὅπερ
1611 5392 1661 5444 οἱ
1702 5391 1991 5446 ἀκόλαστοι

420 5468 633 5521 ποιοῦσι
655 5468 763 5522 τῶν
789 5470 1020 5540 ἀνδρῶν,
1051 5472 1166 5526 ἀλλ’
1195 5472 1503 5542 ἐπεξάγαγε
1536 5473 1627 5526 ἐπὶ
1655 5473 1819 5528 πολὺν
1860 5474 1991 5545 χρό-

478 5736 506 5806 ξι
533 5734 687 5806 unus,
709 5735 1066 5806 ,τῶνεοιρύτων
1094 5741 1435 5806 φιλοσοφοῦσα.

479 5797 506 5838 lo
534 5797 684 5859 λιιι-ε.
708 5796 881 5858 Savil.,
907 5796 1203 5864 ἀκαθάρτων.

1152 381 1212 437 S.
1247 379 1532 439 JOANNIS
1568 375 2058 436 CHIKYSOSTOMI
2096 375 2419 434 ABCIIIEP.
2460 377 3018 436 CONSTANI‘INOP.

3593 377 3692 433 ιιιε

2110 507 2223 543 νον·
2259 492 2403 562 μέγα
2429 492 2538 561 γάρ
2570 510 2655 547 σοι
2669 492 2829 547 τοῦτο
2846 493 2997 547 ἔσται
3020 494 3231 566 κέρδος.
3263 495 3379 549 Οὐκ
3403 491 3688 563 ἐγκαλέσει

2107 572 2266 638 τέως,
2292 575 2353 627 οὐ
2388 576 2665 646 μέμψεται
2696 578 2781 645 ἐφ’
2805 571 2888 640 οἷς
2910 577 3279 650 διατυπώσῃς.

2175 663 2246 726 η’.
2269 659 2453 711 Πάντα
2474 658 2653 712 τοίνυν
2677 659 2797 713 κατ’
2829 661 3035 714 ἐκεῖνον
3064 661 3342 731 νομοθέτει
3360 659 3453 714 τὸν
3475 658 3689 729 χρόνον,

2108 744 2229 798 καθ’
2242 745 2301 798 δν
2318 748 2351 815 ἠ
2375 746 2626 818 αίσχύνη,
2642 748 2897 821 καθάπερ
2914 766 3000 812 τις
3020 748 3236 818 χαλινὸς
3256 747 3601 817 ἐπικείμενος
3621 746 3689 817 τῇ

2106 832 2249 902 ψυχῇ
2262 873 2274 890 .
2295 834 2395 886 οὐκ
2412 835 2634 903 ἀφίησιν
2650 835 3159 907 οὐδὲν⁸μέμφεσθαι,
3176 836 3297 890 οὐδέ
3314 834 3563 905 ἐγκαλεῖν
3576 835 3691 898 τοῖς

2109 921 2434 989 γινομένοις.
2469 922 2636 976 Ὅταν
2664 923 2773 995 γὰρ
2800 925 3116 996 παρρησίας
3149 923 3472 991 ἐπιλάϐηται
3492 962 3508 986 ,
3550 921 3692 992 μετά

2110 1007 2313 1075 πολλῆς
2343 1008 2444 1077 τῆς
2471 1010 2654 1075 ἀδείας
2679 1012 2860 1066 πάντα
2889 1013 3191 1083 ἀνατρέπει
3217 1013 3312 1066 zeal
3341 1013 3551 1080 συγχεῖ.
3589 1009 3695 1062 Πό-

2107 1109 2169 1146 τε
2189 1094 2368 1147 τοίνυν
2392 1096 2538 1149 ἐστὶν
2565 1097 2752 1168 ἕτερος
2773 1097 2917 1152 οὕτω
2937 1098 3125 1170 καιρὸς
3145 1097 3450 1168 ἐπιτήδειος
3474 1094 3609 1167 πρὸς
3628 1093 3694 1147 τδ

2110 1179 2366 1234 πλάττειν
2412 1186 2668 1249 γυναῖκα,
2713 1184 2788 1247 ὡς
2818 1186 3049 1248 ἐκεῖνος,
3086 1184 3223 1238 καθ’
3259 1183 3317 1237 δν
3345 1182 3571 1237 αἰδεῖται
3600 1179 3695 1234 τδν

2110 1265 2299 1335 ἄνδρα,
2328 1268 2423 1321 zeal
2449 1267 2686 1321 δέδοικεν
2719 1268 2800 1323 ἔτι
2829 1271 2923 1324 zeal
2967 1270 3335 1330 ὀυσωπεῖται;
3383 1267 3518 1321 Τότε
3549 1267 3693 1336 αὐτῇ

2108 1352 2245 1406 τίθει
2279 1355 2404 1417 τοὺς
2424 1354 2624 1426 νόμους
2649 1356 2918 1420 ἅπαντας,
2943 1358 3037 1411 zeal
3064 1356 3278 1420 πάντως
3310 1354 3699 1425 πεισθήσεται,

2108 1438 2201 1492 zeal
2234 1440 2431 1495 ἑκοῦσα
2454 1443 2550 1495 zeal
2579 1443 2805 1497 ἄκουσα.
2841 1445 2966 1508 Πῶς
2995 1443 3053 1497 δέ
3084 1444 3184 1515 τήν
3218 1443 3482 1515 αἰσχύνην
3505 1442 3567 1495 οὐ
3595 1440 3698 1494 λύ-

2110 1543 2256 1594 σεις;
2286 1529 2452 1583 Ὅταν
2474 1530 2639 1604 φαίνῃ
2674 1533 2769 1586 zeal
2793 1533 2954 1596 αὐτὸς
2985 1533 3139 1587 οὐδὲν
3166 1527 3327 1604 ἦττον
3345 1522 3575 1600 ’ἐκείνης
3605 1532 3698 1584 αῖ-

2110 1616 2465 1687 σχυνόμενος,
2500 1617 2656 1687 ὀλίγα
2703 1619 2804 1691 μὲν
2837 1620 3379 1691 προσδιαλεγόμενος,
3428 1620 3523 1672 zeal
3552 1619 3700 1671 αὐτά

2106 1701 2164 1755 δὲ
2196 1703 2333 1773 μετά
2366 1704 2566 1775 πολλῆς
2613 1708 2713 1775 τῆς
2744 1705 3061 1777 ἐμϐριθείας
3089 1707 3184 1761 zeal
3213 1707 3317 1776 τῆς
3347 1705 3695 1776 συστροφῆς*

2106 1790 2228 1843 τότε
2255 1791 2389 1862 αὐτῇ
2422 1792 2548 1856 τοὺς
2579 1796 2707 1863 περὶ
2737 1794 3057 1864 φιλοσοφίας
3083 1793 3317 1857 κατάθες
3347 1792 3539 1862 λόγους
3564 1808 3579 1822 ·
3610 1791 3702 1845 δέ-

2105 1895 2257 1947 χεται
2278 1877 2437 1950 γάρή
2458 1879 2602 1949 ψυχή
2623 1898 2635 1910 ο
2654 1882 2734 1943 εἰς
2750 1880 2850 1949 τὴν
2876 1881 3166 1952 καλλίστην
3194 1880 3309 1944 ἐξιν
3332 1880 3504 1948 αὐτὴν
3521 1880 3698 1933 κατά-

2107 1980 2321 2033 στησον,
2359 1965 2456 2036 τὴν
2501 1965 2762 2037 αἰσχύνην
2805 1966 2971 2036 λέγω.
3027 1968 3092 2022 El
3145 1967 3203 2020 δὲ
3242 1966 3533 2037 βούλεσθε,
3596 1968 3699 2019 zeal

2105 2051 2503 2122 ὐποδείγματος
2534 2052 2721 2107 ἐνεκεν
2757 2053 2892 2122 ἐρῶ,
2926 2054 3047 2108 τίνα
3074 2055 3211 2125 πρὸς
3245 2053 3419 2125 αὐτὴν
3446 2052 3696 2120 διαλέγε-

2106 2138 2230 2193 σθαι
2260 2142 2388 2210 χρή.
2442 2141 2505 2193 Εἰ
2526 2139 2634 2210 γὰρ
2658 2141 2869 2204 Παῦλος
2889 2141 2951 2195 οὐ
2976 2142 3331 2213 παρῃτήσατο
3358 2143 3551 2201 εἰπεῖν,
3583 2143 3640 2193 Μ
3648 2140 3687 2206 ἡ

2105 2225 2154 2295 [ί
2165 2225 2256 2298 55]
2273 2228 2656 2300 ἀποστερεῖτε
2670 2229 3002 2295 ἀλλήλους,
3019 2229 3182 2283 καὶνυ
3191 2244 3361 2298 μφευτ
3371 2228 3489 2297 ρίας
3500 2226 3698 2295 ἐφθέγ-

2105 2312 2234 2378 ξατο
2253 2315 2471 2385 ῥήματα
2483 2356 2497 2380 ,
2525 2315 2721 2384 μᾶλλον
2736 2315 2791 2368 δὲ
2806 2317 2866 2368 οὐ
2885 2315 3273 2386 νυμφευτρίας,
3295 2315 3429 2369 ἀλλά
3447 2328 3698 2384 πνευμαι

2102 2403 2260 2472 τικῆς
2289 2402 2494 2473 ψυχῆςο
2525 2403 2708 2475 πολλῷ
2737 2402 2935 2473 μᾶλλον
2953 2406 3112 2475 ἡμεῖς
3135 2404 3196 2456 οὐ
3233 2401 3698 2474 παραιτησόμεθα

2105 2491 2302 2544 εἰπεῖν.
2345 2489 2412 2542 Τί
2449 2489 2626 2543 τοίνυν
2665 2490 2800 2561 αὐτῇ
2834 2490 3178 2559 διαλέγεσθαι
3205 2492 3343 2561 χρή;
3369 2489 3524 2543 Μετά
3554 2488 3694 2541 πολ-

2103 2574 2201 2645 λῆς
2227 2575 2411 2646 μέντοι
2432 2576 2653 2647 χάριτος
2666 2575 2844 2645 λέγειν
2862 2578 2997 2649 πρὸς
3020 2578 3211 2649 αὐτήν·
3249 2577 3465 2647 Ὶίμεῖς,
3483 2570 3529 2630 ὦ
3557 2593 3696 2629 παι-

2102 2662 2235 2725 δίον,
2264 2664 2358 2716 τοῢ
2384 2663 2499 2732 βίου
2526 2681 2585 2717 σε
2615 2664 2869 2717 κοινωνὸν
2896 2665 3163 2735 ἐλάϐομεν
3193 2667 3289 2719 zeal
3318 2666 3694 2734 εἰσηγάγομεν

2103 2749 2161 2801 ἐν
2189 2752 2303 2813 τοῖς
2334 2751 2683 2820 τιμιωτέροις
2715 2753 2809 2805 zeal
2846 2752 3295 2823 ἀναγκαιοτέροις
3329 2753 3459 2822 ἡμῖν
3490 2767 3691 2804 κοινω-

2101 2835 2389 2906 νήσουσαν,
2422 2838 2481 2889 ἐν
2513 2836 2857 2909 παιδοποιίᾳ,
2894 2837 2989 2890 zeal
3023 2838 3202 2901 οίκίας
3248 2836 3573 2907 προστασίᾳ.
3618 2833 3692 2888 Τί

2103 2918 2196 2976 οὖν
2221 2924 2284 2996 δή
2316 2940 2374 2975 σε
2400 2922 2863 2993 παρακαλοῦμεν;
2913 2924 3128 2978 Μᾶλλον
3163 2923 3221 2977 δέ
3255 2924 3358 2995 πρὸ
3388 2923 3576 2977 τούτου
3615 2922 3692 2975 τὰ

2100 3010 2203 3080 τῆς
2234 3010 2457 3079 ἀγάπης
2488 3009 2737 3079 διαλέγου
2760 3028 2773 3042 ·
2807 3010 2961 3064 οὐδὲν
2989 3012 3098 3082 γάρ
3130 3010 3272 3064 οὕτω
3309 3010 3685 3069 συμϐάλλεται

2099 3097 2234 3162 πρὸς
2276 3098 2338 3150 τὸ
2374 3100 2559 3151 πεῖσαι
2582 3098 2676 3152 τὸν
2703 3098 2971 3154 ἀκούοντα
3010 3098 3264 3164 δέξασθαι
3300 3099 3366 3152 τά
3387 3098 3689 3168 λεγόμενα,

2097 3183 2171 3243 ὡς
2203 3182 2265 3236 τὸ
2301 3184 2514 3254 μαθεῖν,
2545 3188 2629 3240 ὄτι
2667 3185 2805 3255 μετά
2837 3185 3036 3255 πολλῆς
3066 3185 3165 3256 τῆς
3194 3185 3413 3254 ἀγάπης
3442 3184 3689 3251 λέγεται.

2101 3268 2225 3333 Πῶς
2251 3266 2343 3325 οὖν
2376 3271 2565 3337 δείξεις
2591 3273 2690 3343 τήν
2720 3272 2978 3341 ἀγάπην;
3016 3274 3114 3325 Ἂν
3144 3273 3327 3345 εῖπῃς,
3360 3273 3443 3325 ὅτι
3472 3270 3688 3335 Πολλὰς

2100 3356 2221 3410 ἐνδν
2248 3357 2462 3420 λαϐεῖν,
2504 3358 2597 3411 zeal
2631 3359 3020 3429 εὐπορωτέρας
3060 3360 3153 3413 zeal
3187 3359 3376 3427 γένους
3401 3356 3685 3429 λαμπροῦ,

2100 3444 2200 3514 οὐχ
2218 3444 2463 3514 εἱλόμην,
2494 3444 2631 3498 ἀλλὰ
2657 3444 2751 3499 σοῦ
2782 3447 2876 3499 καὶ
2899 3447 2997 3517 τῆς
3024 3447 3121 3516 σῆς
3150 3446 3395 3516 ἠράσθην
3418 3448 3690 3516 ἀναστροο

2103 3530 2229 3601 φῆς,
2259 3529 2358 3598 τῆς
2380 3531 2752 3601 κοσμιότητος,
2783 3532 2881 3601 τῆς
2912 3534 3229 3596 ἐπιεικείας,
3260 3533 3359 3603 τῆς
3395 3530 3685 3602 σωφροσύ-

2100 3634 2217 3681 νης.
2249 3612 2380 3670 Εἶτα
2410 3617 2517 3670 ἀπὸ
2544 3618 2750 3672 τούτων
2786 3619 2950 3683 εὐθὺς
2976 3619 3396 3691 παρασκεύασον
3430 3620 3546 3673 ὁδὸν
3571 3617 3685 3671 τῶν

2098 3700 2273 3770 λόγων
2298 3702 2405 3755 τῶν
2433 3704 2560 3774 περὶ
2583 3704 2921 3773 φιλοσοφίας,
2957 3708 3053 3758 zeal
3076 3707 3371 3777 κατηγόρει
3396 3705 3491 3760 τοῦ
3517 3706 3685 3759 πλού-

2096 3807 2191 3842 του
2225 3790 2363 3860 μετά
2386 3807 2529 3857 τινος
2560 3792 2827 3862 περιόδου.
2876 3793 3091 3857 Ἀπλῶς
3129 3794 3228 3865 μὲν
3258 3796 3368 3865 γάρ
3390 3796 3482 3848 ἐὰν
3506 3811 3682 3847 κατα-

2098 3879 2278 3953 τείνῃς
2298 3879 2453 3949 λόγον
2471 3882 2613 3935 κατὰ
2634 3882 2887 3945 πλούτου,
2917 3884 3172 3954 φορτικὸς
3201 3883 3299 3955 ἐσῃ
3322 3900 3336 3916 ο
3365 3884 3431 3938 ἂν
3453 3884 3509 3937 δὲ
3542 3885 3681 3936 ὐπο-

2099 3968 2300 4031 θέσεως
2319 3967 2638 4039 λαϐόμενος,
2669 3971 2846 4025 πάντα
2874 3971 3111 4035 ἀνύσεις.
3157 3973 3340 4038 Δόξεις
3364 3973 3474 4043 γὰρ
3502 3974 3559 4024 ἐν
3581 3972 3684 4025 τά·

2101 4056 2178 4121 εει
2198 4055 2490 4125 ἀπολογίας
2522 4056 2584 4109 τὸ
2604 4059 2835 4128 πρᾶγμα
2857 4060 3051 4116 ποιεῖν.
3085 4059 3183 4129 οὐχ
3204 4057 3280 4123 ὡς
3304 4056 3572 4129 αὐστηρός
3592 4076 3681 4122 τις

2098 4143 2193 4196 zeal
2222 4142 2419 4214 ἄχαρις
2450 4144 2545 4198 zeal
2580 4144 2903 4217 μικρολόγος
2928 4188 2944 4212 ,
2973 4146 3088 4200 ἀλλ’
3117 4147 3244 4201 ὅταν
3281 4150 3346 4200 ἐκ
3368 4145 3476 4199 τῶν
3506 4146 3681 4216 αὐτῆς

2096 4230 2195 4299 τὴν
2228 4230 2481 4284 ὑπόθεσιν
2508 4229 2679 4305 λάϐῃς
2700 4273 2715 4297 ,
2755 4234 2848 4287 zeal
2877 4233 3190 4305 ήσθήσεται.
3229 4235 3400 4306 Ἐρεῖς
3425 4230 3516 4288 οὖν
3544 4235 3678 4306 (πά-

2097 4315 2179 4368 λιν
2220 4314 2329 4387 γάρ
2351 4316 2442 4369 τὸν
2484 4317 2640 4386 λόγον
2682 4319 2972 4373 ἀναλαϐεῖν
3005 4322 3348 4390 ἀναγκαῖον),
3393 4322 3475 4374 ὅτι
3500 4321 3679 4392 παρόν

2097 4404 2359 4457 πλουσίαν
2385 4404 2559 4474 γῆμαι
2586 4406 2681 4458 zeal
2709 4404 2961 4475 εὐπορον,
2988 4407 3089 4459 οὐκ
3123 4408 3452 4478 ἠνεσχόμην.
3485 4409 3550 4461 Τί
3578 4408 3680 4481 δή·

2097 4507 2266 4555 ποτε;
2301 4490 2412 4561 Οὐχ
2456 4490 2662 4555 ἁπλῶς,
2701 4492 2821 4546 οὐδέ
2862 4493 3012 4562 εἰκῆ,
3050 4493 3168 4546 ἀλλ’
3205 4495 3532 4564 ἐπαιδεύθην
3560 4496 3680 4563 ἐγὼ

2096 4578 2295 4640 καλῶς,
2343 4579 2426 4631 ὅτι
2451 4577 2680 4643 πλοῦτος
2709 4579 2862 4634 οὐδὲν
2902 4581 3090 4650 κτῆμά
3110 4583 3281 4647 ἐστιν,
3324 4582 3459 4637 ἀλλά
3494 4586 3677 4652 πρᾶγ-

2101 4683 2178 4736 μα
2198 4665 2690 4737 εὐκαταφρόνητον,
2722 4669 2814 4721 zeal
2846 4668 3069 4741 λῃσταῖς
3088 4669 3290 4740 προσὸν
3317 4669 3410 4723 zeal
3444 4672 3678 4741 πόρναις

2093 4751 2309 4820 γυναιξὶ
2336 4752 2431 4804 zeal
2462 4752 2861 4824 τυμϐωρύχοις.

2162 4838 2253 4892 Διὸ
2311 4838 2482 4892 ταῦτα
2520 4839 2708 4909 ἀφεὶς,
2766 4842 2860 4894 ἐπὶ
2897 4843 2997 4912 τὴν
3034 4841 3133 4913 τῆς
3185 4842 3285 4913 σῆς
3330 4845 3532 4916 ἀρετὴν
3576 4840 3675 4917 ἧλ-

2093 4925 2184 4978 θον
2238 4924 2447 4995 ψυχῆς,
2503 4926 2572 4998 ήν
2627 4927 2829 4992 παντὸς
2872 4930 3123 4999 προτιμῶ
3167 4932 3412 5002 χρυσίου.
3468 4932 3672 5004 Συνετή

2092 5014 2200 5084 γὰρ
2242 5014 2335 5067 zeal
2375 5014 2635 5086 ἐλευθέρα
2687 5015 2822 5088 κόρη
2871 5016 3004 5083 νέα,
3060 5017 3158 5072 zeal
3204 5019 3489 5084 εὐλαϐείας
3546 5024 3672 5076 ἐπι-

2095 5100 2419 5172 μελουμένη,
2475 5101 2655 5173 πάσης
2688 5105 2786 5174 τῆς
2842 5103 3169 5174 οἰκουμένης
3218 5107 3370 5159 ἐστὶν
3421 5106 3670 5173 ἀνταξία.

2092 5188 2190 5242 Διά
2226 5188 2291 5258 δὴ
2338 5186 2512 5242 ταῦτά
2562 5206 2621 5243 σε
2655 5191 2751 5244 zeal
2777 5191 3116 5262 ὴσπασάμην
3149 5193 3242 5247 καὶ
3270 5193 3428 5263 φιλῶ,
3452 5196 3545 5249 zeal
3571 5197 3678 5267 τῆς

2091 5273 2326 5346 ἐμαυτοῦ
2370 5274 2665 5346 προτίθημι
2697 5277 2894 5349 ψυχῆς.
2943 5278 3110 5332 Οὐδὲν
3138 5280 3247 5351 γάρ
3276 5283 3305 5334 ὀ
3331 5281 3520 5354 παρὼν
3560 5284 3677 5354 βίος

2091 5361 2228 5426 ἐστὶ,
2262 5363 2355 5414 zeal
2395 5359 2625 5432 εὔχομαι
2663 5364 2758 5416 zeal
2804 5366 3106 5435 παρακαλῶ
3139 5368 3235 5421 zeal
3280 5369 3458 5424 πάντα
3509 5372 3670 5432 ποιῶ.

2090 5447 2230 5502 ὥστε
2257 5449 2405 5519 ἡμᾶς
2436 5447 2578 5502 οὕτω
2622 5450 3021 5522 καταξιωθῆναι.
3062 5453 3156 5506 τὸν
3192 5455 3435 5528 παρόντα
3476 5460 3675 5528 στῆσαι

2093 5536 2230 5606 βίον,
2264 5533 2405 5587 ὥστε
2441 5535 2733 5607 δυνηθῆναι
2772 5538 2867 5591 zeal
2905 5539 3024 5592 ἐκεῖ
3053 5542 3111 5593 ἐν
3131 5541 3209 5612 τῷ
3240 5543 3484 5613 μέλλοντι
3514 5547 3674 5601 αίῶνι

2095 5622 2232 5693 μετά
2246 5620 2447 5707 πολλῆς
2467 5621 2567 5692 τῆς
2587 5623 2772 5687 ἀδείας
2790 5625 3041 5695 ἀλλήλοις
3065 5632 3322 5685 συνεῖναι.
3361 5633 3419 5684 '0
3442 5632 3541 5703 μέν
3562 5634 3673 5707 γάρ

2090 5710 2281 5780 χρόνος
2309 5702 2463 5774 οὗτος
2486 5710 2691 5782 βραχὺς
2714 5714 2808 5766 zeal
2826 5714 3089 5786 ἐπίκηρος
3115 5731 3129 5745 ’
3153 5719 3200 5771 εί
3221 5718 3298 5780 δέ.
3316 5702 3677 5786 καταξιωθεί⁴

2096 5813 2237 5867 ημεν
2278 5796 2739 5867 εὐαρεστήσαντες
2776 5799 2854 5868 τῷ
2884 5800 3004 5871 Θεῷ
3029 5800 3170 5857 οὕτω
3208 5806 3298 5860 τὸν
3330 5805 3442 5877 βίον
3473 5810 3671 5878 μετελ-
