4042 6212
306 294 397 350 ιιδ

309 416 371 462 tet
406 419 531 461 eum
581 400 784 458 habere
815 411 984 469 prepe
1026 410 1088 453 se
1126 394 1261 451 nihil
1293 393 1681 464 acquirentem,
1707 406 1867 461 quam

306 497 471 552 decies
517 491 663 549 mille
707 490 907 546 talenta
933 502 1056 543 cum
1097 487 1245 542 curis
1291 494 1347 541 et
1392 482 1867 548 sollicitudinibus,

306 602 413 654 qua:
436 598 652 655 semper
674 581 873 636 adsunt
891 577 1209 633 mulieribus
1228 591 1300 631 ex
1328 572 1866 645 peregrinationibus.

306 676 397 734 Sed
427 690 604 745 neque
631 674 856 728 maritus
884 671 1002 726 haec
1038 669 1286 734 audiens,
1315 678 1370 722 ut
1396 667 1488 738 qui
1534 667 1691 721 habet
1719 668 1871 736 prin-

306 770 552 838 cipatum,
578 770 932 825 Convertatur
969 762 1036 817 ad
1065 759 1422 816 contumelias
1451 766 1506 812 et
1549 757 1751 826 plagas,
1777 756 1870 811 sed

307 867 563 920 hortetur,
587 858 896 920 admoneat,
929 862 1198 923 tamquam
1239 849 1618 921 imperfectiori
1647 848 1872 904 rationi-

308 951 390 1004 bus
424 947 766 1022 persuadeat,
787 961 979 1001 manus
1010 945 1065 999 in
1096 959 1214 998 eam
1245 957 1350 1021 non
1378 939 1664 997 extendat:
1690 939 1872 1009 procul

313 1042 415 1095 hate
440 1056 469 1092 a
510 1040 674 1094 libera
705 1038 881 1093 anima
906 1053 922 1104 ;
973 1036 1068 1095 sed
1099 1050 1197 1089 nec
1225 1034 1600 1094 contumelias,
1627 1047 1724 1087 nec
1750 1047 1875 1101 pro-

308 1134 388 1189 bra
419 1148 517 1187 nec
539 1130 823 1186 maledicta
854 1131 1081 1200 ingerat,
1106 1127 1200 1183 sed
1224 1138 1278 1180 ut
1298 1142 1419 1195 qua:
1438 1126 1509 1180 sit
1536 1123 1874 1195 insipientior

307 1239 413 1279 eam
442 1231 749 1293 componat.
784 1220 1064 1289 Quomodo
1091 1229 1269 1274 autem
1310 1218 1414 1273 hoc
1434 1217 1581 1274 erit?
1625 1217 1681 1272 Si
1721 1231 1875 1270 veras

306 1315 467 1370 discat
493 1314 731 1376 divitias,
765 1313 809 1367 si
849 1326 1135 1379 supernam
1164 1309 1586 1378 philosOphiam,
1617 1307 1750 1361 nihil
1779 1322 1874 1361 eo-

306 1422 413 1461 rum
452 1405 752 1461 damnabit.
798 1403 996 1458 Doceat
1016 1417 1135 1456 eam
1161 1399 1301 1469 quod
1344 1408 1627 1470 paupertas
1674 1397 1875 1452 nullum

305 1506 368 1551 Sil
388 1497 628 1560 malum;
669 1495 862 1550 doceat
890 1508 995 1548 non
1021 1492 1196 1547 solum
1237 1506 1335 1562 per
1356 1505 1421 1545 ea
1446 1505 1564 1557 quae
1590 1488 1740 1551 dicit,
1781 1486 1874 1542 sed

310 1597 358 1641 et
383 1602 484 1657 per
511 1602 574 1642 ea
599 1602 722 1657 qua:
764 1584 931 1650 facit;
982 1584 1177 1640 doceat
1215 1583 1492 1652 despicere
1531 1580 1778 1651 gloriam,
1821 1588 1879 1634 et

309 1678 433 1734 nihil
466 1676 775 1749 huiusmodi
802 1677 949 1732 dicet
991 1678 1185 1731 mulier
1212 1689 1311 1729 nec
1332 1673 1694 1742 concupiscet.
1726 1672 1803 1725 Ac
1832 1670 1878 1724 si

308 1769 585 1839 imaginem
612 1767 905 1836 acciperet,
926 1766 996 1821 ab
1031 1766 1120 1820 illa
1146 1779 1367 1834 vespera
1389 1778 1493 1833 qua
1532 1776 1652 1817 eam
1681 1760 1881 1830 excipit

308 1861 562 1927 thalamo,
583 1874 700 1914 eam
727 1858 923 1913 doceat
964 1856 1390 1926 temperantiam,
1433 1853 1771 1915 modestiam,
1798 1850 1877 1906 le-

312 1952 559 2016 uitatem,
586 1959 645 2005 ut
679 1951 851 2004 statim
881 1949 950 2004 ab
977 1948 1221 2013 exordio,
1254 1956 1308 2003 et
1344 1946 1414 2001 ab
1448 1946 1578 2015 ipsis
1605 1942 1879 1999 vestibulis

316 2043 543 2096 honeste
567 2043 724 2105 vivat,
749 2040 992 2112 pecunia:
1019 2052 1258 2118 amorem
1281 2036 1541 2105 dejiciens
1565 2052 1579 2090 :
1604 2042 1660 2090 et
1685 2034 1736 2087 in
1758 2031 1879 2101 phi-

315 2132 550 2203 losophia
576 2132 784 2188 erudiat
803 2140 861 2187 et
886 2131 1112 2187 suadeat
1140 2145 1208 2186 ne
1246 2131 1316 2184 sit
1338 2129 1388 2184 ei
1412 2142 1604 2182 aurum
1643 2125 1882 2196 pendens

314 2241 378 2280 ex
397 2224 636 2290 auribus,
662 2239 762 2279 nec
792 2240 858 2279 eo
890 2233 1114 2280 ornetur
1152 2222 1204 2277 in
1245 2221 1398 2292 genis
1420 2231 1477 2275 et
1504 2219 1667 2285 collo,
1691 2231 1791 2271 nec
1828 2214 1884 2270 id

312 2316 600 2384 repositum
624 2313 819 2370 haheat
846 2315 898 2368 in
932 2314 1191 2379 thalamo,
1221 2327 1395 2382 neque
1414 2323 1589 2365 vestes
1609 2322 1801 2364 aureas
1829 2318 1885 2363 et

315 2414 688 2478 sumptuosas;
721 2405 816 2461 sed
854 2405 926 2459 sit
950 2405 1166 2475 quidem
1191 2404 1410 2471 elegans
1429 2413 1671 2467 ornatus,
1698 2411 1754 2456 at
1776 2416 1885 2456 non

314 2495 377 2552 ad
421 2497 674 2566 probrum
703 2506 759 2553 et
787 2498 1169 2552 contumeliam
1199 2495 1403 2551 recidat
1444 2496 1743 2565 elegantia;
1788 2508 1885 2548 ve-

316 2601 428 2641 rum
455 2588 537 2641 his
556 2587 796 2642 dimissis
820 2587 1171 2642 histrionibus
1199 2588 1252 2641 in
1277 2587 1510 2649 scenica,
1523 2600 1653 2639 orna
1669 2585 1885 2640 domum

315 2694 430 2733 cum
462 2680 628 2734 multa
674 2679 957 2735 honestate
999 2695 1064 2734 ac
1088 2679 1309 2743 decore.
1344 2679 1637 2748 spirantem
1683 2688 1889 2747 tempe-

320 2772 536 2823 rantiam
564 2770 763 2839 potius,
788 2785 948 2841 quam
970 2770 1134 2825 alium
1163 2785 1380 2826 suavem
1403 2771 1646 2826 odorem.
1672 2769 1753 2824 Ex
1788 2768 1891 2824 hoc

318 2861 454 2915 enim
483 2871 643 2916 erunt
661 2861 768 2917 duo
793 2872 887 2917 aut
918 2863 1018 2917 tria
1048 2862 1188 2917 bona
1226 2881 1240 2917 :
1275 2863 1503 2931 primum
1530 2861 1745 2932 quidem
1783 2875 1889 2915 non

323 2951 514 3006 dolebit
542 2967 766 3022 sponsa,
792 2953 920 3008 dum
953 2954 1144 3009 solutis
1183 2954 1512 3024 nuptialibus
1541 2952 1786 3008 thalamis
1808 2967 1895 3007 re-

321 3044 596 3099 mittuntur
624 3046 692 3100 ad
727 3048 968 3117 singulos
986 3058 1167 3102 vestes
1191 3057 1247 3101 et
1274 3063 1399 3103 vasa
1429 3062 1590 3102 aurea
1615 3056 1669 3102 et
1703 3061 1895 3115 argen-

325 3146 444 3190 tea:
475 3138 739 3204 secundo,
765 3137 908 3207 quod
944 3153 1174 3207 sponsus
1219 3153 1324 3194 non
1369 3139 1475 3193 erit
1520 3137 1782 3192 sollicitus
1825 3152 1895 3192 ne

322 3240 558 3294 pereant,
590 3238 645 3282 et
670 3237 727 3282 ut
753 3228 1125 3284 custodiantur
1153 3245 1272 3300 quae
1296 3239 1422 3284 sunt
1444 3238 1771 3298 comparata.
1799 3227 1894 3284 llis

321 3316 515 3371 accedit
546 3319 793 3385 tertium,
824 3319 968 3389 quod
993 3328 1077 3374 est
1117 3335 1324 3374 summa
1365 3320 1629 3374 bonorum
1656 3336 1669 3372 :
1701 3334 1767 3373 ex
1813 3319 1896 3373 his

324 3403 447 3474 ipsis
472 3408 722 3463 ostendet
766 3418 1003 3464 mentem
1039 3425 1214 3475 suam,
1238 3426 1297 3465 se
1339 3412 1490 3465 nullo
1527 3410 1719 3465 borum
1745 3409 1895 3464 dele-

323 3500 469 3563 ctari,
498 3510 553 3552 et
578 3514 638 3554 se
659 3501 823 3555 etiam
852 3512 1045 3555 czntera
1069 3501 1245 3556 omnia
1284 3501 1690 3565 dissoluturum,
1723 3515 1898 3570 neque

325 3605 566 3659 umquam
590 3606 975 3648 concessurum
1007 3602 1065 3647 ut
1106 3593 1236 3648 fiant
1273 3592 1583 3648 saltationes
1608 3602 1664 3647 et
1698 3607 1897 3647 canan-

329 3689 411 3733 tur
434 3682 693 3751 impudica
722 3685 954 3738 cantica.
987 3683 1055 3739 Et
1080 3685 1194 3739 scio
1214 3684 1431 3754 quidem
1456 3698 1543 3739 me
1581 3682 1749 3737 videri
1778 3683 1899 3752 qui-

324 3772 541 3826 busdam
565 3789 687 3829 esse
715 3775 1021 3839 ridiculum,
1045 3775 1135 3844 qui
1161 3775 1261 3829 has
1304 3775 1448 3845 leges
1477 3774 1682 3839 feram;
1727 3774 1820 3829 sed
1851 3775 1897 3828 si

328 3863 455 3916 mihi
480 3864 836 3929 credideritis,
870 3865 1196 3936 procedente
1221 3874 1479 3934 tempore,
1502 3876 1558 3921 et
1576 3865 1898 3920 succedente

325 3956 403 4008 rei
445 3957 686 4022 utilitate,
720 3967 848 4014 tunc
891 3959 1098 4015 lucrum
1131 3959 1314 4014 scietis
1343 3975 1356 4010 :
1397 3966 1453 4013 et
1477 3958 1657 4013 efﬂuet
1682 3957 1895 4027 quidem

326 4049 489 4110 risus,
517 4058 570 4103 et
611 4050 899 4106 irridebitis
937 4067 1056 4106 eam
1085 4067 1205 4122 qua:
1253 4066 1395 4107 nunc
1424 4059 1506 4106 est
1548 4050 1896 4107 consuetudi-

328 4150 490 4203 nem;
528 4147 580 4193 et
607 4140 856 4196 videbitis
880 4157 942 4196 ea
964 4158 1081 4211 qua:
1117 4157 1262 4196 nunc
1288 4142 1440 4208 fiunt,
1464 4155 1584 4197 esse
1609 4155 1899 4210 puerorum

327 4228 687 4298 insipientium
714 4240 766 4285 et
804 4232 1041 4286 virorum
1075 4232 1380 4297 ebriorum;
1409 4247 1527 4301 qua:
1556 4241 1732 4286 autem
1777 4245 1897 4286 sua-

328 4319 458 4383 deo,
479 4337 591 4378 esse
608 4322 906 4380 'modestiae
942 4333 998 4381 et
1025 4324 1379 4395 philosophiae
1404 4333 1463 4380 et
1501 4339 1749 4394 superine
1778 4325 1900 4378 vita:

330 4413 546 4482 agenda:
571 4416 856 4470 rationem.
881 4415 1020 4484 Quid
1066 4431 1195 4485 ergo
1231 4415 1353 4471 dico
1380 4416 1669 4484 oportere?
1709 4414 1901 4469 Omnia

334 4508 502 4575 turpia
524 4510 727 4564 cantica
755 4525 874 4580 qua:
897 4520 1020 4564 sunt
1046 4509 1302 4573 satanica,
1335 4508 1651 4563 iultonestas
1670 4507 1899 4561 cantile-

333 4612 453 4664 nas,
482 4600 873 4656 immundorum
899 4601 1158 4672 iuvenum
1181 4600 1531 4656 circuitiones
1556 4598 1705 4653 aufer
1744 4613 1773 4652 a
1804 4613 1904 4653 nu-

338 4692 478 4758 ptiis.
506 4701 559 4748 et
596 4694 712 4748 base
753 4702 1006 4763 poterunt
1038 4693 1303 4762 castigare
1346 4706 1599 4761 sponsam
1626 4700 1684 4745 et
1713 4688 1903 4744 mode-

336 4792 471 4837 stam
514 4786 761 4843 reddere.
788 4786 982 4842 Statim
1027 4787 1172 4840 enim
1216 4785 1357 4855 apud
1400 4799 1460 4840 se
1499 4782 1898 4840 considerabit:

340 4869 507 4941 papa,
526 4878 696 4946 qualis
714 4887 800 4932 est
822 4876 908 4930 hic
930 4877 1037 4931 vir!
1066 4886 1145 4931 est
1175 4875 1557 4945 philosophus:
1583 4873 1721 4928 hanc
1741 4874 1901 4927 vitam

341 4964 484 5019 nihili
517 4966 692 5034 ducit;
740 4966 808 5022 ad
853 4967 1216 5038 procreandos
1261 4966 1458 5021 liberos
1500 4974 1554 5020 et
1597 4963 1905 5019 educandos

341 5066 432 5107 me
451 5056 500 5112 iu
522 5059 663 5115 a'des
682 5060 858 5125 duxit,
890 5069 947 5115 et
983 5060 1052 5115 ad
1092 5060 1310 5114 domum
1340 5052 1768 5113 custodiendam.
1798 5054 1904 5112 Sed

349 5144 462 5202 hac
490 5166 691 5220 sponsa:
721 5161 883 5207 erunt
912 5151 1237 5222 injucunda?
1268 5151 1347 5205 Ad
1376 5152 1607 5220 primum
1657 5164 1825 5220 usque
1850 5157 1906 5204 et

352 5240 624 5298 secundum
654 5245 824 5305 diem.
847 5260 954 5298 non
983 5253 1160 5299 autem
1189 5244 1477 5313 deinceps;
1507 5242 1601 5297 sed
1631 5251 1687 5296 et
1726 5242 1901 5296 maxi-

349 5342 483 5383 mam
503 5337 669 5402 capiet
685 5335 1039 5405 voluptatem,
1079 5351 1140 5391 se
1180 5335 1249 5391 ab
1271 5336 1416 5389 omni
1443 5335 1753 5404 suspicione
1776 5333 1907 5388 libe-

346 5432 486 5474 rans.
514 5422 635 5479 Nam
670 5426 762 5497 qui
789 5442 965 5496 neque
998 5426 1177 5494 tibias,
1214 5442 1387 5496 neque
1426 5426 1706 5489 saltantes,
1735 5438 1907 5494 neque

346 5506 531 5568 fractos
549 5529 733 5572 cautus
758 5519 1095 5582 sustinuerit,
1122 5518 1281 5588 idque
1304 5528 1547 5587 tempore
1578 5517 1904 5588 nuptiarum,

346 5602 441 5654 vix
458 5603 559 5673 ipse
572 5609 622 5662 in
643 5610 880 5664 animum
899 5609 1170 5666 induxerit
1187 5621 1243 5665 ut
1264 5619 1417 5681 turpe
1434 5608 1634 5679 aliquid
1651 5621 1905 5678 umquam

348 5699 449 5745 ειυι
479 5694 621 5756 faciat
663 5708 757 5755 aut
784 5701 945 5758 dicat.
990 5701 1121 5759 Post
1167 5700 1271 5759 hoc
1312 5712 1512 5770 autem,
1543 5699 1759 5773 quando
1789 5699 1904 5756 lucc

1137 279 1208 337 ΙΝ
1244 279 1462 336 EPIST.
1504 281 1597 334 AD
1634 277 1883 335 EPIIES.
1921 278 2073 336 CAP.
2116 281 2178 336 Ὗ.
2223 281 2453 337 ιιοδιιι..
2496 283 2613 338 XX.

3453 290 3556 346 H6

1976 393 2157 447 omnia
2184 394 2472 449 abstuleris
2514 408 2546 450 a
2586 394 2954 462 matrimonio,
2982 407 3130 452 recte
3164 407 3217 454 te
3245 415 3420 470 geras,
3448 418 3551 475 pu-

1974 482 2160 539 dorem
2189 484 2403 554 quidem
2432 485 2484 540 in
2512 485 2731 557 longum
2770 496 2985 559 tempus
3022 491 3341 563 extendens,
3371 505 3423 550 ct
3448 512 3553 556 non

1975 573 2083 629 cito
2125 574 2446 630 dissolvens.
2477 575 2610 631 Nam
2652 578 2754 633 etsi
2810 581 3219 639 inverecundior
3247 587 3317 642 sit
3354 590 3551 658 puella,

1976 666 2081 720 scit
2106 667 2170 720 ad
2195 675 2404 737 tempus
2429 669 2612 736 silere,
2636 672 2816 726 mariti
2855 682 2996 729 mota
3024 680 3323 733 reverentia
3342 723 3358 748 ,
3391 690 3446 737 et
3471 698 3557 738 ro-

1978 772 2096 811 rum
2123 759 2313 827 quibus
2343 775 2450 815 non
2494 765 2727 819 assuevit
2757 767 3012 824 novitate.
3048 769 3203 826 llunc
3231 788 3358 841 ergo
3386 777 3558 844 pudo-

1979 863 2093 901 rem
2137 864 2243 903 non
2287 851 2394 906 cito
2418 851 2706 920 dissplvas,
2736 856 2878 924 quod
2925 857 3126 914 faciunt
3157 862 3251 916 viri
3284 864 3558 933 impudici,

1978 937 2072 993 sed
2099 941 2357 995 extendas
2384 942 2451 996 ad
2484 943 2699 1014 longum
2731 954 2940 1016 tempus
2966 967 2979 1003 :
3012 949 3115 1005 hoc
3145 953 3287 1007 enim
3321 955 3413 1009 tibi
3439 972 3556 1009 ma-

1981 1045 2142 1101 gnum
2163 1033 2351 1088 afferet
2377 1035 2604 1091 lucrum.
2621 1037 2837 1094 Interim
2862 1057 2967 1096 non
2996 1045 3287 1111 accusabit,
3304 1063 3401 1103 nec
3426 1064 3560 1119 que-

1980 1132 2131 1177 retur
2159 1123 2226 1178 de
2250 1126 2314 1178 iis
2338 1141 2459 1195 qua?
2489 1138 2544 1182 tu
2576 1132 2849 1186 statueris.

2050 1214 2102 1267 8.
2145 1214 2313 1285 Leges
2356 1233 2485 1289 ergo
2529 1221 2795 1278 constitue
2850 1234 2962 1280 toto
3012 1227 3102 1281 illo
3142 1236 3421 1299 tempore,
3451 1248 3560 1302 quo

1980 1306 2153 1374 pudor
2184 1316 2450 1379 tamquam
2489 1313 2755 1381 quoddam
2788 1315 2994 1372 frenum
3021 1321 3211 1375 animre
3254 1324 3557 1393 impositus,

1982 1410 2086 1449 non
2131 1396 2260 1451 sinit
2297 1400 2365 1454 de
2404 1401 2587 1471 aliquo
2610 1407 2865 1475 conqueri
2891 1449 2905 1469 ,
2940 1424 3039 1463 nec
3065 1425 3127 1465 ea
3158 1428 3276 1481 quae
3308 1414 3440 1468 liunt
3469 1430 3562 1469 re-

1980 1484 2261 1555 darguere.
2287 1489 2416 1544 Nam
2437 1493 2652 1562 quando
2671 1496 2914 1551 fiduciam
2941 1508 2994 1553 et
3023 1499 3231 1556 dicendi
3259 1503 3558 1562 libertatem

1981 1577 2415 1648 apprehenderit,
2443 1598 2565 1637 cum
2607 1585 2770 1640 multa
2816 1591 3103 1645 securitate
3149 1596 3326 1648 omnia
3369 1598 3566 1654 evertit

1980 1676 2038 1722 et
2065 1670 2359 1724 confundit.
2392 1672 2616 1739 Quando
2658 1691 2787 1746 ergo
2816 1680 2916 1732 erit
2962 1681 3106 1736 aliud
3158 1693 3362 1753 tempus
3409 1704 3563 1757 a-que

1982 1767 2165 1827 aptum
2212 1760 2278 1814 ad
2321 1760 2622 1831 fingendam
2654 1775 2709 1820 et
2752 1767 3082 1825 formandam
3129 1788 3372 1842 uxorem,
3404 1787 3565 1847 atque

1985 1850 2115 1906 illud
2143 1867 2250 1921 quo
2279 1866 2555 1912 reveretur
2583 1861 2835 1915 maritum
2875 1872 2930 1917 et
2972 1864 3146 1920 adhuc
3191 1867 3340 1923 timet
3384 1880 3438 1924 et
3470 1887 3566 1940 pu-

1985 1940 2115 1995 dore
2142 1943 2448 2000 detinetur?
2471 1946 2620 2002 Tunc
2661 1950 2710 2003 ei
2744 1951 2956 2021 impone
2987 1954 3129 2024 leges
3149 1970 3357 2023 omnes,
3386 1968 3441 2013 et
3469 1976 3564 2029 pa-

1985 2032 2146 2099 rebit,
2176 2045 2230 2089 et
2256 2035 2444 2091 lubens
2469 2047 2523 2093 et
2548 2037 2734 2095 invita.
2757 2041 3036 2108 Quomodo
3052 2055 3226 2100 autem
3257 2063 3363 2103 non
3391 2050 3566 2106 solves

1987 2124 2287 2194 pudorem?
2310 2127 2533 2196 Quando
2565 2134 2804 2188 cerneris
2844 2133 2960 2203 ipse
2989 2151 3199 2207 quoque
3242 2154 3346 2194 non
3389 2142 3567 2199 minus

1986 2231 2147 2286 quam
2176 2217 2262 2272 illa
2290 2219 2646 2288 erubescens,
2680 2237 2844 2292 pauca
2876 2225 3090 2294 quidem
3124 2227 3368 2298 loquens,
3399 2248 3569 2301 eaque

1987 2322 2111 2363 cum
2141 2324 2328 2380 magna
2367 2313 2626 2381 gravitate
2657 2324 2712 2369 et
2739 2317 3202 2377 animadversione
3234 2342 3248 2377 :
3280 2316 3402 2379 tunc
3426 2328 3566 2396 apud

1990 2415 2109 2456 eam
2138 2402 2487 2473 philosophia:
2514 2407 2673 2461 verba
2703 2408 2946 2478 depone;
2972 2427 3035 2467 ea
3062 2413 3206 2467 enim
3233 2416 3424 2486 accipit
3457 2420 3572 2471 aui-

1992 2506 2077 2545 ma
2108 2509 2121 2543 :
2149 2492 2215 2546 ad
2257 2493 2670 2562 pulcherrimum
2700 2508 2755 2552 et
2797 2501 3053 2568 optimum
3084 2503 3340 2570 habitum,
3368 2522 3561 2578 nempe

1992 2582 2403 2651 pudorem,eam
2436 2587 2707 2656 redige.Si
2735 2590 2918 2656 vultis,
2945 2594 3105 2647 etiam
3134 2600 3376 2666 exempli
3408 2616 3569 2656 causa

1993 2676 2166 2732 dicam
2186 2692 2430 2748 quaenam
2451 2678 2523 2733 illi
2542 2680 2719 2737 dicere
2740 2692 3002 2751 Oporteat.
3025 2683 3157 2740 Nam
3181 2689 3223 2742 si
3245 2688 3438 2744 Paulus
3462 2709 3571 2748 non

1973 2769 2262 2855 recusavit
2287 2769 2486 2832 dicere,
2520 2769 2697 2825 Nolite
2737 2773 2980 2837 fraudare
3012 2775 3219 2831 invicem
3250 2779 3341 2848 (1.
3367 2778 3484 2836 Cor.
3516 2785 3570 2840 7.

1996 2858 2074 2930 Β),
2097 2870 2148 2913 et
2171 2861 2425 2930 pronuba:
2449 2863 2611 2916 verba
2641 2873 2722 2917 est
2749 2863 3020 2935 loquutus,
3040 2866 3148 2921 imo
3163 2883 3291 2923 vero
3319 2886 3422 2925 non
3454 2889 3576 2940 pro.

1997 2952 2174 3018 nubta,
2204 2952 2297 3007 sed
2323 2954 2613 3022 spiritualis
2639 2956 2830 3009 animae
2857 2972 2874 3020 ;
2906 2958 3074 3011 multo
3115 2960 3282 3029 magis
3326 2976 3423 3018 nos
3466 2978 3573 3019 non

1996 3044 2360 3098 recusabimus
2384 3044 2581 3099 dicere.
2608 3046 2744 3113 Quid
2772 3056 2853 3100 est
2877 3062 3005 3117 ergo
3025 3049 3073 3103 ei
3098 3047 3417 3107 dicendum?
3440 3053 3573 3108 Cum

1999 3135 2162 3190 multa
2187 3137 2355 3205 gratia
2381 3145 2595 3206 oportet
2617 3139 2664 3192 ei
2693 3137 2875 3194 dicere
2899 3156 2913 3191 :
2940 3139 3069 3205 Nos,
3093 3155 3127 3193 ο
3157 3141 3339 3209 filiola,
3372 3153 3424 3199 te
3452 3146 3576 3202 vitai

1997 3231 2199 3282 sociam
2224 3228 2526 3299 accepimus
2545 3270 2560 3293 ,
2587 3238 2643 3284 et
2669 3239 2720 3284 te
2751 3229 3146 3287 introduximus
3174 3234 3240 3288 ad
3268 3236 3575 3294 societatem

1998 3318 2053 3373 in
2080 3318 2146 3372 iis
2172 3334 2290 3388 igua:
2315 3331 2441 3373 sunt
2461 3323 2898 3389 praestantissima
2926 3334 2979 3378 et
3000 3324 3231 3380 maxime
3253 3330 3574 3393 necessaria,

2001 3424 2194 3478 nempe
2217 3423 2271 3463 ιιι
2304 3409 2590 3464 liberorum
2626 3414 2997 3480 procreatione
3020 3455 3036 3480 ,
3063 3425 3118 3471 et
3157 3419 3347 3473 domus
3370 3435 3497 3475 cura
3523 3432 3581 3477 et

2000 3499 2480 3554 administratione.
2509 3500 2645 3567 Quid
2662 3517 2803 3572 ergo
2824 3512 2875 3556 te
2902 3507 3190 3571 rogamus?
3216 3509 3326 3562 lmo
3348 3525 3472 3565 vere
3491 3527 3582 3564 an-

2001 3597 2086 3645 tea
2113 3590 2468 3659 loquerequze
2497 3592 2763 3659 pertinent
2787 3592 2852 3647 ad
2875 3593 3213 3651 dilectionem
3243 3617 3257 3651 :
3287 3599 3416 3653 nihil
3437 3602 3577 3655 enim

2001 3695 2153 3751 aeque
2180 3679 2386 3735 confert
2410 3681 2476 3734 ad
2504 3684 2934 3752 persuadendum
2961 3686 3187 3741 auditori
3214 3695 3268 3742 ut
3294 3701 3509 3758 accepta
3530 3694 3581 3746 ei

2000 3775 2105 3828 sint
2146 3788 2267 3843 qua:
2310 3772 2575 3841 dicuntur,
2616 3783 2775 3844 atque
2803 3776 2942 3830 scire
2969 3778 3109 3847 quod
3151 3793 3212 3835 ea
3244 3780 3488 3838 dicantur
3514 3799 3581 3840 ex

2002 3866 2167 3920 multa
2223 3864 2506 3920 dilectione
2567 3874 2623 3920 et
2677 3866 3068 3924 benevolentia.
3125 3870 3406 3938 Quomodo
3454 3889 3583 3943 ergo

2002 3957 2255 4012 ostendes
2276 3957 2662 4013 dilectionem?
2687 3959 2741 4013 Si
2771 3959 2988 4025 dixeris,
3019 3958 3149 4016 Cum
3180 3964 3374 4020 multas
3399 3964 3585 4021 liceret

2003 4051 2248 4121 accipere
2276 4059 2332 4105 et
2364 4050 2587 4105 ditiores
2614 4060 2669 4105 et
2693 4065 2760 4107 ex
2792 4052 2981 4107 illustri
3028 4068 3225 4123 genere
3267 4065 3451 4122 natas,
3478 4075 3582 4112 non

2002 4155 2096 4195 eas
2119 4140 2276 4210 elegi,
2305 4140 2397 4195 sed
2417 4139 2590 4194 amavi
2613 4151 2753 4195 tuam
2783 4141 2906 4195 vitm
2930 4144 3147 4210 agenda:
3170 4146 3450 4211 rationein,
3483 4146 3581 4199 ho-

2003 4239 2263 4287 nestatem
2286 4271 2302 4295 ,
2337 4231 2680 4291 modestiam,
2716 4232 3142 4299 temperantiam.
3177 4233 3376 4288 Deinde
3403 4239 3581 4290 statim

2004 4321 2073 4375 ab
2103 4320 2184 4375 his
2216 4335 2341 4389 para
2370 4320 2506 4373 viam
2531 4320 2596 4373 ad
2625 4320 2908 4373 dicendmn
2938 4320 3007 4374 de
3032 4321 3386 4390 philosoiihia,
3414 4336 3468 4381 et
3495 4343 3583 4380 re-

2006 4410 2276 4480 prehende
2294 4411 2505 4464 divitias
2530 4425 2649 4464 cum
2676 4411 2903 4477 quadam
2924 4410 3146 4480 ambage
3173 4422 3227 4466 et
3248 4414 3582 4469 circuitione.

2006 4502 2135 4557 Nam
2166 4503 2209 4555 si
2233 4502 2528 4556 orationem
2558 4500 2729 4555 solum
2756 4500 3012 4555 extendas
3039 4501 3092 4555 in
3119 4502 3486 4571 vituperandis
3507 4507 3584 4559 di-

2006 4593 2182 4659 vitiis,
2214 4594 2320 4648 eris
2352 4593 2528 4663 gravis
2569 4603 2624 4648 et
2671 4591 3003 4660 importunus
3034 4610 3049 4647 :
3080 4592 3161 4646 sin
3193 4603 3401 4663 arrepta
3427 4611 3584 4650 ocea-

2007 4685 2195 4743 sione.
2226 4683 2404 4738 omnia
2455 4682 2925 4738 efﬁcies:vidcris
2966 4683 3108 4737 enim
3164 4683 3216 4739 id
3266 4683 3443 4741 facere
3491 4702 3588 4756 pro

2007 4777 2318 4834 defensione
2361 4784 2420 4831 et
2462 4774 2840 4840 excusatione,
2875 4790 2979 4828 non
3028 4783 3298 4846 tamquam
3345 4789 3589 4834 austerus

2008 4872 2291 4942 quispiam,
2320 4868 2743 4937 iujucundusque
2785 4877 2838 4921 et
2880 4867 3152 4924 illiberalis
3195 4878 3251 4925 et
3297 4871 3588 4937 sordidus;

2009 4962 2103 5018 sed
2133 4962 2346 5032 quando
2371 4976 2439 5015 ex
2470 4960 2533 5013 iis
2556 4973 2676 5029 qua:
2702 4967 2828 5015 sunt
2852 4961 2986 5030 ejus,
3028 4964 3320 5032 sumpseris
3348 4963 3590 5017 occasiu-

2010 5069 2131 5108 nem
2157 5095 2173 5117 ,
2204 5054 2363 5108 etiam
2405 5050 2673 5121 gaudebit.
2705 5050 2858 5106 Dices
2899 5067 3029 5123 ergo
3055 5058 3077 5126 (
3103 5052 3403 5108 necessario
3446 5053 3588 5108 enim

2012 5160 2196 5201 rursus
2225 5143 2513 5213 repetenda
2542 5152 2625 5197 est
2651 5144 2896 5215 oratio):
2918 5144 3052 5199 Cum
3080 5147 3261 5199 liceret
3288 5144 3483 5199 ducere
3509 5145 3589 5199 di-

2010 5237 2171 5290 vitem
2212 5243 2268 5288 et
2305 5233 2642 5303 locupletem,
2675 5249 2781 5288 non
2811 5234 2990 5290 induxi
3023 5234 3075 5288 in
3105 5234 3360 5288 animum.
3389 5235 3587 5302 Quam.

2010 5327 2231 5381 obrem?
2277 5325 2392 5380 Non
2443 5336 2644 5381 temere
2695 5342 2796 5382 nec
2837 5325 3262 5389 inconsiderate;
3303 5327 3397 5381 sed
3444 5338 3591 5383 recte

2010 5419 2298 5475 didiceram
2327 5418 2539 5472 divitias
2560 5417 2756 5471 nullam
2776 5430 2897 5471 esse
2919 5416 3332 5486 possessionem,
3355 5416 3449 5473 sed
3475 5432 3589 5472 rem

2010 5509 2474 5573 contemnendam,
2506 5521 2558 5563 et
2602 5522 2718 5578 quae
2743 5507 2897 5562 adest
2928 5519 2982 5562 et
3012 5508 3303 5565 latronibus
3336 5521 3391 5567 ct
3416 5525 3593 5568 mereo

2013 5603 2235 5659 tricibus
2261 5613 2318 5658 et
2343 5602 2710 5673 sepulcrorum
2739 5600 3103 5656 eﬂ'ossoribus.

2084 5696 2271 5753 Puella
2310 5710 2540 5768 quanam
2585 5692 2779 5765 optima
2818 5692 3051 5749 habenda
3088 5702 3180 5750 est.
3307 5693 3595 5766 Priapterea
