4042 6212
425 229 523 284 H7

427 344 511 398 his
537 343 714 399 missis
734 341 857 398 veni
885 339 952 398 ad
982 349 1089 397 tua:
1129 341 1323 397 anima:
1352 340 1625 403 virtutem,
1655 352 1812 405 quam
1837 335 2006 388 cuivis

427 449 560 490 auro
585 433 832 504 prafero.
861 433 1086 504 Sapiens
1108 432 1253 488 enim
1283 439 1338 486 et
1363 430 1588 498 ingenua
1614 426 1811 496 puella,
1841 425 2008 493 pieta-

430 530 500 585 tis
529 544 711 584 curam
738 545 950 599 gerens,
980 527 1074 582 toti
1109 526 1225 581 orbi
1266 534 1422 581 teme
1464 521 1637 589 pretio
1657 527 1744 574 est
1771 517 2008 586 (equipt!-

431 623 620 677 randa.
649 622 934 691 Propterea
963 629 1018 673 et
1043 629 1094 672 te
1121 633 1237 671 sum
1266 615 1544 684 amplexus
1581 622 1635 667 et
1664 621 1716 666 te
1744 610 1926 678 diligo,
1955 615 2011 663 et

434 731 568 770 mea:
609 715 770 769 etiam
795 714 988 767 animae
1029 711 1272 780 prmfero.
1295 708 1435 763 Nihil
1456 714 1544 762 est
1567 704 1708 760 enim
1737 704 1840 756 vita
1871 714 2010 770 prte-

437 820 582 870 sens,
613 819 815 872 oroque
844 811 899 856 et
934 802 1118 854 hortor
1143 809 1196 854 et
1223 802 1401 853 omnia
1435 797 1592 862 facio,
1626 805 1683 848 ut
1708 807 1806 846 nos
1835 791 1906 845 ita
1934 789 2017 843 di-

436 897 522 963 gni
558 894 850 948 habeamur
877 893 966 963 qui
1001 901 1316 960 praestantem
1360 901 1578 958 agamus
1608 885 1788 949 vitam,
1823 889 1881 936 ut
1909 880 2018 935 illic

439 989 597 1041 etiam
628 986 890 1056 possimus
920 985 974 1038 in
1006 983 1180 1037 futuro
1205 981 1401 1036 sarculo
1428 993 1547 1034 cum
1580 989 1768 1045 magna
1811 970 2016 1028 securi-

439 1090 548 1133 tate
574 1077 729 1132 simul
763 1077 985 1131 versari.
1016 1075 1147 1129 Nam
1190 1087 1426 1143 praesens
1453 1068 1665 1140 quidem
1701 1077 1910 1133 tempus
1937 1072 2020 1116 est

440 1172 621 1237 breve,
653 1169 909 1223 caducum
926 1177 984 1222 et
1020 1166 1202 1236 fragile
1230 1183 1242 1218 :
1276 1165 1357 1217 sin
1387 1171 1562 1216 autem
1594 1158 1737 1228 digni
1767 1156 2022 1210 fuerimus

442 1259 604 1314 habiti
629 1269 682 1313 ut
710 1259 816 1313 Deo
839 1265 1110 1326 acceptam
1135 1257 1293 1309 vitam
1317 1254 1402 1308 hic
1425 1251 1796 1320 trausigamus,
1810 1258 2025 1312 semper

442 1352 644 1405 erinms
693 1360 746 1404 et
785 1364 906 1402 eum
934 1347 1148 1402 Christo
1191 1355 1244 1400 et
1283 1360 1407 1399 cum
1437 1341 1589 1396 nobis
1637 1339 1860 1394 invicem
1901 1348 2023 1390 cum

445 1440 634 1509 majori
659 1440 946 1508 voluptate.
965 1437 1075 1504 Ego
1095 1435 1432 1490 dilectionem
1453 1443 1596 1487 tuam
1614 1427 1838 1500 przelero
1857 1425 2030 1478 omni-

447 1534 582 1597 bus;
614 1547 784 1600 neque
805 1540 886 1585 est
908 1529 1195 1598 quidquam
1225 1526 1354 1580 mihi
1383 1539 1533 1594 teque
1562 1522 1842 1577 molestum
1869 1529 2028 1586 quam

450 1640 481 1678 a
524 1634 575 1678 te
613 1637 861 1690 umquam
891 1620 1156 1673 dissidere
1189 1635 1203 1671 :
1232 1615 1438 1671 etiamsi
1469 1628 1556 1668 me
1584 1618 1829 1682 oporteat
1851 1607 2031 1662 omnia

450 1715 728 1776 amittere,
759 1711 966 1767 etiamsi
996 1710 1081 1765 lro
1111 1724 1234 1765 esse
1273 1707 1648 1779 pauperiorem
1669 1746 1684 1770 ,
1713 1712 1760 1757 et
1793 1710 2032 1758 extrema

449 1804 632 1860 subire
677 1804 929 1872 pericula,
959 1811 1012 1856 et
1040 1800 1249 1870 quidvis
1277 1798 1417 1868 pati,
1451 1796 1580 1852 mihi
1608 1802 1732 1850 sunt
1753 1793 1930 1847 omnia
1960 1790 2036 1844 fe-

453 1893 616 1950 renda
642 1903 698 1948 et
728 1891 1024 1958 toleranda,
1057 1891 1231 1946 donec
1259 1901 1311 1944 tu
1343 1892 1396 1944 in
1427 1904 1514 1944 me
1557 1889 1694 1944 bene
1720 1885 1885 1940 fueris
1907 1883 2037 1937 aﬂ‘e-

454 1997 658 2052 cta;et
703 1985 832 2040 mihi
879 1994 1004 2040 tunc
1058 1983 1320 2053 optabiles
1362 1989 1519 2036 erunt
1565 1980 1716 2034 liberi
1745 1975 1955 2048 quando
1983 1985 2040 2030 ιιι

458 2078 716 2132 benevole
742 2077 792 2130 in
819 2091 905 2132 me
923 2075 1107 2129 affecta
1130 2073 1316 2129 fueris.
1335 2071 1609 2142 Oportebit
1633 2080 1809 2124 autem
1831 2078 1884 2123 te
1903 2082 2041 2137 quo-

458 2183 563 2236 que
593 2167 693 2220 hoc
732 2165 926 2220 facere.
958 2165 1157 2219 Deinde
1183 2163 1418 2218 admisce
1443 2161 1604 2216 etiam
1633 2161 1792 2215 verba
1823 2168 2040 2228 aposto-

461 2259 586 2324 lica,
617 2256 756 2327 quod
784 2257 928 2311 Deus
966 2257 1043 2310 sic
1078 2256 1190 2309 vult
1233 2269 1357 2310 esse
1385 2254 1726 2322 coojuuetam
1774 2253 1915 2305 inter
1945 2264 2041 2303 nos

464 2348 910 2403 benevolentiam.
964 2347 1098 2401 Audi
1153 2347 1295 2400 enim
1360 2345 1685 2413 Scripturam
1729 2342 2040 2396 dicentem:

466 2437 690 2506 Propter
719 2439 813 2492 hoc
839 2437 1082 2506 relinquet
1112 2437 1262 2490 homo
1287 2445 1482 2505 patrem
1508 2445 1555 2488 et
1585 2444 1792 2487 matrem
1817 2473 1832 2497 ,
1859 2441 1906 2485 et
1951 2432 2044 2483 ad-

469 2529 674 2582 luerebit
707 2528 853 2582 uxori
879 2543 987 2581 aute
1017 2526 1035 2597 (
1061 2525 1246 2595 Ephes.
1269 2526 1325 2580 5.
1367 2526 1428 2579 5|
1464 2524 1503 2594 ).
1532 2522 1682 2577 Nulla
1709 2523 1779 2576 sit
1804 2521 1956 2576 nobis
1975 2522 2047 2576 si-

470 2619 708 2673 multatis
736 2617 946 2672 occasio
971 2635 984 2670 :
1019 2617 1226 2670 valeant
1253 2615 1516 2685 pecuniae.
1544 2627 1598 2669 et
1628 2612 1909 2668 multitudo
1935 2627 2048 2666 ser-

472 2726 657 2766 vorum
685 2751 698 2773 ,
745 2719 800 2764 et
842 2709 1073 2763 honores
1117 2709 1371 2764 externi:
1405 2707 1506 2760 hoc
1535 2706 1661 2760 mihi
1693 2715 1777 2761 est
1803 2705 2049 2759 omnibus

477 2798 888 2872 pra-ferendum.
915 2801 1031 2867 Quo
1069 2814 1174 2853 non
1209 2813 1360 2864 auro,
1397 2797 1588 2866 quibus
1633 2812 1738 2850 non
1789 2794 2051 2849 thesauris

476 2903 634 2947 erunt
681 2892 794 2946 hinc
831 2892 990 2946 verba
1034 2893 1183 2946 uxori
1231 2892 1398 2960 magis
1440 2888 1852 2945 desiderabilia?
1882 2888 1958 2942 Ne
1988 2888 2054 2942 ti-

476 3002 643 3052 meas,
671 3001 736 3040 ne
781 2984 993 3055 quando
1021 2983 1212 3038 dilecta
1248 2983 1502 3037 adversus
1529 2991 1581 3037 te
1609 2979 1930 3042 insolescat,
1958 2979 2053 3034 sed

477 3077 732 3132 confitere
783 3087 834 3131 te
877 3092 994 3131 eam
1047 3075 1286 3146 diligere.
1315 3073 1448 3129 Nam
1483 3072 1796 3129 meretrices
1839 3070 2054 3142 quidem

478 3183 598 3238 qua:
643 3183 785 3222 nunc
826 3182 947 3223 cum
1000 3167 1120 3232 hoc,
1145 3180 1285 3221 nunc
1334 3181 1454 3220 cum
1504 3164 1596 3219 illo
1639 3164 2054 3233 conjuuguntur,

480 3257 672 3312 merito
701 3258 1023 3313 extollentur
1050 3258 1307 3312 adversus
1347 3265 1614 3310 amatores
1637 3295 1653 3321 ,
1685 3254 1897 3324 quando
1945 3253 2059 3308 hme

482 3349 646 3403 verba
687 3349 951 3404 audierint
982 3369 995 3404 :
1026 3350 1216 3404 mulier
1241 3358 1416 3402 autem
1445 3348 1612 3403 libera
1637 3355 1692 3402 et
1720 3347 1891 3416 puella
1914 3346 2054 3415 inge-

483 3455 588 3494 nua
615 3440 696 3493 his
723 3440 900 3495 verbis
933 3455 1217 3510 numquam
1247 3440 1551 3503 extolletur,
1581 3438 1676 3494 sed
1703 3438 1870 3493 multo
1896 3439 2062 3506 magis

483 3534 568 3588 his
598 3532 916 3588 inflectetur.
949 3532 1185 3588 Ostende
1230 3542 1282 3588 te
1331 3532 1508 3602 magni
1556 3530 1734 3586 facere
1778 3545 1900 3584 cum
1951 3530 2063 3596 ipsa

484 3627 948 3691 consuetudinem,
980 3635 1037 3682 et
1058 3626 1215 3680 malle
1244 3635 1295 3680 te
1324 3625 1466 3679 domi
1493 3638 1613 3678 esse
1655 3629 1874 3692 propter
1895 3622 2062 3690 ipsam

485 3731 644 3784 quam
689 3717 740 3770 in
786 3715 932 3774 foro;
963 3724 1017 3769 et
1059 3731 1176 3768 eam
1210 3729 1458 3783 prmpone
1503 3712 1754 3768 omnibus
1790 3712 1978 3766 amicis
2012 3721 2068 3766 et

489 3806 689 3870 liberis,
722 3821 856 3874 quos
875 3821 939 3859 ex
959 3821 1020 3858 ea
1042 3804 1319 3872 suscepisti
1344 3821 1360 3869 ;
1391 3812 1446 3858 et
1465 3803 1564 3871 ipsi
1587 3817 1798 3872 quoque
1817 3817 1844 3854 a
1875 3811 1924 3856 te
1946 3815 2068 3870 pro-

486 3904 606 3965 pter
627 3896 792 3962 ipsam
811 3894 1114 3962 diligantur.
1129 3893 1185 3948 Si
1217 3894 1342 3946 boni
1363 3893 1483 3964 quid
1502 3891 1706 3957 fecerit,
1727 3889 1878 3946 lauda
1898 3900 1952 3946 et
1975 3889 2072 3944 ad-

489 3986 719 4049 mirare;
747 3987 790 4040 si
819 3985 942 4054 quid
968 3986 1238 4054 contingat
1260 3983 1498 4049 absurdi,
1527 3992 1581 4037 et
1601 3981 1743 4052 quod
1770 3981 1956 4051 puellis
1979 3995 2069 4034 ac-

491 4078 672 4134 cidere
696 4080 884 4144 soleat,
903 4077 1067 4132 suade
1093 4090 1146 4133 et
1172 4077 1418 4131 admone.
1438 4075 1594 4130 Omni
1622 4090 1688 4129 ex
1708 4081 1858 4143 parte
1875 4086 2069 4128 accusa

494 4172 746 4241 pecunias
780 4179 834 4227 et
857 4180 1099 4241 sumptus
1140 4169 1470 4240 magnificos,
1502 4177 1556 4223 et
1580 4168 1716 4224 doce
1751 4182 1869 4222 eam
1907 4181 2071 4221 orna-

494 4272 732 4318 mentum
757 4262 900 4334 quod
927 4262 1129 4332 paritur
1151 4276 1216 4316 ex
1243 4259 1440 4315 decore
1463 4267 1518 4314 et
1546 4257 1825 4323 modestia,
1855 4266 1910 4313 et
1931 4256 2072 4328 quod

493 4372 560 4410 ex
587 4357 866 4411 honestate
896 4370 909 4407 :
943 4365 999 4410 et
1022 4353 1236 4409 assidue
1263 4353 1398 4408 doce
1427 4367 1489 4407 ea
1515 4366 1636 4420 quae
1663 4352 1962 4406 conferunt.

565 4449 618 4503 9.
665 4447 806 4502 Uxor
833 4448 1081 4517 quomodo
1110 4446 1408 4501 erudienda.
1434 4473 1506 4486 ——
1530 4445 1650 4500 Sint
1698 4457 1884 4513 preces
1923 4444 2073 4498 vobis

493 4553 844 4602 communes;
881 4539 1243 4608 unusquisque
1283 4544 1371 4592 eat
1410 4535 1476 4590 ad
1528 4535 1809 4590 ecclesiam
1842 4553 1855 4589 :
1899 4544 1950 4589 et
1977 4549 2074 4588 eo-

497 4644 614 4682 rum
643 4643 760 4697 quae
789 4628 897 4682 illic
921 4628 1170 4683 dicuntur
1189 4637 1243 4683 et
1269 4627 1536 4695 leguntur,
1565 4627 1787 4680 maritus
1813 4626 1881 4681 ab
1909 4639 2075 4679 uxore

496 4726 701 4787 partem
723 4715 865 4770 domi
891 4719 1067 4787 exigat
1084 4727 1138 4771 et
1160 4718 1246 4771 illa
1264 4733 1294 4772 a
1311 4717 1521 4772 marito.
1545 4715 1598 4772 Si
1629 4715 1823 4785 premit
1851 4730 2077 4784 pauper-

499 4821 613 4877 tas,
639 4809 842 4880 produc
881 4809 934 4863 in
966 4808 1197 4864 medium
1227 4816 1442 4862 sanctos
1471 4807 1612 4862 viros
1642 4807 1863 4861 Paulum
1893 4814 1948 4861 et
1971 4806 2074 4861 Pe-

499 4911 660 4964 trum,
681 4899 768 4970 qui
797 4899 848 4953 in
881 4898 1065 4969 majori
1084 4897 1700 4952 fueruntexistimatione
1714 4912 1873 4966 quam
1889 4912 2077 4952 omnes

498 5007 652 5062 reges
679 5001 732 5046 et
754 4991 944 5045 divites
967 5030 984 5055 ,
1007 4999 1062 5044 et
1084 4988 1352 5059 quomodo
1378 4991 1536 5043 vitam
1575 4999 1799 5060 egerunt
1845 4990 1896 5042 in
1938 4985 2078 5042 fame

499 5097 552 5141 et
583 5087 671 5141 siti
707 5105 720 5141 :
753 5084 903 5141 erudi
932 5099 1050 5138 eam
1075 5083 1206 5137 nihil
1238 5083 1290 5137 in
1317 5084 1422 5137 vita
1447 5098 1568 5138 esse
1591 5083 1826 5138 terribile
1852 5090 2076 5150 praater-

502 5191 660 5245 quam
716 5179 881 5232 Deum
926 5175 1214 5230 offendere.
1249 5173 1450 5243 Siquis
1478 5175 1556 5228 sic
1590 5183 1646 5228 et
1695 5183 1912 5243 propter
1965 5173 2078 5227 lucc

501 5282 721 5322 uxorem
745 5269 985 5334 duxerit,
1004 5265 1282 5321 monachis
1311 5281 1416 5319 non
1437 5265 1540 5319 erit
1569 5265 1722 5319 valde
1749 5265 1951 5329 minor,
1982 5278 2079 5317 nec

502 5359 547 5414 is
573 5360 663 5430 qui
697 5376 916 5416 uxorem
945 5361 1116 5427 duxit,
1146 5360 1211 5414 iis
1239 5359 1328 5430 qui
1359 5373 1463 5412 non
1511 5357 1797 5412 duxerunt.
1826 5355 1881 5410 Si
1918 5355 2078 5409 etiam

502 5452 676 5506 iacere
701 5453 942 5520 prandia,
968 5462 1022 5507 et
1051 5452 1290 5507 convivia
1311 5450 1584 5506 celebrare
1601 5449 1752 5513 velis,
1776 5447 1976 5501 nullutu
1997 5447 2078 5500 in-

501 5542 803 5607 honestum,
819 5545 1084 5599 neminem
1109 5544 1439 5609 indecorum,
1456 5543 1548 5598 sed
1562 5542 1607 5596 si
1629 5551 1872 5596 sanctum
1896 5555 2080 5609 quein-

502 5636 642 5715 piam
689 5633 972 5700 inveneris,
1003 5636 1088 5704 qui
1118 5637 1284 5703 possit
1313 5635 1493 5689 domui
1520 5645 1708 5689 vestra:
1740 5631 2075 5699 benedicere,

1178 219 1237 279 S.
1276 219 1552 279 JOANNIS
1575 217 2044 277 CIIRYSOSTOMI
2082 215 2394 274 ARCIIIEI‘.
2431 210 2960 271 CONSTANTISOP.

3585 210 3684 266 448

2116 343 2167 388 et
2201 334 2390 401 pedum
2417 333 2656 401 ingressu
2676 331 2848 385 valeat
2873 329 3171 383 universam
3195 325 3392 381 inferre
3413 321 3507 380 Dei
3529 325 3687 380 bene-

2112 423 2421 486 dictionem,
2448 438 2569 477 eum
2595 437 2748 476 voca.
2778 421 2958 476 Dicam
2988 421 3148 475 etiam
3195 415 3340 472 aliud
3372 434 3385 470 :
3415 431 3574 472 nemo
3596 433 3689 470 ve.

2113 525 2281 569 stram
2324 514 2536 568 studeat
2580 527 2800 567 uxorem
2844 510 3043 565 ducere
3081 508 3352 572 ditiorem,
3383 507 3478 562 sed
3518 508 3692 576 potius

2115 607 2508 676 pauperiorem.
2538 605 2653 658 Non
2679 605 2820 658 enim
2850 601 3182 672 ingredietur
3205 599 3435 655 atl‘erens
3463 615 3530 654 ex
3556 598 3694 654 divi.

2118 697 2202 750 liis
2231 707 2428 750 tantam
2454 696 2790 750 occasionem
2832 693 3138 764 voluptatis,
3170 701 3423 762 quantam
3451 691 3695 746 introdu-

2119 799 2203 844 cet
2230 789 2526 842 molestiam
2567 803 2633 843 ex
2671 787 2914 856 probris,
2941 801 3008 840 ex
3037 801 3103 840 eo
3146 785 3286 855 quod
3331 785 3479 853 plura
3523 784 3700 850 exigat

2121 895 2278 949 quam
2307 879 2560 944 intulerit,
2591 895 2656 933 ex
2681 877 3038 940 contumeliis,
3071 893 3140 931 ex
3171 877 3375 945 magnis
3401 876 3702 944 sumptibus

2122 981 2176 1025 et
2219 969 2493 1040 impensis,
2537 984 2603 1023 ex
2633 969 2810 1023 verbis
2840 968 3079 1022 molestis
3105 978 3159 1023 et
3198 969 3514 1037 importunis
3565 966 3702 1021 For-

2126 1069 2267 1114 tasse
2306 1060 2448 1113 enim
2493 1059 2633 1112 dicet
2663 1077 2677 1112 :
2707 1058 2846 1112 Nihil
2891 1057 3066 1112 adhuc
3107 1059 3411 1127 consumpsi
3447 1073 3513 1112 ex
3554 1059 3659 1111 tuis
3685 1097 3702 1121 ,

2125 1151 2258 1204 meis
2275 1148 2448 1204 adhuc
2479 1148 2691 1214 induor,
2719 1164 2785 1203 ex
2818 1149 2880 1203 iis
2905 1147 3027 1218 qua:
3057 1149 3183 1204 mihi
3213 1149 3478 1202 donarunt
3503 1164 3706 1219 paren-

2130 1250 2228 1295 tes.
2269 1241 2408 1307 ρυιά
2452 1241 2606 1303 dicis,
2639 1255 2672 1294 ο
2699 1241 2926 1295 mulier?
2953 1242 3056 1295 tuis
3095 1257 3155 1296 es
3199 1241 3372 1295 adhuc
3402 1241 3624 1295 induta?
3651 1253 3710 1296 et

2131 1334 2254 1402 quid
2293 1333 2396 1388 hoc
2431 1334 2594 1388 verbo
2621 1333 2780 1388 fuerit
2827 1334 3116 1389 miserius?
3147 1349 3341 1403 corpus
3387 1349 3490 1388 non
3543 1335 3712 1389 habes

2133 1426 2426 1494 proprium,
2456 1435 2509 1480 et
2531 1427 2780 1495 pecunias
2809 1425 2972 1480 habes
3001 1427 3238 1496 proprias
3257 1426 3282 1478 ?
3305 1425 3418 1480 Non
3441 1430 3570 1482 estis
3596 1443 3717 1480 am-

2133 1516 2276 1585 plius
2298 1516 2417 1570 duae
2456 1532 2648 1572 carnes
2691 1527 2809 1587 post
2853 1519 3278 1586 matrimonium,
3307 1519 3400 1576 sed
3431 1517 3553 1573 facti
3582 1519 3720 1574 estis

2137 1608 2189 1662 in
2218 1622 2410 1672 unam;
2438 1618 2492 1662 et
2537 1607 2656 1662 duze
2699 1617 2822 1663 sunt
2861 1608 3161 1673 facultates,
3190 1624 3293 1663 non
3342 1626 3464 1663 una.
3493 1609 3537 1664 Ο
3564 1625 3724 1664 amor

2138 1702 2376 1772 pecunize
2401 1703 2413 1755 !
2448 1715 2587 1756 unus
2610 1701 2792 1765 homo,
2813 1718 2976 1756 unum
3006 1703 3162 1757 ambo
3189 1702 3310 1756 facti
3341 1703 3469 1756 estis
3494 1703 3722 1767 animal,

2139 1801 2196 1847 et
2243 1793 2417 1846 adhuc
2459 1791 2595 1848 dicis
2641 1794 2799 1848 mea?
2829 1793 3224 1848 Exsecrandum
3256 1792 3360 1848 hoc
3396 1793 3617 1848 verbum
3667 1803 3726 1846 et

2141 1883 2458 1938 sceleratum
2485 1899 2514 1938 a
2545 1884 2757 1939 diabolo
2785 1893 2869 1939 est
2894 1886 3181 1940 invectum.
3199 1885 3339 1940 Deus
3364 1885 3542 1938 omnia
3568 1884 3726 1939 nobis

2144 1975 2272 2031 fecit
2311 1977 2635 2041 communia,
2667 1993 2785 2047 qua:
2817 1985 2942 2032 sunt
2971 1976 3054 2030 his
3082 1978 3256 2047 magis
3297 1978 3597 2032 necessaria
3621 2018 3635 2042 ,
3669 1986 3726 2030 et

2147 2069 2259 2123 hare
2285 2085 2389 2123 non
2417 2079 2543 2124 sunt
2571 2069 2876 2125 communia
2899 2071 2924 2123 Ἰ
2949 2069 3063 2124 Non
3093 2069 3218 2124 licet
3259 2069 3457 2134 dicere,
3487 2069 3598 2124 Lux
3639 2079 3732 2124 est

2146 2178 2285 2228 mea,
2313 2161 2407 2218 Sol
2448 2173 2530 2218 est
2574 2178 2746 2228 meus,
2791 2164 2939 2234 Aqua
2983 2178 3100 2217 mea
3131 2180 3144 2216 :
3173 2178 3292 2232 quae
3331 2170 3455 2217 sunt
3499 2161 3729 2231 majora,

2147 2257 2324 2310 omnia
2373 2255 2527 2310 nobis
2570 2265 2694 2310 sunt
2722 2255 3062 2318 communia,
3099 2257 3334 2324 pecunia:
3386 2265 3563 2309 autem
3618 2269 3732 2308 non

2146 2355 2305 2402 erunt
2333 2348 2691 2402 communes?
2721 2348 2944 2402 Pereant
2975 2347 3167 2400 millies
3187 2347 3444 2416 pecuniae,
3467 2345 3573 2398 imo
3598 2360 3735 2398 vero

2150 2453 2255 2492 non
2283 2438 2521 2507 pecunia:
2541 2480 2555 2502 ,
2588 2437 2681 2492 sed
2729 2439 2889 2492 animi
2933 2439 3193 2500 instituta,
3217 2452 3336 2506 quae
3367 2436 3607 2489 nesciunt
3651 2435 3736 2488 uti

2151 2530 2413 2598 pecuniis,
2441 2528 2534 2583 sed
2564 2544 2655 2583 eas
2694 2531 2942 2584 omnibus
2990 2528 3297 2598 praeferunt.
3329 2527 3396 2580 Et
3441 2527 3556 2581 hare
3598 2526 3738 2582 doce

2152 2636 2274 2675 cum
2303 2620 2444 2684 aliis,
2477 2621 2570 2675 sed
2598 2637 2718 2675 cum
2752 2621 2915 2675 multa
2942 2619 3134 2689 gratia.
3168 2619 3297 2672 Nam
3341 2619 3591 2687 quoniam
3621 2619 3737 2687 ipsa

2154 2726 2251 2780 per
2277 2725 2336 2765 se
2365 2710 2428 2765 ad
2458 2713 2704 2765 virtutem
2728 2711 3030 2766 exhortatio
3049 2710 3270 2763 multum
3297 2709 3452 2764 habet
3481 2708 3736 2773 tristitim,

2157 2803 2389 2857 maxime
2405 2801 2542 2871 apud
2563 2802 2788 2871 puellam
2810 2811 3045 2856 teneram
3069 2812 3117 2855 et
3139 2801 3472 2870 juveuculam
3490 2819 3505 2866 ;
3523 2801 3740 2870 quando

2156 2895 2317 2951 verba
2345 2895 2473 2950 ﬁent
2496 2894 2563 2950 de
2583 2894 2939 2964 phiIOSOphia,
2965 2895 3183 2948 multam
3208 2893 3448 2964 excogita
3477 2893 3736 2962 gratiam;

2157 2996 2215 3042 et
2243 2987 2344 3041 hoc
2373 2987 2605 3041 maxime
2629 2999 2693 3040 ex
2718 2985 2860 3040 illius
2881 2986 3053 3039 anima
3081 2985 3376 3040 exterminia
3407 2994 3460 3038 et
3489 2984 3740 3050 amanda,

2161 3095 2337 3134 meum
2367 3089 2422 3134 et
2446 3089 2615 3134 tuum.
2641 3079 2696 3134 Si
2727 3079 2959 3143 dixerit,
2989 3079 3102 3133 Mea
3128 3119 3142 3142 ,
3170 3077 3256 3131 dic
3281 3094 3295 3129 :
3323 3077 3575 3142 Quamam
3607 3076 3745 3130 dicis

2164 3173 2290 3226 tua?
2318 3173 2498 3226 nescio
2527 3171 2692 3235 enim,
2723 3184 2842 3224 cum
2875 3184 2973 3240 ego
3001 3167 3129 3222 nihil
3161 3168 3383 3221 habeam
3416 3168 3688 3237 proprium
3723 3181 3739 3219 :

2163 3260 2434 3331 quomodo
2461 3275 2590 3330 ergo
2615 3259 2924 3326 dicis,Mea,
2957 3273 3080 3313 cum
3107 3259 3285 3312 omnia
3317 3258 3422 3310 sint
3452 3267 3540 3310 tua
3561 3257 3584 3309 ?
3605 3256 3747 3312 Con-

2165 3352 2302 3408 dona
2333 3353 2381 3407 ei
2411 3351 2512 3407 hoc
2536 3351 2779 3406 verbum.
2810 3350 2924 3405 Non
2956 3350 3130 3415 vides,
3157 3349 3295 3420 quod
3321 3351 3371 3403 in
3404 3350 3581 3419 parvis
3611 3366 3745 3418 pue-

2166 3445 2242 3499 ris
2285 3445 2386 3498 hoc
2435 3441 2936 3511 facimus?quando
2982 3441 3139 3495 nobis
3183 3431 3489 3496 tenentibus
3545 3441 3746 3511 aliquid

2171 3551 2301 3606 puer
2329 3535 2565 3603 rapuerit
2589 3575 2604 3600 ,
2631 3543 2686 3588 et
2711 3534 2823 3588 vult
2853 3533 3052 3602 aliquid
3078 3533 3218 3587 aliud
3246 3533 3485 3603 accipere
3507 3573 3522 3597 ,
3553 3549 3748 3588 conce-

2169 3626 2346 3680 dimus
2366 3637 2418 3680 et
2445 3625 2670 3680 dicimus
2705 3641 2717 3677 :
2746 3625 2907 3678 Certe
2936 3634 3080 3679 tuum
3110 3631 3193 3678 est
3223 3623 3325 3678 hoc
3373 3633 3427 3679 et
3454 3624 3607 3679 illud.
3639 3624 3750 3680 Hoc

2171 3716 2331 3770 etiam
2360 3714 2614 3769 faciamus
2641 3714 2692 3768 in
2721 3714 2945 3768 muliere
2976 3731 2988 3767 :
3023 3722 3106 3768 est
3135 3714 3278 3768 enim
3310 3729 3460 3768 mens
3489 3717 3606 3782 ejus
3636 3731 3751 3769 ma-

2171 3807 2252 3876 gis
2283 3807 2499 3875 puerilis
2529 3821 2541 3856 :
2575 3815 2629 3859 et
2654 3806 2699 3860 si
2733 3805 2903 3872 dicat,
2934 3805 3077 3871 Mea,
3114 3805 3200 3859 dic
3225 3847 3240 3872 ,
3269 3804 3456 3860 Omnia
3483 3817 3610 3859 sunt
3638 3816 3748 3873 tua,

2171 3906 2228 3952 et
2267 3913 2366 3967 ego
2394 3906 2534 3951 tuus.
2563 3895 2676 3952 Non
2703 3907 2785 3952 est
2811 3897 3031 3952 verbum
3071 3898 3414 3962 adulationis,
3447 3898 3539 3952 sed
3569 3898 3752 3952 multa:

2175 3989 2490 4060 prudentiae.
2519 3988 2605 4043 Sic
2647 3989 2846 4057 poteris
2888 3990 3006 4058 ejus
3043 3989 3173 4042 iram
3202 3989 3515 4058 reprimere,
3543 3989 3751 4043 exstin-

2175 4098 2337 4153 guere
2359 4081 2521 4134 animi
2552 4079 2942 4149 aegritudinem.
2971 4080 3061 4133 Est
3086 4079 3228 4133 enim
3258 4079 3512 4142 adulatio,
3538 4077 3754 4148 quando

2178 4186 2395 4246 propter
2442 4173 2640 4228 malum
2681 4172 2878 4242 aliquid
2919 4173 3107 4226 feceris
3149 4172 3457 4228 indecorum
3487 4182 3540 4226 et
3581 4172 3756 4226 illibe-

2177 4268 2327 4332 rale;
2359 4267 2458 4321 hoc
2489 4274 2667 4320 autem
2703 4273 2784 4319 est
2812 4265 3040 4319 maxima
3070 4264 3424 4334 philosophia.
3457 4264 3750 4333 Dic'ergo,

2179 4360 2292 4430 Ego
2317 4373 2528 4428 quoque
2553 4372 2670 4410 sum
2698 4367 2836 4420 tuus,
2861 4373 2893 4409 ο
2919 4355 3099 4410 filiola.
3128 4355 3239 4409 Hoc
3267 4356 3395 4409 mihi
3423 4355 3589 4410 suasit
3614 4355 3752 4409 Pan-

2178 4452 2284 4516 lus,
2305 4450 2491 4504 dicens
2517 4467 2530 4503 :
2573 4448 2661 4502 Vir
2691 4449 2881 4518 proprii
2902 4448 3127 4518 corporis
3154 4456 3443 4516 potestatem
3481 4463 3582 4500 non
3606 4449 3754 4500 habet

2179 4543 2255 4613 (1.
2287 4540 2404 4595 Cor.
2436 4543 2490 4595 7.
2521 4539 2601 4610 4),
2630 4539 2719 4592 sed
2745 4539 2940 4591 mulier.
2973 4537 3028 4593 Si
3055 4538 3160 4592 mei
3181 4538 3425 4607 corporis
3448 4553 3552 4592 non
3584 4537 3757 4591 habeo

2178 4639 2522 4703 potestatem,
2569 4629 2664 4684 sed
2708 4638 2764 4684 tu
2812 4628 2980 4683 multo
3033 4629 3200 4700 magis
3247 4630 3504 4698 pecuniae.
3536 4627 3759 4684 Sedabis

2180 4739 2322 4790 eam,
2355 4724 2400 4778 si
2429 4724 2508 4777 sic
2536 4724 2697 4777 fueris
2718 4722 2987 4792 loquutus,
3013 4723 3278 4777 ﬂammam
3305 4722 3760 4791 exstingues,dia-

2181 4814 2360 4868 bolum
2409 4813 2606 4884 probro
2645 4812 3152 4879 afﬂeies,aneillam
3190 4814 3357 4882 magis
3397 4827 3513 4867 eam
3558 4811 3758 4876 facies,

2181 4921 2339 4975 quam
2371 4920 2491 4973 qua:
2531 4913 2614 4959 est
2660 4911 2839 4974 empta
2872 4903 3092 4970 pecunia
3119 4919 3131 4953 :
3163 4901 3244 4955 his
3275 4903 3456 4956 verbis
3485 4917 3603 4957 eam
3644 4903 3762 4956 alli-

2180 4996 2349 5067 gabis.
2398 4995 2756 5062 Quamobrem
2799 5012 2868 5049 ex
2913 4995 2978 5048 iis
3016 5010 3135 5064 qum
3180 4994 3432 5062 loqueris,
3461 4994 3596 5048 doce
3643 5009 3761 5047 eam

2183 5103 2468 5158 numquam
2497 5087 2677 5142 dicere
2699 5129 2714 5152 ,
2743 5087 2910 5140 Meum
2947 5094 2999 5139 et
3041 5095 3207 5137 tuum.
3237 5083 3346 5138 Nec
3375 5099 3491 5139 eam
3523 5084 3764 5137 inconsi-

2183 5177 2368 5232 derate
2393 5193 2553 5233 voces
2578 5219 2591 5242 ,
2620 5177 2714 5231 sed
2752 5191 2872 5231 cum
2903 5174 3192 5240 blanditiis,
3222 5190 3344 5229 cum
3387 5175 3615 5240 honore,
3641 5190 3765 5228 cum

2186 5268 2351 5322 multa
2393 5268 2699 5322 dilectione.
2731 5266 2940 5320 llonora
2980 5281 3098 5320 eam
3122 5308 3136 5330 ,
3164 5275 3218 5320 et
3249 5282 3352 5319 non
3384 5281 3520 5335 opus
3549 5265 3768 5318 habebit

2188 5369 2244 5412 ut
2273 5359 2566 5413 houoretur
2594 5359 2661 5413 ab
2687 5359 2804 5412 aliis
2834 5374 2848 5412 :
2879 5372 2984 5411 non
3012 5357 3186 5425 egebit
3217 5357 3382 5426 gloria
3404 5357 3471 5409 ab
3493 5356 3612 5408 aliis
3641 5355 3768 5409 dan-

2187 5449 2274 5516 da,
2307 5450 2434 5503 sica
2462 5448 2664 5503 fruatur
2689 5463 2792 5517 qua
2829 5457 2882 5502 tu
2909 5462 3028 5528 eam
3055 5447 3319 5502 olfeceris.
3352 5448 3480 5502 Eam
3513 5461 3768 5516 praepono

2187 5541 2468 5604 omnibus,
2499 5549 2717 5610 propter
2739 5539 2937 5603 onmia,
2971 5547 3027 5592 et
3069 5546 3286 5608 prepter
3314 5536 3765 5608 pulchritudinem

2188 5641 2241 5686 et
2271 5632 2603 5702 sapientiam,
2637 5639 2688 5684 et
2716 5644 2833 5685 eam
2855 5644 2983 5684 orna
3010 5629 3272 5684 laudibus.
3307 5631 3380 5684 lta
3402 5638 3453 5684 et
3475 5629 3769 5700 persuade-
