4042 6212
263 363 360 421 ιιι)

262 482 340 533 bis
379 488 440 535 ut
471 477 599 533 nulli
647 485 904 533 extraneo
950 476 1187 531 animum
1239 476 1512 541 adhibeat,
1560 475 1656 532 sed
1706 476 1839 532 alias

259 588 445 628 omnes
471 571 710 626 irrideat.
744 570 888 624 Doce
927 568 1019 624 Dei
1050 569 1296 623 timorem
1320 609 1337 634 ,
1388 576 1444 624 et
1476 570 1654 623 omnia
1697 578 1839 623 tam-

258 679 416 735 quam
442 678 473 715 a
504 662 650 717 fonte
675 660 898 715 afﬂuent
924 702 940 726 ,
969 661 1178 730 eritque
1216 660 1409 715 domus
1447 661 1640 716 referta
1685 660 1837 716 bonis

259 752 756 809 innumerabilibus.
782 750 839 805 Si
863 750 1279 819 incorruptibilia
1305 765 1628 820 quaeramus,
1654 766 1839 806 corru-

259 845 461 914 ptibilia
501 858 716 914 quoque
761 842 1087 897 advenient:
1121 841 1341 908 Quaerite
1411 842 1556 896 enim
1583 882 1597 905 ,
1628 842 1836 912 inquit,

257 936 474 1005 primum
519 950 728 1004 regnum
775 932 889 996 Dei,
923 943 966 987 et
1011 932 1118 986 [nec
1154 932 1322 985 omnia
1361 931 1666 1005 adjiciantur
1700 933 1839 986 vobis

257 1026 470 1092 (North.
491 1028 544 1082 6.
572 1026 688 1094 35).
706 1025 903 1093 Quales
928 1022 1148 1094 putandi
1169 1033 1294 1078 sunt
1319 1024 1413 1078 ﬁlii
1443 1024 1623 1079 talium
1647 1039 1840 1095 parens

257 1126 363 1171 tam
385 1117 410 1169 τ
442 1118 627 1187 quales
655 1124 1075 1171 consentaneum
1118 1124 1201 1170 est
1238 1129 1360 1171 esse
1397 1116 1625 1170 famulos
1653 1116 1836 1171 talium

255 1210 631 1264 dominorum?
658 1209 848 1280 quales
894 1224 990 1264 eos
1035 1223 1243 1275 omnes,
1272 1208 1361 1279 qui
1400 1208 1504 1263 illis
1552 1211 1837 1278 appropin-

254 1310 417 1367 quant
436 1299 461 1352 2
481 1314 661 1353 annon
688 1299 960 1369 continget
986 1313 1082 1353 eos
1103 1312 1314 1368 quoque
1335 1311 1454 1353 esse
1471 1298 1658 1369 plenos
1683 1299 1837 1353 bonis

253 1391 766 1447 innumerabilibus?
796 1391 926 1445 Nam
962 1390 1191 1445 maxima
1218 1405 1286 1446 ex
1326 1398 1477 1461 parte
1503 1405 1568 1444 ex
1596 1389 1836 1446 moribus

264 1535 511 1544 -—.‘——-—..—

1127 358 1195 427 Ιῌ
1236 359 1444 419 EPlST.
1489 363 1579 419 AD
1619 362 1854 418 EPHES.
1895 361 2048 418 CAP.
2092 364 2180 420 Vl.
2221 366 2447 427 HOMIL.
2495 371 2638 430 XXI.

890 1528 2947 1558 MM

3431 388 3446 438 l
3460 387 3527 439 .‘JO

1944 476 2284 537 dominorum
2314 486 2454 540 servi
2497 502 2678 543 mores
2705 502 2830 544 suos
2854 504 3203 561 componunt,
3234 504 3288 549 ct
3313 499 3519 553 assimi-

1943 568 2122 623 lantur
2154 587 2342 628 eorum
2370 574 2649 633 desideriis
2682 595 2696 632 :
2726 580 2912 637 eadem
2952 592 3166 648 amant,
3196 585 3383 641 eadem
3406 604 3524 660 qtue
3571 638 3574 641 .

1943 660 2231 763 didicerint
2257 665 2564 735 loquuntur,
2597 670 2648 724 in
2692 671 2880 728 iisdem
2912 683 3215 732 versantur.
3246 675 3301 734 Si
3323 678 3403 735 sic
3429 696 3528 735 nos
3576 736 3585 764 ι

1945 751 2090 821 ipsos
2114 768 2515 825 componamus,
2540 771 2592 816 et
2617 763 2906 833 Scripturis
2928 768 3284 837 attendamus,
3300 770 3525 841 plurima

1942 844 2010 899 ab
2036 845 2143 903 illis
2168 847 2498 907 docebimur.
2531 853 2600 909 Ita
2630 859 2920 926 poterimus
2953 861 3061 917 Deo
3093 863 3304 932 placere
3325 905 3341 931 ,
3372 877 3426 922 et
3447 876 3528 920 to-

1944 945 2050 991 tam
2077 939 2238 995 vitam
2270 956 2586 1011 prmsentem
2628 965 2749 1004 cum
2784 953 2976 1009 virtute
3014 957 3330 1027 transigere,
3358 968 3413 1015 et
3439 974 3523 1015 as-

1942 1029 2092 1128 sequi
2140 1028 2278 1085 bona
2326 1035 2709 1103 promissa'iis
2753 1043 2841 1111 qui
2893 1044 3067 1113 ipsum
3115 1046 3524 1121 diligunt:qum

1943 1126 2141 1172 utinam
2172 1136 2270 1176 nos
2305 1138 2494 1181 omnes
2524 1142 2937 1200 consequamur,
2971 1151 3065 1203 per
3091 1138 3319 1206 gratiam
3343 1150 3397 1195 et
3423 1140 3517 1196 be«

1942 1208 2254 1278 nignitatem
2279 1215 2485 1270 Domini
2518 1223 2683 1276 nostri
2705 1222 2831 1279 .lesu
2857 1226 3079 1293 Christi,
3100 1230 3183 1284 cui
3213 1247 3333 1286 cum
3365 1232 3522 1289 Patre

1939 1308 1995 1355 et
2038 1300 2240 1372 Spiritu
2268 1318 2454 1364 sancto
2491 1311 2688 1382 gloria,
2720 1317 3032 1386 imperium.
3066 1320 3238 1376 honor
3262 1363 3276 1388 ,
3303 1340 3443 1379 nunc
3468 1335 3524 1379 ct

1938 1406 2172 1463 semper,
2198 1407 2249 1452 et
2276 1398 2326 1452 in
2353 1401 2545 1456 sarcula
2572 1406 2911 1462 saeculorum.
2936 1410 3127 1465 Amen.

3124 1552 3513 1562 —-—-______..._.—.—-

1638 1603 1984 1668 HOMILIA
2015 1609 2192 1672 XXI.

249 1751 375 1808 Car.
396 1750 451 1806 6.
471 1768 517 1805 v.
547 1753 598 1805 l.
623 1750 767 1815 Filii,
785 1750 978 1807 obedite
995 1749 1286 1821 parentibus
1305 1749 1476 1803 vestris
1500 1749 1551 1802 in
1580 1748 1827 1803 Domino:

318 1844 417 1897 hoc
448 1843 577 1896 enim
592 1844 787 1913 justum
811 1850 905 1896 est.
931 1840 987 1896 2.
1027 1839 1239 1896 Honora
1266 1850 1460 1908 patrem
1489 1850 1630 1894 tuum
1654 1848 1701 1893 et
1722 1855 1828 1892 mae

321 1946 457 1988 trem
487 1943 624 1987 tuam
646 1974 663 2000 ,
690 1934 821 2002 quod
857 1942 929 1987 est
965 1933 1262 1987 mandatum
1288 1932 1508 2000 primum
1529 1934 1583 1985 in
1614 1931 1832 2002 promis-

323 2026 472 2079 sione
502 2066 518 2088 ,
555 2027 606 2080 5.
654 2034 707 2080 ut
741 2026 861 2079 bene
902 2026 991 2080 tibi
1029 2026 1095 2081 sit
1118 2065 1134 2091 ,
1169 2035 1217 2079 ct
1255 2025 1325 2080 sis
1370 2025 1626 2094 longwrus
1677 2040 1831 2093 super

323 2129 533 2173 terrain.

322 2213 351 2266 1
366 2252 379 2265 .
398 2210 849 2278 Quemadmodum
867 2209 1127 2281 quispiam
1145 2223 1339 2280 corpus
1353 2210 1578 2280 ﬁngens,
1597 2209 1827 2279 primum

247 2301 465 2373 quidem
488 2303 634 2371 ponit
662 2310 826 2372 caput
855 2342 871 2367 ,
904 2301 1096 2357 deinde
1121 2303 1318 2357 collum
1342 2342 1358 2367 ,
1387 2300 1582 2356 deinde
1615 2299 1779 2369 pedes
1809 2314 1825 2353 :

249 2396 319 2449 ita
366 2394 526 2448 etiam
570 2394 757 2449 beatus
804 2393 1001 2448 Paulus
1038 2393 1282 2463 procedit
1325 2393 1379 2447 in
1424 2406 1520 2448 sua
1558 2391 1825 2447 oratione.

251 2488 391 2542 Dixit
430 2487 499 2541 de
540 2487 658 2542 viro
689 2528 704 2553 ,
736 2486 879 2541 dixit
915 2486 982 2540 de
1016 2485 1239 2540 muliere
1263 2527 1280 2551 ,
1309 2485 1398 2555 qui
1442 2493 1526 2540 est
1561 2482 1828 2539 secundus

248 2578 616 2647 principatus:
639 2578 752 2647 jam
783 2577 959 2647 pergit
982 2576 1047 2630 ad
1079 2577 1290 2631 tertium
1316 2593 1331 2640 ;
1366 2577 1409 2631 is
1440 2583 1619 2630 autem
1648 2583 1731 2629 est
1759 2574 1820 2626 ii-

247 2669 463 2723 liorum.
489 2667 621 2723 Nam
647 2669 798 2723 uxori
820 2669 1035 2739 quidem
1059 2668 1286 2738 imperat
1311 2669 1554 2731 maritus,
1585 2666 1706 2721 ﬁliis
1732 2680 1828 2719 au-

252 2767 357 2812 tem
391 2767 447 2813 et
486 2759 569 2812 vir
612 2766 667 2813 et
713 2759 926 2814 mulier.
974 2758 1107 2815 Vide
1147 2774 1276 2829 ergo
1319 2759 1445 2829 quid
1487 2758 1665 2813 dicat:
1703 2757 1850 2823 Filii,

249 2850 442 2905 obedite
485 2850 774 2919 parentibus
818 2852 993 2906 vestris
1038 2853 1090 2905 in
1132 2851 1354 2907 Domino
1386 2868 1404 2905 :
1431 2853 1525 2906 hoc
1574 2852 1707 2907 enim
1754 2862 1825 2907 est

249 2942 467 3009 primum
499 2951 803 3011 praceptum
824 2942 877 2996 in
902 2942 1336 3011 promissionibus.
1360 2942 1501 2996 Nihil
1532 2942 1620 2997 hic
1651 2942 1822 3011 loqui-

251 3039 333 3083 tur
351 3029 421 3085 de
441 3030 675 3093 Christo,
692 3030 822 3085 nihil
848 3031 915 3087 de
940 3031 1165 3087 excelsis
1186 3048 1201 3096 ;
1229 3032 1403 3086 adhuc
1423 3031 1565 3085 enim
1592 3031 1826 3101 loquitur

248 3138 366 3176 cum
397 3124 601 3179 teneris
632 3124 903 3179 mentibus
934 3142 948 3178 :
980 3133 1032 3178 et
1064 3124 1183 3179 ideo
1222 3125 1438 3179 brevem
1470 3123 1599 3178 facit
1624 3123 1819 3178 exhoro

249 3215 499 3270 tationem
530 3258 547 3282 ,
572 3224 760 3286 utpote
803 3215 948 3287 quod
989 3231 1094 3270 non
1140 3215 1348 3286 possint
1376 3215 1525 3284 pueri
1559 3215 1820 3284 prolixam

247 3310 458 3377 assequi
506 3309 825 3363 orationem.
868 3308 1154 3377 Propterea
1202 3322 1305 3363 nec
1343 3306 1544 3377 aliquid
1589 3306 1717 3360 dicit
1753 3305 1822 3361 de

248 3412 410 3467 regno
437 3415 453 3463 ;
481 3414 588 3452 non
617 3408 701 3453 est
729 3399 871 3452 enim
916 3398 1055 3453 illius
1100 3397 1274 3452 :etatis
1315 3397 1431 3451 hinc
1459 3396 1645 3452 audire
1678 3415 1693 3463 ;
1726 3396 1822 3451 sed

245 3505 365 3558 qua:
395 3490 625 3544 maxime
648 3491 796 3559 cupit
823 3489 1009 3545 audire
1034 3490 1258 3560 puerilis
1285 3489 1516 3553 animus,
1548 3504 1610 3544 ea
1641 3488 1816 3555 dixit,

244 3598 436 3653 nempe
456 3583 595 3652 quod
621 3583 725 3638 erit
747 3583 1045 3653 longaevus.
1076 3582 1129 3638 Si
1152 3583 1271 3652 quis
1294 3582 1437 3636 enim
1462 3581 1698 3651 inquirit,
1724 3596 1820 3635 cur

241 3675 309 3730 de
330 3690 494 3745 regno
509 3692 614 3729 non
631 3675 906 3740 disseruit,
934 3674 1026 3730 sed
1047 3675 1125 3729 eis
1152 3674 1328 3744 posuit
1351 3671 1656 3727 mandatum
1677 3671 1819 3741 quod

243 3766 409 3820 situm
437 3775 516 3820 est
541 3768 594 3819 in
624 3767 780 3836 lege;
810 3766 1050 3820 dicemus
1077 3766 1155 3818 cis
1195 3764 1247 3818 id
1286 3763 1479 3819 iecisse
1508 3772 1566 3817 ut
1594 3763 1681 3832 qui
1708 3764 1819 3816 sint

240 3858 554 3927 pueriliorcs
580 3901 594 3923 ,
629 3869 686 3912 ut
718 3860 806 3928 qui
838 3860 969 3913 sciat
994 3859 1134 3928 quod
1160 3860 1278 3913 viro
1303 3867 1357 3912 et
1381 3857 1605 3912 muliere
1636 3858 1706 3910 ita
1731 3856 1812 3910 εἴη

244 3948 397 4003 lectis
434 3950 817 4004 convenienter
855 3949 955 4018 legi
1000 3964 1157 4018 quam
1201 3949 1361 4012 tulit,
1391 3962 1495 4001 non
1526 3955 1605 4001 est
1639 3946 1816 4017 magni

244 4040 441 4094 laboris
466 4041 721 4112 puerulos
743 4041 1028 4108 subjicere.
1061 4039 1288 4107 Quando
1314 4039 1458 4093 enim
1489 4053 1577 4094 res
1605 4038 1811 4092 initium

242 4131 501 4199 acceperit
522 4139 575 4185 et
597 4130 1001 4184 fundamentum
1039 4129 1257 4193 bonum,
1274 4129 1611 4199 validumque
1640 4138 1694 4184 et
1714 4130 1811 4183 ho-

242 4236 451 4278 nestum
476 4267 488 4288 ,
519 4226 698 4279 omnia
730 4222 983 4292 deinceps
1015 4223 1099 4276 via
1138 4232 1194 4277 et
1222 4223 1340 4292 lege
1370 4221 1664 4292 procedunt
1691 4236 1814 4275 cum

244 4318 411 4371 multa
454 4316 704 4373 facilitate
731 4333 746 4369 :
774 4324 857 4371 est
899 4316 1040 4370 enim
1086 4314 1356 4370 difficilius
1393 4314 1577 4383 jacere
1619 4312 1813 4368 funda-

241 4417 478 4462 mentum
497 4450 513 4473 ,
544 4417 599 4464 et
638 4407 810 4462 basim
837 4405 1100 4477 subjicere
1130 4405 1378 4460 validam.
1402 4404 1530 4460 Filii
1556 4446 1571 4471 ,
1603 4405 1771 4475 inquit
1796 4445 1812 4465 .

241 4500 440 4553 obedite
466 4500 752 4569 parentibus
795 4500 1066 4562 uestrisjn
1100 4499 1359 4563 Domino;
1401 4498 1506 4553 hoc
1552 4508 1634 4553 est
1679 4512 1812 4552 con-

241 4603 494 4661 gruenter
519 4593 767 4647 Domino.
798 4591 940 4645 Deus
960 4593 1122 4655 enim,
1157 4592 1346 4660 inquit.
1378 4590 1455 4644 sic
1475 4588 1655 4659 jussit.
1674 4586 1809 4656 Quid

244 4699 393 4749 vero,
426 4685 465 4738 si
484 4685 747 4753 iusserint
777 4682 1009 4737 absurda
1050 4691 1105 4737 et
1143 4697 1246 4736 non
1283 4682 1554 4737 honesta?
1582 4680 1814 4735 Maxime

244 4772 456 4842 quidem
479 4789 767 4842 numquam
796 4782 952 4842 pater
983 4772 1225 4843 praecipit
1249 4771 1480 4827 absurda
1510 4782 1563 4826 et
1591 4770 1815 4826 inhoneo

245 4874 355 4926 sta,
383 4865 579 4920 etiamsi
620 4867 737 4935 ipse
776 4864 846 4919 sit
874 4864 1049 4917 minus
1090 4864 1391 4917 honestus:
1433 4870 1686 4917 ecetcrum
1735 4862 1814 4916 sic

246 4971 451 5026 quoque
489 4957 732 5012 adhibuit
772 4957 1076 5013 cautionem
1101 4998 1116 5022 ,
1157 4956 1347 5012 dicens
1379 4954 1488 5011 ειη
1545 4954 1765 5010 Domino
1794 4972 1812 5008 :

246 5046 359 5098 hoc
384 5056 451 5101 est
471 5076 487 5113 ,
509 5048 560 5103 in
588 5049 658 5104 iis
679 5051 732 5103 in
754 5047 949 5118 quibus
979 5049 1145 5103 Deum
1179 5064 1285 5102 non
1314 5048 1576 5103 oll'endas.
1608 5047 1741 5101 Nam
1769 5048 1812 5101 si

244 5139 325 5190 sit
353 5137 549 5196 Graecus
576 5150 671 5196 aut
701 5140 1006 5205 hrrreticns,
1040 5155 1143 5195 non
1175 5141 1353 5209 utique
1382 5139 1670 5209 parendum
1697 5149 1813 5194 est:

246 5243 350 5281 res
377 5231 501 5285 enim
525 5250 628 5289 non
657 5243 743 5288 est
770 5235 823 5286 in
860 5232 1101 5289 Domino.
1126 5232 1407 5300 Quomodo
1438 5240 1617 5284 autem
1638 5230 1771 5285 dicit
1798 5271 1813 5295 ,

249 5317 409 5386 Quod
427 5326 723 5393 estprimum
748 5323 1086 5378 mandatum?
1116 5323 1345 5394 primum
1378 5331 1465 5377 est
1488 5323 1631 5376 enim
1660 5322 1809 5387 illud,

251 5407 383 5462 Non
407 5416 715 5493 miraberis
742 5455 759 5481 ,
805 5424 861 5470 et
891 5456 907 5481 ,
944 5414 1061 5467 Non
1086 5415 1301 5469 occides.
1334 5413 1448 5467 Non
1481 5415 1652 5483 ipsum
1678 5413 1817 5468 dixit

250 5500 469 5569 ptimum
507 5507 739 5573 ordine,
772 5505 867 5561 sed
922 5506 1301 5576 promissione.
1351 5505 1460 5560 Illis
1502 5506 1659 5574 igitur
1708 5521 1813 5560 non

251 5598 552 5660 proponitur
570 5613 783 5655 merces
809 5642 823 5664 ,
853 5608 911 5653 ut
934 5613 1052 5669 quae
1071 5599 1362 5653 consﬁtuta
1388 5598 1496 5653 sint
1524 5598 1592 5652 de
1617 5598 1770 5653 malis
1796 5637 1812 5665 ,

250 5691 313 5736 et
339 5682 623 5746 dereeessu
650 5706 682 5746 a
706 5691 896 5759 malis;
925 5692 977 5745 in
1007 5690 1092 5745 his
1121 5700 1298 5747 autem
1327 5732 1343 5756 ,
1378 5700 1563 5760 utpote
1589 5707 1710 5745 cum
1742 5692 1812 5746 sit

252 5769 500 5836 bonorum
528 5782 788 5852 operatio,
802 5781 1015 5851 ponitur
1039 5782 1198 5836 etiam
1230 5783 1528 5852 promissio.
1554 5780 1687 5838 Vide
1712 5796 1811 5836 au-

579 5889 851 5950 PATROL.
896 5888 1016 5951 Gn.
1064 5890 1255 5952 LXII.

1940 1758 2043 1808 tem
2066 1758 2334 1825 quomodo
2362 1760 2529 1817 basim
2556 1764 2924 1822 admirabilem
2958 1771 3190 1838 posuerit
3219 1772 3317 1825 vim
3347 1773 3519 1828 virtu-

1939 1845 2004 1901 tis
2030 1886 2047 1912 ,
2078 1862 2271 1919 nempe
2301 1850 2352 1905 in
2387 1866 2638 1922 parentes
2666 1857 2926 1914 honorem
2958 1870 3010 1914 et
3041 1864 3434 1927 reverentiam;
3461 1874 3517 1920 et

1930 1933 2052 2003 jure
2070 1939 2305 2007 quidem.
2338 1942 2467 1998 Cum
2498 1945 2810 2005 abduxisset
2836 1965 2865 2003 a
2898 1951 3052 2007 malis
3077 1953 3380 2009 actionibus
3407 1996 3423 2022 ,
3454 1965 3510 2010 ct

1937 2026 2074 2081 bona
2098 2040 2242 2085 esset
2264 2032 2619 2103 ingressurus,
2654 2038 2754 2094 hoc
2784 2040 3009 2110 primum
3033 2044 3226 2112 posuit,
3253 2045 3510 2101 honorem

1936 2114 1988 2169 in
2018 2130 2287 2188 parentes,
2319 2127 2570 2195 quoniam
2601 2138 2657 2184 et
2682 2138 2806 2186 ante
2836 2134 3014 2188 omnia
3044 2134 3142 2202 ipsi
3185 2144 3304 2204 post
3343 2137 3508 2192 Deum

1938 2206 2149 2265 fuerunt
2177 2224 2427 2270 auctores
2455 2217 2597 2272 vitae.
2627 2219 2805 2288 Quare
2832 2223 3024 2280 merito
3050 2226 3208 2294 primi
3246 2227 3508 2283 bonorqu

1936 2309 2238 2358 nostrorum
2281 2306 2508 2362 fructum
2558 2313 2932 2382 perceperint,
2960 2324 3015 2370 et
3045 2324 3170 2372 tunc
3196 2316 3285 2372 alii
3324 2333 3513 2373 omnes

1935 2390 2199 2448 homines.
2227 2394 2358 2450 Nam
2386 2398 2431 2452 si
2459 2401 2579 2468 quis
2607 2400 2706 2456 hoc
2730 2419 2834 2458 non
2863 2404 3075 2470 haheat,
3104 2422 3391 2477 numquam
3410 2409 3514 2463 erit

1933 2481 2103 2537 bonus
2123 2494 2178 2539 et
2197 2500 2379 2555 :equus
2406 2488 2459 2542 in
2482 2498 2787 2548 extraneos.
2811 2495 2941 2549 Cum
2964 2511 3092 2567 ergo
3118 2497 3238 2552 ﬁliis
3254 2499 3512 2554 suasisset

1932 2589 2051 2644 quae
2076 2578 2361 2646 oportebat
2385 2622 2400 2644 ,
2433 2583 2625 2636 transit
2653 2584 2719 2639 ad
2748 2597 2998 2655 parentes
3027 2628 3043 2652 ,
3075 2596 3130 2642 et
3158 2588 3288 2644 dicit
3314 2608 3327 2643 :
3357 2590 3412 2645 4.
3443 2591 3507 2643 Et

1932 2681 2036 2734 vos,
2070 2678 2256 2737 patres,
2286 2671 2438 2725 nolite
2461 2672 2530 2725 ad
2556 2674 2687 2728 iram
2718 2692 2989 2744 provocare
3011 2679 3145 2746 ﬁlios
3174 2690 3394 2746 vestros;
3419 2683 3508 2736 scd

1931 2759 2140 2812 educato
2165 2759 2280 2815 illos
2314 2761 2368 2815 in
2408 2762 2676 2831 disciplina
2704 2774 2751 2821 et
2774 2769 3085 2837 correptione
3132 2768 3355 2824 Domini.
3389 2770 3506 2826 Non

1930 2848 2061 2903 dicit
2088 2890 2103 2916 ,
2151 2851 2256 2905 Eos
2282 2851 2490 2923 diligite
2522 2871 2538 2920 ;
2578 2855 2680 2911 hoc
2707 2858 2850 2912 enim
2881 2860 2960 2914 eis
2990 2860 3077 2916 vel
3105 2861 3286 2918 invitis
3316 2871 3503 2918 natura

1929 2939 2167 3005 attrahit,
2197 2949 2253 2996 et
2272 2942 2598 3013 superﬂuum
2630 2955 2776 3003 esset
2799 2948 2866 3004 de
2895 2949 2973 3004 eis
3002 2949 3173 3020 legem
3203 2951 3343 3006 ferre
3367 2968 3380 3005 :
3409 2950 3508 3008 sed

1928 3030 2053 3099 quid
2080 3031 2252 3087 dicit?
2293 3033 2470 3091 Nolite
2493 3053 2767 3105 provocare
2795 3041 2863 3094 ad
2885 3042 3016 3095 iram
3045 3043 3179 3110 ﬁlios
3200 3053 3426 3108 vestros;
3451 3052 3509 3100 ut

1929 3123 2075 3176 multi
2091 3123 2286 3180 iaciunt
2299 3141 2391 3181 eos
2406 3127 2790 3187 exberedantes
2807 3141 2861 3188 et
2877 3132 3265 3196 abdicantes.et
3277 3150 3369 3190 eos
3389 3151 3510 3206 gra-

1928 3224 2112 3271 vanles
2153 3225 2207 3272 et
2235 3228 2540 3286 prementes
2570 3262 2584 3285 ,
2614 3237 2719 3277 non
2748 3232 2808 3278 ut
2833 3224 3032 3281 liberos
3056 3265 3072 3290 ,
3102 3226 3198 3283 sed
3231 3236 3500 3297 tamquam

1926 3307 2208 3377 mancipia.
2243 3309 2529 3379 Propterea
2553 3313 2720 3377 dicit,
2766 3312 2943 3370 Nolite
2971 3332 3245 3386 provocare
3270 3319 3341 3372 ad
3366 3319 3499 3373 iram

1926 3397 2061 3464 ﬁlios
2086 3410 2293 3453 vestros.
2329 3402 2529 3457 Deinde
2570 3405 2713 3473 quod
2748 3414 2833 3461 est
2862 3416 3025 3477 caput
3063 3416 3119 3464 et
3147 3424 3355 3463 summa
3384 3424 3503 3464 om-

1926 3481 2070 3534 nium
2095 3522 2110 3547 ,
2142 3483 2377 3537 ostendit
2402 3486 2670 3552 quomodo
2697 3488 2805 3543 sint
2832 3489 3094 3545 obedituri
3127 3532 3142 3556 ,
3194 3502 3300 3546 tota
3339 3508 3499 3547 cau~a

1924 3569 2148 3626 deducta
2174 3572 2238 3627 ad
2268 3585 2427 3645 caput
2455 3584 2510 3630 et
2540 3577 2746 3633 initium
2774 3595 2787 3633 :
2814 3588 2868 3634 et
2895 3580 3033 3636 sicut
3057 3582 3362 3637 ostenderat
3388 3599 3502 3637 ma-

1923 3660 2080 3715 ritum
2110 3677 2229 3718 esse
2257 3678 2470 3719 causam
2507 3676 2565 3720 ut
2608 3667 2824 3723 obediat
2852 3685 2987 3724 uxor
3016 3712 3030 3735 ,
3066 3681 3119 3725 et
3161 3671 3284 3727 ideo
3315 3673 3500 3727 multis

1922 3765 2044 3806 cum
2071 3767 2135 3806 eo
2167 3753 2314 3823 agit,
2343 3754 2637 3812 adhortans
2691 3765 2751 3813 ut
2792 3773 2910 3814 eam
2956 3761 3188 3815 attrahat
3221 3763 3502 3835 tyrannide

1921 3842 2261 3910 dilectionis;
2294 3848 2365 3901 ita
2410 3849 2496 3904 hic
2535 3866 2747 3920 quoque
2773 3867 2960 3907 rursus
2991 3854 3039 3908 ei
3067 3869 3284 3910 causam
3318 3858 3504 3913 tribuit

1924 3935 2109 3993 dicens
2142 3956 2155 3991 :
2188 3939 2293 3993 Sed
2319 3940 2529 3995 educate
2564 3943 2679 3998 illos
2717 3944 2770 3997 in
2812 3944 3083 4017 disciplina
3110 3958 3156 4001 et
3183 3950 3500 4019 correptione

1926 4026 2153 4082 Domini.
2181 4030 2341 4086 Vides
2368 4033 2528 4101 quod,
2564 4034 2607 4087 si
2639 4035 2815 4091 adsint
2842 4036 3136 4107 spiritualia
3161 4079 3178 4104 ,
3211 4051 3501 4109 sequentur

1923 4122 2083 4176 etiam
2114 4122 2346 4176 carnalia
2371 4124 2393 4176 ?
2420 4123 2511 4177 Vis
2542 4124 2706 4180 ﬁlium
2733 4140 2855 4184 esse
2883 4128 3220 4183 obedientem
3253 4131 3277 4181 ?
3301 4132 3368 4185 ab
3393 4131 3496 4183 ini-

1925 4217 1998 4271 tio
2025 4234 2144 4273 eum
2178 4208 2350 4273 'educa
2383 4218 2435 4273 in
2462 4219 2743 4290 disciplina
2772 4228 2826 4274 et
2849 4220 3214 4277 admonitione
3243 4223 3451 4278 Domini
3482 4241 3498 4281 :

1925 4327 1991 4367 ne
2015 4312 2289 4366 existimes
2315 4326 2434 4367 esse
2459 4327 2915 4381 supervacaneum
2939 4355 2952 4378 ,
2989 4315 3129 4382 quod
3154 4316 3267 4385 ipse
3293 4314 3501 4369 divinas

1917 4398 2347 4458 Literasaudiat:
2376 4418 2497 4458 nam
2524 4405 2631 4459 illic
2661 4408 2761 4460 hoc
2780 4406 3008 4477 primum
3030 4407 3268 4475 audient,
3292 4407 3501 4463 Honora

1922 4504 2116 4565 patrem
2142 4503 2189 4549 et
2215 4505 2445 4549 matrem.
2470 4496 2652 4566 Itaque
2675 4506 2894 4568 propter
2925 4508 2976 4555 te
3004 4499 3106 4554 hoc
3133 4499 3209 4552 ﬁt.
3228 4499 3306 4555 Ne
3330 4499 3495 4567 dicas,

1924 4587 2034 4642 Iloc
2050 4596 2133 4643 est
2156 4587 2536 4643 monachorum
2559 4604 2575 4654 ;
2593 4604 2718 4644 num
2742 4604 2841 4659 ego
2853 4605 2975 4645 eum
3000 4591 3137 4646 facio
3154 4591 3498 4648 monachum?

1919 4678 2035 4734 Non
2058 4688 2141 4733 est
2162 4693 2381 4734 necesse
2403 4688 2462 4733 ut
2483 4680 2570 4733 tiat
2598 4681 2913 4736 monachus.
2938 4681 3075 4749 Quid
3094 4682 3146 4736 id
3166 4684 3341 4749 times,
3357 4685 3498 4755 quod

1919 4780 2004 4827 est
2025 4771 2191 4826 multo
2216 4771 2364 4826 lucro
2393 4771 2653 4840 plenum?
2678 4772 2786 4827 Fac
2813 4787 2936 4829 eum
2968 4772 3353 4833 Christianum.
3384 4777 3498 4832 Ma.-

1923 4862 2063 4917 xime
2089 4863 2230 4917 enim
2261 4862 2544 4917 mundanis
2568 4903 2583 4929 ,
2632 4877 2826 4934 nempe
2851 4865 3198 4922 saecularibus
3230 4908 3247 4935 ,
3279 4881 3499 4922 necesse

1923 4962 2006 5007 est
2039 4952 2249 5009 discere
2287 4968 2405 5023 qua:
2436 4953 2543 5007 illic
2571 4961 2696 5008 sunt
2721 4953 3044 5010 documenta
3070 4999 3083 5023 ,
3120 4957 3289 5028 magis
3314 4965 3496 5012 autem

1924 5045 2125 5114 pueris.
2157 5044 2316 5099 Multa
2343 5054 2425 5098 est
2450 5044 2592 5099 enim
2617 5044 2671 5098 in
2700 5047 2787 5101 illa
2812 5055 2967 5109 mlate
2987 5047 3283 5118 ignorantia
3306 5065 3321 5113 ;
3343 5050 3498 5118 igno-

1924 5137 2110 5191 rantia:
2138 5146 2315 5192 autem
2345 5136 2403 5191 ﬁt
2428 5138 2664 5194 accessio
2699 5140 2858 5195 etiam
2896 5156 2962 5195 ex
3004 5142 3219 5212 scriptis
3245 5150 3497 5196 externo-

1925 5244 2040 5283 rum
2068 5244 2083 5293 ;
2111 5227 2324 5298 quando
2354 5244 2452 5299 per
2485 5245 2548 5285 ea
2576 5229 2863 5286 didicerint
2900 5246 2995 5286 eos
3022 5232 3110 5301 qui
3151 5241 3277 5287 sunt
3302 5231 3496 5288 heroes

1924 5319 2107 5375 haberi
2135 5321 2184 5374 in
2209 5319 2581 5388 admiratione,
2608 5337 2729 5377 cum
2750 5321 3012 5377 sintservi
3035 5322 3196 5376 animi
3223 5322 3495 5393 perturba-

1923 5413 2126 5465 tionum
2152 5419 2207 5465 et
2237 5411 2509 5478 vitiorum,
2537 5421 2593 5467 et
2620 5424 2850 5468 mortem
2879 5413 3100 5466 timeant
3132 5429 3145 5466 :
3180 5422 3236 5467 ut
3262 5413 3498 5470 Achilles

1922 5501 2134 5572 quando
2154 5517 2276 5556 eum
2301 5503 2546 5572 paenitet,
2564 5502 2778 5571 quando
2804 5503 3031 5557 moritur
3053 5518 3147 5573 pro
3170 5504 3492 5569 concubina;

1923 5594 2139 5665 quando
2170 5595 2307 5648 alius
2328 5603 2409 5649 est
2439 5594 2622 5650 ebrius
2650 5635 2666 5661 ,
2697 5601 2754 5648 et
2780 5595 2945 5649 multa
2973 5595 3078 5650 alia
3104 5595 3387 5667 ejusmodi.
3418 5596 3499 5651 illi

1923 5703 2052 5759 ergo
2081 5703 2215 5757 opus
2237 5696 2321 5741 est
2357 5687 2438 5741 his
2466 5685 2894 5743 medicamentis.

1992 5780 2048 5833 2.
2074 5778 2351 5846 Quomodo
2381 5776 2524 5833 enim
2552 5792 2660 5834 non
2687 5786 2771 5837 est
2792 5778 3087 5836 absurdum
3114 5778 3181 5834 ad
3206 5789 3349 5838 artes
3378 5780 3499 5851 qui-

3110 5894 3184 5954 10
