4042 6212
559 305 652 360 151

556 427 677 472 item
707 413 1008 484 niittrre,et
1027 421 1090 474 .Id
1113 421 1290 476 ludum
1321 423 1632 487 literarium,
1661 431 1710 476 et
1739 437 1833 490 pro
1858 437 1923 476 eo
1948 422 2127 474 omnia

557 513 734 568 facere
765 531 779 576 ;
814 514 866 568 in
895 513 1170 582 disciplina
1221 522 1396 568 autem
1425 523 1481 569 et
1505 515 1594 568 Dei
1623 513 1984 568 admonitione
2004 528 2133 582 pue-I

553 619 642 657 ros
666 619 767 658 non
787 601 1073 660 educare?
1103 605 1389 674 Propterea
1420 621 1516 659 nos
1546 606 1699 674 primi
1731 605 1930 659 fructus
1957 605 2130 674 perci-

554 698 730 764 pimus
753 739 769 765 ,
795 698 1024 752 audaces
1048 737 1063 764 ,
1097 697 1514 766 intemperantes
1534 738 1548 762 ,
1578 697 1948 767 immorigeros
1967 738 1982 762 ,
2012 709 2129 750 sor-

554 789 751 851 dides,
798 797 852 842 et
906 788 1194 842 illiberales
1241 787 1450 843 alentes
1504 787 1661 842 filios.
1716 787 1793 842 Ne
1845 803 1972 856 ergo
2025 787 2126 842 hoc

553 880 826 944 faciamus,
857 877 952 932 sed
982 878 1102 933 huic
1130 878 1284 933 beato
1313 894 1590 947 pareamus
1615 879 1856 934 suadenti
1883 897 1896 932 ε
1923 879 2123 934 educe-

539 985 666 1025 anus
691 985 784 1026 eos
829 971 878 1024 in
923 971 1205 1042 disciplina
1244 982 1298 1026 et
1334 972 1700 1027 admonitione
1747 972 1960 1026 Domini
1988 990 1999 1025 :
2025 971 2121 1026 de-

551 1075 668 1114 mus
695 1061 784 1115 eis
813 1061 1114 1130 exemplum
1145 1102 1160 1126 ,
1193 1062 1262 1115 ab
1310 1063 1526 1117 ineunte
1568 1070 1724 1116 aetate
1749 1071 2000 1117 curantes
2026 1074 2121 1116 eos

540 1153 854 1208 incumbere
907 1153 1121 1208 lectioni
1176 1152 1594 1221 Scripturarum.
1646 1153 1741 1207 Hei
1794 1153 1962 1206 mihi!
2003 1151 2119 1207 haec

540 1243 756 1297 assidue
805 1243 988 1298 dicens
1045 1243 1229 1298 videor
1275 1243 1544 1310 delirare;
1591 1252 1955 1298 verumtamen
2011 1258 2116 1298 non

537 1334 762 1389 cessabo
791 1332 964 1390 facere
992 1334 1133 1403 quod
1163 1345 1246 1389 est
1278 1349 1477 1390 meum.
1521 1335 1628 1389 Cur
1651 1376 1666 1396 ,
1695 1334 1782 1389 die
1805 1334 1934 1388 mihi
1961 1376 1978 1399 ,
2005 1350 2114 1389 non

541 1425 764 1479 imitaris
787 1436 996 1480 veteres
1020 1425 1044 1476 ‘t
1071 1425 1300 1480 Maxime
1325 1441 1440 1490 vos,
1465 1425 1738 1490 mulieres,
1767 1425 1888 1479 illas
1915 1424 2112 1479 mulie-

539 1531 626 1570 res
654 1517 990 1571 admirandas
1014 1519 1352 1572 :emulamini.
1375 1516 1634 1586 Peperisti
1660 1517 1822 1570 filium
1850 1518 1873 1569 ?
1905 1516 2113 1571 Imitare

538 1608 744 1660 Annam
775 1647 790 1672 ,
818 1606 962 1662 disce
987 1608 1115 1677 quid
1149 1609 1234 1661 illa
1269 1608 1453 1662 fecerit
1481 1624 1494 1671 ;
1527 1622 1648 1662 eum
1681 1608 1858 1662 statim
1890 1607 2112 1662 deduxit

535 1698 586 1751 in
619 1701 890 1768 templum.
918 1700 1171 1766 Quaenam
1199 1710 1434 1756 vestrum
1460 1715 1566 1756 neu
1592 1702 1839 1758 maluerit
1866 1716 2021 1756 suum
2055 1701 2110 1755 fl-

533 1788 659 1843 lium
719 1805 838 1845 esse
884 1789 1413 1862 Samuelem,quam
1465 1793 1657 1848 millies
1711 1807 1889 1863 regem
1944 1795 2108 1848 totius

531 1882 678 1936 orbis
707 1884 912 1938 teme?
942 1885 1010 1938 Et
1034 1886 1324 1954 quomodo,
1356 1886 1563 1955 inquit,
1601 1887 1712 1941 lieri
1743 1895 1916 1957 potest
1953 1897 2009 1942 ut
2037 1889 2107 1943 sit

528 1974 694 2028 talis?
720 1975 896 2043 Quare
923 1992 1028 2032 non
1059 1987 1232 2048 potest
1259 1978 1371 2034 ﬁeri
1394 1978 1418 2032 ?
1445 1979 1705 2045 Quoniam
1733 1996 1837 2035 non
1872 1981 1975 2045 vis,
2006 1998 2104 2037 nec

528 2077 650 2118 eum
676 2066 843 2121 tradis
871 2067 934 2122 iis
965 2069 1051 2138 qui
1086 2078 1310 2139 possunt
1331 2084 1452 2124 eum
1477 2070 1632 2125 talem
1662 2069 1859 2127 facere.
1890 2072 1957 2126 Et
1985 2074 2104 2142 quis

527 2158 574 2210 is
599 2165 698 2222 est,
733 2157 947 2228 inquit?
978 2159 1118 2214 Deus
1145 2178 1158 2215 :
1189 2175 1308 2214 nam
1339 2161 1451 2231 ipsa
1483 2162 1633 2216 illum
1653 2163 1700 2217 ei
1729 2162 1963 2218 tradidit.
1992 2163 2099 2218 Ne-

525 2262 628 2314 que
666 2247 806 2302 enim
833 2248 949 2304 Heli
977 2259 1094 2304 erat
1119 2266 1183 2306 ex
1213 2251 1278 2306 iis
1299 2254 1388 2322 qui
1419 2253 1706 2308 admodum
1733 2262 1950 2322 possent
1976 2268 2096 2308 eum

526 2339 727 2407 lingere
751 2348 802 2393 et
831 2339 1118 2395 efformare
1151 2357 1163 2394 :
1198 2343 1465 2411 quomodo
1495 2343 1640 2398 enim
1671 2384 1686 2410 ,
1729 2344 1820 2413 qui
1848 2360 1947 2399 nec
1972 2359 2099 2399 suos

525 2426 694 2493 potuit
737 2427 871 2481 lilios
897 2428 921 2482 ?
949 2429 1041 2483 sed
1088 2429 1220 2486 fides
1265 2431 1502 2486 mulieris
1546 2442 1599 2488 et
1643 2433 1889 2489 alacritas
1935 2435 2096 2490 animi

524 2527 690 2596 totum
721 2518 914 2576 elfecit.
949 2521 1184 2576 Primum
1215 2525 1424 2594 peperit
1452 2535 1508 2580 et
1530 2526 1727 2594 solum,
1758 2536 1932 2583 etnec
1960 2528 2098 2582 scie-

522 2609 612 2664 bat
638 2625 704 2665 an
733 2612 866 2668 alios
891 2625 1036 2670 esset
1066 2616 1318 2684 paritura.
1343 2616 1525 2688 Neque
1555 2619 1725 2684 dixit,
1761 2619 2095 2688 EsSpectabo

517 2701 646 2756 dum
672 2713 878 2758 crescat
906 2705 1100 2772 infans,
1133 2717 1188 2762 ut
1218 2717 1396 2763 utatur
1423 2709 1585 2764 rebus
1613 2725 1730 2779 quae
1761 2709 1825 2763 ad
1856 2711 1990 2765 hanc
2012 2711 2092 2764 vi-

520 2801 626 2846 tam
656 2796 922 2862 pertinent
956 2813 969 2850 :
998 2799 1288 2854 concedam
1321 2808 1377 2854 ut
1407 2801 1520 2869 ipse
1549 2816 1735 2870 parum
1769 2811 2012 2856 versetur
2039 2803 2088 2856 in

519 2893 675 2940 :rtate
715 2887 904 2956 puerili
936 2906 949 2942 :
979 2889 1070 2944 sed
1117 2889 1201 2944 his
1229 2890 1477 2946 omnibus
1521 2893 1841 2962 propulsatis
1866 2935 1880 2958 ,
1913 2893 1962 2947 in
1992 2895 2092 2948 hoc

517 2975 634 3028 Solo
664 2975 782 3042 fuit,
808 2978 1076 3047 quomodo
1097 2979 1164 3033 ab
1181 2980 1330 3034 initio
1347 2981 1520 3052 imago
1545 2983 1832 3052 spiritualis
1859 2983 1969 3038 Deo
1992 2983 2090 3038 de-

515 3064 784 3121 dicaretur
810 3069 887 3137 (l.
921 3067 1048 3140 Reg.
1082 3069 1162 3144 2).
1196 3069 1405 3125 Pudore
1429 3069 1724 3126 affleiamur
1754 3073 1850 3126 viri
1882 3072 1949 3128 de
1976 3089 2093 3128 mu-

517 3158 662 3212 lieris
711 3159 1041 3230 philosophia
1075 3178 1088 3213 :
1123 3177 1244 3217 eum
1279 3163 1387 3222 Deo
1413 3163 1602 3218 obtulit
1630 3203 1646 3229 ,
1695 3173 1748 3219 et
1793 3164 1898 3220 illic
1939 3165 2080 3220 sivit.

517 3248 809 3320 Propterea
829 3253 988 3307 etiam
1008 3253 1338 3322 splendidius
1351 3252 1549 3308 factum
1571 3264 1653 3309 est
1669 3257 2086 3323 matrimonium,

502 3341 635 3410 .quia
660 3342 806 3413 prius
824 3344 1114 3412 spiritualia
1146 3345 1411 3415 quaesivit,
1433 3344 1557 3416 quia
1571 3345 1764 3401 obtulit
1809 3347 2087 3416 primitias:

515 3443 792 3504 propterea
825 3434 1012 3490 fertilis
1042 3435 1137 3490 fuit
1167 3435 1282 3505 ejus
1309 3447 1492 3492 uterus
1516 3479 1529 3502 ,
1559 3446 1616 3492 et
1644 3437 1779 3492 alios
1810 3438 1990 3494 habuit
2013 3438 2078 3491 li-

513 3525 616 3579 lios
649 3545 662 3580 :
692 3534 974 3598 propterea
1018 3536 1072 3583 et
1102 3528 1153 3582 in
1189 3528 1386 3584 mundo
1413 3544 1535 3584 eum
1568 3529 1701 3584 vidit
1731 3528 2009 3584 florentem
2035 3541 2091 3586 et

491 3617 731 3672 -in"bona
753 3634 872 3673 esse
884 3619 1312 3675 existimatione.
1337 3621 1390 3676 Si
1405 3622 1544 3676 enim
1572 3622 1816 3678 homines
1843 3623 2086 3680 honorati

514 3710 1049 3778 v-icissimitouorant,
1069 3727 1246 3767 annon
1273 3714 1439 3767 multo
1456 3720 1623 3785 magis
1646 3716 1804 3783 Deus,
1823 3718 1910 3786 qui
1929 3719 2089 3774 etiam

514 3802 635 3855 licet
657 3800 1085 3856 non‘honoratus
1113 3803 1215 3858 hoc
1243 3804 1412 3859 facit?
1442 3805 1732 3876 Quousque
1755 3823 1940 3866 sumus
1971 3825 2090 3866 ear-

515 3893 653 3946 nes?
677 3907 954 3964 quousque
977 3895 1027 3949 in
1056 3904 1251 3950 terram
1269 3897 1658 3956 incurvamur?
1679 3901 1864 3957 Omnia
1887 3918 1916 3957 a
1936 3905 2089 3960 nobis

519 3993 902 4054 postponantnr
921 4002 1068 4042 cura:
1096 3987 1325 4044 filiorum
1349 4031 1364 4056 ,
1395 4000 1451 4046 et
1481 4006 1668 4047 eorum
1698 3994 2002 4050 educationi
2035 3999 2088 4052 in

504 4073 790 4144 disciplina
822 4086 876 4132 et
901 4077 1268 4136 admonitione
1300 4081 1528 4137 Domini.
1581 4084 1634 4139 Si
1674 4086 1740 4139 ab
1770 4087 1921 4142 initio
1948 4087 2087 4142 didi-

516 4166 650 4218 cerit
686 4179 810 4220 esse
832 4165 1196 4237 philosophus
1227 4210 1244 4234 ,
1275 4172 1558 4241 acquisivit
1602 4174 1814 4230 divitias
1858 4177 2088 4248 majores

516 4253 794 4323 quibusvis
810 4256 1031 4326 divitiis,
1063 4269 1117 4314 et
1144 4261 1501 4330 potentiorem
1529 4264 1775 4334 gloriam.
1799 4266 1940 4322 Nihil
1973 4278 2088 4323 tan-

513 4357 624 4400 tum
657 4347 855 4402 eflic‘irs
884 4349 1084 4404 docens
1115 4361 1287 4408 artem
1315 4363 1369 4409 et
1405 4354 1737 4426 disciplinam
1771 4368 2043 4414 externam
2071 4403 2086 4428 ,

518 4455 611 4508 per
657 4456 814 4508 quam
862 4443 1104 4511 aequiret
1127 4443 1344 4508 divitias
1375 4487 1391 4511 ,
1425 4463 1583 4517 quam
1613 4451 1658 4504 si
1687 4465 1808 4506 eum
1839 4451 2087 4510 docueris

511 4541 680 4586 artem
713 4548 808 4602 per
831 4550 991 4605 quam
1019 4535 1280 4605 deSpiciet
1309 4537 1544 4597 divitias.
1576 4541 1632 4597 Si
1663 4543 1796 4598 velis
1839 4559 1962 4600 eum
2002 4546 2086 4602 di-

515 4624 679 4678 vitem
705 4627 902 4692 facere,
926 4629 1004 4681 sic
1024 4626 1202 4682 facito.
1233 4627 1330 4684 Est
1356 4631 1497 4685 enim
1527 4631 1677 4687 dives
1700 4648 1806 4688 non
1836 4637 1924 4703 qui
1954 4637 2088 4690 mul-

512 4717 579 4766 tis
605 4721 726 4781 eget
753 4715 952 4770 divitiis
982 4756 996 4780 ,
1035 4725 1088 4771 et
1113 4718 1294 4773 multis
1319 4728 1402 4774 est
1425 4721 1786 4778 circumdatus
1816 4765 1831 4790 ,
1863 4725 1958 4779 sed
1996 4728 2085 4796 qui

513 4803 710 4858 nullius
743 4805 957 4876 indiget.
988 4807 1100 4863 Hoc
1125 4809 1260 4867 doce
1287 4811 1476 4877 tilium,
1511 4814 1612 4868 hoc
1638 4815 1790 4870 erudi
1819 4817 1946 4892 alia:
1978 4834 2092 4872 ma-

514 4895 670 4949 xima:
701 4904 824 4950 sunt
845 4896 1064 4951 divitize.
1097 4898 1174 4954 Ne
1199 4915 1408 4970 qmeras
1436 4904 1706 4972 quomodo
1730 4920 1853 4960 eum
1895 4907 2089 4963 reddas

513 4990 792 5044 florentem
815 4997 871 5044 et
897 5005 1102 5060 magna:
1123 4993 1529 5051 existimationis
1559 4997 1609 5050 in
1631 4996 1888 5052 doctrinis
1909 5008 2090 5053 exter-

515 5083 596 5138 nis
616 5123 632 5148 ,
661 5091 716 5138 et
740 5081 932 5138 reddas
962 5084 1128 5154 gloria
1153 5085 1448 5155 insignem;
1477 5087 1571 5143 sed
1598 5103 1724 5143 cura
1757 5098 1816 5143 ut
1841 5104 1961 5145 cum
1991 5089 2088 5144 do-

510 5188 634 5228 ceas
653 5174 930 5244 despicere
957 5173 1112 5244 hujus
1139 5175 1263 5229 vit:e
1289 5177 1512 5245 gloriam
1548 5195 1562 5232 :
1593 5178 1716 5234 inde
1742 5178 1832 5233 ﬁet
1851 5180 2088 5250 splendi-

516 5264 636 5321 dior
662 5275 717 5322 et
744 5269 915 5337 gloria
942 5268 1218 5324 illustrior.
1248 5269 1372 5324 Haec
1392 5280 1446 5324 et
1477 5273 1693 5341 pauperi
1721 5282 1774 5327 et
1796 5274 1942 5328 diviti
1968 5273 2090 5328 licet

515 5355 692 5412 facere
717 5378 728 5412 :
759 5359 870 5415 hate
906 5376 1011 5416 non
1038 5376 1067 5415 a
1099 5361 1316 5417 doctore
1341 5361 1498 5418 discit
1523 5364 1715 5432 aliquis
1741 5405 1756 5428 ,
1790 5379 1963 5433 neque
1993 5379 2088 5434 per

513 5457 704 5513 artem,
734 5449 826 5504 sed
855 5466 950 5521 per
968 5452 1145 5508 divina
1168 5454 1396 5524 eloquia.
1425 5453 1539 5508 Non
1563 5471 1771 5524 quaeras
1795 5465 1850 5509 ut
1879 5456 2088 5525 longam

513 5539 600 5595 hic
622 5538 762 5594 vivat
782 5542 961 5607 vitam,
985 5545 1078 5598 sed
1097 5554 1152 5598 ut
1177 5545 1281 5599 illic
1304 5545 1563 5600 infinitam
1585 5554 1638 5600 et
1663 5562 1780 5614 quae
1799 5562 2088 5617 numquam

511 5633 740 5690 desinat.
773 5634 954 5704 Magna
1002 5637 1076 5690 illi
1123 5638 1440 5706 largirc,nou
1471 5655 1629 5710 parva
1658 5658 1672 5694 :
1703 5641 1826 5694 audi
1861 5641 2084 5694 Paulum

505 5725 776 5783 dicentem
801 5767 815 5791 ,
851 5725 1074 5782 Educate
1102 5745 1184 5785 eos
1227 5731 1276 5784 in
1328 5731 1594 5801 disciplina
1643 5741 1690 5786 et
1735 5731 2087 5788 admonitione

1245 309 1299 365 S.
1339 307 1612 365 JOANNIS
1647 306 2117 363 CIIRYSOSTOMI
2157 307 2468 364 ARCHIEP.
2509 312 3035 374 CUNSTANTINOP.

3716 327 3808 382 159.

2240 422 2462 477 Domini.
2496 425 2570 479 Ne
2607 429 2838 484 studium
2870 446 3032 500 ponas
3080 442 3130 485 ut
3161 448 3282 488 eum
3313 435 3470 491 facias
3500 451 3762 495 oratorem
3788 487 3803 509 ,

2231 512 2324 566 sed
2351 514 2499 569 erudi
2529 526 2585 571 ut
2609 519 2678 572 sit
2702 519 3073 590 philosophus.
3098 523 3226 578 Nam
3249 527 3294 580 si
3321 527 3447 581 illud
3469 532 3680 600 quidem
3702 549 3806 590 non

2231 603 2336 670 sit,
2370 604 2500 661 nihil
2543 618 2626 664 est
2673 609 2894 674 damni;
2925 614 2967 666 si
3025 613 3125 668 hoc
3150 626 3326 670 autem
3365 620 3543 685 absit,
3600 627 3803 680 nullum

2229 695 2330 748 erit
2379 696 2584 752 lucrum
2629 700 2912 757 rhetoricae
2942 707 3282 772 quantumvis
3313 709 3511 764 multae.
3543 710 3690 781 Opus
3723 725 3801 770 est

2229 785 2484 853 moribus,
2511 804 2611 842 non
2643 790 2850 847 dicendi
2883 793 3129 851 facultate
3159 813 3174 862 ;
3205 798 3327 852 vita:
3357 801 3617 856 modestia
3648 843 3664 867 ,
3697 820 3800 860 non

2230 876 2482 930 orationis
2525 881 2858 937 vehementia
2889 900 2904 948 ;
2936 885 3090 940 factis
3114 929 3128 953 ,
3161 902 3267 942 nou
3300 891 3497 946 verbis.
3542 893 3668 948 Haec
3710 912 3798 950 re-

2223 981 2383 1034 gnum
2427 971 2713 1027 conciliant
2742 1015 2757 1039 ,
2792 973 2906 1030 haec
2935 975 3137 1031 donant
3165 978 3324 1034 etiam
3355 983 3472 1049 quae
3503 994 3626 1037 sunt
3670 1001 3800 1041 vere

2223 1055 2380 1110 bona.
2408 1057 2485 1112 Ne
2515 1059 2747 1130 linguam
2773 1078 2955 1131 acuas,
2985 1066 3079 1121 sed
3102 1083 3367 1139 expurges
3392 1073 3644 1126 animam.
3675 1074 3794 1131 Non

2223 1144 2336 1200 haec
2373 1148 2493 1202 dico
2525 1151 2812 1219 prohibens
2839 1156 3075 1224 erudire,
3098 1159 3192 1213 sed
3221 1159 3508 1229 prohibens
3532 1165 3638 1218 illis
3663 1167 3796 1222 solis

2219 1236 2472 1294 adhibere
2501 1243 2756 1297 animum.
2786 1245 2862 1300 Ne
2891 1247 3164 1304 existimes
3195 1251 3336 1320 quod
3357 1253 3484 1307 solis
3515 1258 3795 1312 monachis

2218 1339 2352 1394 Opus
2373 1329 2442 1383 sit
2466 1329 2550 1384 his
2569 1331 2922 1401 documentis,
2937 1352 3054 1406 qua:
3075 1351 3355 1395 sumuntur
3370 1357 3438 1396 ex
3461 1342 3753 1413 Scripturis
3775 1364 3793 1408 :

2217 1422 2444 1477 maxime
2473 1425 2614 1479 enim
2644 1424 2728 1483 his
2752 1444 2883 1498 opus
2902 1440 2985 1486 est
3014 1432 3078 1486 iis
3099 1435 3298 1502 pueris,
3331 1437 3418 1505 qui
3440 1442 3643 1493 venturi
3665 1452 3794 1497 sunt

2183 1511 2190 1514 ’
2214 1511 2278 1564 ad
2305 1511 2447 1568 hanc
2474 1518 2656 1572 mundi
2685 1520 2867 1574 vitam.
2911 1521 2980 1577 Ut
3007 1525 3149 1578 enim
3181 1528 3329 1581 navis
3356 1529 3710 1586 iuetruetione
3739 1545 3792 1588 et

2211 1605 2565 1671 gubernatore
2593 1618 2647 1664 et
2677 1620 2954 1667 nautarum
2992 1615 3140 1684 justo
3168 1626 3222 1672 et
3249 1621 3516 1689 completo
3561 1639 3792 1681 numero

2213 1709 2315 1749 non
2345 1697 2538 1768 indiget
2569 1701 2614 1756 is
2635 1704 2726 1772 qui
2757 1716 3012 1774 perpetuo
3037 1719 3142 1762 stat
3169 1710 3222 1764 in
3250 1721 3403 1780 portu
3430 1753 3444 1776 ,
3493 1715 3584 1768 sed
3617 1717 3660 1770 is
3692 1719 3788 1786 qui

2208 1800 2420 1856 semper
2449 1800 2690 1848 versatur
2717 1795 2768 1849 in
2797 1799 2930 1852 mari
2976 1815 2990 1852 :
3035 1800 3104 1853 ita
3137 1802 3294 1856 etiam
3339 1805 3638 1860 mundanus
3687 1824 3787 1863 seu

2207 1880 2478 1935 szecularis
2524 1894 2578 1938 et
2622 1887 2936 1944 monachus.
2969 1889 3098 1944 Nam
3143 1891 3229 1947 hic
3270 1895 3482 1963 quidem
3510 1907 3591 1952 est
3614 1901 3784 1954 veluti

2206 1969 2258 2024 in
2309 1984 2460 2040 portu
2505 1989 2666 2045 agens
2712 1977 2876 2033 vitam
2929 1981 3087 2036 nullis
3126 1985 3376 2053 agitatam
3405 1987 3650 2043 fluetibus
3680 2032 3696 2054 ,
3728 2001 3788 2045 et

2203 2063 2384 2128 procul
2413 2078 2442 2116 a
2471 2068 2694 2134 negotiis
2723 2109 2737 2131 ,
2771 2077 2825 2123 et
2853 2070 2922 2123 ab
2951 2073 3095 2126 omni
3131 2076 3362 2141 procella
3395 2077 3616 2132 liberam
3643 2095 3655 2131 :
3694 2081 3786 2133 ille

2210 2159 2386 2206 autem
2415 2165 2672 2225 perpetuo
2700 2159 2807 2227 agit
2832 2161 2883 2214 in
2917 2162 3103 2232 pelago
3133 2175 3186 2218 et
3214 2166 3265 2218 in
3295 2167 3475 2222 medio
3499 2171 3627 2224 mari
3658 2187 3786 2226 ver-

2200 2255 2348 2299 satur
2373 2261 2388 2312 ;
2419 2263 2537 2302 cum
2568 2251 2748 2306 multis
2788 2253 2962 2323 iisque
3007 2257 3310 2327 ingentibus
3331 2275 3570 2331 pugnans
3598 2264 3783 2320 ﬂucti-

2199 2333 2316 2399 bus,
2345 2344 2399 2390 et
2427 2338 2471 2391 si
2503 2337 2615 2408 ipse
2647 2356 2752 2396 non
2781 2357 2914 2412 opus
2945 2344 3106 2402 habet
3133 2389 3147 2413 ,
3181 2360 3422 2418 paratum
3453 2361 3625 2408 tamen
3652 2369 3787 2412 esse

2197 2435 2408 2495 oportet
2431 2436 2488 2482 ut
2507 2431 2730 2488 aliorum
2764 2434 2910 2504 lingu
2923 2450 2980 2488 as
3002 2437 3266 2492 obstruat.

2267 2519 2320 2573 5.
2353 2519 2498 2575 Αυιω
2521 2524 2673 2592 regite
2694 2527 3265 2594 vitim—rQuamobrem
3287 2547 3391 2599 quo
3412 2531 3568 2588 fuerit
3594 2533 3644 2589 in
3676 2534 3782 2592 hac

2197 2610 2298 2662 vita
2324 2612 2536 2682 majoris
2557 2616 2962 2676 existimationis
2985 2661 2999 2686 ,
3029 2636 3094 2675 eo
3125 2624 3292 2692 magis
3315 2625 3364 2678 ei
3396 2639 3529 2693 opus
3555 2637 3638 2681 est
3675 2627 3779 2682 hac

2194 2700 2644 2757 eruditione.Nam
2665 2708 2760 2760 etsi
2785 2707 2955 2762 alatur
2972 2709 3022 2763 in
3041 2711 3158 2764 aula
3177 2713 3337 2782 regia,
3362 2715 3509 2768 multi
3527 2725 3648 2770 sunt
3668 2718 3778 2772 illic

2195 2799 2246 2842 et
2263 2790 2430 2846 Graeci
2445 2803 2494 2847 et
2515 2795 2836 2867 philosophi,
2851 2811 2905 2854 et
2916 2800 2983 2853 ob
2997 2811 3310 2870 prsesentem
3323 2804 3541 2874 gloriam
3560 2809 3774 2874 tumidi,

2196 2890 2462 2951 tamquam
2487 2887 2536 2939 in
2566 2887 2683 2942 loco
2703 2890 2790 2958 qui
2812 2891 2881 2944 sit
2897 2891 3130 2959 repletus
3148 2893 3470 2964 hydropicis.
3490 2895 3617 2949 Tale
3641 2899 3774 2966 quid

2193 2983 2274 3029 est
2291 2975 2406 3028 aula
2426 2977 2567 3046 regia
2593 2995 2608 3030 :
2631 2993 2819 3035 omnes
2840 2992 2962 3035 sunt
2980 2982 3142 3036 inflati
3162 2993 3216 3038 et
3244 2985 3424 3040 tumidi
3445 3002 3459 3051 ;
3483 2987 3570 3056 qui
3591 3001 3774 3043 autem

2194 3081 2299 3121 non
2330 3077 2472 3134 sunt,
2500 3070 2730 3124 studium
2760 3081 2962 3140 ponunt
2989 3082 3044 3128 ut
3073 3075 3218 3128 ﬁant.
3243 3073 3424 3145 Cogita
3449 3091 3577 3146 ergo
3602 3093 3775 3147 quan-

2194 3165 2304 3211 tum
2322 3158 2410 3223 sit,
2430 3159 2594 3214 ﬁlium
2623 3170 2770 3216 tuum
2800 3162 2924 3218 illuc
2946 3163 3262 3232 ingressum,
3283 3164 3485 3234 ingredi
3502 3176 3774 3235 tamquam

2191 3249 2448 3316 optimum
2477 3261 2529 3305 et
2560 3254 3060 3320 praestantissimum
3105 3255 3392 3323 medicum,
3420 3271 3540 3311 cum
3573 3257 3776 3312 instru-

2191 3342 2382 3394 mentis
2406 3356 2525 3410 quae
2554 3343 2757 3412 possint
2778 3344 3192 3415 uniuscujusth
3221 3355 3482 3400 tumorem
3531 3348 3773 3418 compri-

2191 3445 2338 3486 mere
2358 3472 2372 3494 ,
2402 3440 2457 3486 et
2484 3432 2549 3486 ad
2577 3448 3012 3504 unumquemque
3038 3435 3294 3491 accedere
3319 3446 3372 3490 et
3401 3436 3694 3503 disserere,
3721 3446 3776 3492 et

2189 3536 2382 3592 corpus
2402 3523 2542 3592 quod
2571 3523 2773 3579 laborat
2798 3540 2984 3580 sanum
3014 3525 3224 3592 facere,
3253 3526 3775 3583 medicamenta‘im-

2190 3623 2473 3682 ponentem
2503 3631 2566 3670 ex
2599 3616 2905 3685 Scripturis,
2931 3626 2985 3672 et
3011 3618 3358 3688 philosophia:
3403 3616 3772 3675 infundentem

2191 3704 2373 3759 verba.
2405 3706 2690 3761 Monachus
2717 3707 2857 3762 enim
2889 3721 3008 3761 cum
3039 3724 3144 3777 quo
3173 3709 3439 3764 disseret?
3463 3724 3582 3763 cum
3615 3724 3775 3764 muro

2189 3804 2243 3850 et
2267 3806 2404 3851 tecto
2426 3797 2448 3850 ?
2472 3811 2538 3852 an
2561 3812 2680 3851 cum
2712 3797 2937 3853 desertis
2961 3809 3013 3852 et
3042 3800 3382 3854 nemoribus?
3404 3815 3470 3853 an
3498 3816 3620 3853 cum
3651 3802 3774 3855 avi-

2190 3887 2288 3942 bus
2317 3899 2370 3943 et
2395 3889 2712 3945 arboribus?
2741 3891 3012 3960 Ejusmodi
3039 3907 3167 3962 ergo
3193 3893 3433 3946 doctrina
3455 3908 3560 3946 non
3583 3900 3672 3947 est
3694 3893 3768 3947 illi

2189 3981 2473 4035 admodum
2519 3985 2856 4050 necessaria;
2903 3993 3129 4038 conatur
3158 3993 3334 4038 tamen
3378 3983 3477 4038 hac
3513 3984 3567 4038 in
3611 4000 3676 4040 re
3707 4000 3766 4041 se

2191 4081 2335 4128 recte
2362 4087 2569 4142 gerere,
2603 4089 2708 4129 non
2737 4086 2794 4128 ut
2819 4075 2954 4129 alios
2984 4083 3187 4129 tantum
3213 4074 3442 4142 erudiat,
3472 4073 3568 4130 sed
3597 4085 3659 4129 ut
3689 4091 3775 4131 se-

2191 4165 2384 4234 ipsum.
2411 4164 2521 4219 llac
2545 4180 2672 4236 ergo
2695 4166 2938 4220 doctrina
2963 4167 3192 4222 maxime
3221 4180 3354 4236 opus
3383 4175 3466 4220 est
3489 4165 3572 4231 iis,
3596 4168 3693 4235 qui
3724 4166 3777 4221 in

2193 4253 2291 4310 hac
2319 4255 2424 4308 vita
2448 4265 2728 4310 versantur
2760 4273 2775 4310 :
2803 4257 2904 4310 iste
2933 4256 3074 4311 enim
3107 4256 3361 4326 peccandi
3390 4257 3652 4325 majorem
3687 4257 3779 4311 ha-

2192 4346 2282 4402 bet
2315 4347 2687 4402 necessitatem
2713 4361 2869 4416 qnam
2899 4348 3006 4403 ille.
3035 4347 3090 4402 Si
3113 4347 3193 4402 vis
3215 4356 3392 4402 autem
3422 4361 3775 4418 cognoscere,

2191 4439 2347 4493 etiam
2376 4437 2431 4492 in
2459 4437 2656 4492 mundo
2677 4438 2794 4507 ipso
2819 4439 2922 4493 erit
2947 4439 3142 4508 aptior.
3168 4438 3368 4493 Omnes
3388 4439 3530 4493 enim
3556 4452 3623 4491 ex
3655 4455 3779 4493 ver-

2193 4531 2273 4585 bis
2299 4531 2401 4584 illis
2427 4546 2550 4591 eum
2578 4530 2984 4595 reverebantur,
3012 4529 3228 4600 quando
3252 4529 3487 4584 viderint
3514 4530 3694 4599 ipsum
3721 4530 3775 4582 in

2191 4621 2311 4691 igne
2333 4637 2438 4676 non
2466 4625 2569 4686 uri,
2593 4636 2766 4692 neque
2794 4623 3145 4691 principatum
3190 4620 3570 4690 concupiscere
3602 4636 3616 4672 :
3648 4628 3778 4676 tunc

2191 4725 2350 4769 etum
2394 4715 2539 4768 illum
2592 4724 2970 4784 consequetur,
2998 4714 3212 4784 quando
3238 4729 3344 4769 non
3369 4712 3707 4782 concupierit
3728 4721 3783 4766 et

2191 4805 2302 4874 regi
2335 4805 2437 4858 erit
2471 4806 2637 4874 magis
2665 4805 3007 4860 reverendus.
3050 4803 3167 4860 Non
3199 4814 3375 4874 potest
3401 4803 3545 4860 enim
3577 4805 3696 4859 lieri
3729 4812 3787 4859 ut

2196 4899 2244 4972 is
2266 4900 2442 4952 lateat.
2471 4898 2603 4953 Nam
2629 4902 2763 4953 inter
2779 4897 2977 4952 multos
3004 4911 3167 4952 sanos
3190 4897 3372 4954 latebit
3397 4897 3441 4951 is
3461 4896 3556 4964 qui
3581 4907 3668 4952 est
3695 4910 3784 4950 sa-

2193 5004 2314 5053 nus,
2344 4989 2482 5042 inter
2512 4989 2704 5042 multos
2728 4999 2903 5043 autem
2944 4997 3173 5056 aegrotos
3211 4987 3422 5057 quando
3457 4987 3620 5042 fuerit
3646 5000 3789 5042 unus

2193 5095 2377 5146 sanus,
2405 5082 2512 5134 cito
2561 5081 2721 5135 etiam
2766 5080 2906 5134 fama
2954 5080 3227 5148 perveniet
3251 5079 3318 5134 ad
3347 5093 3504 5133 aures
3531 5079 3698 5148 regis,
3731 5088 3786 5134 et

2195 5173 2450 5245 praeficiet
2492 5187 2612 5226 cum
2659 5171 2841 5226 multis
2888 5170 3154 5240 gentibus.
3178 5170 3310 5226 Hace
3353 5183 3482 5239 ergo
3525 5169 3789 5229 scientes,

2194 5267 2416 5322 educato
2443 5266 2580 5320 filios
2606 5268 2658 5320 in
2684 5263 2964 5334 disciplina
2989 5272 3044 5318 et
3063 5262 3423 5317 admonitione
3452 5260 3694 5316 Domini.
3728 5263 3794 5312 At

2191 5367 2274 5414 est
2298 5358 2562 5428 quispiam
2593 5356 2834 5427 pauper?
2860 5356 2938 5412 Sit
2983 5357 3172 5411 iterum
3225 5369 3460 5425 pauper;
3489 5353 3584 5408 sed
3618 5352 3796 5408 nihilo

2193 5461 2276 5507 est
2307 5452 2461 5506 vilior
2488 5461 2539 5505 et
2565 5451 2824 5520 abjeetior
2851 5465 2917 5504 eo
2945 5449 3036 5518 qui
3063 5457 3302 5504 versatur
3341 5447 3396 5502 in
3435 5447 3611 5516 regia,
3656 5460 3784 5499 eum

2197 5561 2300 5599 non
2322 5545 2390 5599 sit
2409 5545 2462 5598 in
2485 5544 2658 5614 regia;
2682 5543 2778 5598 sed
2807 5542 3084 5597 habebitur
3105 5540 3159 5594 in
3180 5538 3557 5601 admiratione,
3583 5545 3641 5590 et
3673 5536 3787 5591 cito

2177 5631 2369 5693 veniet
2411 5637 2569 5692 etiam
2609 5635 2677 5691 ad
2719 5635 3110 5706 principatum,
3140 5633 3229 5703 qui
3278 5639 3361 5685 est
3409 5629 3799 5691 voluntarius,

2199 5750 2303 5789 non
2330 5741 2512 5788 autem
2543 5731 2630 5803 qui
2666 5729 2824 5786 datur
2850 5727 3130 5785 electione.
3163 5725 3219 5784 Si
3246 5725 3393 5782 enim
3418 5723 3590 5782 Graeci
3615 5763 3638 5792 ,
3671 5737 3805 5780 cum

3927 5491 3933 5568 1
