  <div class='ocr_page' id='page_1' title='image "/cluster/home/n/w/nwhite01/storage/ocr_20150623/62/hvd.32044054086319/157.png"; bbox 0 0 4046 6210; ppageno 0'>
   <div class='ocr_carea' id='block_1_1' title="bbox 393 381 497 437">
    <p class='ocr_par' dir='ltr' id='par_1_1' title="bbox 393 381 497 437">
     <span class='ocr_line' id='line_1_1' title="bbox 393 381 497 437; baseline -0.019 -1"><span class='ocrx_word' id='word_1_1' title='bbox 393 381 497 437; x_wconf 63' lang='grc'>155</span> 
     </span>
    </p>
   </div>
   <div class='ocr_carea' id='block_1_2' title="bbox 391 486 1961 570">
    <p class='ocr_par' dir='ltr' id='par_1_2' title="bbox 391 486 1961 570">
     <span class='ocr_line' id='line_1_2' title="bbox 391 486 1961 570; baseline -0.01 -19"><span class='ocrx_word' id='word_1_2' title='bbox 391 499 493 570; x_wconf 80' lang='grc' dir='ltr'>χὴν</span> <span class='ocrx_word' id='word_1_3' title='bbox 520 498 639 568; x_wconf 74' lang='grc' dir='ltr'>ἥξει</span> <span class='ocrx_word' id='word_1_4' title='bbox 671 496 767 567; x_wconf 77' lang='grc' dir='ltr'>τὴν</span> <span class='ocrx_word' id='word_1_5' title='bbox 798 494 1064 555; x_wconf 78' lang='grc' dir='ltr'>ἑκούσιον,</span> <span class='ocrx_word' id='word_1_6' title='bbox 1098 495 1161 547; x_wconf 85' lang='grc' dir='ltr'>οὑ</span> <span class='ocrx_word' id='word_1_7' title='bbox 1204 493 1301 562; x_wconf 84' lang='grc' dir='ltr'>τὴν</span> <span class='ocrx_word' id='word_1_8' title='bbox 1326 489 1727 562; x_wconf 76' lang='grc' dir='ltr'>χειροτονητήν.</span> <span class='ocrx_word' id='word_1_9' title='bbox 1764 486 1825 538; x_wconf 80' lang='grc' dir='ltr'>Εἰ</span> <span class='ocrx_word' id='word_1_10' title='bbox 1854 486 1961 554; x_wconf 79' lang='grc' dir='ltr'>γὰρ</span> 
     </span>
    </p>
   </div>
   <div class='ocr_carea' id='block_1_3' title="bbox 392 570 1964 651">
    <p class='ocr_par' dir='ltr' id='par_1_3' title="bbox 392 570 1964 651">
     <span class='ocr_line' id='line_1_3' title="bbox 392 570 1964 651; baseline -0.01 -17"><span class='ocrx_word' id='word_1_11' title='bbox 392 581 652 651; x_wconf 85' lang='grc' dir='ltr'>Ἕλληνες</span> <span class='ocrx_word' id='word_1_12' title='bbox 679 580 868 649; x_wconf 82' lang='grc' dir='ltr'>ἄνδρες</span> <span class='ocrx_word' id='word_1_13' title='bbox 896 576 1299 645; x_wconf 68' lang='grc' dir='ltr'>τριωϐολιμαῖοί</span> <span class='ocrx_word' id='word_1_14' title='bbox 1348 590 1493 635; x_wconf 82' lang='grc' dir='ltr'>τινες</span> <span class='ocrx_word' id='word_1_15' title='bbox 1530 574 1624 624; x_wconf 81' lang='grc' dir='ltr'>καὶ</span> <span class='ocrx_word' id='word_1_16' title='bbox 1645 570 1825 631; x_wconf 82' lang='grc' dir='ltr'>κύνες,</span> <span class='ocrx_word' id='word_1_17' title='bbox 1878 586 1964 635; x_wconf 86' lang='grc' dir='ltr'>φι-</span> 
     </span>
    </p>
   </div>
   <div class='ocr_carea' id='block_1_4' title="bbox 390 651 1965 733">
    <p class='ocr_par' dir='ltr' id='par_1_4' title="bbox 390 651 1965 733">
     <span class='ocr_line' id='line_1_4' title="bbox 390 651 1965 733; baseline -0.009 -18"><span class='ocrx_word' id='word_1_18' title='bbox 390 662 644 733; x_wconf 88' lang='grc' dir='ltr'>λοσοφίαν</span> <span class='ocrx_word' id='word_1_19' title='bbox 665 660 917 731; x_wconf 78' lang='grc' dir='ltr'>τοιαύτην</span> <span class='ocrx_word' id='word_1_20' title='bbox 965 658 1349 727; x_wconf 80' lang='grc' dir='ltr'>ἀναδεξάμενοι</span> <span class='ocrx_word' id='word_1_21' title='bbox 1397 654 1814 728; x_wconf 83' lang='grc' dir='ltr'>τριωϐολιμαίον</span> <span class='ocrx_word' id='word_1_22' title='bbox 1836 651 1965 720; x_wconf 90' lang='grc' dir='ltr'>(τοι-</span> 
     </span>
    </p>
   </div>
   <div class='ocr_carea' id='block_1_5' title="bbox 392 733 1962 817">
    <p class='ocr_par' dir='ltr' id='par_1_5' title="bbox 392 733 1962 817">
     <span class='ocr_line' id='line_1_5' title="bbox 392 733 1962 817; baseline -0.01 -15"><span class='ocrx_word' id='word_1_23' title='bbox 392 749 532 817; x_wconf 90' lang='grc' dir='ltr'>αύτη</span> <span class='ocrx_word' id='word_1_24' title='bbox 570 747 679 817; x_wconf 80' lang='grc' dir='ltr'>γάρ</span> <span class='ocrx_word' id='word_1_25' title='bbox 708 747 741 813; x_wconf 80' lang='grc' dir='ltr'>ἡ</span> <span class='ocrx_word' id='word_1_26' title='bbox 778 743 1103 813; x_wconf 77' lang='grc' dir='ltr'>Ἑλληνικὴ),</span> <span class='ocrx_word' id='word_1_27' title='bbox 1142 741 1341 812; x_wconf 80' lang='grc' dir='ltr'>μᾶλλον</span> <span class='ocrx_word' id='word_1_28' title='bbox 1369 741 1427 794; x_wconf 85' lang='grc' dir='ltr'>δὲ</span> <span class='ocrx_word' id='word_1_29' title='bbox 1465 738 1587 792; x_wconf 83' lang='grc' dir='ltr'>ούδέ</span> <span class='ocrx_word' id='word_1_30' title='bbox 1626 736 1817 807; x_wconf 79' lang='grc' dir='ltr'>αὐτὴν,</span> <span class='ocrx_word' id='word_1_31' title='bbox 1849 733 1962 788; x_wconf 83' lang='grc' dir='ltr'>ἀλλ’</span> 
     </span>
    </p>
   </div>
   <div class='ocr_carea' id='block_1_6' title="bbox 393 818 1966 899">
    <p class='ocr_par' dir='ltr' id='par_1_6' title="bbox 393 818 1966 899">
     <span class='ocr_line' id='line_1_6' title="bbox 393 818 1966 899; baseline -0.008 -16"><span class='ocrx_word' id='word_1_32' title='bbox 393 832 563 899; x_wconf 69' lang='grc' dir='ltr'>δνομα</span> <span class='ocrx_word' id='word_1_33' title='bbox 591 828 779 898; x_wconf 82' lang='grc' dir='ltr'>αὐτῆς,</span> <span class='ocrx_word' id='word_1_34' title='bbox 828 826 919 879; x_wconf 79' lang='grc' dir='ltr'>καὶ</span> <span class='ocrx_word' id='word_1_35' title='bbox 954 824 1190 894; x_wconf 90' lang='grc' dir='ltr'>τρίϐωνα</span> <span class='ocrx_word' id='word_1_36' title='bbox 1246 823 1612 894; x_wconf 82' lang='grc' dir='ltr'>περιθέμενοι,</span> <span class='ocrx_word' id='word_1_37' title='bbox 1646 821 1742 873; x_wconf 70' lang='grc' dir='ltr'>καὶ</span> <span class='ocrx_word' id='word_1_38' title='bbox 1790 818 1966 889; x_wconf 86' lang='grc' dir='ltr'>κόμην</span> 
     </span>
    </p>
   </div>
   <div class='ocr_carea' id='block_1_7' title="bbox 394 900 1969 983">
    <p class='ocr_par' dir='ltr' id='par_1_7' title="bbox 394 900 1969 983">
     <span class='ocr_line' id='line_1_7' title="bbox 394 900 1969 983; baseline -0.009 -18"><span class='ocrx_word' id='word_1_39' title='bbox 394 912 709 983; x_wconf 71' lang='grc' dir='ltr'>θρέψαντες,</span> <span class='ocrx_word' id='word_1_40' title='bbox 744 908 970 971; x_wconf 82' lang='grc' dir='ltr'>πολλοὺς</span> <span class='ocrx_word' id='word_1_41' title='bbox 1002 906 1326 960; x_wconf 90' lang='grc' dir='ltr'>δυσωποῦσι·</span> <span class='ocrx_word' id='word_1_42' title='bbox 1380 904 1531 975; x_wconf 86' lang='grc' dir='ltr'>πόσῳ</span> <span class='ocrx_word' id='word_1_43' title='bbox 1567 902 1765 973; x_wconf 77' lang='grc' dir='ltr'>μᾶλλον</span> <span class='ocrx_word' id='word_1_44' title='bbox 1809 902 1838 953; x_wconf 93' lang='lat'>6</span> <span class='ocrx_word' id='word_1_45' title='bbox 1887 900 1969 953; x_wconf 80' lang='grc' dir='ltr'>δν-</span> 
     </span>
    </p>
   </div>
   <div class='ocr_carea' id='block_1_8' title="bbox 394 982 1967 1061">
    <p class='ocr_par' dir='ltr' id='par_1_8' title="bbox 394 982 1967 1061">
     <span class='ocr_line' id='line_1_8' title="bbox 394 982 1967 1061; baseline -0.006 -16"><span class='ocrx_word' id='word_1_46' title='bbox 394 982 502 1056; x_wconf 87' lang='grc' dir='ltr'>τως</span> <span class='ocrx_word' id='word_1_47' title='bbox 534 992 855 1061; x_wconf 88' lang='grc' dir='ltr'>φιλόσοφος;</span> <span class='ocrx_word' id='word_1_48' title='bbox 891 992 952 1044; x_wconf 79' lang='lat' dir='ltr'>El</span> <span class='ocrx_word' id='word_1_49' title='bbox 984 993 1168 1059; x_wconf 81' lang='grc' dir='ltr'>σχῆμα</span> <span class='ocrx_word' id='word_1_50' title='bbox 1188 987 1398 1058; x_wconf 79' lang='grc' dir='ltr'>ψευδὲς,</span> <span class='ocrx_word' id='word_1_51' title='bbox 1419 989 1468 1039; x_wconf 91' lang='grc' dir='ltr'>εἰ</span> <span class='ocrx_word' id='word_1_52' title='bbox 1497 986 1624 1039; x_wconf 89' lang='grc' dir='ltr'>σκιά</span> <span class='ocrx_word' id='word_1_53' title='bbox 1655 982 1967 1053; x_wconf 88' lang='grc' dir='ltr'>φιλοσοφίας</span> 
     </span>
    </p>
   </div>
   <div class='ocr_carea' id='block_1_9' title="bbox 399 1065 1967 1144">
    <p class='ocr_par' dir='ltr' id='par_1_9' title="bbox 399 1065 1967 1144">
     <span class='ocr_line' id='line_1_9' title="bbox 399 1065 1967 1144; baseline -0.007 -16"><span class='ocrx_word' id='word_1_54' title='bbox 399 1074 696 1144; x_wconf 79' lang='grc' dir='ltr'>φαινομένη</span> <span class='ocrx_word' id='word_1_55' title='bbox 726 1073 898 1135; x_wconf 84' lang='grc' dir='ltr'>οὓτως</span> <span class='ocrx_word' id='word_1_56' title='bbox 930 1075 1093 1142; x_wconf 89' lang='grc' dir='ltr'>αἰρεῖ,</span> <span class='ocrx_word' id='word_1_57' title='bbox 1122 1071 1173 1124; x_wconf 89' lang='grc' dir='ltr'>τί</span> <span class='ocrx_word' id='word_1_58' title='bbox 1210 1070 1305 1123; x_wconf 83' lang='grc' dir='ltr'>ἐὰν</span> <span class='ocrx_word' id='word_1_59' title='bbox 1333 1069 1432 1140; x_wconf 85' lang='grc' dir='ltr'>τὴν</span> <span class='ocrx_word' id='word_1_60' title='bbox 1459 1068 1633 1139; x_wconf 87' lang='grc' dir='ltr'>ἀληθῆ</span> <span class='ocrx_word' id='word_1_61' title='bbox 1652 1065 1967 1137; x_wconf 78' lang='grc' dir='ltr'>φιλοσοφίαν</span> 
     </span>
    </p>
   </div>
   <div class='ocr_carea' id='block_1_10' title="bbox 398 1149 1971 1228">
    <p class='ocr_par' dir='ltr' id='par_1_10' title="bbox 398 1149 1971 1228">
     <span class='ocr_line' id='line_1_10' title="bbox 398 1149 1971 1228; baseline -0.007 -16"><span class='ocrx_word' id='word_1_62' title='bbox 398 1160 771 1228; x_wconf 86' lang='grc' dir='ltr'>ἀγαπήσωμεν</span> <span class='ocrx_word' id='word_1_63' title='bbox 799 1158 893 1211; x_wconf 68' lang='grc' dir='ltr'>καὶ</span> <span class='ocrx_word' id='word_1_64' title='bbox 909 1157 1006 1226; x_wconf 84' lang='grc' dir='ltr'>τὴν</span> <span class='ocrx_word' id='word_1_65' title='bbox 1027 1155 1321 1226; x_wconf 84' lang='grc' dir='ltr'>εἰλικρινῆ;</span> <span class='ocrx_word' id='word_1_66' title='bbox 1346 1154 1467 1224; x_wconf 81' lang='grc' dir='ltr'>ούχί</span> <span class='ocrx_word' id='word_1_67' title='bbox 1484 1152 1686 1214; x_wconf 77' lang='grc' dir='ltr'>πάντες</span> <span class='ocrx_word' id='word_1_68' title='bbox 1709 1149 1971 1220; x_wconf 90' lang='grc' dir='ltr'>θεραπεύ-</span> 
     </span>
    </p>
   </div>
   <div class='ocr_carea' id='block_1_11' title="bbox 400 1232 1969 1309">
    <p class='ocr_par' dir='ltr' id='par_1_11' title="bbox 400 1232 1969 1309">
     <span class='ocr_line' id='line_1_11' title="bbox 400 1232 1969 1309; baseline -0.006 -14"><span class='ocrx_word' id='word_1_69' title='bbox 400 1259 551 1296; x_wconf 88' lang='grc' dir='ltr'>σουσι</span> <span class='ocrx_word' id='word_1_70' title='bbox 575 1258 592 1309; x_wconf 91' lang='lat'>;</span> <span class='ocrx_word' id='word_1_71' title='bbox 623 1242 717 1296; x_wconf 72' lang='grc' dir='ltr'>καὶ</span> <span class='ocrx_word' id='word_1_72' title='bbox 742 1240 919 1302; x_wconf 90' lang='grc' dir='ltr'>οἰκίας</span> <span class='ocrx_word' id='word_1_73' title='bbox 936 1239 1031 1293; x_wconf 75' lang='grc' dir='ltr'>καὶ</span> <span class='ocrx_word' id='word_1_74' title='bbox 1048 1243 1313 1307; x_wconf 88' lang='grc' dir='ltr'>γυναῖκας</span> <span class='ocrx_word' id='word_1_75' title='bbox 1330 1238 1422 1291; x_wconf 79' lang='grc' dir='ltr'>καὶ</span> <span class='ocrx_word' id='word_1_76' title='bbox 1451 1237 1646 1299; x_wconf 78' lang='grc' dir='ltr'>παῖδας</span> <span class='ocrx_word' id='word_1_77' title='bbox 1673 1238 1776 1297; x_wconf 83' lang='grc' dir='ltr'>τοῖς</span> <span class='ocrx_word' id='word_1_78' title='bbox 1793 1232 1969 1286; x_wconf 89' lang='grc' dir='ltr'>τοιού-</span> 
     </span>
    </p>
   </div>
   <div class='ocr_carea' id='block_1_12' title="bbox 397 1315 1971 1393">
    <p class='ocr_par' dir='ltr' id='par_1_12' title="bbox 397 1315 1971 1393">
     <span class='ocr_line' id='line_1_12' title="bbox 397 1315 1971 1393; baseline -0.006 -16"><span class='ocrx_word' id='word_1_79' title='bbox 397 1341 511 1380; x_wconf 82' lang='grc' dir='ltr'>τοις</span> <span class='ocrx_word' id='word_1_80' title='bbox 536 1322 675 1393; x_wconf 87' lang='grc' dir='ltr'>μετά</span> <span class='ocrx_word' id='word_1_81' title='bbox 702 1320 902 1390; x_wconf 88' lang='grc' dir='ltr'>πολλῆς</span> <span class='ocrx_word' id='word_1_82' title='bbox 933 1322 1033 1391; x_wconf 82' lang='grc' dir='ltr'>τῆς</span> <span class='ocrx_word' id='word_1_83' title='bbox 1051 1321 1233 1385; x_wconf 84' lang='grc' dir='ltr'>ἀδείας</span> <span class='ocrx_word' id='word_1_84' title='bbox 1249 1319 1674 1391; x_wconf 85' lang='grc' dir='ltr'>ἐγχειρίσουσιν;</span> <span class='ocrx_word' id='word_1_85' title='bbox 1709 1317 1848 1370; x_wconf 79' lang='grc' dir='ltr'>Ἀλλ’</span> <span class='ocrx_word' id='word_1_86' title='bbox 1870 1315 1971 1369; x_wconf 83' lang='grc' dir='ltr'>οὐκ</span> 
     </span>
    </p>
   </div>
   <div class='ocr_carea' id='block_1_13' title="bbox 401 1397 1972 1472">
    <p class='ocr_par' dir='ltr' id='par_1_13' title="bbox 401 1397 1972 1472">
     <span class='ocr_line' id='line_1_13' title="bbox 401 1397 1972 1472; baseline -0.003 -15"><span class='ocrx_word' id='word_1_87' title='bbox 401 1405 568 1465; x_wconf 70' lang='grc' dir='ltr'>ἔστιν,</span> <span class='ocrx_word' id='word_1_88' title='bbox 602 1404 704 1456; x_wconf 84' lang='grc' dir='ltr'>οὑκ</span> <span class='ocrx_word' id='word_1_89' title='bbox 719 1403 833 1456; x_wconf 77' lang='grc' dir='ltr'>ἐστι</span> <span class='ocrx_word' id='word_1_90' title='bbox 854 1404 1092 1467; x_wconf 90' lang='grc' dir='ltr'>τοιοῦτος</span> <span class='ocrx_word' id='word_1_91' title='bbox 1112 1403 1398 1472; x_wconf 81' lang='grc' dir='ltr'>φιλόσοφος</span> <span class='ocrx_word' id='word_1_92' title='bbox 1425 1403 1541 1457; x_wconf 89' lang='grc' dir='ltr'>νῦν.</span> <span class='ocrx_word' id='word_1_93' title='bbox 1569 1402 1667 1453; x_wconf 81' lang='grc' dir='ltr'>Διά</span> <span class='ocrx_word' id='word_1_94' title='bbox 1680 1398 1837 1453; x_wconf 92' lang='grc' dir='ltr'>τοῦτο</span> <span class='ocrx_word' id='word_1_95' title='bbox 1851 1397 1972 1452; x_wconf 83' lang='grc' dir='ltr'>ούδέ</span> 
     </span>
    </p>
   </div>
   <div class='ocr_carea' id='block_1_14' title="bbox 400 1482 1973 1557">
    <p class='ocr_par' dir='ltr' id='par_1_14' title="bbox 400 1482 1973 1557">
     <span class='ocr_line' id='line_1_14' title="bbox 400 1482 1973 1557; baseline -0.004 -18"><span class='ocrx_word' id='word_1_96' title='bbox 400 1487 463 1540; x_wconf 81' lang='grc' dir='ltr'>τὸ</span> <span class='ocrx_word' id='word_1_97' title='bbox 488 1486 787 1555; x_wconf 81' lang='grc' dir='ltr'>ὑπόδειγμα</span> <span class='ocrx_word' id='word_1_98' title='bbox 810 1485 956 1539; x_wconf 73' lang='grc' dir='ltr'>ἐστιν</span> <span class='ocrx_word' id='word_1_99' title='bbox 993 1486 1189 1557; x_wconf 89' lang='grc' dir='ltr'>εὑρεῖν.</span> <span class='ocrx_word' id='word_1_100' title='bbox 1224 1484 1346 1540; x_wconf 83' lang='grc' dir='ltr'>Εἰσί</span> <span class='ocrx_word' id='word_1_101' title='bbox 1377 1484 1475 1554; x_wconf 76' lang='grc' dir='ltr'>μὲν</span> <span class='ocrx_word' id='word_1_102' title='bbox 1504 1483 1611 1553; x_wconf 86' lang='grc' dir='ltr'>γάρ</span> <span class='ocrx_word' id='word_1_103' title='bbox 1629 1485 1685 1535; x_wconf 88' lang='grc' dir='ltr'>ἐν</span> <span class='ocrx_word' id='word_1_104' title='bbox 1715 1482 1973 1552; x_wconf 82' lang='grc' dir='ltr'>μονάζον-</span> 
     </span>
    </p>
   </div>
   <div class='ocr_carea' id='block_1_15' title="bbox 405 1565 1971 1638">
    <p class='ocr_par' dir='ltr' id='par_1_15' title="bbox 405 1565 1971 1638">
     <span class='ocr_line' id='line_1_15' title="bbox 405 1565 1971 1638; baseline -0.003 -17"><span class='ocrx_word' id='word_1_105' title='bbox 405 1587 512 1632; x_wconf 84' lang='grc' dir='ltr'>σιν,</span> <span class='ocrx_word' id='word_1_106' title='bbox 535 1571 592 1621; x_wconf 85' lang='grc' dir='ltr'>ἐν</span> <span class='ocrx_word' id='word_1_107' title='bbox 608 1569 666 1623; x_wconf 82' lang='grc' dir='ltr'>δέ</span> <span class='ocrx_word' id='word_1_108' title='bbox 676 1571 956 1638; x_wconf 87' lang='grc' dir='ltr'>κοσμικοῖς</span> <span class='ocrx_word' id='word_1_109' title='bbox 970 1569 1171 1624; x_wconf 84' lang='grc' dir='ltr'>οὑκέτι.</span> <span class='ocrx_word' id='word_1_110' title='bbox 1193 1569 1303 1622; x_wconf 75' lang='grc' dir='ltr'>Καὶ</span> <span class='ocrx_word' id='word_1_111' title='bbox 1325 1568 1405 1622; x_wconf 84' lang='grc' dir='ltr'>ὅτι</span> <span class='ocrx_word' id='word_1_112' title='bbox 1428 1568 1485 1619; x_wconf 87' lang='grc' dir='ltr'>ἐν</span> <span class='ocrx_word' id='word_1_113' title='bbox 1509 1565 1826 1636; x_wconf 83' lang='grc' dir='ltr'>μονάζουσίν</span> <span class='ocrx_word' id='word_1_114' title='bbox 1843 1566 1971 1628; x_wconf 88' lang='grc' dir='ltr'>εἰσι,</span> 
     </span>
    </p>
   </div>
   <div class='ocr_carea' id='block_1_16' title="bbox 405 1647 1975 1721">
    <p class='ocr_par' dir='ltr' id='par_1_16' title="bbox 405 1647 1975 1721">
     <span class='ocr_line' id='line_1_16' title="bbox 405 1647 1975 1721; baseline -0.003 -17"><span class='ocrx_word' id='word_1_115' title='bbox 405 1652 627 1705; x_wconf 79' lang='grc' dir='ltr'>δυνατὸν</span> <span class='ocrx_word' id='word_1_116' title='bbox 650 1650 880 1713; x_wconf 81' lang='grc' dir='ltr'>πολλοὺς</span> <span class='ocrx_word' id='word_1_117' title='bbox 900 1654 1260 1720; x_wconf 87' lang='grc' dir='ltr'>παραγαγεῖν·</span> <span class='ocrx_word' id='word_1_118' title='bbox 1286 1651 1434 1721; x_wconf 75' lang='grc' dir='ltr'>ὅμως</span> <span class='ocrx_word' id='word_1_119' title='bbox 1469 1650 1567 1703; x_wconf 74' lang='grc' dir='ltr'>ἕνα</span> <span class='ocrx_word' id='word_1_120' title='bbox 1587 1648 1694 1702; x_wconf 81' lang='grc' dir='ltr'>ἀπὸ</span> <span class='ocrx_word' id='word_1_121' title='bbox 1718 1647 1975 1701; x_wconf 88' lang='grc' dir='ltr'>πλειόνων</span> 
     </span>
    </p>
   </div>
   <div class='ocr_carea' id='block_1_17' title="bbox 408 1734 539 1806">
    <p class='ocr_par' dir='ltr' id='par_1_17' title="bbox 408 1734 539 1806">
     <span class='ocr_line' id='line_1_17' title="bbox 408 1734 539 1806; baseline -0.008 -18"><span class='ocrx_word' id='word_1_122' title='bbox 408 1734 539 1806; x_wconf 80' lang='grc' dir='ltr'>ἐρῶ.</span> 
     </span>
    </p>
   </div>
   <div class='ocr_carea' id='block_1_18' title="bbox 482 1868 1976 1942">
    <p class='ocr_par' dir='ltr' id='par_1_18' title="bbox 482 1868 1976 1942">
     <span class='ocr_line' id='line_1_18' title="bbox 482 1868 1976 1942; baseline 0.003 -22"><span class='ocrx_word' id='word_1_123' title='bbox 482 1869 624 1920; x_wconf 83' lang='grc' dir='ltr'>Ἴστε</span> <span class='ocrx_word' id='word_1_124' title='bbox 652 1868 847 1936; x_wconf 76' lang='grc' dir='ltr'>δήπου.</span> <span class='ocrx_word' id='word_1_125' title='bbox 872 1870 963 1923; x_wconf 74' lang='grc' dir='ltr'>καί</span> <span class='ocrx_word' id='word_1_126' title='bbox 988 1871 1283 1941; x_wconf 85' lang='grc' dir='ltr'>ἀκηκόατε,</span> <span class='ocrx_word' id='word_1_127' title='bbox 1319 1872 1369 1925; x_wconf 91' lang='grc' dir='ltr'>οἰ</span> <span class='ocrx_word' id='word_1_128' title='bbox 1398 1870 1455 1924; x_wconf 85' lang='grc' dir='ltr'>δὲ</span> <span class='ocrx_word' id='word_1_129' title='bbox 1493 1871 1587 1926; x_wconf 77' lang='grc' dir='ltr'>καὶ</span> <span class='ocrx_word' id='word_1_130' title='bbox 1634 1870 1976 1942; x_wconf 84' lang='grc' dir='ltr'>ἐθεωρήσατε</span> 
     </span>
    </p>
   </div>
   <div class='ocr_carea' id='block_1_19' title="bbox 409 1950 1979 2025">
    <p class='ocr_par' dir='ltr' id='par_1_19' title="bbox 409 1950 1979 2025">
     <span class='ocr_line' id='line_1_19' title="bbox 409 1950 1979 2025; baseline 0.002 -23"><span class='ocrx_word' id='word_1_131' title='bbox 409 1951 502 2003; x_wconf 73' lang='grc' dir='ltr'>τὸν</span> <span class='ocrx_word' id='word_1_132' title='bbox 522 1950 779 2021; x_wconf 81' lang='grc' dir='ltr'>ἀνδρα,ὃν</span> <span class='ocrx_word' id='word_1_133' title='bbox 802 1952 979 2022; x_wconf 83' lang='grc' dir='ltr'>μέλλω</span> <span class='ocrx_word' id='word_1_134' title='bbox 1000 1951 1095 2009; x_wconf 89' lang='grc' dir='ltr'>νῦν</span> <span class='ocrx_word' id='word_1_135' title='bbox 1115 1955 1280 2025; x_wconf 86' lang='grc' dir='ltr'>ἐρεῖν·</span> <span class='ocrx_word' id='word_1_136' title='bbox 1296 1952 1583 2008; x_wconf 80' lang='grc' dir='ltr'>’ἰουλιανὸν</span> <span class='ocrx_word' id='word_1_137' title='bbox 1596 1953 1737 2021; x_wconf 89' lang='grc' dir='ltr'>λέγω</span> <span class='ocrx_word' id='word_1_138' title='bbox 1748 1953 1838 2009; x_wconf 76' lang='grc' dir='ltr'>τὸν</span> <span class='ocrx_word' id='word_1_139' title='bbox 1855 1952 1979 2006; x_wconf 79' lang='grc' dir='ltr'>θαυο</span> 
     </span>
    </p>
   </div>
   <div class='ocr_carea' id='block_1_20' title="bbox 415 2027 1979 2109">
    <p class='ocr_par' dir='ltr' id='par_1_20' title="bbox 415 2027 1979 2109">
     <span class='ocr_line' id='line_1_20' title="bbox 415 2027 1979 2109; baseline 0.001 -21"><span class='ocrx_word' id='word_1_140' title='bbox 415 2034 628 2103; x_wconf 88' lang='grc' dir='ltr'>μάσιον.</span> <span class='ocrx_word' id='word_1_141' title='bbox 658 2027 825 2099; x_wconf 80' lang='grc' dir='ltr'>Οὗτος</span> <span class='ocrx_word' id='word_1_142' title='bbox 846 2031 913 2106; x_wconf 84' lang='grc' dir='ltr'>ἦν</span> <span class='ocrx_word' id='word_1_143' title='bbox 936 2037 1074 2108; x_wconf 83' lang='grc' dir='ltr'>ἀνὴρ</span> <span class='ocrx_word' id='word_1_144' title='bbox 1095 2038 1372 2109; x_wconf 85' lang='grc' dir='ltr'>ἄγροικος,</span> <span class='ocrx_word' id='word_1_145' title='bbox 1400 2036 1654 2099; x_wconf 82' lang='grc' dir='ltr'>ταπεινὸς</span> <span class='ocrx_word' id='word_1_146' title='bbox 1681 2037 1775 2091; x_wconf 80' lang='grc' dir='ltr'>καὶ</span> <span class='ocrx_word' id='word_1_147' title='bbox 1797 2038 1860 2089; x_wconf 83' lang='grc' dir='ltr'>ἐκ</span> <span class='ocrx_word' id='word_1_148' title='bbox 1884 2053 1979 2089; x_wconf 85' lang='grc' dir='ltr'>τα-</span> 
     </span>
    </p>
   </div>
   <div class='ocr_carea' id='block_1_21' title="bbox 412 2115 1979 2190">
    <p class='ocr_par' dir='ltr' id='par_1_21' title="bbox 412 2115 1979 2190">
     <span class='ocr_line' id='line_1_21' title="bbox 412 2115 1979 2190; baseline 0.002 -21"><span class='ocrx_word' id='word_1_149' title='bbox 412 2115 632 2170; x_wconf 83' lang='grc' dir='ltr'>πεινῶν·</span> <span class='ocrx_word' id='word_1_150' title='bbox 649 2117 769 2170; x_wconf 83' lang='grc' dir='ltr'>ούδέ</span> <span class='ocrx_word' id='word_1_151' title='bbox 785 2118 920 2181; x_wconf 81' lang='grc' dir='ltr'>ὅλως</span> <span class='ocrx_word' id='word_1_152' title='bbox 935 2120 1031 2190; x_wconf 82' lang='grc' dir='ltr'>τῆς</span> <span class='ocrx_word' id='word_1_153' title='bbox 1048 2119 1245 2184; x_wconf 77' lang='grc' dir='ltr'>ἔξωθεν</span> <span class='ocrx_word' id='word_1_154' title='bbox 1275 2119 1521 2182; x_wconf 83' lang='grc' dir='ltr'>παιδείας</span> <span class='ocrx_word' id='word_1_155' title='bbox 1542 2119 1821 2190; x_wconf 80' lang='grc' dir='ltr'>ἔμπειρος.</span> <span class='ocrx_word' id='word_1_156' title='bbox 1844 2117 1979 2172; x_wconf 87' lang='grc' dir='ltr'>ἀλλά</span> 
     </span>
    </p>
   </div>
   <div class='ocr_carea' id='block_1_22' title="bbox 410 2198 1981 2272">
    <p class='ocr_par' dir='ltr' id='par_1_22' title="bbox 410 2198 1981 2272">
     <span class='ocr_line' id='line_1_22' title="bbox 410 2198 1981 2272; baseline 0 -19"><span class='ocrx_word' id='word_1_157' title='bbox 410 2199 513 2269; x_wconf 82' lang='grc' dir='ltr'>τῆς</span> <span class='ocrx_word' id='word_1_158' title='bbox 543 2198 816 2252; x_wconf 84' lang='grc' dir='ltr'>ἀπλάστου</span> <span class='ocrx_word' id='word_1_159' title='bbox 843 2199 1155 2270; x_wconf 75' lang='grc' dir='ltr'>φιλοσοφίας</span> <span class='ocrx_word' id='word_1_160' title='bbox 1191 2200 1634 2272; x_wconf 82' lang='grc' dir='ltr'>πεπληρωμένος.</span> <span class='ocrx_word' id='word_1_161' title='bbox 1667 2202 1867 2255; x_wconf 85' lang='grc' dir='ltr'>Τούτου</span> <span class='ocrx_word' id='word_1_162' title='bbox 1900 2201 1981 2264; x_wconf 84' lang='grc' dir='ltr'>εἰς</span> 
     </span>
    </p>
   </div>
   <div class='ocr_carea' id='block_1_23' title="bbox 412 2280 1978 2354">
    <p class='ocr_par' dir='ltr' id='par_1_23' title="bbox 412 2280 1978 2354">
     <span class='ocr_line' id='line_1_23' title="bbox 412 2280 1978 2354; baseline 0.001 -20"><span class='ocrx_word' id='word_1_163' title='bbox 412 2282 510 2345; x_wconf 85' lang='grc' dir='ltr'>τὰς</span> <span class='ocrx_word' id='word_1_164' title='bbox 541 2280 1089 2352; x_wconf 81' lang='grc' dir='ltr'>πόλειςέμϐάλλοντος</span> <span class='ocrx_word' id='word_1_165' title='bbox 1108 2283 1421 2354; x_wconf 85' lang='grc' dir='ltr'>(σπανιάκις</span> <span class='ocrx_word' id='word_1_166' title='bbox 1464 2284 1520 2337; x_wconf 80' lang='grc' dir='ltr'>δὲ</span> <span class='ocrx_word' id='word_1_167' title='bbox 1550 2283 1706 2338; x_wconf 90' lang='grc' dir='ltr'>τοῦτο</span> <span class='ocrx_word' id='word_1_168' title='bbox 1729 2284 1978 2353; x_wconf 68' lang='grc' dir='ltr'>ἐγίνετο),</span> 
     </span>
    </p>
   </div>
   <div class='ocr_carea' id='block_1_24' title="bbox 412 2362 1981 2441">
    <p class='ocr_par' dir='ltr' id='par_1_24' title="bbox 412 2362 1981 2441">
     <span class='ocr_line' id='line_1_24' title="bbox 412 2362 1981 2441; baseline 0.002 -26"><span class='ocrx_word' id='word_1_169' title='bbox 412 2362 538 2416; x_wconf 72' lang='grc' dir='ltr'>οὔτε</span> <span class='ocrx_word' id='word_1_170' title='bbox 574 2364 835 2441; x_wconf 79' lang='grc' dir='ltr'>ῥητόρων,</span> <span class='ocrx_word' id='word_1_171' title='bbox 865 2363 988 2417; x_wconf 77' lang='grc' dir='ltr'>οὔτε</span> <span class='ocrx_word' id='word_1_172' title='bbox 1016 2366 1304 2433; x_wconf 82' lang='grc' dir='ltr'>σοφιστῶν,</span> <span class='ocrx_word' id='word_1_173' title='bbox 1336 2366 1459 2420; x_wconf 74' lang='grc' dir='ltr'>οὔτε</span> <span class='ocrx_word' id='word_1_174' title='bbox 1488 2367 1647 2421; x_wconf 82' lang='grc' dir='ltr'>ἄλλου</span> <span class='ocrx_word' id='word_1_175' title='bbox 1677 2367 1821 2430; x_wconf 75' lang='grc' dir='ltr'>τινὸς</span> <span class='ocrx_word' id='word_1_176' title='bbox 1871 2369 1981 2418; x_wconf 84' lang='grc' dir='ltr'>εἰσ-</span> 
     </span>
    </p>
   </div>
   <div class='ocr_carea' id='block_1_25' title="bbox 414 2445 1976 2522">
    <p class='ocr_par' dir='ltr' id='par_1_25' title="bbox 414 2445 1976 2522">
     <span class='ocr_line' id='line_1_25' title="bbox 414 2445 1976 2522; baseline 0.003 -24"><span class='ocrx_word' id='word_1_177' title='bbox 414 2445 747 2515; x_wconf 85' lang='grc' dir='ltr'>ελαύνοντος,</span> <span class='ocrx_word' id='word_1_178' title='bbox 760 2446 981 2515; x_wconf 88' lang='grc' dir='ltr'>τοιαύτη</span> <span class='ocrx_word' id='word_1_179' title='bbox 1004 2464 1088 2511; x_wconf 87' lang='grc' dir='ltr'>τις</span> <span class='ocrx_word' id='word_1_180' title='bbox 1110 2449 1320 2516; x_wconf 90' lang='grc' dir='ltr'>ἐγίνετο</span> <span class='ocrx_word' id='word_1_181' title='bbox 1351 2449 1782 2522; x_wconf 80' lang='grc' dir='ltr'>συστροφή.Τίδὲ</span> <span class='ocrx_word' id='word_1_182' title='bbox 1802 2448 1976 2518; x_wconf 88' lang='grc' dir='ltr'>λέγω;</span> 
     </span>
    </p>
   </div>
   <div class='ocr_carea' id='block_1_26' title="bbox 415 2528 1979 2603">
    <p class='ocr_par' dir='ltr' id='par_1_26' title="bbox 415 2528 1979 2603">
     <span class='ocr_line' id='line_1_26' title="bbox 415 2528 1979 2603; baseline 0.004 -23"><span class='ocrx_word' id='word_1_183' title='bbox 415 2528 534 2598; x_wconf 72' lang='grc' dir='ltr'>οὐχὶ</span> <span class='ocrx_word' id='word_1_184' title='bbox 564 2529 778 2582; x_wconf 87' lang='grc' dir='ltr'>πάντων</span> <span class='ocrx_word' id='word_1_185' title='bbox 808 2528 1070 2598; x_wconf 85' lang='grc' dir='ltr'>βασιλέων</span> <span class='ocrx_word' id='word_1_186' title='bbox 1099 2532 1194 2584; x_wconf 74' lang='grc' dir='ltr'>καὶ</span> <span class='ocrx_word' id='word_1_187' title='bbox 1219 2531 1281 2584; x_wconf 84' lang='grc' dir='ltr'>τὸ</span> <span class='ocrx_word' id='word_1_188' title='bbox 1311 2531 1480 2603; x_wconf 76' lang='grc' dir='ltr'>ὄνομα</span> <span class='ocrx_word' id='word_1_189' title='bbox 1504 2532 1671 2586; x_wconf 86' lang='grc' dir='ltr'>αὑτοῦ</span> <span class='ocrx_word' id='word_1_190' title='bbox 1733 2532 1979 2602; x_wconf 85' lang='grc' dir='ltr'>λαμπρό-</span> 
     </span>
    </p>
   </div>
   <div class='ocr_carea' id='block_1_27' title="bbox 413 2610 1983 2686">
    <p class='ocr_par' dir='ltr' id='par_1_27' title="bbox 413 2610 1983 2686">
     <span class='ocr_line' id='line_1_27' title="bbox 413 2610 1983 2686; baseline 0.004 -25"><span class='ocrx_word' id='word_1_191' title='bbox 413 2626 571 2681; x_wconf 86' lang='grc' dir='ltr'>τερον</span> <span class='ocrx_word' id='word_1_192' title='bbox 596 2610 780 2683; x_wconf 76' lang='grc' dir='ltr'>ᾅδεται</span> <span class='ocrx_word' id='word_1_193' title='bbox 809 2613 885 2665; x_wconf 80' lang='grc' dir='ltr'>ἐτι</span> <span class='ocrx_word' id='word_1_194' title='bbox 919 2613 1012 2666; x_wconf 69' lang='grc' dir='ltr'>καί⁸</span> <span class='ocrx_word' id='word_1_195' title='bbox 1063 2613 1196 2677; x_wconf 88' lang='grc' dir='ltr'>νῦν;</span> <span class='ocrx_word' id='word_1_196' title='bbox 1226 2615 1288 2667; x_wconf 85' lang='grc' dir='ltr'>Εἰ</span> <span class='ocrx_word' id='word_1_197' title='bbox 1314 2614 1373 2668; x_wconf 85' lang='grc' dir='ltr'>δέ</span> <span class='ocrx_word' id='word_1_198' title='bbox 1401 2616 1458 2668; x_wconf 81' lang='grc' dir='ltr'>ἐν</span> <span class='ocrx_word' id='word_1_199' title='bbox 1483 2614 1562 2679; x_wconf 86' lang='grc' dir='ltr'>τῷ</span> <span class='ocrx_word' id='word_1_200' title='bbox 1590 2616 1777 2686; x_wconf 84' lang='grc' dir='ltr'>κόσμῳ</span> <span class='ocrx_word' id='word_1_201' title='bbox 1810 2615 1983 2685; x_wconf 86' lang='grc' dir='ltr'>τούτῳ</span> 
     </span>
    </p>
   </div>
   <div class='ocr_carea' id='block_1_28' title="bbox 415 2689 1984 2769">
    <p class='ocr_par' dir='ltr' id='par_1_28' title="bbox 415 2689 1984 2769">
     <span class='ocr_line' id='line_1_28' title="bbox 415 2689 1984 2769; baseline 0.004 -24"><span class='ocrx_word' id='word_1_202' title='bbox 415 2693 611 2759; x_wconf 88' lang='grc' dir='ltr'>ταῦτα,</span> <span class='ocrx_word' id='word_1_203' title='bbox 640 2696 697 2746; x_wconf 85' lang='grc' dir='ltr'>ὲν</span> <span class='ocrx_word' id='word_1_204' title='bbox 716 2692 792 2764; x_wconf 83' lang='grc' dir='ltr'>τῷ</span> <span class='ocrx_word' id='word_1_205' title='bbox 822 2694 1032 2766; x_wconf 82' lang='grc' dir='ltr'>κόσμῳ,</span> <span class='ocrx_word' id='word_1_206' title='bbox 1058 2697 1115 2749; x_wconf 89' lang='grc' dir='ltr'>ἐν</span> <span class='ocrx_word' id='word_1_207' title='bbox 1162 2689 1206 2763; x_wconf 83' lang='grc' dir='ltr'>ᾧ</span> <span class='ocrx_word' id='word_1_208' title='bbox 1242 2696 1408 2767; x_wconf 80' lang='grc' dir='ltr'>μηδὲν</span> <span class='ocrx_word' id='word_1_209' title='bbox 1452 2700 1586 2769; x_wconf 80' lang='grc' dir='ltr'>ἡμῖν</span> <span class='ocrx_word' id='word_1_210' title='bbox 1621 2699 1984 2767; x_wconf 77' lang='grc' dir='ltr'>ἐπηγγείλατο</span> 
     </span>
    </p>
   </div>
   <div class='ocr_carea' id='block_1_29' title="bbox 416 2771 1980 2855">
    <p class='ocr_par' dir='ltr' id='par_1_29' title="bbox 416 2771 1980 2855">
     <span class='ocr_line' id='line_1_29' title="bbox 416 2771 1980 2855; baseline 0.003 -26"><span class='ocrx_word' id='word_1_211' title='bbox 416 2776 618 2844; x_wconf 75' lang='grc' dir='ltr'>ἀγαθὸν</span> <span class='ocrx_word' id='word_1_212' title='bbox 645 2779 673 2830; x_wconf 97' lang='lat'>6</span> <span class='ocrx_word' id='word_1_213' title='bbox 699 2778 995 2847; x_wconf 85' lang='grc' dir='ltr'>Δεσπότης,</span> <span class='ocrx_word' id='word_1_214' title='bbox 1025 2779 1082 2831; x_wconf 85' lang='grc' dir='ltr'>ἐν</span> <span class='ocrx_word' id='word_1_215' title='bbox 1113 2772 1157 2847; x_wconf 82' lang='grc' dir='ltr'>ᾧ</span> <span class='ocrx_word' id='word_1_216' title='bbox 1205 2779 1387 2844; x_wconf 86' lang='grc' dir='ltr'>ξένους</span> <span class='ocrx_word' id='word_1_217' title='bbox 1430 2771 1577 2851; x_wconf 73' lang='grc' dir='ltr'>ἡμᾶς</span> <span class='ocrx_word' id='word_1_218' title='bbox 1606 2843 1617 2855; x_wconf 82' lang='lat'>_</span> <span class='ocrx_word' id='word_1_219' title='bbox 1636 2776 1787 2833; x_wconf 80' lang='grc' dir='ltr'>εἶπεν</span> <span class='ocrx_word' id='word_1_220' title='bbox 1819 2777 1980 2845; x_wconf 78' lang='grc' dir='ltr'>εἶναι,</span> 
     </span>
    </p>
   </div>
   <div class='ocr_carea' id='block_1_30' title="bbox 418 2860 1984 2933">
    <p class='ocr_par' dir='ltr' id='par_1_30' title="bbox 418 2860 1984 2933">
     <span class='ocr_line' id='line_1_30' title="bbox 418 2860 1984 2933; baseline 0.003 -22"><span class='ocrx_word' id='word_1_221' title='bbox 418 2861 762 2930; x_wconf 73' lang='grc' dir='ltr'>ἐννοήσωμεν</span> <span class='ocrx_word' id='word_1_222' title='bbox 789 2861 847 2914; x_wconf 82' lang='grc' dir='ltr'>ἐν</span> <span class='ocrx_word' id='word_1_223' title='bbox 875 2864 987 2925; x_wconf 89' lang='grc' dir='ltr'>τοῖς</span> <span class='ocrx_word' id='word_1_224' title='bbox 1015 2863 1263 2933; x_wconf 77' lang='grc' dir='ltr'>οὐρανοῖς</span> <span class='ocrx_word' id='word_1_225' title='bbox 1284 2864 1424 2916; x_wconf 85' lang='grc' dir='ltr'>πόσα</span> <span class='ocrx_word' id='word_1_226' title='bbox 1466 2860 1615 2916; x_wconf 74' lang='grc' dir='ltr'>ἔσται</span> <span class='ocrx_word' id='word_1_227' title='bbox 1661 2863 1729 2917; x_wconf 83' lang='grc' dir='ltr'>τά</span> <span class='ocrx_word' id='word_1_228' title='bbox 1757 2863 1984 2917; x_wconf 86' lang='grc' dir='ltr'>ἀποκεί-</span> 
     </span>
    </p>
   </div>
   <div class='ocr_carea' id='block_1_31' title="bbox 420 2942 1987 3019">
    <p class='ocr_par' dir='ltr' id='par_1_31' title="bbox 420 2942 1987 3019">
     <span class='ocr_line' id='line_1_31' title="bbox 420 2942 1987 3019; baseline 0.003 -22"><span class='ocrx_word' id='word_1_229' title='bbox 420 2961 556 3015; x_wconf 90' lang='grc' dir='ltr'>μενα</span> <span class='ocrx_word' id='word_1_230' title='bbox 586 2944 765 3014; x_wconf 86' lang='grc' dir='ltr'>ἀγαθά</span> <span class='ocrx_word' id='word_1_231' title='bbox 788 2961 803 2977; x_wconf 86' lang='grc'>·</span> <span class='ocrx_word' id='word_1_232' title='bbox 848 2947 898 2998; x_wconf 83' lang='grc' dir='ltr'>εί</span> <span class='ocrx_word' id='word_1_233' title='bbox 920 2945 1046 2999; x_wconf 75' lang='grc' dir='ltr'>ἔνθα</span> <span class='ocrx_word' id='word_1_234' title='bbox 1091 2945 1341 3017; x_wconf 80' lang='grc' dir='ltr'>πάροικοι</span> <span class='ocrx_word' id='word_1_235' title='bbox 1368 2942 1529 3016; x_wconf 80' lang='grc' dir='ltr'>ἦσαν,</span> <span class='ocrx_word' id='word_1_236' title='bbox 1558 2946 1828 3019; x_wconf 79' lang='grc' dir='ltr'>τοσαύτης</span> <span class='ocrx_word' id='word_1_237' title='bbox 1882 2949 1987 3001; x_wconf 89' lang='grc' dir='ltr'>ἀπ-</span> 
     </span>
    </p>
   </div>
   <div class='ocr_carea' id='block_1_32' title="bbox 420 3026 1986 3099">
    <p class='ocr_par' dir='ltr' id='par_1_32' title="bbox 420 3026 1986 3099">
     <span class='ocr_line' id='line_1_32' title="bbox 420 3026 1986 3099; baseline 0.003 -19"><span class='ocrx_word' id='word_1_238' title='bbox 420 3026 608 3080; x_wconf 82' lang='grc' dir='ltr'>έλαυον</span> <span class='ocrx_word' id='word_1_239' title='bbox 645 3028 831 3098; x_wconf 83' lang='grc' dir='ltr'>τιμῆς,</span> <span class='ocrx_word' id='word_1_240' title='bbox 865 3028 995 3082; x_wconf 76' lang='grc' dir='ltr'>ἔνθα</span> <span class='ocrx_word' id='word_1_241' title='bbox 1033 3030 1087 3081; x_wconf 88' lang='grc' dir='ltr'>αἱ</span> <span class='ocrx_word' id='word_1_242' title='bbox 1124 3028 1305 3092; x_wconf 87' lang='grc' dir='ltr'>πόλεις</span> <span class='ocrx_word' id='word_1_243' title='bbox 1347 3030 1475 3092; x_wconf 80' lang='grc' dir='ltr'>εἰσὶ,</span> <span class='ocrx_word' id='word_1_244' title='bbox 1533 3030 1705 3099; x_wconf 86' lang='grc' dir='ltr'>πόσης</span> <span class='ocrx_word' id='word_1_245' title='bbox 1748 3030 1986 3084; x_wconf 86' lang='grc' dir='ltr'>ἀπολαύ-</span> 
     </span>
    </p>
   </div>
   <div class='ocr_carea' id='block_1_33' title="bbox 422 3110 1987 3183">
    <p class='ocr_par' dir='ltr' id='par_1_33' title="bbox 422 3110 1987 3183">
     <span class='ocr_line' id='line_1_33' title="bbox 422 3110 1987 3183; baseline 0.002 -21"><span class='ocrx_word' id='word_1_246' title='bbox 422 3128 575 3163; x_wconf 89' lang='grc' dir='ltr'>σουσι</span> <span class='ocrx_word' id='word_1_247' title='bbox 603 3110 795 3182; x_wconf 84' lang='grc' dir='ltr'>δόξης;</span> <span class='ocrx_word' id='word_1_248' title='bbox 836 3113 886 3165; x_wconf 91' lang='grc' dir='ltr'>εἰ</span> <span class='ocrx_word' id='word_1_249' title='bbox 918 3111 1047 3167; x_wconf 81' lang='grc' dir='ltr'>ἔνθα</span> <span class='ocrx_word' id='word_1_250' title='bbox 1076 3112 1254 3183; x_wconf 72' lang='grc' dir='ltr'>θλίψιν</span> <span class='ocrx_word' id='word_1_251' title='bbox 1311 3112 1695 3182; x_wconf 87' lang='grc' dir='ltr'>ἐπηγγείλατο,</span> <span class='ocrx_word' id='word_1_252' title='bbox 1751 3111 1987 3181; x_wconf 84' lang='grc' dir='ltr'>τοσαύτη</span> 
     </span>
    </p>
   </div>
   <div class='ocr_carea' id='block_1_34' title="bbox 423 3194 1986 3268">
    <p class='ocr_par' dir='ltr' id='par_1_34' title="bbox 423 3194 1986 3268">
     <span class='ocr_line' id='line_1_34' title="bbox 423 3194 1986 3268; baseline 0.003 -23"><span class='ocrx_word' id='word_1_253' title='bbox 423 3194 707 3264; x_wconf 82' lang='grc' dir='ltr'>θεραπεία,</span> <span class='ocrx_word' id='word_1_254' title='bbox 765 3195 893 3249; x_wconf 76' lang='grc' dir='ltr'>ἔνθα</span> <span class='ocrx_word' id='word_1_255' title='bbox 946 3195 1116 3260; x_wconf 79' lang='grc' dir='ltr'>ὅντως</span> <span class='ocrx_word' id='word_1_256' title='bbox 1172 3195 1337 3265; x_wconf 84' lang='grc' dir='ltr'>τιμὰς</span> <span class='ocrx_word' id='word_1_257' title='bbox 1387 3197 1797 3264; x_wconf 83' lang='grc' dir='ltr'>ἐπαγγέλλεται,</span> <span class='ocrx_word' id='word_1_258' title='bbox 1846 3197 1986 3268; x_wconf 84' lang='grc' dir='ltr'>πόση</span> 
     </span>
    </p>
   </div>
   <div class='ocr_carea' id='block_1_35' title="bbox 423 3277 1990 3348">
    <p class='ocr_par' dir='ltr' id='par_1_35' title="bbox 423 3277 1990 3348">
     <span class='ocr_line' id='line_1_35' title="bbox 423 3277 1990 3348; baseline 0.001 -19"><span class='ocrx_word' id='word_1_259' title='bbox 423 3277 573 3330; x_wconf 78' lang='grc' dir='ltr'>ἔσται</span> <span class='ocrx_word' id='word_1_260' title='bbox 606 3277 877 3348; x_wconf 82' lang='grc' dir='ltr'>ήάνεσις;</span> <span class='ocrx_word' id='word_1_261' title='bbox 910 3277 1071 3332; x_wconf 86' lang='grc' dir='ltr'>Ἀλλά</span> <span class='ocrx_word' id='word_1_262' title='bbox 1102 3278 1355 3347; x_wconf 84' lang='grc' dir='ltr'>βούλεσθε</span> <span class='ocrx_word' id='word_1_263' title='bbox 1379 3280 1471 3332; x_wconf 75' lang='grc' dir='ltr'>καὶ</span> <span class='ocrx_word' id='word_1_264' title='bbox 1522 3280 1817 3348; x_wconf 83' lang='grc' dir='ltr'>κοσμικοὺς</span> <span class='ocrx_word' id='word_1_265' title='bbox 1872 3280 1990 3331; x_wconf 80' lang='grc' dir='ltr'>ἐπι-</span> 
     </span>
    </p>
   </div>
   <div class='ocr_carea' id='block_1_36' title="bbox 423 3357 1990 3434">
    <p class='ocr_par' dir='ltr' id='par_1_36' title="bbox 423 3357 1990 3434">
     <span class='ocr_line' id='line_1_36' title="bbox 423 3357 1990 3434; baseline 0.004 -25"><span class='ocrx_word' id='word_1_266' title='bbox 423 3357 716 3427; x_wconf 81' lang='grc' dir='ltr'>δείξωμεν;</span> <span class='ocrx_word' id='word_1_267' title='bbox 746 3358 860 3413; x_wconf 90' lang='grc' dir='ltr'>Νῦν</span> <span class='ocrx_word' id='word_1_268' title='bbox 893 3361 990 3431; x_wconf 89' lang='grc' dir='ltr'>μέν</span> <span class='ocrx_word' id='word_1_269' title='bbox 1024 3361 1131 3433; x_wconf 85' lang='grc' dir='ltr'>γὰρ</span> <span class='ocrx_word' id='word_1_270' title='bbox 1173 3363 1273 3416; x_wconf 85' lang='grc' dir='ltr'>οὐκ</span> <span class='ocrx_word' id='word_1_271' title='bbox 1301 3362 1515 3432; x_wconf 76' lang='grc' dir='ltr'>ἔχομεν·</span> <span class='ocrx_word' id='word_1_272' title='bbox 1549 3362 1688 3434; x_wconf 79' lang='grc' dir='ltr'>πλήν</span> <span class='ocrx_word' id='word_1_273' title='bbox 1737 3364 1844 3415; x_wconf 91' lang='grc' dir='ltr'>εἰσι</span> <span class='ocrx_word' id='word_1_274' title='bbox 1892 3361 1990 3431; x_wconf 82' lang='grc' dir='ltr'>μὲν</span> 
     </span>
    </p>
   </div>
   <div class='ocr_carea' id='block_1_37' title="bbox 426 3439 1992 3516">
    <p class='ocr_par' dir='ltr' id='par_1_37' title="bbox 426 3439 1992 3516">
     <span class='ocr_line' id='line_1_37' title="bbox 426 3439 1992 3516; baseline 0.003 -24"><span class='ocrx_word' id='word_1_275' title='bbox 426 3439 578 3513; x_wconf 66' lang='grc' dir='ltr'>ιιιιδ]</span> <span class='ocrx_word' id='word_1_276' title='bbox 610 3442 739 3505; x_wconf 85' lang='grc' dir='ltr'>ίσως</span> <span class='ocrx_word' id='word_1_277' title='bbox 765 3444 857 3496; x_wconf 66' lang='grc' dir='ltr'>καλ⁵</span> <span class='ocrx_word' id='word_1_278' title='bbox 885 3443 1136 3514; x_wconf 83' lang='grc' dir='ltr'>κοσμικοί⁵</span> <span class='ocrx_word' id='word_1_279' title='bbox 1167 3447 1446 3510; x_wconf 77' lang='grc' dir='ltr'>ἐπιεικεῖς,</span> <span class='ocrx_word' id='word_1_280' title='bbox 1475 3445 1587 3499; x_wconf 89' lang='grc' dir='ltr'>ἀλλ’</span> <span class='ocrx_word' id='word_1_281' title='bbox 1607 3447 1685 3509; x_wconf 88' lang='grc' dir='ltr'>εἰς</span> <span class='ocrx_word' id='word_1_282' title='bbox 1706 3445 1804 3516; x_wconf 81' lang='grc' dir='ltr'>τὴν</span> <span class='ocrx_word' id='word_1_283' title='bbox 1819 3447 1992 3516; x_wconf 73' lang='grc' dir='ltr'>ἄκραν</span> 
     </span>
    </p>
   </div>
   <div class='ocr_carea' id='block_1_38' title="bbox 427 3523 1994 3596">
    <p class='ocr_par' dir='ltr' id='par_1_38' title="bbox 427 3523 1994 3596">
     <span class='ocr_line' id='line_1_38' title="bbox 427 3523 1994 3596; baseline 0.004 -22"><span class='ocrx_word' id='word_1_284' title='bbox 427 3523 523 3593; x_wconf 82' lang='grc' dir='ltr'>οὐχ</span> <span class='ocrx_word' id='word_1_285' title='bbox 554 3524 779 3594; x_wconf 76' lang='grc' dir='ltr'>ἥκοντες</span> <span class='ocrx_word' id='word_1_286' title='bbox 826 3526 1162 3596; x_wconf 87' lang='grc' dir='ltr'>φιλοσοφίαν.</span> <span class='ocrx_word' id='word_1_287' title='bbox 1203 3528 1291 3580; x_wconf 80' lang='grc' dir='ltr'>Διὸ</span> <span class='ocrx_word' id='word_1_288' title='bbox 1332 3527 1438 3581; x_wconf 76' lang='grc' dir='ltr'>ἀπὸ</span> <span class='ocrx_word' id='word_1_289' title='bbox 1469 3528 1577 3582; x_wconf 91' lang='grc' dir='ltr'>τῶν</span> <span class='ocrx_word' id='word_1_290' title='bbox 1618 3528 1860 3581; x_wconf 88' lang='grc' dir='ltr'>παλαιῶν</span> <span class='ocrx_word' id='word_1_291' title='bbox 1902 3529 1994 3582; x_wconf 75' lang='grc' dir='ltr'>καὶ</span> 
     </span>
    </p>
   </div>
   <div class='ocr_carea' id='block_1_39' title="bbox 428 3605 1994 3680">
    <p class='ocr_par' dir='ltr' id='par_1_39' title="bbox 428 3605 1994 3680">
     <span class='ocr_line' id='line_1_39' title="bbox 428 3605 1994 3680; baseline 0.003 -22"><span class='ocrx_word' id='word_1_292' title='bbox 428 3605 597 3673; x_wconf 82' lang='grc' dir='ltr'>ἁγίων</span> <span class='ocrx_word' id='word_1_293' title='bbox 644 3607 753 3680; x_wconf 87' lang='grc' dir='ltr'>ἐρῶ</span> <span class='ocrx_word' id='word_1_294' title='bbox 787 3607 913 3676; x_wconf 85' lang='grc' dir='ltr'>ὑμῖν</span> <span class='ocrx_word' id='word_1_295' title='bbox 967 3609 1032 3661; x_wconf 80' lang='grc' dir='ltr'>τά</span> <span class='ocrx_word' id='word_1_296' title='bbox 1084 3609 1474 3680; x_wconf 86' lang='grc' dir='ltr'>ὑποδείγματα.</span> <span class='ocrx_word' id='word_1_297' title='bbox 1523 3610 1685 3664; x_wconf 86' lang='grc' dir='ltr'>Πόσοι</span> <span class='ocrx_word' id='word_1_298' title='bbox 1733 3612 1994 3679; x_wconf 89' lang='grc' dir='ltr'>γυναῖκας</span> 
     </span>
    </p>
   </div>
   <div class='ocr_carea' id='block_1_40' title="bbox 429 3688 1995 3763">
    <p class='ocr_par' dir='ltr' id='par_1_40' title="bbox 429 3688 1995 3763">
     <span class='ocr_line' id='line_1_40' title="bbox 429 3688 1995 3763; baseline 0.004 -24"><span class='ocrx_word' id='word_1_299' title='bbox 429 3688 662 3756; x_wconf 76' lang='grc' dir='ltr'>ἔχοντες,</span> <span class='ocrx_word' id='word_1_300' title='bbox 691 3690 783 3743; x_wconf 81' lang='grc' dir='ltr'>καί</span> <span class='ocrx_word' id='word_1_301' title='bbox 812 3690 1006 3754; x_wconf 86' lang='grc' dir='ltr'>παῖδας</span> <span class='ocrx_word' id='word_1_302' title='bbox 1039 3691 1350 3760; x_wconf 78' lang='grc' dir='ltr'>τρέφοντες,</span> <span class='ocrx_word' id='word_1_303' title='bbox 1380 3692 1487 3745; x_wconf 90' lang='grc' dir='ltr'>τῶν</span> <span class='ocrx_word' id='word_1_304' title='bbox 1514 3692 1816 3763; x_wconf 76' lang='grc' dir='ltr'>εἰρημένων</span> <span class='ocrx_word' id='word_1_305' title='bbox 1844 3694 1995 3746; x_wconf 77' lang='grc' dir='ltr'>οὐδὲν</span> 
     </span>
    </p>
   </div>
   <div class='ocr_carea' id='block_1_41' title="bbox 432 3769 1997 3843">
    <p class='ocr_par' dir='ltr' id='par_1_41' title="bbox 432 3769 1997 3843">
     <span class='ocr_line' id='line_1_41' title="bbox 432 3769 1997 3843; baseline 0.006 -24"><span class='ocrx_word' id='word_1_306' title='bbox 432 3769 669 3830; x_wconf 69' lang='grc' dir='ltr'>ἔλαττον,</span> <span class='ocrx_word' id='word_1_307' title='bbox 695 3771 844 3822; x_wconf 77' lang='grc' dir='ltr'>οὐδὲν</span> <span class='ocrx_word' id='word_1_308' title='bbox 874 3772 1091 3825; x_wconf 73' lang='grc' dir='ltr'>ἔλαττον</span> <span class='ocrx_word' id='word_1_309' title='bbox 1118 3773 1304 3843; x_wconf 76' lang='grc' dir='ltr'>ἐσχονς</span> <span class='ocrx_word' id='word_1_310' title='bbox 1344 3773 1506 3825; x_wconf 80' lang='grc' dir='ltr'>Ἀλλά</span> <span class='ocrx_word' id='word_1_311' title='bbox 1548 3775 1642 3827; x_wconf 92' lang='grc' dir='ltr'>νῦν</span> <span class='ocrx_word' id='word_1_312' title='bbox 1670 3774 1853 3827; x_wconf 85' lang='grc' dir='ltr'>οὐκέτι</span> <span class='ocrx_word' id='word_1_313' title='bbox 1881 3775 1997 3828; x_wconf 78' lang='grc' dir='ltr'>ἐστὶ</span> 
     </span>
    </p>
   </div>
   <div class='ocr_carea' id='block_1_42' title="bbox 430 3850 1998 3926">
    <p class='ocr_par' dir='ltr' id='par_1_42' title="bbox 430 3850 1998 3926">
     <span class='ocr_line' id='line_1_42' title="bbox 430 3850 1998 3926; baseline 0.004 -23"><span class='ocrx_word' id='word_1_314' title='bbox 430 3850 518 3904; x_wconf 87' lang='grc' dir='ltr'>διά</span> <span class='ocrx_word' id='word_1_315' title='bbox 536 3851 632 3922; x_wconf 83' lang='grc' dir='ltr'>τὴν</span> <span class='ocrx_word' id='word_1_316' title='bbox 658 3853 959 3907; x_wconf 83' lang='grc' dir='ltr'>ἐνεστῶσαν</span> <span class='ocrx_word' id='word_1_317' title='bbox 990 3856 1255 3926; x_wconf 87' lang='grc' dir='ltr'>ἀνάγκην,</span> <span class='ocrx_word' id='word_1_318' title='bbox 1278 3855 1458 3919; x_wconf 86' lang='grc' dir='ltr'>καθώς</span> <span class='ocrx_word' id='word_1_319' title='bbox 1483 3873 1646 3925; x_wconf 90' lang='grc' dir='ltr'>φησιν</span> <span class='ocrx_word' id='word_1_320' title='bbox 1677 3856 1705 3906; x_wconf 94' lang='lat'>6</span> <span class='ocrx_word' id='word_1_321' title='bbox 1729 3855 1998 3926; x_wconf 87' lang='grc' dir='ltr'>μακάριος</span> 
     </span>
    </p>
   </div>
   <div class='ocr_carea' id='block_1_43' title="bbox 431 3926 1999 4009">
    <p class='ocr_par' dir='ltr' id='par_1_43' title="bbox 431 3926 1999 4009">
     <span class='ocr_line' id='line_1_43' title="bbox 431 3926 1999 4009; baseline 0.006 -26"><span class='ocrx_word' id='word_1_322' title='bbox 431 3926 607 3995; x_wconf 69' lang='grc' dir='ltr'>οὗτος.</span> <span class='ocrx_word' id='word_1_323' title='bbox 667 3934 799 3986; x_wconf 85' lang='grc' dir='ltr'>Τίνα</span> <span class='ocrx_word' id='word_1_324' title='bbox 858 3930 951 3989; x_wconf 81' lang='grc' dir='ltr'>οὖν</span> <span class='ocrx_word' id='word_1_325' title='bbox 1006 3935 1259 4005; x_wconf 87' lang='grc' dir='ltr'>βούλεσθε</span> <span class='ocrx_word' id='word_1_326' title='bbox 1318 3940 1487 4003; x_wconf 86' lang='grc' dir='ltr'>εῖπω;</span> <span class='ocrx_word' id='word_1_327' title='bbox 1534 3938 1627 3990; x_wconf 80' lang='grc' dir='ltr'>τὸν</span> <span class='ocrx_word' id='word_1_328' title='bbox 1677 3938 1999 4009; x_wconf 80' lang='grc' dir='ltr'>Νῶε,ῆτὸν</span> 
     </span>
    </p>
   </div>
   <div class='ocr_carea' id='block_1_44' title="bbox 446 4016 2001 4093">
    <p class='ocr_par' dir='ltr' id='par_1_44' title="bbox 446 4016 2001 4093">
     <span class='ocr_line' id='line_1_44' title="bbox 446 4016 2001 4093; baseline 0.006 -24"><span class='ocrx_word' id='word_1_329' title='bbox 446 4016 729 4088; x_wconf 71' lang='grc' dir='ltr'>’Λϐραάμς</span> <span class='ocrx_word' id='word_1_330' title='bbox 759 4018 851 4073; x_wconf 83' lang='grc' dir='ltr'>τὸν</span> <span class='ocrx_word' id='word_1_331' title='bbox 881 4019 1068 4073; x_wconf 84' lang='grc' dir='ltr'>τούτου</span> <span class='ocrx_word' id='word_1_332' title='bbox 1092 4022 1333 4093; x_wconf 80' lang='grc' dir='ltr'>παῖδα,ἢ</span> <span class='ocrx_word' id='word_1_333' title='bbox 1361 4024 1449 4075; x_wconf 81' lang='grc' dir='ltr'>τὸν</span> <span class='ocrx_word' id='word_1_334' title='bbox 1474 4021 1682 4075; x_wconf 87' lang='grc' dir='ltr'>ἐκείνου</span> <span class='ocrx_word' id='word_1_335' title='bbox 1707 4040 1721 4088; x_wconf 87' lang='lat'>;</span> <span class='ocrx_word' id='word_1_336' title='bbox 1753 4022 1886 4077; x_wconf 82' lang='grc' dir='ltr'>ἀλλὰ</span> <span class='ocrx_word' id='word_1_337' title='bbox 1911 4023 2001 4078; x_wconf 75' lang='grc' dir='ltr'>τὸν</span> 
     </span>
    </p>
   </div>
   <div class='ocr_carea' id='block_1_45' title="bbox 446 4099 1998 4178">
    <p class='ocr_par' dir='ltr' id='par_1_45' title="bbox 446 4099 1998 4178">
     <span class='ocr_line' id='line_1_45' title="bbox 446 4099 1998 4178; baseline 0.006 -26"><span class='ocrx_word' id='word_1_338' title='bbox 446 4099 675 4168; x_wconf 73' lang='grc' dir='ltr'>Ἰωσήφς</span> <span class='ocrx_word' id='word_1_339' title='bbox 695 4101 854 4156; x_wconf 80' lang='grc' dir='ltr'>Ἀλλά</span> <span class='ocrx_word' id='word_1_340' title='bbox 885 4102 1137 4173; x_wconf 87' lang='grc' dir='ltr'>βούλεσθε</span> <span class='ocrx_word' id='word_1_341' title='bbox 1162 4105 1254 4157; x_wconf 77' lang='grc' dir='ltr'>ἐπὶ</span> <span class='ocrx_word' id='word_1_342' title='bbox 1281 4105 1404 4168; x_wconf 76' lang='grc' dir='ltr'>τοὺς</span> <span class='ocrx_word' id='word_1_343' title='bbox 1428 4106 1708 4176; x_wconf 84' lang='grc' dir='ltr'>προφήτας</span> <span class='ocrx_word' id='word_1_344' title='bbox 1728 4104 1998 4178; x_wconf 79' lang='grc' dir='ltr'>έλθωμεν;</span> 
     </span>
    </p>
   </div>
   <div class='ocr_carea' id='block_1_46' title="bbox 432 4183 1414 4257">
    <p class='ocr_par' dir='ltr' id='par_1_46' title="bbox 432 4183 1414 4257">
     <span class='ocr_line' id='line_1_46' title="bbox 432 4183 1414 4257; baseline 0.005 -21"><span class='ocrx_word' id='word_1_345' title='bbox 432 4184 526 4237; x_wconf 66' lang='grc' dir='ltr'>τὸν</span> <span class='ocrx_word' id='word_1_346' title='bbox 557 4183 795 4237; x_wconf 80' lang='grc' dir='ltr'>Μωῦσέα</span> <span class='ocrx_word' id='word_1_347' title='bbox 826 4183 1002 4257; x_wconf 86' lang='grc' dir='ltr'>λέγω,</span> <span class='ocrx_word' id='word_1_348' title='bbox 1039 4186 1129 4241; x_wconf 78' lang='grc' dir='ltr'>τὸν</span> <span class='ocrx_word' id='word_1_349' title='bbox 1169 4188 1414 4242; x_wconf 86' lang='grc' dir='ltr'>Ἡσαΐαν.</span> 
     </span>
    </p>
   </div>
   <div class='ocr_carea' id='block_1_47' title="bbox 511 4338 2005 4413">
    <p class='ocr_par' dir='ltr' id='par_1_47' title="bbox 511 4338 2005 4413">
     <span class='ocr_line' id='line_1_47' title="bbox 511 4338 2005 4413; baseline 0.006 -22"><span class='ocrx_word' id='word_1_350' title='bbox 511 4339 572 4392; x_wconf 78' lang='grc' dir='ltr'>δ’.</span> <span class='ocrx_word' id='word_1_351' title='bbox 599 4338 764 4405; x_wconf 77' lang='grc' dir='ltr'>Ἀλλ’,</span> <span class='ocrx_word' id='word_1_352' title='bbox 783 4339 832 4393; x_wconf 88' lang='grc' dir='ltr'>εί</span> <span class='ocrx_word' id='word_1_353' title='bbox 853 4338 1016 4405; x_wconf 88' lang='grc' dir='ltr'>δοκεῖ,</span> <span class='ocrx_word' id='word_1_354' title='bbox 1036 4339 1127 4393; x_wconf 74' lang='grc' dir='ltr'>ἐπὶ</span> <span class='ocrx_word' id='word_1_355' title='bbox 1152 4342 1241 4394; x_wconf 84' lang='grc' dir='ltr'>τὸν</span> <span class='ocrx_word' id='word_1_356' title='bbox 1271 4341 1521 4413; x_wconf 79' lang='grc' dir='ltr'>Ἀϐραὰμ</span> <span class='ocrx_word' id='word_1_357' title='bbox 1549 4342 1811 4413; x_wconf 75' lang='grc' dir='ltr'>τὸνλόγον</span> <span class='ocrx_word' id='word_1_358' title='bbox 1842 4344 2005 4400; x_wconf 84' lang='grc' dir='ltr'>ἐλκύ-</span> 
     </span>
    </p>
   </div>
   <div class='ocr_carea' id='block_1_48' title="bbox 440 4421 2006 4498">
    <p class='ocr_par' dir='ltr' id='par_1_48' title="bbox 440 4421 2006 4498">
     <span class='ocr_line' id='line_1_48' title="bbox 440 4421 2006 4498; baseline 0.006 -24"><span class='ocrx_word' id='word_1_359' title='bbox 440 4437 643 4492; x_wconf 85' lang='grc' dir='ltr'>σωμεν,</span> <span class='ocrx_word' id='word_1_360' title='bbox 660 4421 719 4475; x_wconf 84' lang='grc' dir='ltr'>δν</span> <span class='ocrx_word' id='word_1_361' title='bbox 745 4422 978 4491; x_wconf 83' lang='grc' dir='ltr'>μάλιστα</span> <span class='ocrx_word' id='word_1_362' title='bbox 1004 4423 1201 4487; x_wconf 88' lang='grc' dir='ltr'>πάντες</span> <span class='ocrx_word' id='word_1_363' title='bbox 1223 4425 1583 4497; x_wconf 79' lang='grc' dir='ltr'>προφέρουσιν</span> <span class='ocrx_word' id='word_1_364' title='bbox 1600 4428 1728 4498; x_wconf 80' lang='grc' dir='ltr'>ἡμῖν</span> <span class='ocrx_word' id='word_1_365' title='bbox 1749 4428 1854 4482; x_wconf 86' lang='grc' dir='ltr'>ἀεί.</span> <span class='ocrx_word' id='word_1_366' title='bbox 1872 4430 2006 4498; x_wconf 73' lang='grc' dir='ltr'>Ούχὶ</span> 
     </span>
    </p>
   </div>
   <div class='ocr_carea' id='block_1_49' title="bbox 436 4500 2007 4577">
    <p class='ocr_par' dir='ltr' id='par_1_49' title="bbox 436 4500 2007 4577">
     <span class='ocr_line' id='line_1_49' title="bbox 436 4500 2007 4577; baseline 0.006 -23"><span class='ocrx_word' id='word_1_367' title='bbox 436 4506 671 4570; x_wconf 86' lang='grc' dir='ltr'>γυναῖκα</span> <span class='ocrx_word' id='word_1_368' title='bbox 698 4500 869 4573; x_wconf 81' lang='grc' dir='ltr'>εἰχεν;</span> <span class='ocrx_word' id='word_1_369' title='bbox 905 4505 1025 4575; x_wconf 83' lang='grc' dir='ltr'>ούχί</span> <span class='ocrx_word' id='word_1_370' title='bbox 1069 4506 1264 4568; x_wconf 84' lang='grc' dir='ltr'>παῖδας</span> <span class='ocrx_word' id='word_1_371' title='bbox 1286 4524 1300 4569; x_wconf 80' lang='grc' dir='ltr'>ς</span> <span class='ocrx_word' id='word_1_372' title='bbox 1336 4510 1431 4561; x_wconf 74' lang='grc' dir='ltr'>καὶ</span> <span class='ocrx_word' id='word_1_373' title='bbox 1456 4510 1563 4577; x_wconf 85' lang='grc' dir='ltr'>γάρ</span> <span class='ocrx_word' id='word_1_374' title='bbox 1589 4509 1682 4562; x_wconf 75' lang='grc' dir='ltr'>καὶ</span> <span class='ocrx_word' id='word_1_375' title='bbox 1711 4509 1820 4575; x_wconf 84' lang='grc' dir='ltr'>ἐγὼ</span> <span class='ocrx_word' id='word_1_376' title='bbox 1847 4508 2007 4564; x_wconf 88' lang='grc' dir='ltr'>τοῦτο</span> 
     </span>
    </p>
   </div>
   <div class='ocr_carea' id='block_1_50' title="bbox 440 4586 2009 4661">
    <p class='ocr_par' dir='ltr' id='par_1_50' title="bbox 440 4586 2009 4661">
     <span class='ocr_line' id='line_1_50' title="bbox 440 4586 2009 4661; baseline 0.006 -24"><span class='ocrx_word' id='word_1_377' title='bbox 440 4586 582 4654; x_wconf 81' lang='grc' dir='ltr'>λέγω</span> <span class='ocrx_word' id='word_1_378' title='bbox 611 4588 745 4657; x_wconf 80' lang='grc' dir='ltr'>πρὸς</span> <span class='ocrx_word' id='word_1_379' title='bbox 773 4589 945 4658; x_wconf 80' lang='grc' dir='ltr'>ὑμᾶς,</span> <span class='ocrx_word' id='word_1_380' title='bbox 974 4590 1111 4661; x_wconf 85' lang='grc' dir='ltr'>ὅπερ</span> <span class='ocrx_word' id='word_1_381' title='bbox 1132 4591 1288 4661; x_wconf 86' lang='grc' dir='ltr'>ὑμεῖς</span> <span class='ocrx_word' id='word_1_382' title='bbox 1312 4590 1448 4659; x_wconf 85' lang='grc' dir='ltr'>πρὸς</span> <span class='ocrx_word' id='word_1_383' title='bbox 1475 4593 1642 4661; x_wconf 78' lang='grc' dir='ltr'>ἡμᾶς.</span> <span class='ocrx_word' id='word_1_384' title='bbox 1666 4593 1915 4646; x_wconf 83' lang='grc' dir='ltr'>Τυναῖκα</span> <span class='ocrx_word' id='word_1_385' title='bbox 1937 4589 2009 4646; x_wconf 79' lang='grc' dir='ltr'>εἷ-</span> 
     </span>
    </p>
   </div>
   <div class='ocr_carea' id='block_1_51' title="bbox 443 4668 2003 4746">
    <p class='ocr_par' dir='ltr' id='par_1_51' title="bbox 443 4668 2003 4746">
     <span class='ocr_line' id='line_1_51' title="bbox 443 4668 2003 4746; baseline 0.006 -28"><span class='ocrx_word' id='word_1_386' title='bbox 443 4684 556 4737; x_wconf 90' lang='grc' dir='ltr'>χεν,</span> <span class='ocrx_word' id='word_1_387' title='bbox 590 4668 702 4719; x_wconf 81' lang='grc' dir='ltr'>ἀλλ’</span> <span class='ocrx_word' id='word_1_388' title='bbox 731 4671 831 4722; x_wconf 83' lang='grc' dir='ltr'>οὐκ</span> <span class='ocrx_word' id='word_1_389' title='bbox 867 4672 1054 4742; x_wconf 82' lang='grc' dir='ltr'>ἐπειδὴ</span> <span class='ocrx_word' id='word_1_390' title='bbox 1097 4675 1328 4739; x_wconf 85' lang='grc' dir='ltr'>γυναῖκα</span> <span class='ocrx_word' id='word_1_391' title='bbox 1384 4668 1517 4742; x_wconf 83' lang='grc' dir='ltr'>εἶχε,</span> <span class='ocrx_word' id='word_1_392' title='bbox 1557 4674 1862 4744; x_wconf 86' lang='grc' dir='ltr'>Θαυμαστὸς</span> <span class='ocrx_word' id='word_1_393' title='bbox 1914 4671 2003 4746; x_wconf 80' lang='grc' dir='ltr'>ἦν·</span> 
     </span>
    </p>
   </div>
   <div class='ocr_carea' id='block_1_52' title="bbox 439 4746 2009 4829">
    <p class='ocr_par' dir='ltr' id='par_1_52' title="bbox 439 4746 2009 4829">
     <span class='ocr_line' id='line_1_52' title="bbox 439 4746 2009 4829; baseline 0.003 -25"><span class='ocrx_word' id='word_1_394' title='bbox 439 4750 696 4821; x_wconf 80' lang='grc' dir='ltr'>χρήματα</span> <span class='ocrx_word' id='word_1_395' title='bbox 721 4746 887 4821; x_wconf 72' lang='grc' dir='ltr'>εἶχεν,</span> <span class='ocrx_word' id='word_1_396' title='bbox 907 4752 1022 4806; x_wconf 80' lang='grc' dir='ltr'>ἀλλ’</span> <span class='ocrx_word' id='word_1_397' title='bbox 1048 4755 1146 4807; x_wconf 79' lang='grc' dir='ltr'>οὐκ</span> <span class='ocrx_word' id='word_1_398' title='bbox 1168 4754 1352 4825; x_wconf 82' lang='grc' dir='ltr'>ἐπειδὴ</span> <span class='ocrx_word' id='word_1_399' title='bbox 1382 4756 1642 4826; x_wconf 82' lang='grc' dir='ltr'>χρήματα</span> <span class='ocrx_word' id='word_1_400' title='bbox 1672 4752 1836 4827; x_wconf 78' lang='grc' dir='ltr'>εἶχεν,</span> <span class='ocrx_word' id='word_1_401' title='bbox 1879 4758 2009 4829; x_wconf 72' lang='grc' dir='ltr'>ἦρε-</span> 
     </span>
    </p>
   </div>
   <div class='ocr_carea' id='block_1_53' title="bbox 444 4831 2007 4909">
    <p class='ocr_par' dir='ltr' id='par_1_53' title="bbox 444 4831 2007 4909">
     <span class='ocr_line' id='line_1_53' title="bbox 444 4831 2007 4909; baseline 0.007 -26"><span class='ocrx_word' id='word_1_402' title='bbox 444 4849 504 4885; x_wconf 89' lang='grc' dir='ltr'>σε</span> <span class='ocrx_word' id='word_1_403' title='bbox 534 4831 613 4904; x_wconf 81' lang='grc' dir='ltr'>τῷ</span> <span class='ocrx_word' id='word_1_404' title='bbox 641 4832 776 4904; x_wconf 84' lang='grc' dir='ltr'>Θεῷ·</span> <span class='ocrx_word' id='word_1_405' title='bbox 817 4834 1012 4898; x_wconf 83' lang='grc' dir='ltr'>παῖδας</span> <span class='ocrx_word' id='word_1_406' title='bbox 1060 4835 1264 4899; x_wconf 74' lang='grc' dir='ltr'>ἔτεκεν,</span> <span class='ocrx_word' id='word_1_407' title='bbox 1297 4837 1413 4890; x_wconf 87' lang='grc' dir='ltr'>ἀλλ’</span> <span class='ocrx_word' id='word_1_408' title='bbox 1448 4839 1548 4891; x_wconf 77' lang='grc' dir='ltr'>οὐκ</span> <span class='ocrx_word' id='word_1_409' title='bbox 1580 4840 1766 4909; x_wconf 84' lang='grc' dir='ltr'>ἐπειδὴ</span> <span class='ocrx_word' id='word_1_410' title='bbox 1814 4841 2007 4904; x_wconf 86' lang='grc' dir='ltr'>παῖδας</span> 
     </span>
    </p>
   </div>
   <div class='ocr_carea' id='block_1_54' title="bbox 444 4916 2010 4988">
    <p class='ocr_par' dir='ltr' id='par_1_54' title="bbox 444 4916 2010 4988">
     <span class='ocr_line' id='line_1_54' title="bbox 444 4916 2010 4988; baseline 0.006 -20"><span class='ocrx_word' id='word_1_411' title='bbox 444 4916 648 4983; x_wconf 79' lang='grc' dir='ltr'>ἔτεκεν,</span> <span class='ocrx_word' id='word_1_412' title='bbox 678 4918 1060 4986; x_wconf 74' lang='grc' dir='ltr'>ὲμακαρίζετο·</span> <span class='ocrx_word' id='word_1_413' title='bbox 1100 4921 1445 4988; x_wconf 79' lang='grc' dir='ltr'>τριακοσίους</span> <span class='ocrx_word' id='word_1_414' title='bbox 1471 4920 1601 4975; x_wconf 87' lang='grc' dir='ltr'>δέκα</span> <span class='ocrx_word' id='word_1_415' title='bbox 1629 4922 1724 4975; x_wconf 82' lang='grc' dir='ltr'>καὶ</span> <span class='ocrx_word' id='word_1_416' title='bbox 1762 4923 1904 4977; x_wconf 84' lang='grc' dir='ltr'>ὀκτὼ</span> <span class='ocrx_word' id='word_1_417' title='bbox 1931 4928 2010 4977; x_wconf 89' lang='grc' dir='ltr'>οἰ-</span> 
     </span>
    </p>
   </div>
   <div class='ocr_carea' id='block_1_55' title="bbox 445 4999 2008 5076">
    <p class='ocr_par' dir='ltr' id='par_1_55' title="bbox 445 4999 2008 5076">
     <span class='ocr_line' id='line_1_55' title="bbox 445 4999 2008 5076; baseline 0.004 -23"><span class='ocrx_word' id='word_1_418' title='bbox 445 5002 688 5068; x_wconf 89' lang='grc' dir='ltr'>κογενεῖς</span> <span class='ocrx_word' id='word_1_419' title='bbox 717 4999 995 5069; x_wconf 82' lang='grc' dir='ltr'>ἐκέκτητο,</span> <span class='ocrx_word' id='word_1_420' title='bbox 1018 5000 1131 5053; x_wconf 81' lang='grc' dir='ltr'>ἀλλ’</span> <span class='ocrx_word' id='word_1_421' title='bbox 1156 5003 1214 5054; x_wconf 87' lang='grc' dir='ltr'>οὑ</span> <span class='ocrx_word' id='word_1_422' title='bbox 1246 5003 1435 5056; x_wconf 88' lang='grc' dir='ltr'>τούτου</span> <span class='ocrx_word' id='word_1_423' title='bbox 1465 5006 1624 5076; x_wconf 80' lang='grc' dir='ltr'>χάριν</span> <span class='ocrx_word' id='word_1_424' title='bbox 1652 5005 2008 5076; x_wconf 79' lang='grc' dir='ltr'>ἐθαυμάζετο.</span> 
     </span>
    </p>
   </div>
   <div class='ocr_carea' id='block_1_56' title="bbox 458 5082 2015 5158">
    <p class='ocr_par' dir='ltr' id='par_1_56' title="bbox 458 5082 2015 5158">
     <span class='ocr_line' id='line_1_56' title="bbox 458 5082 2015 5158; baseline 0.006 -24"><span class='ocrx_word' id='word_1_425' title='bbox 458 5083 617 5136; x_wconf 83' lang='grc' dir='ltr'>Ἀλλά</span> <span class='ocrx_word' id='word_1_426' title='bbox 645 5082 822 5153; x_wconf 88' lang='grc' dir='ltr'>βούλει</span> <span class='ocrx_word' id='word_1_427' title='bbox 861 5082 1049 5152; x_wconf 86' lang='grc' dir='ltr'>μαθεῖν</span> <span class='ocrx_word' id='word_1_428' title='bbox 1072 5085 1263 5150; x_wconf 76' lang='grc' dir='ltr'>πόθενς</span> <span class='ocrx_word' id='word_1_429' title='bbox 1296 5087 1404 5139; x_wconf 82' lang='grc' dir='ltr'>ἀπὸ</span> <span class='ocrx_word' id='word_1_430' title='bbox 1423 5089 1521 5158; x_wconf 83' lang='grc' dir='ltr'>τῆς</span> <span class='ocrx_word' id='word_1_431' title='bbox 1552 5089 1875 5158; x_wconf 81' lang='grc' dir='ltr'>φιλοξενίας,</span> <span class='ocrx_word' id='word_1_432' title='bbox 1905 5090 2015 5143; x_wconf 77' lang='grc' dir='ltr'>ἀπὸ</span> 
     </span>
    </p>
   </div>
   <div class='ocr_carea' id='block_1_57' title="bbox 445 5166 2010 5243">
    <p class='ocr_par' dir='ltr' id='par_1_57' title="bbox 445 5166 2010 5243">
     <span class='ocr_line' id='line_1_57' title="bbox 445 5166 2010 5243; baseline 0.004 -24"><span class='ocrx_word' id='word_1_433' title='bbox 445 5169 544 5236; x_wconf 77' lang='grc' dir='ltr'>τῆς</span> <span class='ocrx_word' id='word_1_434' title='bbox 563 5167 671 5220; x_wconf 90' lang='grc' dir='ltr'>τῶν</span> <span class='ocrx_word' id='word_1_435' title='bbox 700 5166 995 5238; x_wconf 85' lang='grc' dir='ltr'>χρημάτων</span> <span class='ocrx_word' id='word_1_436' title='bbox 1024 5167 1339 5238; x_wconf 78' lang='grc' dir='ltr'>ὑπεροψίας,</span> <span class='ocrx_word' id='word_1_437' title='bbox 1373 5170 1481 5223; x_wconf 82' lang='grc' dir='ltr'>ἀπὸ</span> <span class='ocrx_word' id='word_1_438' title='bbox 1508 5173 1605 5243; x_wconf 84' lang='grc' dir='ltr'>τῆς</span> <span class='ocrx_word' id='word_1_439' title='bbox 1634 5175 2010 5243; x_wconf 86' lang='grc' dir='ltr'>κοσμιότητος.</span> 
     </span>
    </p>
   </div>
   <div class='ocr_carea' id='block_1_58' title="bbox 448 5248 2012 5330">
    <p class='ocr_par' dir='ltr' id='par_1_58' title="bbox 448 5248 2012 5330">
     <span class='ocr_line' id='line_1_58' title="bbox 448 5248 2012 5330; baseline 0.008 -30"><span class='ocrx_word' id='word_1_440' title='bbox 448 5249 514 5300; x_wconf 91' lang='grc' dir='ltr'>Τί</span> <span class='ocrx_word' id='word_1_441' title='bbox 532 5249 640 5320; x_wconf 80' lang='grc' dir='ltr'>γάρ</span> <span class='ocrx_word' id='word_1_442' title='bbox 667 5251 835 5312; x_wconf 87' lang='grc' dir='ltr'>ἐστιν,</span> <span class='ocrx_word' id='word_1_443' title='bbox 866 5248 987 5303; x_wconf 85' lang='grc' dir='ltr'>είπέ</span> <span class='ocrx_word' id='word_1_444' title='bbox 1019 5266 1130 5320; x_wconf 91' lang='grc' dir='ltr'>μοι,</span> <span class='ocrx_word' id='word_1_445' title='bbox 1160 5251 1447 5319; x_wconf 82' lang='grc' dir='ltr'>φιλοσόφου</span> <span class='ocrx_word' id='word_1_446' title='bbox 1472 5270 1486 5316; x_wconf 90' lang='grc'><strong>;</strong></span> <span class='ocrx_word' id='word_1_447' title='bbox 1522 5254 1641 5325; x_wconf 77' lang='grc' dir='ltr'>οὐχὶ</span> <span class='ocrx_word' id='word_1_448' title='bbox 1674 5258 1767 5310; x_wconf 86' lang='grc' dir='ltr'>καὶ</span> <span class='ocrx_word' id='word_1_449' title='bbox 1795 5260 2012 5330; x_wconf 82' lang='grc' dir='ltr'>χρημά-</span> 
     </span>
    </p>
   </div>
   <div class='ocr_carea' id='block_1_59' title="bbox 450 5332 2016 5406">
    <p class='ocr_par' dir='ltr' id='par_1_59' title="bbox 450 5332 2016 5406">
     <span class='ocr_line' id='line_1_59' title="bbox 450 5332 2016 5406; baseline 0.009 -24"><span class='ocrx_word' id='word_1_450' title='bbox 450 5348 557 5383; x_wconf 85' lang='grc' dir='ltr'>των</span> <span class='ocrx_word' id='word_1_451' title='bbox 586 5332 677 5384; x_wconf 77' lang='grc' dir='ltr'>καὶ</span> <span class='ocrx_word' id='word_1_452' title='bbox 695 5333 851 5405; x_wconf 78' lang='grc' dir='ltr'>δόξης</span> <span class='ocrx_word' id='word_1_453' title='bbox 878 5336 1237 5402; x_wconf 84' lang='grc' dir='ltr'>καταφρονεῖν</span> <span class='ocrx_word' id='word_1_454' title='bbox 1261 5336 1397 5400; x_wconf 63' lang='grc' dir='ltr'>ικαὶ</span> <span class='ocrx_word' id='word_1_455' title='bbox 1426 5336 1619 5404; x_wconf 88' lang='grc' dir='ltr'>φθόνου</span> <span class='ocrx_word' id='word_1_456' title='bbox 1666 5341 1758 5392; x_wconf 72' lang='grc' dir='ltr'>καὶ</span> <span class='ocrx_word' id='word_1_457' title='bbox 1818 5343 2016 5406; x_wconf 79' lang='grc' dir='ltr'>παντὸς</span> 
     </span>
    </p>
   </div>
   <div class='ocr_carea' id='block_1_60' title="bbox 453 5413 2015 5496">
    <p class='ocr_par' dir='ltr' id='par_1_60' title="bbox 453 5413 2015 5496">
     <span class='ocr_line' id='line_1_60' title="bbox 453 5413 2015 5496; baseline 0.008 -28"><span class='ocrx_word' id='word_1_458' title='bbox 453 5414 657 5479; x_wconf 88' lang='grc' dir='ltr'>πάθους</span> <span class='ocrx_word' id='word_1_459' title='bbox 688 5416 957 5490; x_wconf 86' lang='grc' dir='ltr'>ἀνώτερον</span> <span class='ocrx_word' id='word_1_460' title='bbox 997 5413 1177 5483; x_wconf 82' lang='grc' dir='ltr'>εἷναι;</span> <span class='ocrx_word' id='word_1_461' title='bbox 1229 5419 1364 5489; x_wconf 84' lang='grc' dir='ltr'>Φέρε</span> <span class='ocrx_word' id='word_1_462' title='bbox 1394 5414 1506 5480; x_wconf 80' lang='grc' dir='ltr'>οὖν,</span> <span class='ocrx_word' id='word_1_463' title='bbox 1542 5421 1702 5475; x_wconf 79' lang='grc' dir='ltr'>αὑτὸν</span> <span class='ocrx_word' id='word_1_464' title='bbox 1742 5426 1821 5487; x_wconf 92' lang='grc' dir='ltr'>εἰς</span> <span class='ocrx_word' id='word_1_465' title='bbox 1853 5426 2015 5496; x_wconf 84' lang='grc' dir='ltr'>μέσον</span> 
     </span>
    </p>
   </div>
   <div class='ocr_carea' id='block_1_61' title="bbox 453 5497 2019 5576">
    <p class='ocr_par' dir='ltr' id='par_1_61' title="bbox 453 5497 2019 5576">
     <span class='ocr_line' id='line_1_61' title="bbox 453 5497 2019 5576; baseline 0.006 -25"><span class='ocrx_word' id='word_1_466' title='bbox 453 5497 749 5576; x_wconf 75' lang='grc' dir='ltr'>ἀγαγόντες</span> <span class='ocrx_word' id='word_1_467' title='bbox 786 5500 1160 5571; x_wconf 81' lang='grc' dir='ltr'>ἀποδύσωμεν,</span> <span class='ocrx_word' id='word_1_468' title='bbox 1186 5501 1279 5555; x_wconf 75' lang='grc' dir='ltr'>καὶ</span> <span class='ocrx_word' id='word_1_469' title='bbox 1291 5500 1550 5572; x_wconf 76' lang='grc' dir='ltr'>δείξωμεν</span> <span class='ocrx_word' id='word_1_470' title='bbox 1581 5504 1706 5572; x_wconf 88' lang='grc' dir='ltr'>ὑμῖν</span> <span class='ocrx_word' id='word_1_471' title='bbox 1727 5500 1836 5570; x_wconf 76' lang='grc' dir='ltr'>οἶος</span> <span class='ocrx_word' id='word_1_472' title='bbox 1870 5508 2019 5576; x_wconf 77' lang='grc' dir='ltr'>φιλόο</span> 
     </span>
    </p>
   </div>
   <div class='ocr_carea' id='block_1_62' title="bbox 458 5575 2006 5662">
    <p class='ocr_par' dir='ltr' id='par_1_62' title="bbox 458 5575 2006 5662">
     <span class='ocr_line' id='line_1_62' title="bbox 458 5575 2006 5662; baseline 0.01 -30"><span class='ocrx_word' id='word_1_473' title='bbox 458 5575 715 5649; x_wconf 86' lang='grc' dir='ltr'>σοφοςῆν.</span> <span class='ocrx_word' id='word_1_474' title='bbox 734 5582 898 5635; x_wconf 76' lang='grc' dir='ltr'>Οὐδὲν</span> <span class='ocrx_word' id='word_1_475' title='bbox 912 5586 1097 5653; x_wconf 77' lang='grc' dir='ltr'>ἡγεῖτο</span> <span class='ocrx_word' id='word_1_476' title='bbox 1116 5585 1348 5656; x_wconf 82' lang='grc' dir='ltr'>πατρίδα</span> <span class='ocrx_word' id='word_1_477' title='bbox 1374 5589 1605 5657; x_wconf 84' lang='grc' dir='ltr'>πρῶτον·</span> <span class='ocrx_word' id='word_1_478' title='bbox 1618 5588 1861 5655; x_wconf 78' lang='grc' dir='ltr'>Ἔξελθε</span> <span class='ocrx_word' id='word_1_479' title='bbox 1876 5575 2006 5662; x_wconf 76' lang='grc' dir='ltr'>γὰρ,</span> 
     </span>
    </p>
   </div>
   <div class='ocr_carea' id='block_1_63' title="bbox 456 5671 2020 5748">
    <p class='ocr_par' dir='ltr' id='par_1_63' title="bbox 456 5671 2020 5748">
     <span class='ocr_line' id='line_1_63' title="bbox 456 5671 2020 5748; baseline 0.008 -25"><span class='ocrx_word' id='word_1_480' title='bbox 456 5671 706 5741; x_wconf 76' lang='grc' dir='ltr'>ἧκουσεν,</span> <span class='ocrx_word' id='word_1_481' title='bbox 743 5673 809 5726; x_wconf 78' lang='grc' dir='ltr'>ἐκ</span> <span class='ocrx_word' id='word_1_482' title='bbox 844 5673 952 5741; x_wconf 78' lang='grc' dir='ltr'>τῆς</span> <span class='ocrx_word' id='word_1_483' title='bbox 973 5674 1083 5743; x_wconf 74' lang='grc' dir='ltr'>γῆς</span> <span class='ocrx_word' id='word_1_484' title='bbox 1116 5691 1251 5739; x_wconf 77' lang='grc' dir='ltr'>σου,</span> <span class='ocrx_word' id='word_1_485' title='bbox 1294 5675 1392 5730; x_wconf 79' lang='grc' dir='ltr'>καί</span> <span class='ocrx_word' id='word_1_486' title='bbox 1433 5676 1500 5730; x_wconf 85' lang='grc' dir='ltr'>ἐκ</span> <span class='ocrx_word' id='word_1_487' title='bbox 1528 5676 1638 5745; x_wconf 82' lang='grc' dir='ltr'>τῆς</span> <span class='ocrx_word' id='word_1_488' title='bbox 1668 5682 2020 5748; x_wconf 73' lang='grc' dir='ltr'>συγγενείας</span> 
     </span>
    </p>
   </div>
   <div class='ocr_carea' id='block_1_64' title="bbox 459 5757 2020 5833">
    <p class='ocr_par' dir='ltr' id='par_1_64' title="bbox 459 5757 2020 5833">
     <span class='ocr_line' id='line_1_64' title="bbox 459 5757 2020 5833; baseline 0.003 -24"><span class='ocrx_word' id='word_1_489' title='bbox 459 5770 595 5810; x_wconf 82' lang='grc' dir='ltr'>σου·</span> <span class='ocrx_word' id='word_1_490' title='bbox 650 5757 740 5810; x_wconf 68' lang='grc' dir='ltr'>καλ⁸</span> <span class='ocrx_word' id='word_1_491' title='bbox 768 5757 966 5819; x_wconf 76' lang='grc' dir='ltr'>εὐθέως</span> <span class='ocrx_word' id='word_1_492' title='bbox 1008 5757 1249 5825; x_wconf 80' lang='grc' dir='ltr'>ἐξῆλθεν.</span> <span class='ocrx_word' id='word_1_493' title='bbox 1292 5759 1367 5810; x_wconf 80' lang='grc' dir='ltr'>Οὑ</span> <span class='ocrx_word' id='word_1_494' title='bbox 1397 5758 1741 5828; x_wconf 81' lang='grc' dir='ltr'>προσεδέδετο</span> <span class='ocrx_word' id='word_1_495' title='bbox 1787 5759 2020 5833; x_wconf 65' lang='grc' dir='ltr'>οἰκίᾳ-ἧ</span> 
     </span>
    </p>
   </div>
   <div class='ocr_carea' id='block_1_65' title="bbox 1086 366 2947 432">
    <p class='ocr_par' dir='ltr' id='par_1_65' title="bbox 1086 366 2947 432">
     <span class='ocr_line' id='line_1_65' title="bbox 1086 366 2947 432; baseline -0.003 1"><span class='ocrx_word' id='word_1_496' title='bbox 1086 376 1147 432; x_wconf 82' lang='lat' dir='ltr'>S.</span> <span class='ocrx_word' id='word_1_497' title='bbox 1188 374 1470 432; x_wconf 76' lang='lat' dir='ltr'>JOANNIS</span> <span class='ocrx_word' id='word_1_498' title='bbox 1508 366 1997 427; x_wconf 70' lang='lat' dir='ltr'>CHRYSOSTOMI</span> <span class='ocrx_word' id='word_1_499' title='bbox 2037 366 2357 427; x_wconf 75' lang='lat' dir='ltr'>ARCHIEP.</span> <span class='ocrx_word' id='word_1_500' title='bbox 2398 370 2947 428; x_wconf 57' lang='lat' dir='ltr'>CONSTAIV’I‘INOP.</span> 
     </span>
    </p>
   </div>
   <div class='ocr_carea' id='block_1_66' title="bbox 3538 374 3635 429">
    <p class='ocr_par' dir='ltr' id='par_1_66' title="bbox 3538 374 3635 429">
     <span class='ocr_line' id='line_1_66' title="bbox 3538 374 3635 429; baseline 0.021 -2"><span class='ocrx_word' id='word_1_501' title='bbox 3538 374 3635 429; x_wconf 70' lang='lat'>15!</span> 
     </span>
    </p>
   </div>
   <div class='ocr_carea' id='block_1_67' title="bbox 2073 484 3642 557">
    <p class='ocr_par' dir='ltr' id='par_1_67' title="bbox 2073 484 3642 557">
     <span class='ocr_line' id='line_1_67' title="bbox 2073 484 3642 557; baseline 0.002 -24"><span class='ocrx_word' id='word_1_502' title='bbox 2073 484 2177 551; x_wconf 75' lang='grc' dir='ltr'>γὰρ</span> <span class='ocrx_word' id='word_1_503' title='bbox 2210 485 2275 538; x_wconf 75' lang='grc' dir='ltr'>ἂν</span> <span class='ocrx_word' id='word_1_504' title='bbox 2305 486 2404 539; x_wconf 82' lang='grc' dir='ltr'>οὐκ</span> <span class='ocrx_word' id='word_1_505' title='bbox 2435 486 2676 555; x_wconf 79' lang='grc' dir='ltr'>ἐξῆλθεν·</span> <span class='ocrx_word' id='word_1_506' title='bbox 2728 486 2788 539; x_wconf 82' lang='grc' dir='ltr'>οὑ</span> <span class='ocrx_word' id='word_1_507' title='bbox 2818 485 3104 556; x_wconf 87' lang='grc' dir='ltr'>συνηθείας</span> <span class='ocrx_word' id='word_1_508' title='bbox 3133 484 3301 557; x_wconf 79' lang='grc' dir='ltr'>φιλίᾳ,</span> <span class='ocrx_word' id='word_1_509' title='bbox 3358 486 3460 539; x_wconf 82' lang='grc' dir='ltr'>οὐκ</span> <span class='ocrx_word' id='word_1_510' title='bbox 3500 486 3642 553; x_wconf 72' lang='grc' dir='ltr'>ἀλὶῳ</span> 
     </span>
    </p>
   </div>
   <div class='ocr_carea' id='block_1_68' title="bbox 2069 565 3645 639">
    <p class='ocr_par' dir='ltr' id='par_1_68' title="bbox 2069 565 3645 639">
     <span class='ocr_line' id='line_1_68' title="bbox 2069 565 3645 639; baseline 0.002 -22"><span class='ocrx_word' id='word_1_511' title='bbox 2069 566 2263 621; x_wconf 83' lang='grc' dir='ltr'>οὐδενί.</span> <span class='ocrx_word' id='word_1_512' title='bbox 2301 565 2431 621; x_wconf 80' lang='grc' dir='ltr'>Εἶτα</span> <span class='ocrx_word' id='word_1_513' title='bbox 2458 569 2615 637; x_wconf 79' lang='grc' dir='ltr'>δόξης</span> <span class='ocrx_word' id='word_1_514' title='bbox 2652 569 2885 639; x_wconf 88' lang='grc' dir='ltr'>μάλιστα</span> <span class='ocrx_word' id='word_1_515' title='bbox 2907 570 3120 622; x_wconf 82' lang='grc' dir='ltr'>πάντων</span> <span class='ocrx_word' id='word_1_516' title='bbox 3145 569 3351 631; x_wconf 87' lang='grc' dir='ltr'>ἐκεῖνος</span> <span class='ocrx_word' id='word_1_517' title='bbox 3381 569 3645 639; x_wconf 67' lang='grc' dir='ltr'>κατεφρόρ</span> 
     </span>
    </p>
   </div>
   <div class='ocr_carea' id='block_1_69' title="bbox 2069 650 3638 721">
    <p class='ocr_par' dir='ltr' id='par_1_69' title="bbox 2069 650 3638 721">
     <span class='ocr_line' id='line_1_69' title="bbox 2069 650 3638 721; baseline 0.001 -22"><span class='ocrx_word' id='word_1_518' title='bbox 2069 664 2202 717; x_wconf 89' lang='grc' dir='ltr'>νησε</span> <span class='ocrx_word' id='word_1_519' title='bbox 2236 650 2329 702; x_wconf 76' lang='grc' dir='ltr'>καὶ</span> <span class='ocrx_word' id='word_1_520' title='bbox 2345 651 2661 721; x_wconf 87' lang='grc' dir='ltr'>χρημάτων·</span> <span class='ocrx_word' id='word_1_521' title='bbox 2694 651 2788 703; x_wconf 78' lang='grc' dir='ltr'>καὶ</span> <span class='ocrx_word' id='word_1_522' title='bbox 2817 650 2924 721; x_wconf 82' lang='grc' dir='ltr'>γάρ</span> <span class='ocrx_word' id='word_1_523' title='bbox 2952 650 3185 718; x_wconf 84' lang='grc' dir='ltr'>πόλεμον</span> <span class='ocrx_word' id='word_1_524' title='bbox 3200 650 3638 719; x_wconf 83' lang='grc' dir='ltr'>τροπωσάμενος,</span> 
     </span>
    </p>
   </div>
   <div class='ocr_carea' id='block_1_70' title="bbox 2070 738 3646 812">
    <p class='ocr_par' dir='ltr' id='par_1_70' title="bbox 2070 738 3646 812">
     <span class='ocr_line' id='line_1_70' title="bbox 2070 738 3646 812; baseline -0.001 -18"><span class='ocrx_word' id='word_1_525' title='bbox 2070 740 2168 794; x_wconf 77' lang='grc' dir='ltr'>καὶ</span> <span class='ocrx_word' id='word_1_526' title='bbox 2193 741 2408 812; x_wconf 87' lang='grc' dir='ltr'>λάφυρα</span> <span class='ocrx_word' id='word_1_527' title='bbox 2439 741 2756 811; x_wconf 80' lang='grc' dir='ltr'>ἀξιούμενος</span> <span class='ocrx_word' id='word_1_528' title='bbox 2784 742 2992 805; x_wconf 82' lang='grc' dir='ltr'>λαϐεῖν,</span> <span class='ocrx_word' id='word_1_529' title='bbox 3043 740 3403 795; x_wconf 84' lang='grc' dir='ltr'>κατέπτυσεν.</span> <span class='ocrx_word' id='word_1_530' title='bbox 3447 738 3588 792; x_wconf 80' lang='grc' dir='ltr'>Ἀλλ’</span> <span class='ocrx_word' id='word_1_531' title='bbox 3616 741 3646 793; x_wconf 89' lang='lat'>6</span> 
     </span>
    </p>
   </div>
   <div class='ocr_carea' id='block_1_71' title="bbox 2072 819 3643 896">
    <p class='ocr_par' dir='ltr' id='par_1_71' title="bbox 2072 819 3643 896">
     <span class='ocr_line' id='line_1_71' title="bbox 2072 819 3643 896; baseline -0.001 -20"><span class='ocrx_word' id='word_1_532' title='bbox 2072 826 2198 886; x_wconf 86' lang='grc' dir='ltr'>παῖς</span> <span class='ocrx_word' id='word_1_533' title='bbox 2217 826 2246 877; x_wconf 91' lang='lat'>6</span> <span class='ocrx_word' id='word_1_534' title='bbox 2270 824 2481 889; x_wconf 89' lang='grc' dir='ltr'>τούτου,</span> <span class='ocrx_word' id='word_1_535' title='bbox 2513 826 2575 878; x_wconf 86' lang='grc' dir='ltr'>ού</span> <span class='ocrx_word' id='word_1_536' title='bbox 2598 825 2683 879; x_wconf 81' lang='grc' dir='ltr'>διὰ</span> <span class='ocrx_word' id='word_1_537' title='bbox 2719 825 2788 878; x_wconf 81' lang='grc' dir='ltr'>τά</span> <span class='ocrx_word' id='word_1_538' title='bbox 2807 826 3063 896; x_wconf 84' lang='grc' dir='ltr'>χρήματα</span> <span class='ocrx_word' id='word_1_539' title='bbox 3094 819 3256 877; x_wconf 81' lang='grc' dir='ltr'>πάλιν</span> <span class='ocrx_word' id='word_1_540' title='bbox 3286 819 3643 889; x_wconf 77' lang='grc' dir='ltr'>ἐθαυμάζετο,</span> 
     </span>
    </p>
   </div>
   <div class='ocr_carea' id='block_1_72' title="bbox 2069 902 3646 977">
    <p class='ocr_par' dir='ltr' id='par_1_72' title="bbox 2069 902 3646 977">
     <span class='ocr_line' id='line_1_72' title="bbox 2069 902 3646 977; baseline -0.003 -18"><span class='ocrx_word' id='word_1_541' title='bbox 2069 905 2208 959; x_wconf 82' lang='grc' dir='ltr'>ἀλλά</span> <span class='ocrx_word' id='word_1_542' title='bbox 2240 907 2326 959; x_wconf 87' lang='grc' dir='ltr'>διά</span> <span class='ocrx_word' id='word_1_543' title='bbox 2347 906 2445 977; x_wconf 83' lang='grc' dir='ltr'>τὴν</span> <span class='ocrx_word' id='word_1_544' title='bbox 2475 906 2799 976; x_wconf 82' lang='grc' dir='ltr'>φιλοξενίαν,</span> <span class='ocrx_word' id='word_1_545' title='bbox 2829 907 2891 960; x_wconf 88' lang='grc' dir='ltr'>ού</span> <span class='ocrx_word' id='word_1_546' title='bbox 2916 906 3004 959; x_wconf 82' lang='grc' dir='ltr'>διὰ</span> <span class='ocrx_word' id='word_1_547' title='bbox 3036 905 3107 959; x_wconf 76' lang='grc' dir='ltr'>τὰ</span> <span class='ocrx_word' id='word_1_548' title='bbox 3134 904 3343 967; x_wconf 88' lang='grc' dir='ltr'>παιδία,</span> <span class='ocrx_word' id='word_1_549' title='bbox 3368 903 3504 957; x_wconf 86' lang='grc' dir='ltr'>ἀλλά</span> <span class='ocrx_word' id='word_1_550' title='bbox 3558 902 3646 955; x_wconf 64' lang='grc' dir='ltr'>διὰ</span> 
     </span>
    </p>
   </div>
   <div class='ocr_carea' id='block_1_73' title="bbox 2072 985 3647 1061">
    <p class='ocr_par' dir='ltr' id='par_1_73' title="bbox 2072 985 3647 1061">
     <span class='ocr_line' id='line_1_73' title="bbox 2072 985 3647 1061; baseline -0.002 -22"><span class='ocrx_word' id='word_1_551' title='bbox 2072 988 2174 1059; x_wconf 75' lang='grc' dir='ltr'>τὴν</span> <span class='ocrx_word' id='word_1_552' title='bbox 2205 989 2472 1060; x_wconf 84' lang='grc' dir='ltr'>ὑπακοὴν,</span> <span class='ocrx_word' id='word_1_553' title='bbox 2495 990 2556 1042; x_wconf 87' lang='grc' dir='ltr'>οὑ</span> <span class='ocrx_word' id='word_1_554' title='bbox 2577 989 2666 1043; x_wconf 81' lang='grc' dir='ltr'>διὰ</span> <span class='ocrx_word' id='word_1_555' title='bbox 2683 989 2782 1061; x_wconf 85' lang='grc' dir='ltr'>τὴν</span> <span class='ocrx_word' id='word_1_556' title='bbox 2808 991 3061 1057; x_wconf 88' lang='grc' dir='ltr'>γυναῖκα,</span> <span class='ocrx_word' id='word_1_557' title='bbox 3093 987 3231 1042; x_wconf 87' lang='grc' dir='ltr'>ἀλλά</span> <span class='ocrx_word' id='word_1_558' title='bbox 3260 987 3351 1040; x_wconf 81' lang='grc' dir='ltr'>διὰ</span> <span class='ocrx_word' id='word_1_559' title='bbox 3380 986 3476 1056; x_wconf 70' lang='grc' dir='ltr'>τὴν</span> <span class='ocrx_word' id='word_1_560' title='bbox 3505 985 3647 1039; x_wconf 78' lang='grc' dir='ltr'>στεί-</span> 
     </span>
    </p>
   </div>
   <div class='ocr_carea' id='block_1_74' title="bbox 2072 1066 3647 1145">
    <p class='ocr_par' dir='ltr' id='par_1_74' title="bbox 2072 1066 3647 1145">
     <span class='ocr_line' id='line_1_74' title="bbox 2072 1066 3647 1145; baseline -0.005 -19"><span class='ocrx_word' id='word_1_561' title='bbox 2072 1084 2242 1145; x_wconf 69' lang='grc' dir='ltr'>ρωσιν</span> <span class='ocrx_word' id='word_1_562' title='bbox 2290 1071 2389 1141; x_wconf 85' lang='grc' dir='ltr'>τὴν</span> <span class='ocrx_word' id='word_1_563' title='bbox 2433 1073 2527 1125; x_wconf 73' lang='grc' dir='ltr'>ἐπὶ</span> <span class='ocrx_word' id='word_1_564' title='bbox 2583 1075 2649 1142; x_wconf 83' lang='grc' dir='ltr'>τῇ</span> <span class='ocrx_word' id='word_1_565' title='bbox 2702 1072 2945 1141; x_wconf 89' lang='grc' dir='ltr'>γυναικί.</span> <span class='ocrx_word' id='word_1_566' title='bbox 2999 1071 3163 1125; x_wconf 77' lang='grc' dir='ltr'>Οὐδὲν</span> <span class='ocrx_word' id='word_1_567' title='bbox 3206 1070 3305 1140; x_wconf 81' lang='grc' dir='ltr'>τὴν</span> <span class='ocrx_word' id='word_1_568' title='bbox 3368 1066 3647 1139; x_wconf 86' lang='grc' dir='ltr'>παροῦσαν</span> 
     </span>
    </p>
   </div>
   <div class='ocr_carea' id='block_1_75' title="bbox 2074 1149 3647 1225">
    <p class='ocr_par' dir='ltr' id='par_1_75' title="bbox 2074 1149 3647 1225">
     <span class='ocr_line' id='line_1_75' title="bbox 2074 1149 3647 1225; baseline -0.001 -21"><span class='ocrx_word' id='word_1_569' title='bbox 2074 1151 2300 1221; x_wconf 82' lang='grc' dir='ltr'>ἡγοῦντο</span> <span class='ocrx_word' id='word_1_570' title='bbox 2326 1152 2493 1224; x_wconf 79' lang='grc' dir='ltr'>ζωὴν,</span> <span class='ocrx_word' id='word_1_571' title='bbox 2517 1154 2617 1207; x_wconf 84' lang='grc' dir='ltr'>οὑκ</span> <span class='ocrx_word' id='word_1_572' title='bbox 2649 1153 3095 1225; x_wconf 78' lang='grc' dir='ltr'>ἐχρηματίζοντο,</span> <span class='ocrx_word' id='word_1_573' title='bbox 3123 1149 3451 1222; x_wconf 82' lang='grc' dir='ltr'>ὑπερεώρων</span> <span class='ocrx_word' id='word_1_574' title='bbox 3472 1150 3647 1204; x_wconf 78' lang='grc' dir='ltr'>ἀπάν-</span> 
     </span>
    </p>
   </div>
   <div class='ocr_carea' id='block_1_76' title="bbox 2074 1234 3646 1308">
    <p class='ocr_par' dir='ltr' id='par_1_76' title="bbox 2074 1234 3646 1308">
     <span class='ocr_line' id='line_1_76' title="bbox 2074 1234 3646 1308; baseline -0.002 -21"><span class='ocrx_word' id='word_1_575' title='bbox 2074 1251 2203 1290; x_wconf 91' lang='grc' dir='ltr'>των.</span> <span class='ocrx_word' id='word_1_576' title='bbox 2229 1237 2364 1290; x_wconf 83' lang='grc' dir='ltr'>Εἰπέ</span> <span class='ocrx_word' id='word_1_577' title='bbox 2388 1237 2497 1307; x_wconf 87' lang='grc' dir='ltr'>γάρ</span> <span class='ocrx_word' id='word_1_578' title='bbox 2529 1254 2639 1308; x_wconf 91' lang='grc' dir='ltr'>μοι,</span> <span class='ocrx_word' id='word_1_579' title='bbox 2694 1240 2824 1291; x_wconf 89' lang='grc' dir='ltr'>ποῖα</span> <span class='ocrx_word' id='word_1_580' title='bbox 2849 1237 2958 1290; x_wconf 89' lang='grc' dir='ltr'>τῶν</span> <span class='ocrx_word' id='word_1_581' title='bbox 2992 1236 3173 1307; x_wconf 89' lang='grc' dir='ltr'>φυτῶν</span> <span class='ocrx_word' id='word_1_582' title='bbox 3208 1238 3354 1289; x_wconf 87' lang='grc' dir='ltr'>ἐστιν</span> <span class='ocrx_word' id='word_1_583' title='bbox 3405 1234 3646 1303; x_wconf 83' lang='grc' dir='ltr'>ἀριστα;</span> 
     </span>
    </p>
   </div>
   <div class='ocr_carea' id='block_1_77' title="bbox 2075 1313 3648 1392">
    <p class='ocr_par' dir='ltr' id='par_1_77' title="bbox 2075 1313 3648 1392">
     <span class='ocr_line' id='line_1_77' title="bbox 2075 1313 3648 1392; baseline 0.001 -21"><span class='ocrx_word' id='word_1_584' title='bbox 2075 1317 2174 1387; x_wconf 72' lang='grc' dir='ltr'>οὐχ</span> <span class='ocrx_word' id='word_1_585' title='bbox 2201 1317 2303 1371; x_wconf 84' lang='grc' dir='ltr'>ἀπε</span> <span class='ocrx_word' id='word_1_586' title='bbox 2312 1338 2344 1389; x_wconf 95' lang='grc' dir='ltr'>ρ</span> <span class='ocrx_word' id='word_1_587' title='bbox 2365 1319 2430 1373; x_wconf 77' lang='grc' dir='ltr'>ἂν</span> <span class='ocrx_word' id='word_1_588' title='bbox 2449 1318 2661 1372; x_wconf 75' lang='grc' dir='ltr'>οἴκοθεν</span> <span class='ocrx_word' id='word_1_589' title='bbox 2682 1318 2781 1392; x_wconf 80' lang='grc' dir='ltr'>έχῃ</span> <span class='ocrx_word' id='word_1_590' title='bbox 2796 1319 2894 1390; x_wconf 84' lang='grc' dir='ltr'>τὴν</span> <span class='ocrx_word' id='word_1_591' title='bbox 2920 1319 3092 1389; x_wconf 81' lang='grc' dir='ltr'>ἰσχὺν,</span> <span class='ocrx_word' id='word_1_592' title='bbox 3114 1317 3213 1372; x_wconf 74' lang='grc' dir='ltr'>καὶ</span> <span class='ocrx_word' id='word_1_593' title='bbox 3237 1318 3374 1388; x_wconf 83' lang='grc' dir='ltr'>μήτε</span> <span class='ocrx_word' id='word_1_594' title='bbox 3399 1313 3648 1385; x_wconf 71' lang='grc' dir='ltr'>δμϐροις.</span> 
     </span>
    </p>
   </div>
   <div class='ocr_carea' id='block_1_78' title="bbox 2080 1395 3652 1472">
    <p class='ocr_par' dir='ltr' id='par_1_78' title="bbox 2080 1395 3652 1472">
     <span class='ocr_line' id='line_1_78' title="bbox 2080 1395 3652 1472; baseline -0.003 -20"><span class='ocrx_word' id='word_1_595' title='bbox 2080 1401 2218 1472; x_wconf 84' lang='grc' dir='ltr'>μήτε</span> <span class='ocrx_word' id='word_1_596' title='bbox 2244 1400 2526 1470; x_wconf 78' lang='grc' dir='ltr'>χαλάζαις,</span> <span class='ocrx_word' id='word_1_597' title='bbox 2561 1401 2698 1471; x_wconf 78' lang='grc' dir='ltr'>μήτε</span> <span class='ocrx_word' id='word_1_598' title='bbox 2731 1401 2945 1472; x_wconf 89' lang='grc' dir='ltr'>ἀνέμων</span> <span class='ocrx_word' id='word_1_599' title='bbox 2965 1400 3183 1471; x_wconf 74' lang='grc' dir='ltr'>ῥύμαις,</span> <span class='ocrx_word' id='word_1_600' title='bbox 3222 1400 3357 1470; x_wconf 84' lang='grc' dir='ltr'>μήτε</span> <span class='ocrx_word' id='word_1_601' title='bbox 3384 1396 3517 1467; x_wconf 77' lang='grc' dir='ltr'>ἄλλη</span> <span class='ocrx_word' id='word_1_602' title='bbox 3543 1395 3652 1449; x_wconf 76' lang='grc' dir='ltr'>τινὶ</span> 
     </span>
    </p>
   </div>
   <div class='ocr_carea' id='block_1_79' title="bbox 2078 1479 3651 1557">
    <p class='ocr_par' dir='ltr' id='par_1_79' title="bbox 2078 1479 3651 1557">
     <span class='ocr_line' id='line_1_79' title="bbox 2078 1479 3651 1557; baseline -0.003 -21"><span class='ocrx_word' id='word_1_603' title='bbox 2078 1481 2304 1557; x_wconf 80' lang='grc' dir='ltr'>τοιαύτῃ</span> <span class='ocrx_word' id='word_1_604' title='bbox 2344 1483 2630 1555; x_wconf 76' lang='grc' dir='ltr'>ἀνωμαλίᾳ</span> <span class='ocrx_word' id='word_1_605' title='bbox 2676 1483 2996 1555; x_wconf 86' lang='grc' dir='ltr'>βλάπτηται,</span> <span class='ocrx_word' id='word_1_606' title='bbox 3030 1483 3166 1537; x_wconf 84' lang='grc' dir='ltr'>ἀλλά</span> <span class='ocrx_word' id='word_1_607' title='bbox 3217 1479 3401 1551; x_wconf 84' lang='grc' dir='ltr'>γυμνά</span> <span class='ocrx_word' id='word_1_608' title='bbox 3451 1481 3651 1549; x_wconf 72' lang='grc' dir='ltr'>ἔστηκε</span> 
     </span>
    </p>
   </div>
   <div class='ocr_carea' id='block_1_80' title="bbox 2080 1565 3655 1637">
    <p class='ocr_par' dir='ltr' id='par_1_80' title="bbox 2080 1565 3655 1637">
     <span class='ocr_line' id='line_1_80' title="bbox 2080 1565 3655 1637; baseline -0.002 -19"><span class='ocrx_word' id='word_1_609' title='bbox 2080 1567 2298 1620; x_wconf 87' lang='grc' dir='ltr'>πάντων</span> <span class='ocrx_word' id='word_1_610' title='bbox 2318 1568 2779 1637; x_wconf 80' lang='grc' dir='ltr'>καταφρονοῦντα,</span> <span class='ocrx_word' id='word_1_611' title='bbox 2814 1569 2949 1637; x_wconf 84' lang='grc' dir='ltr'>μήτε</span> <span class='ocrx_word' id='word_1_612' title='bbox 2975 1566 3259 1637; x_wconf 87' lang='grc' dir='ltr'>θριγκίων,</span> <span class='ocrx_word' id='word_1_613' title='bbox 3294 1565 3431 1635; x_wconf 80' lang='grc' dir='ltr'>μήτε</span> <span class='ocrx_word' id='word_1_614' title='bbox 3474 1578 3655 1633; x_wconf 79' lang='grc' dir='ltr'>φραγ-</span> 
     </span>
    </p>
   </div>
   <div class='ocr_carea' id='block_1_81' title="bbox 2084 1644 3657 1721">
    <p class='ocr_par' dir='ltr' id='par_1_81' title="bbox 2084 1644 3657 1721">
     <span class='ocr_line' id='line_1_81' title="bbox 2084 1644 3657 1721; baseline -0.003 -20"><span class='ocrx_word' id='word_1_615' title='bbox 2084 1650 2199 1720; x_wconf 88' lang='grc' dir='ltr'>μῶν</span> <span class='ocrx_word' id='word_1_616' title='bbox 2231 1649 2494 1721; x_wconf 82' lang='grc' dir='ltr'>δεόμενα;</span> <span class='ocrx_word' id='word_1_617' title='bbox 2530 1650 2780 1715; x_wconf 89' lang='grc' dir='ltr'>Τοιοῦτος</span> <span class='ocrx_word' id='word_1_618' title='bbox 2824 1654 2852 1706; x_wconf 91' lang='lat'>6</span> <span class='ocrx_word' id='word_1_619' title='bbox 2896 1650 3185 1719; x_wconf 85' lang='grc' dir='ltr'>φιλόσοφός</span> <span class='ocrx_word' id='word_1_620' title='bbox 3216 1649 3355 1709; x_wconf 80' lang='grc' dir='ltr'>ἐστι,</span> <span class='ocrx_word' id='word_1_621' title='bbox 3413 1644 3657 1706; x_wconf 83' lang='grc' dir='ltr'>τοιοῦτος</span> 
     </span>
    </p>
   </div>
   <div class='ocr_carea' id='block_1_82' title="bbox 2079 1729 3657 1804">
    <p class='ocr_par' dir='ltr' id='par_1_82' title="bbox 2079 1729 3657 1804">
     <span class='ocr_line' id='line_1_82' title="bbox 2079 1729 3657 1804; baseline -0.004 -18"><span class='ocrx_word' id='word_1_622' title='bbox 2079 1734 2108 1786; x_wconf 97' lang='lat'>6</span> <span class='ocrx_word' id='word_1_623' title='bbox 2130 1732 2355 1797; x_wconf 81' lang='grc' dir='ltr'>πλοῦτος</span> <span class='ocrx_word' id='word_1_624' title='bbox 2396 1734 2620 1797; x_wconf 86' lang='grc' dir='ltr'>ἐκεῖνος·</span> <span class='ocrx_word' id='word_1_625' title='bbox 2645 1733 2796 1787; x_wconf 76' lang='grc' dir='ltr'>οὐδὲν</span> <span class='ocrx_word' id='word_1_626' title='bbox 2828 1733 2962 1804; x_wconf 75' lang='grc' dir='ltr'>ἔχει,</span> <span class='ocrx_word' id='word_1_627' title='bbox 2991 1734 3085 1786; x_wconf 76' lang='grc' dir='ltr'>καὶ</span> <span class='ocrx_word' id='word_1_628' title='bbox 3110 1734 3284 1786; x_wconf 88' lang='grc' dir='ltr'>πάντα</span> <span class='ocrx_word' id='word_1_629' title='bbox 3311 1730 3442 1799; x_wconf 80' lang='grc' dir='ltr'>ἔχει·</span> <span class='ocrx_word' id='word_1_630' title='bbox 3477 1729 3657 1781; x_wconf 84' lang='grc' dir='ltr'>πάντα</span> 
     </span>
    </p>
   </div>
   <div class='ocr_carea' id='block_1_83' title="bbox 2083 1810 3655 1886">
    <p class='ocr_par' dir='ltr' id='par_1_83' title="bbox 2083 1810 3655 1886">
     <span class='ocr_line' id='line_1_83' title="bbox 2083 1810 3655 1886; baseline -0.003 -19"><span class='ocrx_word' id='word_1_631' title='bbox 2083 1814 2215 1886; x_wconf 75' lang='grc' dir='ltr'>ἔχει,</span> <span class='ocrx_word' id='word_1_632' title='bbox 2259 1815 2354 1868; x_wconf 75' lang='grc' dir='ltr'>καὶ</span> <span class='ocrx_word' id='word_1_633' title='bbox 2376 1815 2528 1869; x_wconf 75' lang='grc' dir='ltr'>οὐδὲν</span> <span class='ocrx_word' id='word_1_634' title='bbox 2560 1815 2694 1885; x_wconf 81' lang='grc' dir='ltr'>ἔχει.</span> <span class='ocrx_word' id='word_1_635' title='bbox 2723 1815 2781 1870; x_wconf 84' lang='lat'>&#39;0</span> <span class='ocrx_word' id='word_1_636' title='bbox 2831 1814 2940 1886; x_wconf 89' lang='grc' dir='ltr'>γὰρ</span> <span class='ocrx_word' id='word_1_637' title='bbox 2968 1816 3142 1885; x_wconf 79' lang='grc' dir='ltr'>τοῖχος</span> <span class='ocrx_word' id='word_1_638' title='bbox 3165 1814 3265 1866; x_wconf 89' lang='grc' dir='ltr'>οὑκ</span> <span class='ocrx_word' id='word_1_639' title='bbox 3318 1811 3485 1875; x_wconf 79' lang='grc' dir='ltr'>ἔνδον,</span> <span class='ocrx_word' id='word_1_640' title='bbox 3538 1810 3655 1864; x_wconf 83' lang='grc' dir='ltr'>ἀλλ’</span> 
     </span>
    </p>
   </div>
   <div class='ocr_carea' id='block_1_84' title="bbox 2083 1893 3660 1971">
    <p class='ocr_par' dir='ltr' id='par_1_84' title="bbox 2083 1893 3660 1971">
     <span class='ocr_line' id='line_1_84' title="bbox 2083 1893 3660 1971; baseline -0.004 -20"><span class='ocrx_word' id='word_1_641' title='bbox 2083 1898 2282 1963; x_wconf 74' lang='grc' dir='ltr'>ἔξωθέν</span> <span class='ocrx_word' id='word_1_642' title='bbox 2304 1900 2471 1961; x_wconf 88' lang='grc' dir='ltr'>ἐστιν,</span> <span class='ocrx_word' id='word_1_643' title='bbox 2527 1900 2556 1951; x_wconf 93' lang='lat'>6</span> <span class='ocrx_word' id='word_1_644' title='bbox 2615 1899 2839 1971; x_wconf 79' lang='grc' dir='ltr'>θριγκὸς</span> <span class='ocrx_word' id='word_1_645' title='bbox 2864 1900 2924 1952; x_wconf 86' lang='grc' dir='ltr'>οὺ</span> <span class='ocrx_word' id='word_1_646' title='bbox 2974 1898 3071 1967; x_wconf 84' lang='grc' dir='ltr'>τῆς</span> <span class='ocrx_word' id='word_1_647' title='bbox 3097 1895 3310 1967; x_wconf 84' lang='grc' dir='ltr'>φύσεώς</span> <span class='ocrx_word' id='word_1_648' title='bbox 3342 1896 3509 1957; x_wconf 83' lang='grc' dir='ltr'>ἐστιν,</span> <span class='ocrx_word' id='word_1_649' title='bbox 3542 1893 3660 1946; x_wconf 82' lang='grc' dir='ltr'>ἀλλ’</span> 
     </span>
    </p>
   </div>
   <div class='ocr_carea' id='block_1_85' title="bbox 2084 1977 3660 2053">
    <p class='ocr_par' dir='ltr' id='par_1_85' title="bbox 2084 1977 3660 2053">
     <span class='ocr_line' id='line_1_85' title="bbox 2084 1977 3660 2053; baseline -0.003 -19"><span class='ocrx_word' id='word_1_650' title='bbox 2084 1980 2283 2046; x_wconf 77' lang='grc' dir='ltr'>ἔξωθεν</span> <span class='ocrx_word' id='word_1_651' title='bbox 2305 1982 2777 2053; x_wconf 88' lang='grc' dir='ltr'>περιϐαλλόμενος.</span> <span class='ocrx_word' id='word_1_652' title='bbox 2804 1982 2868 2034; x_wconf 90' lang='grc' dir='ltr'>Τί</span> <span class='ocrx_word' id='word_1_653' title='bbox 2894 1981 2973 2043; x_wconf 87' lang='grc' dir='ltr'>δέ,</span> <span class='ocrx_word' id='word_1_654' title='bbox 2996 1980 3115 2033; x_wconf 89' lang='grc' dir='ltr'>εἰπέ</span> <span class='ocrx_word' id='word_1_655' title='bbox 3149 1996 3262 2051; x_wconf 90' lang='grc' dir='ltr'>μοι;</span> <span class='ocrx_word' id='word_1_656' title='bbox 3301 1982 3451 2032; x_wconf 82' lang='grc' dir='ltr'>ποῖον</span> <span class='ocrx_word' id='word_1_657' title='bbox 3499 1977 3660 2047; x_wconf 89' lang='grc' dir='ltr'>σῶμα</span> 
     </span>
    </p>
   </div>
   <div class='ocr_carea' id='block_1_86' title="bbox 2088 2058 3706 2139">
    <p class='ocr_par' dir='ltr' id='par_1_86' title="bbox 2088 2058 3706 2139">
     <span class='ocr_line' id='line_1_86' title="bbox 2088 2058 3706 2139; baseline -0.001 -22"><span class='ocrx_word' id='word_1_658' title='bbox 2088 2062 2302 2135; x_wconf 86' lang='grc' dir='ltr'>ἰσχυρόν</span> <span class='ocrx_word' id='word_1_659' title='bbox 2328 2066 2507 2130; x_wconf 88' lang='grc' dir='ltr'>ἐστιν;</span> <span class='ocrx_word' id='word_1_660' title='bbox 2530 2066 2628 2136; x_wconf 86' lang='grc' dir='ltr'>οὐχ</span> <span class='ocrx_word' id='word_1_661' title='bbox 2651 2066 2788 2137; x_wconf 82' lang='grc' dir='ltr'>ὅπερ</span> <span class='ocrx_word' id='word_1_662' title='bbox 2834 2064 2900 2119; x_wconf 88' lang='grc' dir='ltr'>ἂν</span> <span class='ocrx_word' id='word_1_663' title='bbox 2933 2065 3173 2132; x_wconf 86' lang='grc' dir='ltr'>ὑγιαῖνον</span> <span class='ocrx_word' id='word_1_664' title='bbox 3196 2058 3251 2136; x_wconf 82' lang='grc' dir='ltr'>ᾗ,</span> <span class='ocrx_word' id='word_1_665' title='bbox 3282 2063 3375 2116; x_wconf 71' lang='grc' dir='ltr'>καὶ</span> <span class='ocrx_word' id='word_1_666' title='bbox 3400 2062 3540 2132; x_wconf 85' lang='grc' dir='ltr'>μήτε</span> <span class='ocrx_word' id='word_1_667' title='bbox 3579 2060 3663 2116; x_wconf 81' lang='grc' dir='ltr'>λι·-</span> <span class='ocrx_word' id='word_1_668' title='bbox 3700 2128 3706 2139; x_wconf 37' lang='lat'><strong>’</strong></span> 
     </span>
    </p>
   </div>
   <div class='ocr_carea' id='block_1_87' title="bbox 2089 2143 3665 2219">
    <p class='ocr_par' dir='ltr' id='par_1_87' title="bbox 2089 2143 3665 2219">
     <span class='ocr_line' id='line_1_87' title="bbox 2089 2143 3665 2219; baseline -0.005 -15"><span class='ocrx_word' id='word_1_669' title='bbox 2089 2148 2195 2217; x_wconf 86' lang='grc' dir='ltr'>μῷ.</span> <span class='ocrx_word' id='word_1_670' title='bbox 2245 2148 2383 2219; x_wconf 81' lang='grc' dir='ltr'>μήτε</span> <span class='ocrx_word' id='word_1_671' title='bbox 2440 2148 2745 2218; x_wconf 82' lang='grc' dir='ltr'>πλησμονῇ,</span> <span class='ocrx_word' id='word_1_672' title='bbox 2789 2147 2926 2218; x_wconf 83' lang='grc' dir='ltr'>μήτε</span> <span class='ocrx_word' id='word_1_673' title='bbox 2982 2145 3165 2217; x_wconf 79' lang='grc' dir='ltr'>ψύχει,</span> <span class='ocrx_word' id='word_1_674' title='bbox 3228 2147 3365 2217; x_wconf 88' lang='grc' dir='ltr'>μήτε</span> <span class='ocrx_word' id='word_1_675' title='bbox 3417 2143 3665 2215; x_wconf 85' lang='grc' dir='ltr'>καύματι</span> 
     </span>
    </p>
   </div>
   <div class='ocr_carea' id='block_1_88' title="bbox 2088 2226 3663 2300">
    <p class='ocr_par' dir='ltr' id='par_1_88' title="bbox 2088 2226 3663 2300">
     <span class='ocr_line' id='line_1_88' title="bbox 2088 2226 3663 2300; baseline -0.003 -18"><span class='ocrx_word' id='word_1_676' title='bbox 2088 2229 2395 2298; x_wconf 83' lang='grc' dir='ltr'>ἁλίσκηται·</span> <span class='ocrx_word' id='word_1_677' title='bbox 2425 2229 2457 2299; x_wconf 77' lang='grc' dir='ltr'><strong>ἢ</strong></span> <span class='ocrx_word' id='word_1_678' title='bbox 2487 2231 2547 2282; x_wconf 75' lang='grc' dir='ltr'>τὸ</span> <span class='ocrx_word' id='word_1_679' title='bbox 2573 2229 2706 2300; x_wconf 83' lang='grc' dir='ltr'>πρὸς</span> <span class='ocrx_word' id='word_1_680' title='bbox 2741 2230 2918 2283; x_wconf 81' lang='grc' dir='ltr'>πάντα</span> <span class='ocrx_word' id='word_1_681' title='bbox 2946 2229 3119 2282; x_wconf 88' lang='grc' dir='ltr'>ταῦτα</span> <span class='ocrx_word' id='word_1_682' title='bbox 3144 2227 3527 2296; x_wconf 77' lang='grc' dir='ltr'>ὑποκείμενον,</span> <span class='ocrx_word' id='word_1_683' title='bbox 3564 2226 3663 2279; x_wconf 82' lang='grc' dir='ltr'>καὶ</span> 
     </span>
    </p>
   </div>
   <div class='ocr_carea' id='block_1_89' title="bbox 2088 2308 3663 2383">
    <p class='ocr_par' dir='ltr' id='par_1_89' title="bbox 2088 2308 3663 2383">
     <span class='ocr_line' id='line_1_89' title="bbox 2088 2308 3663 2383; baseline -0.002 -20"><span class='ocrx_word' id='word_1_684' title='bbox 2088 2310 2237 2383; x_wconf 71' lang='grc'>[164]</span> <span class='ocrx_word' id='word_1_685' title='bbox 2266 2311 2673 2381; x_wconf 78' lang='grc' dir='ltr'>τραπεζοποιῶν</span> <span class='ocrx_word' id='word_1_686' title='bbox 2704 2311 2797 2364; x_wconf 78' lang='grc' dir='ltr'>καὶ</span> <span class='ocrx_word' id='word_1_687' title='bbox 2842 2310 3093 2379; x_wconf 82' lang='grc' dir='ltr'>ὑφαντῶν</span> <span class='ocrx_word' id='word_1_688' title='bbox 3120 2311 3216 2363; x_wconf 76' lang='grc' dir='ltr'>καὶ</span> <span class='ocrx_word' id='word_1_689' title='bbox 3237 2308 3515 2380; x_wconf 89' lang='grc' dir='ltr'>θηρευτῶν</span> <span class='ocrx_word' id='word_1_690' title='bbox 3566 2309 3663 2361; x_wconf 74' lang='grc' dir='ltr'>καὶ</span> 
     </span>
    </p>
   </div>
   <div class='ocr_carea' id='block_1_90' title="bbox 2091 2390 3665 2466">
    <p class='ocr_par' dir='ltr' id='par_1_90' title="bbox 2091 2390 3665 2466">
     <span class='ocr_line' id='line_1_90' title="bbox 2091 2390 3665 2466; baseline -0.002 -20"><span class='ocrx_word' id='word_1_691' title='bbox 2091 2393 2289 2464; x_wconf 88' lang='grc' dir='ltr'>ἰατρῶν</span> <span class='ocrx_word' id='word_1_692' title='bbox 2323 2393 2596 2463; x_wconf 88' lang='grc' dir='ltr'>δεόμενον,</span> <span class='ocrx_word' id='word_1_693' title='bbox 2646 2393 2732 2446; x_wconf 80' lang='grc' dir='ltr'>ἵνα</span> <span class='ocrx_word' id='word_1_694' title='bbox 2776 2392 3027 2466; x_wconf 56' lang='grc' dir='ltr'>ὑγιαίνω</span> <span class='ocrx_word' id='word_1_695' title='bbox 3083 2392 3326 2455; x_wconf 86' lang='grc' dir='ltr'>Ἐκεῖνός</span> <span class='ocrx_word' id='word_1_696' title='bbox 3358 2394 3474 2444; x_wconf 85' lang='grc' dir='ltr'>ἐστι</span> <span class='ocrx_word' id='word_1_697' title='bbox 3500 2390 3665 2444; x_wconf 83' lang='grc' dir='ltr'>πλού⁶</span> 
     </span>
    </p>
   </div>
   <div class='ocr_carea' id='block_1_91' title="bbox 2090 2473 3659 2545">
    <p class='ocr_par' dir='ltr' id='par_1_91' title="bbox 2090 2473 3659 2545">
     <span class='ocr_line' id='line_1_91' title="bbox 2090 2473 3659 2545; baseline -0.003 -17"><span class='ocrx_word' id='word_1_698' title='bbox 2090 2492 2222 2539; x_wconf 77' lang='grc' dir='ltr'>σιος,</span> <span class='ocrx_word' id='word_1_699' title='bbox 2253 2476 2283 2528; x_wconf 84' lang='lat'>6</span> <span class='ocrx_word' id='word_1_700' title='bbox 2314 2476 2480 2539; x_wconf 73' lang='grc' dir='ltr'>ὅντως</span> <span class='ocrx_word' id='word_1_701' title='bbox 2507 2475 2812 2545; x_wconf 82' lang='grc' dir='ltr'>φιλόσοφος,</span> <span class='ocrx_word' id='word_1_702' title='bbox 2838 2477 2867 2529; x_wconf 92' lang='lat'>6</span> <span class='ocrx_word' id='word_1_703' title='bbox 2899 2475 3123 2545; x_wconf 81' lang='grc' dir='ltr'>μηδενὸς</span> <span class='ocrx_word' id='word_1_704' title='bbox 3154 2473 3359 2528; x_wconf 90' lang='grc' dir='ltr'>τούτων</span> <span class='ocrx_word' id='word_1_705' title='bbox 3390 2473 3659 2542; x_wconf 86' lang='grc' dir='ltr'>δεόμενος.</span> 
     </span>
    </p>
   </div>
   <div class='ocr_carea' id='block_1_92' title="bbox 2089 2552 3666 2631">
    <p class='ocr_par' dir='ltr' id='par_1_92' title="bbox 2089 2552 3666 2631">
     <span class='ocr_line' id='line_1_92' title="bbox 2089 2552 3666 2631; baseline -0.001 -20"><span class='ocrx_word' id='word_1_706' title='bbox 2089 2559 2188 2611; x_wconf 89' lang='grc' dir='ltr'>Διά</span> <span class='ocrx_word' id='word_1_707' title='bbox 2209 2558 2367 2612; x_wconf 91' lang='grc' dir='ltr'>τοῦτο</span> <span class='ocrx_word' id='word_1_708' title='bbox 2389 2560 2417 2611; x_wconf 90' lang='lat'>6</span> <span class='ocrx_word' id='word_1_709' title='bbox 2442 2560 2711 2631; x_wconf 90' lang='grc' dir='ltr'>μακάριος</span> <span class='ocrx_word' id='word_1_710' title='bbox 2744 2552 2898 2623; x_wconf 73' lang='grc' dir='ltr'>οὗτος</span> <span class='ocrx_word' id='word_1_711' title='bbox 2920 2558 3126 2627; x_wconf 79' lang='grc' dir='ltr'>ἔλεγεν·</span> <span class='ocrx_word' id='word_1_712' title='bbox 3146 2557 3490 2627; x_wconf 68' lang='grc' dir='ltr'>Ἐκτρέφετε</span> <span class='ocrx_word' id='word_1_713' title='bbox 3509 2558 3666 2610; x_wconf 78' lang='grc' dir='ltr'>αὐτὰ</span> 
     </span>
    </p>
   </div>
   <div class='ocr_carea' id='block_1_93' title="bbox 2088 2647 3666 2719">
    <p class='ocr_par' dir='ltr' id='par_1_93' title="bbox 2088 2647 3666 2719">
     <span class='ocr_line' id='line_1_93' title="bbox 2088 2647 3666 2719; baseline -0.001 -18"><span class='ocrx_word' id='word_1_714' title='bbox 2088 2648 2159 2701; x_wconf 82' lang='grc' dir='ltr'>ἐν</span> <span class='ocrx_word' id='word_1_715' title='bbox 2185 2647 2421 2714; x_wconf 78' lang='grc' dir='ltr'>παιδείᾳ</span> <span class='ocrx_word' id='word_1_716' title='bbox 2454 2648 2551 2701; x_wconf 75' lang='grc' dir='ltr'>καὶ</span> <span class='ocrx_word' id='word_1_717' title='bbox 2580 2649 2865 2716; x_wconf 80' lang='grc' dir='ltr'>νουθεσίᾳ</span> <span class='ocrx_word' id='word_1_718' title='bbox 2887 2650 3126 2717; x_wconf 80' lang='grc' dir='ltr'>Κυρίου.</span> <span class='ocrx_word' id='word_1_719' title='bbox 3165 2649 3257 2719; x_wconf 81' lang='grc' dir='ltr'>Μὴ</span> <span class='ocrx_word' id='word_1_720' title='bbox 3283 2648 3462 2702; x_wconf 86' lang='grc' dir='ltr'>τοίνυν</span> <span class='ocrx_word' id='word_1_721' title='bbox 3510 2647 3666 2718; x_wconf 88' lang='grc' dir='ltr'>θριγ-</span> 
     </span>
    </p>
   </div>
   <div class='ocr_carea' id='block_1_94' title="bbox 2090 2727 3668 2803">
    <p class='ocr_par' dir='ltr' id='par_1_94' title="bbox 2090 2727 3668 2803">
     <span class='ocr_line' id='line_1_94' title="bbox 2090 2727 3668 2803; baseline -0.001 -19"><span class='ocrx_word' id='word_1_722' title='bbox 2090 2730 2183 2784; x_wconf 89' lang='grc' dir='ltr'>κία</span> <span class='ocrx_word' id='word_1_723' title='bbox 2209 2729 2406 2796; x_wconf 73' lang='grc' dir='ltr'>ἔξωθεν</span> <span class='ocrx_word' id='word_1_724' title='bbox 2436 2731 2811 2802; x_wconf 88' lang='grc' dir='ltr'>περιϐάλλετε·</span> <span class='ocrx_word' id='word_1_725' title='bbox 2864 2731 3019 2785; x_wconf 90' lang='grc' dir='ltr'>τοῦτο</span> <span class='ocrx_word' id='word_1_726' title='bbox 3043 2731 3150 2803; x_wconf 77' lang='grc' dir='ltr'>γάρ</span> <span class='ocrx_word' id='word_1_727' title='bbox 3174 2733 3203 2785; x_wconf 89' lang='grc' dir='ltr'>ό</span> <span class='ocrx_word' id='word_1_728' title='bbox 3236 2730 3483 2792; x_wconf 84' lang='grc' dir='ltr'>πλοῦτος,</span> <span class='ocrx_word' id='word_1_729' title='bbox 3507 2727 3668 2782; x_wconf 83' lang='grc' dir='ltr'>τοῦτο</span> 
     </span>
    </p>
   </div>
   <div class='ocr_carea' id='block_1_95' title="bbox 2090 2810 3662 2886">
    <p class='ocr_par' dir='ltr' id='par_1_95' title="bbox 2090 2810 3662 2886">
     <span class='ocr_line' id='line_1_95' title="bbox 2090 2810 3662 2886; baseline -0.002 -20"><span class='ocrx_word' id='word_1_730' title='bbox 2090 2815 2125 2884; x_wconf 83' lang='grc' dir='ltr'><strong>ἠ</strong></span> <span class='ocrx_word' id='word_1_731' title='bbox 2154 2812 2297 2877; x_wconf 86' lang='grc' dir='ltr'>δόξα.</span> <span class='ocrx_word' id='word_1_732' title='bbox 2355 2814 2523 2867; x_wconf 82' lang='grc' dir='ltr'>Ὅταν</span> <span class='ocrx_word' id='word_1_733' title='bbox 2550 2814 2660 2886; x_wconf 84' lang='grc' dir='ltr'>γὰρ</span> <span class='ocrx_word' id='word_1_734' title='bbox 2682 2813 2853 2868; x_wconf 90' lang='grc' dir='ltr'>ταῦτα</span> <span class='ocrx_word' id='word_1_735' title='bbox 2878 2815 3181 2886; x_wconf 81' lang='grc' dir='ltr'>καταπέσῃ,</span> <span class='ocrx_word' id='word_1_736' title='bbox 3219 2812 3555 2867; x_wconf 86' lang='grc' dir='ltr'>καταπίπτει</span> <span class='ocrx_word' id='word_1_737' title='bbox 3584 2810 3662 2875; x_wconf 83' lang='grc' dir='ltr'>δέ,</span> 
     </span>
    </p>
   </div>
   <div class='ocr_carea' id='block_1_96' title="bbox 2091 2895 3667 2967">
    <p class='ocr_par' dir='ltr' id='par_1_96' title="bbox 2091 2895 3667 2967">
     <span class='ocr_line' id='line_1_96' title="bbox 2091 2895 3667 2967; baseline -0.002 -18"><span class='ocrx_word' id='word_1_738' title='bbox 2091 2896 2294 2967; x_wconf 74' lang='grc' dir='ltr'>γυμνὸν</span> <span class='ocrx_word' id='word_1_739' title='bbox 2338 2896 2537 2967; x_wconf 76' lang='grc' dir='ltr'>ἕστηκε</span> <span class='ocrx_word' id='word_1_740' title='bbox 2565 2898 2658 2950; x_wconf 69' lang='grc' dir='ltr'>καὶ</span> <span class='ocrx_word' id='word_1_741' title='bbox 2683 2897 2950 2951; x_wconf 83' lang='grc' dir='ltr'>εὐάλωτον</span> <span class='ocrx_word' id='word_1_742' title='bbox 2977 2898 3036 2951; x_wconf 82' lang='grc' dir='ltr'>τὸ</span> <span class='ocrx_word' id='word_1_743' title='bbox 3074 2898 3260 2967; x_wconf 80' lang='grc' dir='ltr'>φυτὸν,</span> <span class='ocrx_word' id='word_1_744' title='bbox 3282 2898 3342 2950; x_wconf 87' lang='grc' dir='ltr'>οὐ</span> <span class='ocrx_word' id='word_1_745' title='bbox 3376 2896 3535 2965; x_wconf 87' lang='grc' dir='ltr'>μόνον</span> <span class='ocrx_word' id='word_1_746' title='bbox 3575 2895 3667 2947; x_wconf 85' lang='grc' dir='ltr'>οὑ-</span> 
     </span>
    </p>
   </div>
   <div class='ocr_carea' id='block_1_97' title="bbox 2091 2976 3670 3050">
    <p class='ocr_par' dir='ltr' id='par_1_97' title="bbox 2091 2976 3670 3050">
     <span class='ocr_line' id='line_1_97' title="bbox 2091 2976 3670 3050; baseline -0.003 -17"><span class='ocrx_word' id='word_1_747' title='bbox 2091 2980 2181 3033; x_wconf 86' lang='grc' dir='ltr'>δὲν</span> <span class='ocrx_word' id='word_1_748' title='bbox 2202 2978 2464 3049; x_wconf 80' lang='grc' dir='ltr'>κερδᾶναν</span> <span class='ocrx_word' id='word_1_749' title='bbox 2498 2981 2567 3032; x_wconf 75' lang='grc' dir='ltr'>ἐν’</span> <span class='ocrx_word' id='word_1_750' title='bbox 2580 2978 2658 3049; x_wconf 86' lang='grc' dir='ltr'>τῷ</span> <span class='ocrx_word' id='word_1_751' title='bbox 2685 2980 3008 3049; x_wconf 87' lang='grc' dir='ltr'>παρελθόντι</span> <span class='ocrx_word' id='word_1_752' title='bbox 3042 2979 3238 3050; x_wconf 84' lang='grc' dir='ltr'>χρόνῳ,</span> <span class='ocrx_word' id='word_1_753' title='bbox 3271 2977 3406 3032; x_wconf 89' lang='grc' dir='ltr'>ἀλλά</span> <span class='ocrx_word' id='word_1_754' title='bbox 3428 2977 3521 3030; x_wconf 74' lang='grc' dir='ltr'>καὶ</span> <span class='ocrx_word' id='word_1_755' title='bbox 3547 2976 3670 3046; x_wconf 85' lang='grc' dir='ltr'>βλα-</span> 
     </span>
    </p>
   </div>
   <div class='ocr_carea' id='block_1_98' title="bbox 2094 3059 3671 3132">
    <p class='ocr_par' dir='ltr' id='par_1_98' title="bbox 2094 3059 3671 3132">
     <span class='ocr_line' id='line_1_98' title="bbox 2094 3059 3671 3132; baseline -0.003 -19"><span class='ocrx_word' id='word_1_756' title='bbox 2094 3060 2203 3114; x_wconf 82' lang='grc' dir='ltr'>ϐέν.</span> <span class='ocrx_word' id='word_1_757' title='bbox 2236 3061 2454 3116; x_wconf 84' lang='grc' dir='ltr'>Ἐκεῖνα</span> <span class='ocrx_word' id='word_1_758' title='bbox 2474 3060 2581 3131; x_wconf 83' lang='grc' dir='ltr'>γὰρ</span> <span class='ocrx_word' id='word_1_759' title='bbox 2602 3061 2671 3114; x_wconf 90' lang='grc' dir='ltr'>τά</span> <span class='ocrx_word' id='word_1_760' title='bbox 2695 3062 2916 3132; x_wconf 91' lang='grc' dir='ltr'>θριγκία</span> <span class='ocrx_word' id='word_1_761' title='bbox 2940 3061 3009 3113; x_wconf 79' lang='grc' dir='ltr'>τὰ</span> <span class='ocrx_word' id='word_1_762' title='bbox 3035 3061 3312 3115; x_wconf 88' lang='grc' dir='ltr'>κωλύοντα</span> <span class='ocrx_word' id='word_1_763' title='bbox 3340 3059 3469 3113; x_wconf 79' lang='grc' dir='ltr'>αὐτὸ</span> <span class='ocrx_word' id='word_1_764' title='bbox 3508 3060 3671 3126; x_wconf 78' lang='grc' dir='ltr'>ἐγγυο</span> 
     </span>
    </p>
   </div>
   <div class='ocr_carea' id='block_1_99' title="bbox 2098 3140 3671 3215">
    <p class='ocr_par' dir='ltr' id='par_1_99' title="bbox 2098 3140 3671 3215">
     <span class='ocr_line' id='line_1_99' title="bbox 2098 3140 3671 3215; baseline -0.003 -17"><span class='ocrx_word' id='word_1_765' title='bbox 2098 3143 2397 3215; x_wconf 77' lang='grc' dir='ltr'>μνάζεσθαι</span> <span class='ocrx_word' id='word_1_766' title='bbox 2429 3144 2568 3214; x_wconf 76' lang='grc' dir='ltr'>πρὸς</span> <span class='ocrx_word' id='word_1_767' title='bbox 2612 3143 2713 3207; x_wconf 83' lang='grc' dir='ltr'>τὰς</span> <span class='ocrx_word' id='word_1_768' title='bbox 2771 3144 2879 3197; x_wconf 87' lang='grc' dir='ltr'>τῶν</span> <span class='ocrx_word' id='word_1_769' title='bbox 2935 3144 3152 3215; x_wconf 86' lang='grc' dir='ltr'>ἀνέμων</span> <span class='ocrx_word' id='word_1_770' title='bbox 3201 3141 3525 3214; x_wconf 81' lang='grc' dir='ltr'>προσϐολὰς,</span> <span class='ocrx_word' id='word_1_771' title='bbox 3573 3140 3671 3195; x_wconf 90' lang='grc' dir='ltr'>νῦν</span> 
     </span>
    </p>
   </div>
   <div class='ocr_carea' id='block_1_100' title="bbox 2096 3226 3102 3298">
    <p class='ocr_par' dir='ltr' id='par_1_100' title="bbox 2096 3226 3102 3298">
     <span class='ocr_line' id='line_1_100' title="bbox 2096 3226 3102 3298; baseline 0 -17"><span class='ocrx_word' id='word_1_772' title='bbox 2096 3227 2290 3298; x_wconf 84' lang='grc' dir='ltr'>ἀθρόον</span> <span class='ocrx_word' id='word_1_773' title='bbox 2318 3228 2647 3280; x_wconf 81' lang='grc' dir='ltr'>καταπεσεῖν</span> <span class='ocrx_word' id='word_1_774' title='bbox 2672 3226 3102 3297; x_wconf 88' lang='grc' dir='ltr'>παρεσκεύασεν.</span> 
     </span>
    </p>
   </div>
   <div class='ocr_carea' id='block_1_101' title="bbox 2172 3358 3671 3433">
    <p class='ocr_par' dir='ltr' id='par_1_101' title="bbox 2172 3358 3671 3433">
     <span class='ocr_line' id='line_1_101' title="bbox 2172 3358 3671 3433; baseline -0.005 -17"><span class='ocrx_word' id='word_1_775' title='bbox 2172 3358 2335 3416; x_wconf 81' lang='grc' dir='ltr'>’Ὥστε</span> <span class='ocrx_word' id='word_1_776' title='bbox 2395 3362 2621 3433; x_wconf 85' lang='grc' dir='ltr'>βλάπτει</span> <span class='ocrx_word' id='word_1_777' title='bbox 2678 3362 2878 3433; x_wconf 81' lang='grc' dir='ltr'>μᾶλλον</span> <span class='ocrx_word' id='word_1_778' title='bbox 2918 3361 2947 3415; x_wconf 90' lang='lat'>6</span> <span class='ocrx_word' id='word_1_779' title='bbox 2989 3360 3244 3425; x_wconf 87' lang='grc' dir='ltr'>πλοῦτος,</span> <span class='ocrx_word' id='word_1_780' title='bbox 3305 3358 3671 3429; x_wconf 78' lang='grc' dir='ltr'>ἀμελετὴτους</span> 
     </span>
    </p>
   </div>
   <div class='ocr_carea' id='block_1_102' title="bbox 2100 3437 3675 3516">
    <p class='ocr_par' dir='ltr' id='par_1_102' title="bbox 2100 3437 3675 3516">
     <span class='ocr_line' id='line_1_102' title="bbox 2100 3437 3675 3516; baseline -0.005 -17"><span class='ocrx_word' id='word_1_781' title='bbox 2100 3445 2532 3516; x_wconf 75' lang='grc' dir='ltr'>παρασκευάζων</span> <span class='ocrx_word' id='word_1_782' title='bbox 2556 3444 2690 3516; x_wconf 75' lang='grc' dir='ltr'>πρὸς</span> <span class='ocrx_word' id='word_1_783' title='bbox 2718 3446 2816 3507; x_wconf 81' lang='grc' dir='ltr'>τὰς</span> <span class='ocrx_word' id='word_1_784' title='bbox 2852 3444 3163 3516; x_wconf 86' lang='grc' dir='ltr'>ἀνωμαλίας</span> <span class='ocrx_word' id='word_1_785' title='bbox 3189 3442 3281 3495; x_wconf 89' lang='grc' dir='ltr'>τοῦ</span> <span class='ocrx_word' id='word_1_786' title='bbox 3323 3442 3457 3512; x_wconf 87' lang='grc' dir='ltr'>βίον.</span> <span class='ocrx_word' id='word_1_787' title='bbox 3485 3437 3675 3492; x_wconf 72' lang='grc' dir='ltr'>Τοιούο</span> 
     </span>
    </p>
   </div>
   <div class='ocr_carea' id='block_1_103' title="bbox 2100 3523 3672 3599">
    <p class='ocr_par' dir='ltr' id='par_1_103' title="bbox 2100 3523 3672 3599">
     <span class='ocr_line' id='line_1_103' title="bbox 2100 3523 3672 3599; baseline -0.003 -19"><span class='ocrx_word' id='word_1_788' title='bbox 2100 3544 2226 3592; x_wconf 90' lang='grc' dir='ltr'>τους</span> <span class='ocrx_word' id='word_1_789' title='bbox 2292 3528 2471 3581; x_wconf 87' lang='grc' dir='ltr'>τοίνυν</span> <span class='ocrx_word' id='word_1_790' title='bbox 2523 3526 3032 3599; x_wconf 82' lang='grc' dir='ltr'>παρασκευάζωμεν</span> <span class='ocrx_word' id='word_1_791' title='bbox 3081 3527 3206 3589; x_wconf 82' lang='grc' dir='ltr'>τοὺς</span> <span class='ocrx_word' id='word_1_792' title='bbox 3263 3525 3477 3587; x_wconf 88' lang='grc' dir='ltr'>παῖδας,</span> <span class='ocrx_word' id='word_1_793' title='bbox 3530 3523 3672 3576; x_wconf 84' lang='grc' dir='ltr'>ὥστε</span> 
     </span>
    </p>
   </div>
   <div class='ocr_carea' id='block_1_104' title="bbox 2101 3606 3676 3683">
    <p class='ocr_par' dir='ltr' id='par_1_104' title="bbox 2101 3606 3676 3683">
     <span class='ocr_line' id='line_1_104' title="bbox 2101 3606 3676 3683; baseline -0.005 -19"><span class='ocrx_word' id='word_1_794' title='bbox 2101 3609 2356 3664; x_wconf 86' lang='grc' dir='ltr'>δύνασθαι</span> <span class='ocrx_word' id='word_1_795' title='bbox 2383 3609 2515 3683; x_wconf 76' lang='grc' dir='ltr'>πρὸς</span> <span class='ocrx_word' id='word_1_796' title='bbox 2546 3610 2719 3664; x_wconf 83' lang='grc' dir='ltr'>πάντα</span> <span class='ocrx_word' id='word_1_797' title='bbox 2736 3609 3001 3679; x_wconf 85' lang='grc' dir='ltr'>ἀντέχειν,</span> <span class='ocrx_word' id='word_1_798' title='bbox 3023 3608 3118 3662; x_wconf 76' lang='grc' dir='ltr'>καὶ</span> <span class='ocrx_word' id='word_1_799' title='bbox 3140 3607 3215 3679; x_wconf 78' lang='grc' dir='ltr'>μὴ</span> <span class='ocrx_word' id='word_1_800' title='bbox 3238 3606 3537 3674; x_wconf 81' lang='grc' dir='ltr'>ξενίζεσθαι</span> <span class='ocrx_word' id='word_1_801' title='bbox 3562 3607 3676 3669; x_wconf 87' lang='grc' dir='ltr'>τοῖς</span> 
     </span>
    </p>
   </div>
   <div class='ocr_carea' id='block_1_105' title="bbox 2103 3689 3679 3762">
    <p class='ocr_par' dir='ltr' id='par_1_105' title="bbox 2103 3689 3679 3762">
     <span class='ocr_line' id='line_1_105' title="bbox 2103 3689 3679 3762; baseline -0.004 -17"><span class='ocrx_word' id='word_1_802' title='bbox 2103 3693 2366 3746; x_wconf 84' lang='grc' dir='ltr'>ἐπιοῦσιν·</span> <span class='ocrx_word' id='word_1_803' title='bbox 2433 3692 2786 3762; x_wconf 83' lang='grc' dir='ltr'>ἐκτρέφωμεν</span> <span class='ocrx_word' id='word_1_804' title='bbox 2839 3693 3038 3755; x_wconf 84' lang='grc' dir='ltr'>αὐτοὺς</span> <span class='ocrx_word' id='word_1_805' title='bbox 3098 3693 3155 3744; x_wconf 85' lang='grc' dir='ltr'>ἐν</span> <span class='ocrx_word' id='word_1_806' title='bbox 3189 3690 3407 3760; x_wconf 75' lang='grc' dir='ltr'>παιδείᾳ</span> <span class='ocrx_word' id='word_1_807' title='bbox 3438 3689 3531 3742; x_wconf 79' lang='grc' dir='ltr'>καὶ</span> <span class='ocrx_word' id='word_1_808' title='bbox 3560 3705 3679 3740; x_wconf 79' lang='lat' dir='ltr'>vou-</span> 
     </span>
    </p>
   </div>
   <div class='ocr_carea' id='block_1_106' title="bbox 2105 3771 3673 3848">
    <p class='ocr_par' dir='ltr' id='par_1_106' title="bbox 2105 3771 3673 3848">
     <span class='ocr_line' id='line_1_106' title="bbox 2105 3771 3673 3848; baseline -0.001 -21"><span class='ocrx_word' id='word_1_809' title='bbox 2105 3774 2263 3846; x_wconf 75' lang='grc' dir='ltr'>θεσίᾳ</span> <span class='ocrx_word' id='word_1_810' title='bbox 2285 3775 2514 3848; x_wconf 84' lang='grc' dir='ltr'>Κυρίου,</span> <span class='ocrx_word' id='word_1_811' title='bbox 2547 3776 2641 3829; x_wconf 75' lang='grc' dir='ltr'>καὶ</span> <span class='ocrx_word' id='word_1_812' title='bbox 2668 3774 2833 3836; x_wconf 80' lang='grc' dir='ltr'>πολὺς</span> <span class='ocrx_word' id='word_1_813' title='bbox 2863 3775 2990 3845; x_wconf 72' lang='grc' dir='ltr'>ἡμῖν</span> <span class='ocrx_word' id='word_1_814' title='bbox 3014 3774 3043 3826; x_wconf 91' lang='lat'>6</span> <span class='ocrx_word' id='word_1_815' title='bbox 3069 3771 3260 3840; x_wconf 69' lang='grc' dir='ltr'>μισθὸς</span> <span class='ocrx_word' id='word_1_816' title='bbox 3299 3771 3673 3825; x_wconf 85' lang='grc' dir='ltr'>ἀποκείσεται.</span> 
     </span>
    </p>
   </div>
   <div class='ocr_carea' id='block_1_107' title="bbox 2106 3854 3679 3929">
    <p class='ocr_par' dir='ltr' id='par_1_107' title="bbox 2106 3854 3679 3929">
     <span class='ocr_line' id='line_1_107' title="bbox 2106 3854 3679 3929; baseline -0.003 -19"><span class='ocrx_word' id='word_1_817' title='bbox 2106 3857 2170 3910; x_wconf 85' lang='grc' dir='ltr'>Εἰ</span> <span class='ocrx_word' id='word_1_818' title='bbox 2190 3859 2299 3928; x_wconf 81' lang='grc' dir='ltr'>γάρ</span> <span class='ocrx_word' id='word_1_819' title='bbox 2324 3858 2599 3929; x_wconf 79' lang='grc' dir='ltr'>ἄνθρωποι</span> <span class='ocrx_word' id='word_1_820' title='bbox 2627 3857 2918 3927; x_wconf 84' lang='grc' dir='ltr'>ἀγάλματα</span> <span class='ocrx_word' id='word_1_821' title='bbox 2946 3856 3226 3918; x_wconf 82' lang='grc' dir='ltr'>ποιοῦντες</span> <span class='ocrx_word' id='word_1_822' title='bbox 3259 3854 3539 3924; x_wconf 83' lang='grc' dir='ltr'>βασιλέων,</span> <span class='ocrx_word' id='word_1_823' title='bbox 3579 3854 3679 3907; x_wconf 73' lang='grc' dir='ltr'>καὶ</span> 
     </span>
    </p>
   </div>
   <div class='ocr_carea' id='block_1_108' title="bbox 2107 3936 3676 4010">
    <p class='ocr_par' dir='ltr' id='par_1_108' title="bbox 2107 3936 3676 4010">
     <span class='ocr_line' id='line_1_108' title="bbox 2107 3936 3676 4010; baseline -0.003 -18"><span class='ocrx_word' id='word_1_824' title='bbox 2107 3939 2322 4001; x_wconf 89' lang='grc' dir='ltr'>εἰκόνας</span> <span class='ocrx_word' id='word_1_825' title='bbox 2380 3940 2715 4010; x_wconf 85' lang='grc' dir='ltr'>γράφοντες,</span> <span class='ocrx_word' id='word_1_826' title='bbox 2774 3938 3041 4008; x_wconf 86' lang='grc' dir='ltr'>τοσαύτης</span> <span class='ocrx_word' id='word_1_827' title='bbox 3099 3936 3429 3991; x_wconf 84' lang='grc' dir='ltr'>ἀπολαύουσι</span> <span class='ocrx_word' id='word_1_828' title='bbox 3485 3936 3676 4005; x_wconf 85' lang='grc' dir='ltr'>τιμῆς·</span> 
     </span>
    </p>
   </div>
   <div class='ocr_carea' id='block_1_109' title="bbox 2108 4015 3683 4092">
    <p class='ocr_par' dir='ltr' id='par_1_109' title="bbox 2108 4015 3683 4092">
     <span class='ocr_line' id='line_1_109' title="bbox 2108 4015 3683 4092; baseline -0.003 -20"><span class='ocrx_word' id='word_1_829' title='bbox 2108 4021 2269 4090; x_wconf 79' lang='grc' dir='ltr'>ἡμεῖς</span> <span class='ocrx_word' id='word_1_830' title='bbox 2318 4020 2418 4091; x_wconf 81' lang='grc' dir='ltr'>τὴν</span> <span class='ocrx_word' id='word_1_831' title='bbox 2470 4019 2752 4092; x_wconf 86' lang='grc' dir='ltr'>βασιλικὴν</span> <span class='ocrx_word' id='word_1_832' title='bbox 2786 4020 2969 4073; x_wconf 86' lang='grc' dir='ltr'>εἰκόνα</span> <span class='ocrx_word' id='word_1_833' title='bbox 3008 4018 3439 4084; x_wconf 76' lang='grc' dir='ltr'>καλλωπίζοντες</span> <span class='ocrx_word' id='word_1_834' title='bbox 3492 4015 3683 4087; x_wconf 84' lang='grc' dir='ltr'>(εἰκὼν</span> 
     </span>
    </p>
   </div>
   <div class='ocr_carea' id='block_1_110' title="bbox 2108 4093 3682 4175">
    <p class='ocr_par' dir='ltr' id='par_1_110' title="bbox 2108 4093 3682 4175">
     <span class='ocr_line' id='line_1_110' title="bbox 2108 4093 3682 4175; baseline -0.004 -18"><span class='ocrx_word' id='word_1_835' title='bbox 2108 4104 2215 4175; x_wconf 83' lang='grc' dir='ltr'>γάρ</span> <span class='ocrx_word' id='word_1_836' title='bbox 2236 4102 2328 4157; x_wconf 83' lang='grc' dir='ltr'>τοῦ</span> <span class='ocrx_word' id='word_1_837' title='bbox 2352 4102 2531 4156; x_wconf 87' lang='grc' dir='ltr'>Θεοῦό</span> <span class='ocrx_word' id='word_1_838' title='bbox 2560 4093 2888 4175; x_wconf 77' lang='grc' dir='ltr'>ἄνθρωπος),</span> <span class='ocrx_word' id='word_1_839' title='bbox 2948 4102 3009 4155; x_wconf 86' lang='grc' dir='ltr'>οὑ</span> <span class='ocrx_word' id='word_1_840' title='bbox 3048 4101 3257 4173; x_wconf 88' lang='grc' dir='ltr'>μυρίων</span> <span class='ocrx_word' id='word_1_841' title='bbox 3299 4100 3682 4170; x_wconf 85' lang='grc' dir='ltr'>ἀπολαύσομεν</span> 
     </span>
    </p>
   </div>
   <div class='ocr_carea' id='block_1_111' title="bbox 2107 4182 3678 4255">
    <p class='ocr_par' dir='ltr' id='par_1_111' title="bbox 2107 4182 3678 4255">
     <span class='ocr_line' id='line_1_111' title="bbox 2107 4182 3678 4255; baseline -0.003 -16"><span class='ocrx_word' id='word_1_842' title='bbox 2107 4186 2216 4239; x_wconf 89' lang='grc' dir='ltr'>τῶν</span> <span class='ocrx_word' id='word_1_843' title='bbox 2235 4185 2475 4253; x_wconf 83' lang='grc' dir='ltr'>ἀγαθῶν,</span> <span class='ocrx_word' id='word_1_844' title='bbox 2491 4186 2553 4238; x_wconf 86' lang='grc' dir='ltr'>τὸ</span> <span class='ocrx_word' id='word_1_845' title='bbox 2573 4186 2696 4240; x_wconf 83' lang='grc' dir='ltr'>καθ’</span> <span class='ocrx_word' id='word_1_846' title='bbox 2714 4184 2970 4255; x_wconf 76' lang='grc' dir='ltr'>ὁμοίωσιν</span> <span class='ocrx_word' id='word_1_847' title='bbox 2990 4184 3359 4250; x_wconf 86' lang='grc' dir='ltr'>ἀποδιδόντες;</span> <span class='ocrx_word' id='word_1_848' title='bbox 3378 4183 3548 4237; x_wconf 85' lang='grc' dir='ltr'>Τοῦτο</span> <span class='ocrx_word' id='word_1_849' title='bbox 3567 4182 3678 4254; x_wconf 87' lang='grc' dir='ltr'>γάρ</span> 
     </span>
    </p>
   </div>
   <div class='ocr_carea' id='block_1_112' title="bbox 2110 4260 3683 4340">
    <p class='ocr_par' dir='ltr' id='par_1_112' title="bbox 2110 4260 3683 4340">
     <span class='ocr_line' id='line_1_112' title="bbox 2110 4260 3683 4340; baseline -0.005 -15"><span class='ocrx_word' id='word_1_850' title='bbox 2110 4272 2258 4325; x_wconf 79' lang='grc' dir='ltr'>ἐστιν</span> <span class='ocrx_word' id='word_1_851' title='bbox 2288 4270 2493 4339; x_wconf 84' lang='grc' dir='ltr'>ὅμοιον,</span> <span class='ocrx_word' id='word_1_852' title='bbox 2527 4270 2562 4340; x_wconf 79' lang='grc' dir='ltr'><strong>ἡ</strong></span> <span class='ocrx_word' id='word_1_853' title='bbox 2584 4268 2683 4338; x_wconf 82' lang='grc' dir='ltr'>τῆς</span> <span class='ocrx_word' id='word_1_854' title='bbox 2710 4268 2886 4338; x_wconf 80' lang='grc' dir='ltr'>ψυχῆς</span> <span class='ocrx_word' id='word_1_855' title='bbox 2907 4268 3096 4338; x_wconf 81' lang='grc' dir='ltr'>ἀρετὴ,</span> <span class='ocrx_word' id='word_1_856' title='bbox 3119 4268 3247 4321; x_wconf 83' lang='grc' dir='ltr'>ὅταν</span> <span class='ocrx_word' id='word_1_857' title='bbox 3276 4266 3514 4335; x_wconf 78' lang='grc' dir='ltr'>ἀγαθοὺς</span> <span class='ocrx_word' id='word_1_858' title='bbox 3539 4260 3683 4319; x_wconf 79' lang='grc' dir='ltr'>εἰναι</span> 
     </span>
    </p>
   </div>
   <div class='ocr_carea' id='block_1_113' title="bbox 2110 4349 3687 4422">
    <p class='ocr_par' dir='ltr' id='par_1_113' title="bbox 2110 4349 3687 4422">
     <span class='ocr_line' id='line_1_113' title="bbox 2110 4349 3687 4422; baseline -0.004 -17"><span class='ocrx_word' id='word_1_859' title='bbox 2110 4350 2488 4419; x_wconf 83' lang='grc' dir='ltr'>παιδεύσωμεν</span> <span class='ocrx_word' id='word_1_860' title='bbox 2543 4353 2669 4414; x_wconf 75' lang='grc' dir='ltr'>τοὺς</span> <span class='ocrx_word' id='word_1_861' title='bbox 2714 4352 2927 4416; x_wconf 89' lang='grc' dir='ltr'>παῖδας,</span> <span class='ocrx_word' id='word_1_862' title='bbox 2978 4351 3107 4404; x_wconf 82' lang='grc' dir='ltr'>ὅταν</span> <span class='ocrx_word' id='word_1_863' title='bbox 3162 4351 3496 4422; x_wconf 85' lang='grc' dir='ltr'>ἀοργήτους,</span> <span class='ocrx_word' id='word_1_864' title='bbox 3554 4349 3687 4402; x_wconf 85' lang='grc' dir='ltr'>ὅταν</span> 
     </span>
    </p>
   </div>
   <div class='ocr_carea' id='block_1_114' title="bbox 2102 4432 3690 4508">
    <p class='ocr_par' dir='ltr' id='par_1_114' title="bbox 2102 4432 3690 4508">
     <span class='ocr_line' id='line_1_114' title="bbox 2102 4432 3690 4508; baseline -0.006 -16"><span class='ocrx_word' id='word_1_865' title='bbox 2102 4435 2540 4508; x_wconf 80' lang='grc' dir='ltr'>ἀμνησικάκους·</span> <span class='ocrx_word' id='word_1_866' title='bbox 2575 4432 2748 4487; x_wconf 87' lang='grc' dir='ltr'>ταῦτα</span> <span class='ocrx_word' id='word_1_867' title='bbox 2778 4434 2956 4487; x_wconf 87' lang='grc' dir='ltr'>πάντα</span> <span class='ocrx_word' id='word_1_868' title='bbox 2992 4432 3127 4486; x_wconf 83' lang='grc' dir='ltr'>Θεοῦ</span> <span class='ocrx_word' id='word_1_869' title='bbox 3161 4432 3289 4496; x_wconf 79' lang='grc' dir='ltr'>ἴδια,</span> <span class='ocrx_word' id='word_1_870' title='bbox 3320 4433 3448 4487; x_wconf 80' lang='grc' dir='ltr'>ὅταν</span> <span class='ocrx_word' id='word_1_871' title='bbox 3469 4432 3690 4501; x_wconf 80' lang='grc' dir='ltr'>εὐεργε-</span> 
     </span>
    </p>
   </div>
   <div class='ocr_carea' id='block_1_115' title="bbox 2112 4515 3692 4587">
    <p class='ocr_par' dir='ltr' id='par_1_115' title="bbox 2112 4515 3692 4587">
     <span class='ocr_line' id='line_1_115' title="bbox 2112 4515 3692 4587; baseline -0.003 -14"><span class='ocrx_word' id='word_1_872' title='bbox 2112 4521 2318 4583; x_wconf 79' lang='grc' dir='ltr'>τικοὺς,</span> <span class='ocrx_word' id='word_1_873' title='bbox 2354 4520 2483 4572; x_wconf 84' lang='grc' dir='ltr'>ὅταν</span> <span class='ocrx_word' id='word_1_874' title='bbox 2544 4516 2979 4587; x_wconf 83' lang='grc' dir='ltr'>φιλανθρώπους,</span> <span class='ocrx_word' id='word_1_875' title='bbox 3029 4517 3156 4569; x_wconf 84' lang='grc' dir='ltr'>ὅταν</span> <span class='ocrx_word' id='word_1_876' title='bbox 3188 4515 3565 4585; x_wconf 87' lang='grc' dir='ltr'>παιδεύσωμεν</span> <span class='ocrx_word' id='word_1_877' title='bbox 3617 4515 3692 4568; x_wconf 83' lang='grc' dir='ltr'>τά</span> 
     </span>
    </p>
   </div>
   <div class='ocr_carea' id='block_1_116' title="bbox 2115 4597 3691 4672">
    <p class='ocr_par' dir='ltr' id='par_1_116' title="bbox 2115 4597 3691 4672">
     <span class='ocr_line' id='line_1_116' title="bbox 2115 4597 3691 4672; baseline -0.005 -16"><span class='ocrx_word' id='word_1_878' title='bbox 2115 4603 2354 4672; x_wconf 86' lang='grc' dir='ltr'>παρόντα</span> <span class='ocrx_word' id='word_1_879' title='bbox 2385 4599 2550 4670; x_wconf 78' lang='grc' dir='ltr'>μηδὲν</span> <span class='ocrx_word' id='word_1_880' title='bbox 2602 4599 2873 4669; x_wconf 82' lang='grc' dir='ltr'>ἡγεῖσθαι.</span> <span class='ocrx_word' id='word_1_881' title='bbox 2934 4598 3105 4652; x_wconf 87' lang='grc' dir='ltr'>Τοῦτο</span> <span class='ocrx_word' id='word_1_882' title='bbox 3143 4599 3320 4651; x_wconf 80' lang='grc' dir='ltr'>τοίνυν</span> <span class='ocrx_word' id='word_1_883' title='bbox 3366 4600 3498 4668; x_wconf 80' lang='grc' dir='ltr'>ἡμῖν</span> <span class='ocrx_word' id='word_1_884' title='bbox 3527 4597 3691 4667; x_wconf 74' lang='grc' dir='ltr'>ἔργον</span> 
     </span>
    </p>
   </div>
   <div class='ocr_carea' id='block_1_117' title="bbox 2114 4681 3691 4751">
    <p class='ocr_par' dir='ltr' id='par_1_117' title="bbox 2114 4681 3691 4751">
     <span class='ocr_line' id='line_1_117' title="bbox 2114 4681 3691 4751; baseline -0.004 -12"><span class='ocrx_word' id='word_1_885' title='bbox 2114 4686 2254 4739; x_wconf 80' lang='grc' dir='ltr'>ἔστω</span> <span class='ocrx_word' id='word_1_886' title='bbox 2276 4684 2369 4739; x_wconf 76' lang='grc' dir='ltr'>καὶ</span> <span class='ocrx_word' id='word_1_887' title='bbox 2412 4683 2659 4745; x_wconf 77' lang='grc' dir='ltr'>ἑαυτοὺς,</span> <span class='ocrx_word' id='word_1_888' title='bbox 2688 4682 2975 4746; x_wconf 79' lang='grc' dir='ltr'>κάκείνους</span> <span class='ocrx_word' id='word_1_889' title='bbox 2997 4681 3253 4736; x_wconf 86' lang='grc' dir='ltr'>πλάττειν</span> <span class='ocrx_word' id='word_1_890' title='bbox 3282 4683 3375 4735; x_wconf 78' lang='grc' dir='ltr'>καὶ</span> <span class='ocrx_word' id='word_1_891' title='bbox 3405 4681 3691 4751; x_wconf 78' lang='grc' dir='ltr'>ῥυθμίζειν</span> 
     </span>
    </p>
   </div>
   <div class='ocr_carea' id='block_1_118' title="bbox 2114 4761 3692 4835">
    <p class='ocr_par' dir='ltr' id='par_1_118' title="bbox 2114 4761 3692 4835">
     <span class='ocr_line' id='line_1_118' title="bbox 2114 4761 3692 4835; baseline -0.004 -14"><span class='ocrx_word' id='word_1_892' title='bbox 2114 4770 2194 4832; x_wconf 83' lang='grc' dir='ltr'>εἰς</span> <span class='ocrx_word' id='word_1_893' title='bbox 2227 4767 2363 4820; x_wconf 86' lang='grc' dir='ltr'>δέον·</span> <span class='ocrx_word' id='word_1_894' title='bbox 2405 4764 2527 4819; x_wconf 79' lang='grc' dir='ltr'>ἐπεὶ</span> <span class='ocrx_word' id='word_1_895' title='bbox 2564 4764 2693 4835; x_wconf 70' lang='grc' dir='ltr'>ποία</span> <span class='ocrx_word' id='word_1_896' title='bbox 2716 4766 2998 4835; x_wconf 75' lang='grc' dir='ltr'>παρρησίᾳ</span> <span class='ocrx_word' id='word_1_897' title='bbox 3020 4763 3328 4834; x_wconf 72' lang='grc' dir='ltr'>στησόμεθα</span> <span class='ocrx_word' id='word_1_898' title='bbox 3380 4761 3692 4835; x_wconf 80' lang='grc' dir='ltr'>ἔμπροσθεν</span> 
     </span>
    </p>
   </div>
   <div class='ocr_carea' id='block_1_119' title="bbox 2114 4845 3689 4921">
    <p class='ocr_par' dir='ltr' id='par_1_119' title="bbox 2114 4845 3689 4921">
     <span class='ocr_line' id='line_1_119' title="bbox 2114 4845 3689 4921; baseline -0.004 -17"><span class='ocrx_word' id='word_1_899' title='bbox 2114 4851 2208 4904; x_wconf 88' lang='grc' dir='ltr'>τοῦ</span> <span class='ocrx_word' id='word_1_900' title='bbox 2233 4849 2472 4921; x_wconf 85' lang='grc' dir='ltr'>βήματος</span> <span class='ocrx_word' id='word_1_901' title='bbox 2495 4847 2588 4900; x_wconf 87' lang='grc' dir='ltr'>τοῦ</span> <span class='ocrx_word' id='word_1_902' title='bbox 2614 4847 2879 4920; x_wconf 76' lang='grc' dir='ltr'>Χριστοῦς</span> <span class='ocrx_word' id='word_1_903' title='bbox 2922 4849 2982 4902; x_wconf 88' lang='grc' dir='ltr'>Εἰ</span> <span class='ocrx_word' id='word_1_904' title='bbox 3003 4848 3110 4918; x_wconf 78' lang='grc' dir='ltr'>γὰρ</span> <span class='ocrx_word' id='word_1_905' title='bbox 3138 4847 3440 4918; x_wconf 77' lang='grc' dir='ltr'>ἐπισκοπῆς</span> <span class='ocrx_word' id='word_1_906' title='bbox 3472 4845 3689 4912; x_wconf 84' lang='grc' dir='ltr'>ἀνάξιος</span> 
     </span>
    </p>
   </div>
   <div class='ocr_carea' id='block_1_120' title="bbox 2115 4928 3691 5003">
    <p class='ocr_par' dir='ltr' id='par_1_120' title="bbox 2115 4928 3691 5003">
     <span class='ocr_line' id='line_1_120' title="bbox 2115 4928 3691 5003; baseline -0.004 -17"><span class='ocrx_word' id='word_1_907' title='bbox 2115 4934 2145 4986; x_wconf 90' lang='lat'>6</span> <span class='ocrx_word' id='word_1_908' title='bbox 2172 4933 2365 4995; x_wconf 86' lang='grc' dir='ltr'>παῖδας</span> <span class='ocrx_word' id='word_1_909' title='bbox 2403 4930 2807 4993; x_wconf 83' lang='grc' dir='ltr'>ἀνυποτάκτους</span> <span class='ocrx_word' id='word_1_910' title='bbox 2840 4930 2999 5001; x_wconf 74' lang='grc' dir='ltr'>ἔχων,</span> <span class='ocrx_word' id='word_1_911' title='bbox 3025 4930 3204 5001; x_wconf 84' lang='grc' dir='ltr'>πολλῷ</span> <span class='ocrx_word' id='word_1_912' title='bbox 3235 4930 3433 5003; x_wconf 81' lang='grc' dir='ltr'>μᾶλλον</span> <span class='ocrx_word' id='word_1_913' title='bbox 3462 4929 3562 4999; x_wconf 80' lang='grc' dir='ltr'>τῆς</span> <span class='ocrx_word' id='word_1_914' title='bbox 3589 4928 3691 4998; x_wconf 84' lang='grc' dir='ltr'>βα-</span> 
     </span>
    </p>
   </div>
   <div class='ocr_carea' id='block_1_121' title="bbox 2119 5011 3690 5083">
    <p class='ocr_par' dir='ltr' id='par_1_121' title="bbox 2119 5011 3690 5083">
     <span class='ocr_line' id='line_1_121' title="bbox 2119 5011 3690 5083; baseline -0.003 -14"><span class='ocrx_word' id='word_1_915' title='bbox 2119 5015 2322 5078; x_wconf 89' lang='grc' dir='ltr'>σιλείας</span> <span class='ocrx_word' id='word_1_916' title='bbox 2354 5011 2462 5067; x_wconf 91' lang='grc' dir='ltr'>τῶν</span> <span class='ocrx_word' id='word_1_917' title='bbox 2495 5011 2756 5083; x_wconf 77' lang='grc' dir='ltr'>οὐρανῶν.</span> <span class='ocrx_word' id='word_1_918' title='bbox 2792 5013 2857 5065; x_wconf 90' lang='grc' dir='ltr'>Τί</span> <span class='ocrx_word' id='word_1_919' title='bbox 2892 5014 3102 5081; x_wconf 86' lang='grc' dir='ltr'>λέγεις;</span> <span class='ocrx_word' id='word_1_920' title='bbox 3149 5014 3255 5066; x_wconf 70' lang='grc' dir='ltr'>κᾶν</span> <span class='ocrx_word' id='word_1_921' title='bbox 3292 5014 3524 5082; x_wconf 90' lang='grc' dir='ltr'>γυναῖκα</span> <span class='ocrx_word' id='word_1_922' title='bbox 3555 5012 3690 5065; x_wconf 81' lang='grc' dir='ltr'>ἀτα-</span> 
     </span>
    </p>
   </div>
   <div class='ocr_carea' id='block_1_122' title="bbox 2119 5094 3691 5167">
    <p class='ocr_par' dir='ltr' id='par_1_122' title="bbox 2119 5094 3691 5167">
     <span class='ocr_line' id='line_1_122' title="bbox 2119 5094 3691 5167; baseline -0.003 -17"><span class='ocrx_word' id='word_1_923' title='bbox 2119 5114 2246 5150; x_wconf 87' lang='grc' dir='ltr'>κτον</span> <span class='ocrx_word' id='word_1_924' title='bbox 2279 5097 2512 5167; x_wconf 76' lang='grc' dir='ltr'>ἔχωμεν,</span> <span class='ocrx_word' id='word_1_925' title='bbox 2549 5095 2651 5149; x_wconf 85' lang='grc' dir='ltr'>κᾶν</span> <span class='ocrx_word' id='word_1_926' title='bbox 2684 5096 2900 5160; x_wconf 88' lang='grc' dir='ltr'>παῖδας,</span> <span class='ocrx_word' id='word_1_927' title='bbox 2931 5096 3162 5159; x_wconf 84' lang='grc' dir='ltr'>εὐθύνας</span> <span class='ocrx_word' id='word_1_928' title='bbox 3198 5095 3494 5166; x_wconf 86' lang='grc' dir='ltr'>ὑφέξομεν;</span> <span class='ocrx_word' id='word_1_929' title='bbox 3560 5094 3691 5158; x_wconf 74' lang='grc' dir='ltr'>Ναὶ,</span> 
     </span>
    </p>
   </div>
   <div class='ocr_carea' id='block_1_123' title="bbox 2119 5177 3695 5250">
    <p class='ocr_par' dir='ltr' id='par_1_123' title="bbox 2119 5177 3695 5250">
     <span class='ocr_line' id='line_1_123' title="bbox 2119 5177 3695 5250; baseline -0.001 -19"><span class='ocrx_word' id='word_1_930' title='bbox 2119 5180 2214 5231; x_wconf 85' lang='grc' dir='ltr'>ἐάν</span> <span class='ocrx_word' id='word_1_931' title='bbox 2245 5178 2319 5249; x_wconf 86' lang='grc' dir='ltr'>μὴ</span> <span class='ocrx_word' id='word_1_932' title='bbox 2349 5178 2484 5249; x_wconf 87' lang='grc' dir='ltr'>μετά</span> <span class='ocrx_word' id='word_1_933' title='bbox 2525 5178 2809 5249; x_wconf 87' lang='grc' dir='ltr'>ἀκριϐείας</span> <span class='ocrx_word' id='word_1_934' title='bbox 2839 5179 2907 5232; x_wconf 90' lang='grc' dir='ltr'>τά</span> <span class='ocrx_word' id='word_1_935' title='bbox 2944 5182 3071 5250; x_wconf 81' lang='grc' dir='ltr'>παρ’</span> <span class='ocrx_word' id='word_1_936' title='bbox 3118 5178 3328 5232; x_wconf 74' lang='grc' dir='ltr'>ἑαυτῶν</span> <span class='ocrx_word' id='word_1_937' title='bbox 3360 5177 3695 5242; x_wconf 82' lang='grc' dir='ltr'>εἰσενέγκω-</span> 
     </span>
    </p>
   </div>
   <div class='ocr_carea' id='block_1_124' title="bbox 2125 5260 3697 5333">
    <p class='ocr_par' dir='ltr' id='par_1_124' title="bbox 2125 5260 3697 5333">
     <span class='ocr_line' id='line_1_124' title="bbox 2125 5260 3697 5333; baseline -0.001 -20"><span class='ocrx_word' id='word_1_938' title='bbox 2125 5278 2244 5333; x_wconf 88' lang='grc' dir='ltr'>μεν·</span> <span class='ocrx_word' id='word_1_939' title='bbox 2272 5263 2332 5314; x_wconf 79' lang='grc' dir='ltr'>οὐ</span> <span class='ocrx_word' id='word_1_940' title='bbox 2365 5260 2474 5331; x_wconf 83' lang='grc' dir='ltr'>γὰρ</span> <span class='ocrx_word' id='word_1_941' title='bbox 2505 5262 2668 5332; x_wconf 87' lang='grc' dir='ltr'>ἀρκεῖ</span> <span class='ocrx_word' id='word_1_942' title='bbox 2695 5264 2825 5333; x_wconf 78' lang='grc' dir='ltr'>ἡμῖν</span> <span class='ocrx_word' id='word_1_943' title='bbox 2860 5264 2892 5333; x_wconf 78' lang='grc' dir='ltr'><strong>ἡ</strong></span> <span class='ocrx_word' id='word_1_944' title='bbox 2925 5263 3101 5316; x_wconf 86' lang='grc' dir='ltr'>οἰκεία</span> <span class='ocrx_word' id='word_1_945' title='bbox 3127 5261 3297 5332; x_wconf 79' lang='grc' dir='ltr'>ἀρετὴ</span> <span class='ocrx_word' id='word_1_946' title='bbox 3344 5261 3481 5331; x_wconf 79' lang='grc' dir='ltr'>πρὸς</span> <span class='ocrx_word' id='word_1_947' title='bbox 3519 5277 3697 5328; x_wconf 86' lang='grc' dir='ltr'>σωτη-</span> 
     </span>
    </p>
   </div>
   <div class='ocr_carea' id='block_1_125' title="bbox 2124 5344 3695 5416">
    <p class='ocr_par' dir='ltr' id='par_1_125' title="bbox 2124 5344 3695 5416">
     <span class='ocr_line' id='line_1_125' title="bbox 2124 5344 3695 5416; baseline -0.001 -19"><span class='ocrx_word' id='word_1_948' title='bbox 2124 5346 2265 5416; x_wconf 89' lang='grc' dir='ltr'>ρίαν.</span> <span class='ocrx_word' id='word_1_949' title='bbox 2292 5346 2353 5398; x_wconf 84' lang='grc' dir='ltr'>Εἰ</span> <span class='ocrx_word' id='word_1_950' title='bbox 2380 5344 2488 5415; x_wconf 89' lang='grc' dir='ltr'>γάρ</span> <span class='ocrx_word' id='word_1_951' title='bbox 2512 5347 2540 5400; x_wconf 89' lang='lat'>6</span> <span class='ocrx_word' id='word_1_952' title='bbox 2574 5345 2633 5399; x_wconf 80' lang='grc' dir='ltr'>τὸ</span> <span class='ocrx_word' id='word_1_953' title='bbox 2653 5346 2909 5399; x_wconf 82' lang='grc' dir='ltr'>τάλαντον</span> <span class='ocrx_word' id='word_1_954' title='bbox 2937 5346 2998 5401; x_wconf 85' lang='grc' dir='ltr'>τὸ</span> <span class='ocrx_word' id='word_1_955' title='bbox 3029 5345 3087 5398; x_wconf 83' lang='grc' dir='ltr'>ἓν</span> <span class='ocrx_word' id='word_1_956' title='bbox 3130 5346 3203 5415; x_wconf 81' lang='grc' dir='ltr'>μὴ</span> <span class='ocrx_word' id='word_1_957' title='bbox 3231 5344 3695 5415; x_wconf 87' lang='grc' dir='ltr'>καταϐαλόμενος,</span> 
     </span>
    </p>
   </div>
   <div class='ocr_carea' id='block_1_126' title="bbox 2122 5426 3694 5500">
    <p class='ocr_par' dir='ltr' id='par_1_126' title="bbox 2122 5426 3694 5500">
     <span class='ocr_line' id='line_1_126' title="bbox 2122 5426 3694 5500; baseline -0.004 -17"><span class='ocrx_word' id='word_1_958' title='bbox 2122 5428 2271 5483; x_wconf 82' lang='grc' dir='ltr'>οὐδὲν</span> <span class='ocrx_word' id='word_1_959' title='bbox 2301 5428 2606 5500; x_wconf 81' lang='grc' dir='ltr'>ἐκέρδανεν,</span> <span class='ocrx_word' id='word_1_960' title='bbox 2634 5429 2768 5483; x_wconf 87' lang='grc' dir='ltr'>ἀλλά</span> <span class='ocrx_word' id='word_1_961' title='bbox 2805 5429 2895 5483; x_wconf 80' lang='grc' dir='ltr'>καὶ</span> <span class='ocrx_word' id='word_1_962' title='bbox 2922 5428 3064 5481; x_wconf 73' lang='grc' dir='ltr'>οὕτω</span> <span class='ocrx_word' id='word_1_963' title='bbox 3097 5428 3403 5492; x_wconf 74' lang='grc' dir='ltr'>κολάζεται·</span> <span class='ocrx_word' id='word_1_964' title='bbox 3431 5426 3586 5497; x_wconf 81' lang='grc' dir='ltr'>δῆλον</span> <span class='ocrx_word' id='word_1_965' title='bbox 3614 5427 3694 5480; x_wconf 87' lang='grc' dir='ltr'>ὅτι</span> 
     </span>
    </p>
   </div>
   <div class='ocr_carea' id='block_1_127' title="bbox 2123 5507 3695 5583">
    <p class='ocr_par' dir='ltr' id='par_1_127' title="bbox 2123 5507 3695 5583">
     <span class='ocr_line' id='line_1_127' title="bbox 2123 5507 3695 5583; baseline -0.002 -20"><span class='ocrx_word' id='word_1_966' title='bbox 2123 5511 2224 5563; x_wconf 83' lang='grc' dir='ltr'>οὑκ</span> <span class='ocrx_word' id='word_1_967' title='bbox 2252 5512 2412 5580; x_wconf 84' lang='grc' dir='ltr'>ἀρκεῖ</span> <span class='ocrx_word' id='word_1_968' title='bbox 2435 5513 2468 5582; x_wconf 81' lang='grc' dir='ltr'><strong>ἡ</strong></span> <span class='ocrx_word' id='word_1_969' title='bbox 2496 5513 2671 5566; x_wconf 87' lang='grc' dir='ltr'>οἰκεία</span> <span class='ocrx_word' id='word_1_970' title='bbox 2707 5512 2875 5583; x_wconf 82' lang='grc' dir='ltr'>ἀρετὴ</span> <span class='ocrx_word' id='word_1_971' title='bbox 2903 5513 2984 5574; x_wconf 89' lang='grc' dir='ltr'>εἰς</span> <span class='ocrx_word' id='word_1_972' title='bbox 3005 5512 3299 5580; x_wconf 87' lang='grc' dir='ltr'>σωτηρίαν,</span> <span class='ocrx_word' id='word_1_973' title='bbox 3328 5509 3462 5562; x_wconf 88' lang='grc' dir='ltr'>ἀλλά</span> <span class='ocrx_word' id='word_1_974' title='bbox 3492 5510 3573 5561; x_wconf 85' lang='grc' dir='ltr'>δεῖ</span> <span class='ocrx_word' id='word_1_975' title='bbox 3599 5507 3695 5562; x_wconf 69' lang='grc' dir='ltr'>καὶ</span> 
     </span>
    </p>
   </div>
   <div class='ocr_carea' id='block_1_128' title="bbox 2126 5591 3694 5664">
    <p class='ocr_par' dir='ltr' id='par_1_128' title="bbox 2126 5591 3694 5664">
     <span class='ocr_line' id='line_1_128' title="bbox 2126 5591 3694 5664; baseline -0.002 -18"><span class='ocrx_word' id='word_1_976' title='bbox 2126 5592 2226 5660; x_wconf 83' lang='grc' dir='ltr'>τῆς</span> <span class='ocrx_word' id='word_1_977' title='bbox 2258 5592 2466 5662; x_wconf 86' lang='grc' dir='ltr'>ἐτέρου.</span> <span class='ocrx_word' id='word_1_978' title='bbox 2500 5594 2707 5664; x_wconf 81' lang='grc' dir='ltr'>Πολλὴν</span> <span class='ocrx_word' id='word_1_979' title='bbox 2736 5595 2914 5647; x_wconf 90' lang='grc' dir='ltr'>τοίνυν</span> <span class='ocrx_word' id='word_1_980' title='bbox 2948 5591 3232 5663; x_wconf 88' lang='grc' dir='ltr'>ποιώμεθα</span> <span class='ocrx_word' id='word_1_981' title='bbox 3256 5592 3353 5645; x_wconf 78' lang='grc' dir='ltr'>καὶ</span> <span class='ocrx_word' id='word_1_982' title='bbox 3377 5591 3485 5645; x_wconf 89' lang='grc' dir='ltr'>τῶν</span> <span class='ocrx_word' id='word_1_983' title='bbox 3501 5607 3694 5660; x_wconf 83' lang='grc' dir='ltr'>γυναι-</span> 
     </span>
    </p>
   </div>
   <div class='ocr_carea' id='block_1_129' title="bbox 2126 5673 3696 5748">
    <p class='ocr_par' dir='ltr' id='par_1_129' title="bbox 2126 5673 3696 5748">
     <span class='ocr_line' id='line_1_129' title="bbox 2126 5673 3696 5748; baseline -0.003 -18"><span class='ocrx_word' id='word_1_984' title='bbox 2126 5675 2239 5730; x_wconf 87' lang='grc' dir='ltr'>κῶν</span> <span class='ocrx_word' id='word_1_985' title='bbox 2266 5676 2541 5747; x_wconf 84' lang='grc' dir='ltr'>φροντίδα,</span> <span class='ocrx_word' id='word_1_986' title='bbox 2574 5677 2772 5748; x_wconf 81' lang='grc' dir='ltr'>πολλὴν</span> <span class='ocrx_word' id='word_1_987' title='bbox 2800 5675 3021 5731; x_wconf 76' lang='grc' dir='ltr'>καὶτῶν</span> <span class='ocrx_word' id='word_1_988' title='bbox 3052 5674 3257 5729; x_wconf 88' lang='grc' dir='ltr'>παίδων</span> <span class='ocrx_word' id='word_1_989' title='bbox 3294 5674 3552 5746; x_wconf 88' lang='grc' dir='ltr'>πρόνοιαν</span> <span class='ocrx_word' id='word_1_990' title='bbox 3600 5673 3696 5728; x_wconf 76' lang='grc' dir='ltr'>καὶ</span> 
     </span>
    </p>
   </div>
   <div class='ocr_carea' id='block_1_130' title="bbox 2128 5756 3696 5833">
    <p class='ocr_par' dir='ltr' id='par_1_130' title="bbox 2128 5756 3696 5833">
     <span class='ocr_line' id='line_1_130' title="bbox 2128 5756 3696 5833; baseline -0.001 -22"><span class='ocrx_word' id='word_1_991' title='bbox 2128 5758 2236 5812; x_wconf 87' lang='grc' dir='ltr'>τῶν</span> <span class='ocrx_word' id='word_1_992' title='bbox 2255 5759 2710 5833; x_wconf 81' lang='grc' dir='ltr'>οἰκετῶν,πολλὴν</span> <span class='ocrx_word' id='word_1_993' title='bbox 2732 5761 2824 5814; x_wconf 76' lang='grc' dir='ltr'>καὶ</span> <span class='ocrx_word' id='word_1_994' title='bbox 2854 5759 3009 5831; x_wconf 84' lang='grc' dir='ltr'>ἡμῶν</span> <span class='ocrx_word' id='word_1_995' title='bbox 3033 5759 3233 5824; x_wconf 87' lang='grc' dir='ltr'>αὑτῶν,</span> <span class='ocrx_word' id='word_1_996' title='bbox 3248 5759 3355 5812; x_wconf 73' lang='grc' dir='ltr'>ικαὶ</span> <span class='ocrx_word' id='word_1_997' title='bbox 3382 5759 3440 5811; x_wconf 83' lang='grc' dir='ltr'>ἐν</span> <span class='ocrx_word' id='word_1_998' title='bbox 3465 5757 3545 5829; x_wconf 83' lang='grc' dir='ltr'>τῷ</span> <span class='ocrx_word' id='word_1_999' title='bbox 3569 5756 3696 5810; x_wconf 75' lang='grc' dir='ltr'>ἐαυ⁴</span> 
     </span>
    </p>
   </div>
  </div>
