4042 6212
399 542 695 605 modestam
721 589 737 614 ,
766 546 820 603 et
844 548 890 603 Si
918 545 1084 610 filios,
1111 544 1398 600 reddendae
1429 541 1618 597 rationi
1652 541 1852 596 erimus
1881 541 1979 595 ob-

400 638 580 727 lioxii?
607 637 852 703 Maxime,
883 638 984 693 nisi
1010 636 1197 692 exacte
1217 645 1273 690 et
1300 641 1546 689 aecnrate
1575 632 1979 702 przestiterimns

399 721 668 800 quaesiuit
696 744 724 784 a
756 729 908 783 nobis
950 725 1247 797 p’riestanda
1278 743 1291 779 :
1325 733 1430 780 non
1457 725 1598 778 enim
1631 723 1838 792 propria
1865 721 1976 776 vir-

398 816 482 875 lus
511 821 662 875 nobis
691 810 888 873 Sufficit
913 818 979 872 ad
1000 817 1250 872 salutem.
1275 816 1406 870 Nam
1433 815 1480 869 si
1504 815 1590 884 qui
1620 830 1777 866 unum
1809 812 1977 868 talen-

398 910 508 967 t'um
541 928 644 966 non
677 909 950 980 dcpo‘ne'ns
991 911 1120 964 nihil
1159 920 1241 964 est
1281 910 1554 972 literatus;
1588 906 1682 960 sed
1711 906 1871 961 etiam
1899 905 1977 959 sic

399 1005 631 1074 punitur,-
657 1005 738 1058 e'st
767 1001 1106 1073 perspicuum
1130 1000 1270 1070 quod
1295 1000 1462 1053 virtus
1491 998 1703 1068 propria
1733 1009 1837 1049 non
1866 995 1974 1048 suf-

398 1095 506 1149 ticit
534 1089 600 1148 ad
626 1087 849 1148 salutem
877 1135 891 1158 ,
919 1093 1012 1147 sed
1042 1091 1261 1146 alterius
1301 1089 1460 1144 etiam
1492 1089 1685 1142 virtute
1710 1100 1842 1154 opus
1871 1095 1971 1137 est.

394 1179 637 1254 Magnam
656 1186 784 1255 ergo
809 1185 990 1240 c'u'ram
1017 1189 1264 1253 geramus
1285 1191 1337 1236 et
1359 1192 1582 1235 uxorum
1611 1187 1664 1232 et
1687 1176 1971 1231 liberarunt

393 1279 446 1331 et
476 1277 793 1332 famulorum
828 1279 882 1332 et
909 1277 1073 1331 nostri
1103 1277 1367 1346 ipsorum,
1395 1283 1450 1328 et
1489 1273 1541 1326 in
1576 1272 1730 1326 nobis
1763 1269 1892 1338 ipsis
1919 1277 1973 1322 et

392 1359 498 1423 illis
523 1369 907 1439 componendis
935 1369 1099 1422 Deum
1129 1377 1396 1437 rogemus,
1425 1376 1481 1418 ut
1504 1364 1570 1418 ad
1591 1378 1709 1418 eam
1736 1375 1848 1416 rem
1877 1375 1972 1412 no-

390 1456 473 1514 bis
498 1476 653 1531 opem
685 1459 835 1516 ferat.
868 1458 922 1516 Si
954 1460 1147 1516 viderit
1188 1471 1286 1514 nos
1323 1460 1423 1512 hoc
1459 1470 1648 1510 curare
1683 1464 1736 1508 et
1765 1452 1833 1507 de
1867 1450 1970 1506 hoc

1135 434 1190 488 s.
1230 412 1504 487 JOANNIS
1540 408 2009 484 cuiivsdstoait
2049 407 2363 484 AacutEe.
2404 409 2934 486 consumtum.

3572 421 3668 488 tas

2087 556 2208 598 esse
2233 542 2519 609 sollicitos,
2543 558 2698 606 opem
2730 543 2902 608 feret;
2935 541 3017 596 sin
3057 542 3256 597 nullam
3289 527 3487 611 habere
3514 544 3667 614 hujus

2087 634 2164 688 rei
2206 633 2504 700 rationem,
2541 648 2760 688 manum
2796 648 2901 687 non
2939 633 3191 703 porriget.
3220 633 3336 688 Non
3369 636 3511 689 enim
3537 636 3662 691 dor-

2086 724 2374 779 mientibus
2401 724 2556 778 nobis
2582 725 2674 778 dat
2701 725 2955 779 auxilium
2985 725 3146 790 Deus,
3176 726 3271 780 sed
3302 727 3431 796 ipsis
3455 743 3666 799 quoque

2084 815 2446 871 laborantibus
2479 830 2641 869 :nam
2685 815 2897 886 adjutor
2941 831 3046 870 non
3082 826 3164 871 est
3202 817 3393 881 otiosi,
3429 818 3520 874 sed
3549 820 3662 888 ejus

2082 907 2170 976 qui
2191 907 2304 976 ipse
2323 921 2533 977 quoque
2553 915 2825 976 operatur.
2848 907 3045 963 Potens
3065 917 3148 964 est
3167 919 3344 966 autem
3371 911 3510 967 Deus
3530 929 3663 982 opus

2082 1013 2177 1066 per
2203 1009 2262 1052 se
2287 998 2352 1052 ad
2382 997 2629 1053 ellectum
2658 999 2954 1066 deducere,
2985 1009 3043 1054 ut
3075 1015 3262 1056 omnes
3294 1003 3437 1074 digni
3467 1003 3659 1060 habea-

2081 1102 2200 1142 mur
2225 1089 2315 1158 qui
2345 1088 2483 1143 bona
2513 1090 2774 1159 promissa
2801 1103 3211 1161 consequamur,
3243 1108 3337 1162 per
3360 1097 3580 1165 gratiam
3607 1107 3659 1152 et

2082 1177 2460 1249 benignitatem
2506 1181 2713 1235 Domini
2754 1182 2920 1235 nostri
2964 1181 3090 1238 Iesu
3135 1183 3369 1248 Christi,
3411 1188 3494 1241 cui
3535 1203 3654 1244 cum

2080 1269 2236 1324 Patre
2255 1280 2308 1325 et
2327 1269 2526 1339 Spiritu
2553 1281 2742 1326 sancto
2758 1273 2948 1342 gloria,
2976 1273 3279 1342 imperium,
3306 1277 3495 1345 honor,
3520 1295 3658 1336 nunc

2077 1371 2132 1417 et
2159 1375 2391 1432 semper,
2419 1371 2471 1416 et
2498 1362 2549 1416 in
2577 1364 2771 1418 saecula
2796 1364 3138 1419 smeulorum.
3167 1369 3358 1422 Amen.

3609 1556 3656 1590 La

1807 1631 2159 1695 HOMILIA
2205 1631 2418 1691 XXII.

385 1785 516 1840 CAP.
540 1786 593 1841 6.
623 1802 674 1840 v.
703 1787 758 1842 5.
789 1786 952 1850 Servi,
983 1785 1176 1840 obedite
1199 1768 1413 1840 dominis
1446 1778 1731 1866 carnalibus
1761 1794 1873 1866 cum
1901 1773 1964 1829 ti-

455 1891 595 1930 more
629 1885 677 1930 et
716 1885 962 1943 tremore,
1002 1877 1053 1930 in
1092 1875 1411 1946 simplicitate
1437 1868 1603 1927 cordis
1629 1862 1808 1950 vestri,
1843 1866 1970 1922 sicut

455 1966 656 2022 Christo
685 1984 704 2023 :
728 1967 781 2023 6.
809 1985 908 2022 non
932 1968 1001 2022 ad
1023 1968 1222 2022 oculum
1245 1967 1508 2020 servientes
1527 1967 1667 2032 quasi
1689 1952 1970 2016 hominibus

453 2060 704 2130 placentes
723 2101 739 2127 ,
764 2061 854 2115 sed
883 2069 938 2114 ut
967 2060 1096 2115 servi
1124 2057 1343 2124 Christi,
1383 2057 1620 2127 facientes
1661 2055 1966 2107 voluntatem

454 2148 554 2224 Dei
580 2166 643 2205 ea:
667 2150 856 2216 animo,
883 2151 936 2204 7.
960 2166 1076 2204 cum
1103 2149 1233 2203 bona
1257 2149 1510 2202 voluntate
1530 2146 1812 2208 servientes,
1839 2143 1966 2196 sicut

451 2239 676 2294 Domino
715 2250 761 2295 et
807 2257 908 2294 non
951 2240 1273 2304 hominibus;
1303 2238 1356 2293 8.
1398 2237 1605 2292 scientes
1634 2234 1771 2303 quod
1802 2249 1963 2287 unus-

451 2333 662 2402 quisque
701 2310 1047 2403 quodct'tmqite
1083 2332 1261 2407 fecerit
1305 2332 1488 2385 bonum
1512 2369 1527 2395 ,
1569 2329 1662 2382 hoc
1702 2327 1906 2397 recipiet
1932 2343 1966 2379 α

450 2423 697 2491 Domino,
723 2424 828 2478 sive
853 2440 1041 2498 servus,
1059 2425 1165 2490 sive
1181 2423 1323 2493 liber.
1427 2499 1438 2508 ἢ
1929 2487 1932 2492 _

455 2508 506 2562 I.
540 2507 614 2561 De
636 2523 894 2562 servorum
923 2509 1117 2579 officiis.
1143 2539 1222 2582 -,
1239 2508 1353 2562 Non
1381 2503 1554 2586 solum
1594 2504 1773 2576 itaque
1800 2503 1961 2559 mari-

380 2593 498 2666 lus,
530 2614 704 2670 neque
731 2615 867 2655 uxor
887 2641 903 2667 ,
935 2615 1106 2671 neque
1148 2600 1277 2666 lilii,
1309 2600 1401 2654 sed
1434 2605 1712 2655 servorum
1750 2599 1963 2670 quoque

379 2693 546 2744 virtus
581 2692 788 2746 confert
825 2692 890 2746 ad
934 2692 1149 2747 domum
1183 2693 1610 2747 constituendam
1649 2703 1702 2748 et
1731 2677 1960 2747 admini-

375 2781 672 2836 strandam.
714 2783 1003 2853 Propterea
1037 2784 1222 2847 beatus
1255 2785 1450 2840 Paulus
1476 2793 1544 2840 ne
1583 2786 1719 2840 hanc
1743 2784 1959 2855 quidem

376 2882 582 2942 partem
609 2874 837 2950 neglexit
863 2893 876 2941 ;
909 2875 1002 2930 sed
1033 2885 1304 2946 postremo
1325 2875 1540 2947 quidem
1566 2867 1634 2931 ad
1663 2892 1780 2932 eam
1809 2891 1962 2932 acce-

373 2963 472 3038 dit,
495 2966 745 3035 quoniam
773 2966 1027 3041 dignitate
1048 2982 1260 3038 quoque
1285 2967 1384 3022 sita
1408 2976 1491 3023 est
1517 2976 1804 3037 postrema.
1829 2950 1959 3021 Μιιίο

377 3057 444 3110 tis
469 3068 648 3112 autem
678 3065 797 3112 eum
829 3057 907 3112 eis
935 3057 1064 3127 agit,
1095 3073 1202 3112 non
1244 3067 1511 3128 tamquam
1541 3073 1660 3113 cum
1692 3057 1831 3121 liliis,
1863 3055 1956 3112 sed

376 3147 546 3203 multo
572 3147 859 3228 perfectius
879 3166 892 3227 ς
914 3165 1020 3203 ηοη
1041 3131 1181 3204 enim
1205 3136 1296 3228 dat
1317 3149 1402 3204 hic
1421 3149 1498 3205 eis
1525 3149 1954 3220 promissionem,

374 3239 467 3293 sed
497 3239 549 3293 in
575 3238 774 3316 futuro.
799 3223 1048 3307 scientes,
1072 3223 1260 3312 inquit,
1287 3231 1423 3329 quod
1442 3240 1781 3317 unusquisque
1799 3242 1959 3310 quod—
1991 3291 2005 3303 ,

373 3345 584 3402 cumque
599 3333 771 3402 fecerit
792 3333 978 3411 bonum
998 3333 1074 3389 vel
1093 3333 1304 3411 malum,
1328 3334 1422 3387 hoc
1445 3331 1650 3403 recipiet
1669 3349 1700 3386 a
1717 3332 1953 3387 Domino.

378 3421 440 3475 Et
461 3421 571 3490 jam
594 3421 753 3478 docet
788 3422 1178 3502 philosophari.
1203 3423 1333 3479 Nam
1365 3418 1461 3480 etsi
1494 3423 1810 3479 anetoritate
1833 3433 1958 3479 sunt

376 3512 610 3568 minores
631 3512 774 3578 filiis,
799 3514 879 3568 sui
901 3523 1073 3592 tamen
1097 3515 1349 3585 opinione
1370 3509 1493 3570 sunt
1515 3507 1765 3586 majores.
1787 3513 1952 3581 Servi,

377 3605 584 3675 inquit,
619 3607 816 3662 obedite
853 3607 1071 3661 dominis
1111 3609 1419 3663 carnalibus.
1457 3607 1682 3664 Mmrore
1711 3593 1953 3662 alieclam

375 3696 551 3748 statim
596 3699 768 3751 erexit
808 3698 1074 3764 animam,
1107 3708 1160 3753 et
1188 3699 1363 3752 statim
1401 3709 1483 3754 est
1518 3699 1842 3756 consolatus.
1879 3699 1956 3755 Ne

373 3785 573 3849 doleas,
601 3786 791 3856 inquit,
819 3790 956 3857 quod
986 3789 1159 3864 minus
1185 3788 1380 3844 habeas
1402 3806 1557 3858 quam
1581 3805 1722 3844 uxor
1739 3799 1792 3844 et
1819 3783 1909 3844 lilii
1939 3809 1952 3844 :

374 3876 544 3929 solum
571 3886 653 3930 est
680 3874 874 3931 nomen
916 3870 1221 3943 servitutis;
1259 3873 1476 3933 carnale
1510 3888 1592 3934 est
1622 3880 1913 3934 dominium
1936 3922 1951 3946 ,

377 3967 669 4036 temporale
698 3968 751 4021 et
779 3968 943 4024 breve
972 3985 984 4019 :
1018 3957 1271 4038 quidquid
1303 3971 1444 4024 enim
1482 3980 1563 4025 est
1601 3969 1846 4034 carnale,
1873 3979 1956 4026 est

375 4058 630 4114 caducum
671 4069 724 4114 et
762 4075 868 4114 non
907 4059 1234 4114 diuturnum.
1267 4044 1396 4116 Cum
1429 4049 1640 4128 timore,
1675 4058 1879 4131 inquit,
1908 4072 1954 4115 et

377 4162 606 4206 tremore.
641 4150 802 4206 Vides
828 4151 970 4220 quod
1007 4165 1110 4205 non
1139 4151 1383 4206 eumdem
1417 4153 1657 4206 timorem
1687 4151 1863 4222 exegit
1888 4151 1956 4205 ab

377 4256 543 4297 uxore
580 4251 643 4318 et.
679 4242 882 4297 servis?
912 4240 1042 4296 Nam
1087 4241 1193 4296 illic
1239 4242 1453 4312 quidem
1497 4243 1630 4297 dixit
1669 4242 1950 4310 absolute,

381 4331 568 4387 Mulier
605 4334 777 4386 timeat
818 4333 1054 4387 maritum
1087 4348 1106 4386 :
1133 4332 1219 4388 hic
1258 4343 1433 4388 autem
1474 4350 1595 4388 cum
1635 4334 1951 4401 intensione,

375 4420 504 4499 Cum
543 4423 720 4498 timore
758 4433 804 4478 et
840 4422 1073 4479 tremere.
1117 4423 1185 4478 In
1222 4425 1540 4496 simplicitate
1569 4427 1734 4480 cordis
1766 4427 1950 4492 vestri,

375 4517 503 4592 sicut
525 4515 745 4570 Christo.
775 4503 887 4572 Hoc
907 4499 1038 4571 dicit
1064 4505 1388 4587 frequenter.
1413 4517 1546 4586 Quid
1572 4519 1725 4586 dicis,
1748 4535 1779 4572 o
1802 4519 1956 4574 beate

380 4591 582 4659 Paule?
609 4615 690 4659 est
719 4591 900 4683 frater,
932 4607 1116 4662 eadem
1144 4615 1226 4663 est
1248 4619 1626 4678 consequutus,
1659 4619 1741 4665 est
1780 4610 1830 4664 in
1859 4626 1954 4665 eo-

377 4695 499 4748 dem
529 4695 754 4764 corpore
779 4713 792 4762 ;
822 4698 930 4751 imo
968 4692 1136 4753 factus
1173 4693 1256 4753 est
1284 4689 1448 4754 frater
1475 4715 1578 4754 non
1611 4701 1688 4755 sui
1717 4701 1953 4768 domini,

379 4785 470 4863 sed
510 4783 647 4840 adeo
675 4785 793 4839 Filii
827 4787 916 4841 Dei
943 4803 958 4853 ;
989 4788 1178 4843 fruitur
1207 4788 1393 4843 iisdem
1423 4791 1688 4853 omnibus,
1718 4803 1769 4846 et
1800 4792 1954 4859 dicis,

381 4876 589 4932 Obedite
609 4878 826 4933 dominis
848 4866 1134 4934 carnalibus
1159 4897 1274 4934 cum
1295 4883 1472 4936 timore
1490 4881 1537 4935 et
1560 4889 1774 4936 tremore
1788 4885 1814 4937 ?
1838 4885 1960 4939 Pro-

383 4983 560 5032 pterea
587 4970 752 5035 enim,
783 4970 971 5040 inquit,
1000 4971 1140 5025 dico.
1174 4970 1303 5024 Nam
1332 4973 1376 5026 si
1399 4971 1581 5042 jube'o,
1613 4972 1801 5044 inquit,
1829 4974 1960 5030 libe—

380 5076 469 5115 ros
492 5060 715 5114 invicem
739 5074 858 5115 esse
877 5059 1148 5129 subjectos
1176 5071 1391 5130 pr0ptcr
1412 5063 1656 5118 timorem
1685 5065 1796 5131 Dei,
1824 5066 1961 5121 sicut

378 5150 586 5205 dicebat
603 5152 868 5222 superius,
893 5149 1118 5222 Subjecti
1139 5152 1346 5207 invicem
1366 5152 1417 5208 in
1437 5155 1613 5210 timo‘re
1630 5151 1720 5210 Dei
1743 5155 1956 5227 (Ep/tes.

379 5242 432 5296 5.
465 5241 591 5311 2i);
619 5245 663 5297 si
685 5244 851 5314 jubeo
881 5259 1101 5298 uxorem
1132 5245 1320 5300 timere
1355 5247 1631 5312 maritum,
1663 5248 1871 5302 etiamsi
1897 5263 1958 5303 ea

381 5335 451 5387 sit
495 5339 588 5403 pa'r
629 5337 831 5394 honore
857 5357 870 5393 :
901 5327 1067 5394 multo
1096 5338 1262 5409 magis
1291 5353 1524 5393 servum.
1566 5339 1682 5394 Non
1710 5353 1790 5396 est
1817 5345 1958 5396 enim

383 5425 484 5479 hoc
512 5413 840 5496 ignobilitas,
870 5431 961 5485 sed
1004 5432 1168 5500 printa
1199 5417 1480 5496 nobilitas,
1509 5434 1648 5487 scire
1675 5448 1793 5488 esse
1823 5433 1959 5489 infe-

384 5519 604 5586 riorein,
633 5529 688 5575 et
717 5524 956 5579 modeste
980 5541 1037 5580 se
1063 5541 1272 5596 gerere,
1307 5533 1359 5579 et
1384 5525 1575 5580 cedere
1604 5541 1864 5594 proxrmo.
1897 5527 1962 5580 Et

384 5613 536 5667 liberi
571 5614 753 5668 liberis
784 5630 903 5670 cum
936 5607 1102 5672 multo
1129 5621 1318 5673 timore
1344 5627 1396 5673 et
1429 5623 1660 5673 tremore
1699 5619 1954 5672 serviunt.

386 5702 448 5754 In
489 5703 811 5771 simplicitate
838 5708 1035 5770 cordis,
1069 5709 1254 5778 inquit.
1297 5709 1460 5765 Recte
1500 5709 1660 5774 dixit;
1704 5711 1954 5780 quoniam

389 5791 498 5849 lieri
546 5802 721 5863 potest
758 5805 815 5850 ut
851 5799 1110 5852 serviatur
1134 5815 1255 5854 cum
1285 5801 1476 5856 timore
1512 5811 1565 5856 et
1603 5810 1835 5856 tremore
1859 5844 1872 5868 ,
1903 5811 1955 5855 at

386 5884 487 5942 lion
519 5899 584 5943 ex
608 5887 992 5958 benevolentia,
1028 5891 1120 5948 sed
1151 5889 1592 5964 utcumquelicet.
1619 5894 1732 5949 Non
1764 5895 1954 5950 anim-

2079 1769 2428 1828 advertuntur
2471 1767 2610 1831 enim
2651 1778 2798 1832 mulli
2850 1779 3012 1833 multa
3056 1795 3213 1848 prave
3267 1793 3514 1853 gerentes
3560 1787 3655 1840 ad;

2078 1863 2262 1918 versus
2306 1864 2573 1920 dominos.
2623 1857 2785 1936 Igitur
2825 1868 2960 1923 hanc
3007 1880 3218 1939 quoque
3265 1887 3476 1940 pravam
3519 1877 3654 1930 tollit

2076 1955 2364 2023 nequitiam
2387 1999 2400 2021 ,
2432 1950 2617 2011 dicens
2636 1999 2652 2025 ,
2689 1957 2755 2012 ln'
2793 1960 3113 2029 simplicitate
3143 1963 3311 2016 cordis
3350 1965 3498 2018 vestri
3524 1967 3654 2020 sicut

2074 2043 2314 2101 Domino.
2362 2039 2482 2102 Non
2522 2051 2590 2102 ad
2629 2049 2833 2104 oculum
2875 2053 3139 2106 servientes
3180 2055 3324 2123 quasi
3367 2055 3652 2110 hominibus

2075 2137 2346 2207 placentes,
2379 2139 2469 2193 sed
2493 2143 2545 2193 ut
2571 2142 2701 2194 servi
2729 2136 2936 2207 Christi,
2965 2141 3202 2211 facientes
3225 2147 3528 2200 voluntatem
3559 2146 3653 2201 Dei

2074 2247 2136 2284 ear.
2163 2224 2352 2296 animo,
2384 2249 2497 2286 cum
2524 2231 2863 2288 benevolentia
2895 2236 3158 2290 servientes
3182 2236 3306 2290 sicut
3339 2237 3576 2302 Domino,
3607 2249 3656 2293 et

2073 2339 2172 2376 non
2204 2323 2504 2379 hominibus.
2537 2324 2698 2380 Vides
2727 2342 2886 2396 quam
2911 2327 3089 2382 multis
3116 2329 3249 2398 o‘pus
3289 2329 3565 2395 habuerit,
3595 2342 3653 2386 ut

2073 2411 2174 2492 hoc
2201 2413 2396 2468 bonum
2425 2424 2480 2470 et
2509 2415 2789 2471 honestum
2819 2418 3100 2484 insereret,
3129 2419 3257 2474 Cum
3290 2421 3649 2488 benevolentia,

2070 2504 2317 2576 inquam,
2363 2516 2410 2560 et
2453 2524 2516 2561 ea:
2555 2509 2770 2563 animo?
2813 2509 2944 2563 Nam
2989 2509 3114 2564 illud
3156 2510 3367 2580 quidem
3408 2511 3650 2567 videmus

2070 2595 2267 2650 multo‘s
2302 2597 2560 2653 exhibere
2602 2599 2869 2666 dominis,
2899 2597 3026 2655 Cum
3064 2604 3244 2654 timore
3267 2642 3279 2665 ,
3323 2601 3533 2669 inquam
3555 2644 3570 2666 ,
3603 2613 3652 2656 et

2069 2680 2322 2753 iremore;
2361 2692 2414 2742 et
2459 2689 2525 2742 ad
2569 2688 2695 2743 illud
2739 2690 2904 2744 multa
2945 2688 3185 2745 efficiunt
3215 2693 3369 2744 mium
3397 2692 3598 2746 domini
3630 2710 3644 2745 :

2069 2773 2172 2832 Sed
2201 2777 2442 2843 deﬂende,
2477 2781 2665 2850 inquit,
2699 2790 2749 2836 te
2775 2781 2978 2836 servire
3015 2792 3280 2852 tamquam
3305 2783 3500 2838 Christi
3528 2794 3646 2838 ser-i

2067 2885 2213 2934 vum,
2241 2885 2345 2922 non
2376 2873 2641 2939 tamquam
2667 2869 2900 2924 hominis
2933 2890 2947 2926 :
2977 2872 3056 2926 fac
3078 2881 3134 2925 ut
3156 2872 3294 2940 quod
3318 2887 3347 2924 a
3373 2882 3422 2927 le
3447 2874 3648 2942 geritur

2067 2947 2136 3013 sit
2167 2969 2310 3013 tuum
2339 2963 2511 3030 opus,
2540 2975 2647 3015 non
2691 2961 3045 3016 necessitatis.
3075 2960 3228 3017 Sicut
3257 2962 3303 3015 ei
3331 2963 3418 3031 qui
3445 2963 3514 3016 ab
3542 2963 3647 3018 alio

2067 3052 2205 3106 male
2233 3051 2428 3121 patitur
2453 3053 2680 3121 suadet,
2709 3061 2763 3109 et
2789 3053 2944 3108 docet
2981 3065 3076 3122 per
3104 3065 3164 3107 ea
3196 3070 3313 3124 qua:
3339 3054 3533 3110 deinde
3557 3069 3644 3111 se-

2065 3155 2301 3214 quuntur
2320 3187 2335 3208 ,
2365 3156 2421 3201 ut
2445 3153 2599 3200 Suum
2627 3155 2749 3202 esse
2782 3145 2938 3200 faciat
2967 3146 3108 3216 quod
3151 3155 3295 3200 recte
3332 3147 3564 3217 geritur,
3594 3158 3648 3203 et

2064 3251 2184 3291 esse
2230 3236 2382 3292 liberi
2429 3237 2513 3292 sui
2555 3237 2760 3291 arbitrii
2795 3255 2809 3292 :
2844 3237 2913 3291 ita
2943 3248 2996 3292 et
3031 3237 3189 3291 hunc.
3228 3237 3360 3292 Natu
3393 3241 3517 3308 quia
3557 3241 3644 3308 qui

2065 3326 2336 3380 maxillam
2380 3327 2678 3396 percussit,
2709 3334 2815 3382 non
2843 3328 2910 3382 ad
2940 3329 3040 3382 hoc
3067 3329 3214 3383 venit
3239 3345 3302 3384 ex
3329 3339 3508 3385 mente
3530 3332 3644 3399 ejus

2063 3417 2152 3487 qui
2191 3425 2273 3472 est
2307 3433 2591 3486 percussus
2615 3460 2629 3484 ,
2658 3420 2751 3474 sed
2791 3436 2820 3473 a
2857 3428 2951 3474 Sua
2993 3421 3252 3490 pravitate
3274 3462 3288 3486 ,
3327 3421 3449 3491 quid
3481 3423 3644 3478 dicit?

2067 3505 2245 3561 Prwbe
2281 3505 2358 3562 illi
2382 3518 2429 3562 et
2456 3509 2667 3562 alteram
2696 3509 2914 3580 (Matth.
2942 3512 2994 3566 Β.
3027 3510 3158 3580 59);
3191 3512 3477 3567 ostendens
3503 3515 3643 3584 quod

2064 3615 2168 3653 non
2200 3599 2396 3654 invitus
2425 3615 2543 3654 eam
2573 3600 2781 3670 alapam
2826 3601 3164 3656 sustinueris.-
3197 3602 3327 3656 Nam
3357 3604 3442 3671 qui
3483 3606 3551 3658 ad
3594 3604 3643 3658 id

2062 3690 2202 3760 quod
2228 3701 2311 3746 est
2341 3691 2478 3746 male
2507 3707 2722 3761 passum
2748 3706 2868 3747 esse
2886 3733 2902 3759 ,
2930 3692 3130 3746 affatim
3159 3694 3320 3748 etiam
3357 3701 3640 3764 Superero-

2061 3783 2237 3853 gavit;
2267 3785 2318 3838 id
2345 3784 2485 3855 quod
2515 3799 2620 3839 non
2656 3796 2770 3840 erat
2808 3799 2964 3840 Suum
2989 3827 3002 3848 ,
3034 3799 3187 3839 suum
3234 3801 3353 3841 esse
3391 3787 3544 3852 fecit,
3579 3800 3644 3842 eo

2061 3875 2204 3946 qdo‘d
2233 3877 2385 3931 alteri
2413 3877 2639 3931 maxillae
2664 3878 2732 3931 sit
2759 3876 2951 3931 inﬂicta
2979 3877 3154 3946 ala‘pa,
3180 3891 3282 3932 non
3309 3877 3478 3932 solum
3504 3879 3643 3946 quod

2063 3969 2262 4024 tulerit.
2294 3968 2406 4023 Hoc
2435 3970 2577 4023 enim
2613 3967 2838 4025 fortasse
2864 3969 3131 4025 videbitur
3157 3972 3314 4026 etiam
3341 3986 3464 4026 esse
3493 3971 3647 4026 tilum

2062 4059 2172 4124 ris;
2213 4058 2344 4114 illud
2377 4069 2553 4113 autem
2597 4060 2776 4114 multa:
2815 4070 2898 4115 est
2939 4059 3312 4132 philos0phizc.
3353 4061 3644 4116 Ostendisd

2064 4151 2220 4221 igitur
2249 4151 2391 4220 quod
2427 4151 2527 4206 hoc
2556 4153 2716 4207 etiam
2748 4153 2933 4209 tuleris
2979 4165 3194 4223 propter
3230 4154 3641 4226 philosophiam.

2062 4245 2245 4314 Itaque
2272 4243 2412 4301 nunc
2438 4239 2647 4316 quoque
2675 4247 2916 4311 ostende.
2949 4249 3088 4318 quod
3119 4261 3309 4318 sponte
3340 4249 3479 4304 feras
3507 4250 3646 4304 hanc

2063 4340 2371 4394 servitutem
2395 4380 2410 4406 ,
2440 4345 2544 4394 nun
2577 4349 2632 4394 ιη
2659 4339 2962 4395 hominibus
2990 4343 3219 4412 placeas.
3249 4343 3347 4411 Qui
3378 4354 3511 4413 ergo
3533 4353 3647 4397 stu-

2063 4430 2152 4485 det
2169 4415 2472 4486 hominihus
2499 4431 2730 4501 placere,
2757 4448 2862 4487 non
2887 4441 2970 4488 est
2993 4448 3180 4488 servus
3200 4434 3428 4499 Christi;
3454 4435 3540 4504 qui
3565 4443 3648 4489 est

2063 4531 2240 4577 autem
2272 4526 2460 4578 servus
2485 4522 2704 4587 Christi,
2737 4532 2842 4577 non
2882 4524 3061 4579 studet
3085 4525 3295 4595 placere
3319 4525 3644 4579 hominibus.

2064 4613 2194 4678 Quis
2223 4613 2386 4678 enim,
2417 4629 2536 4669 cum
2573 4613 2643 4667 sit
2677 4613 2770 4668 Dei
2814 4630 3002 4670 servus
3022 4657 3036 4682 ,
3063 4616 3173 4670 vult
3204 4616 3508 4670 hominibus
3537 4617 3650 4686 pla-

2064 4706 2227 4760 cere?
2252 4713 2306 4759 et
2334 4706 2453 4775 quis
2493 4705 2794 4760 hominibus
2818 4707 3051 4776 placens,
3078 4716 3251 4776 potest
3272 4722 3392 4762 esse
3417 4708 3512 4761 Dei
3535 4717 3653 4762 ser-

2067 4798 2196 4852 vus?
2220 4797 2302 4851 Ea:
2328 4799 2518 4864 animo,
2553 4798 2755 4867 inquit,
2782 4815 2896 4852 cum
2922 4799 3051 4853 bona
3081 4799 3333 4853 voluntate
3358 4800 3648 4853 servientes.

2066 4889 2229 4944 Recte
2254 4889 2330 4943 sic
2351 4889 2481 4943 dixit
2501 4907 2513 4942 :
2535 4905 2654 4942 nam
2677 4891 2924 4959 quoniam
2949 4901 3000 4944 et
3025 4890 3075 4944 in
3099 4891 3438 4959 simplicitate
3461 4893 3651 4946 serviri

2068 4991 2263 5052 potest,
2283 4991 2335 5036 et
2361 4997 2465 5034 non
2490 4997 2650 5051 prave
2675 4997 2736 5035 ac
2755 4982 3003 5050 maligne,
3022 4981 3114 5037 sed
3137 4996 3242 5035 non
3273 4983 3396 5035 totis
3424 4983 3650 5046 viribus,

2067 5071 2160 5126 sed
2185 5081 2383 5124 tantum
2414 5072 2622 5140 impleri
2640 5072 2777 5142 quod
2799 5073 3023 5128 debetur
3051 5093 3065 5127 :
3092 5084 3373 5143 propterea
3392 5073 3542 5138 dicit,
3572 5075 3651 5129 Ex

2068 5163 2228 5217 animi
2257 5163 2528 5218 alacritate
2553 5206 2566 5229 ,
2601 5179 2705 5217 non
2735 5180 2800 5220 ex
2843 5167 3192 5231 necessitate;
3222 5182 3290 5221 ex
3335 5167 3505 5221 libera
3541 5167 3657 5221 ele-

2067 5255 2264 5319 Ctione,
2287 5272 2389 5308 non
2410 5271 2472 5309 ex
2499 5257 2774 5319 pravitate.
2793 5256 2850 5311 Si
2871 5259 2948 5312 sic
2971 5258 3196 5323 servias,
3219 5273 3325 5312 non
3349 5275 3408 5314 es
3427 5274 3652 5314 servus:

2064 5348 2113 5402 δί
2136 5363 2200 5402 ex
2226 5347 2391 5401 libero
2418 5348 2638 5402 arbitrio
2669 5358 2722 5402 et
2743 5349 3002 5415 instituto,
3027 5351 3070 5404 si
3094 5365 3215 5406 cum
3253 5351 3651 5413 benevolentia,

2069 5453 2117 5494 si
2137 5443 2200 5494 ex
2229 5455 2424 5505 annno,
2449 5441 2493 5494 si
2517 5448 2731 5510 propter
2756 5440 3050 5497 Christum.
3080 5443 3228 5498 Hanc
3253 5443 3395 5498 enim
3419 5444 3657 5498 servitu-

2071 5541 2176 5587 tem
2201 5534 2365 5588 servit
2402 5533 2561 5588 etiam
2592 5533 2786 5588 Paulus
2827 5534 2917 5589 ille
2956 5535 3120 5602 liber,
3144 5547 3200 5591 et
3223 5537 3418 5590 clamat
3443 5535 3654 5594 dicens.

2072 5621 2193 5676 Non
2220 5625 2349 5677 enim
2376 5641 2467 5678 nos
2496 5629 2631 5694 ipsos
2674 5625 3007 5694 prwdicamus
3030 5667 3044 5691 ,
3075 5627 3162 5680 sed
3191 5627 3447 5681 Christum
3477 5628 3659 5681 Jesunt

2072 5712 2364 5779 Dominum,
2386 5731 2476 5768 nos
2501 5725 2666 5768 autem
2685 5715 2818 5787 ipsos
2841 5733 3006 5770 servos
3036 5727 3220 5771 vestros
3246 5727 3452 5788 propter
3477 5717 3663 5771 Iesum

2073 5805 2148 5876 (2.
2183 5805 2298 5858 Cor.
2330 5807 2380 5860 i.
2412 5805 2492 5876 5).
2658 5875 2668 5882 1

2142 5899 2195 5952 2.
2247 5896 2377 5952 Vide
2407 5896 2674 5967 quomodo
2707 5897 2798 5952 tibi
2847 5895 3017 5954 aufert
3062 5896 3451 5969 ignobilitatem
3480 5894 3653 5951 servi-
