4046 6210
462 351 560 408 157

463 466 613 539 [ιο-ιι
643 464 851 530 κακῶς,
875 464 991 518 ἀλλ’
1017 467 1073 517 ἐν
1097 467 1209 526 τοῖς
1240 462 1450 515 ποιοῦσι
1483 459 1680 524 καλῶς,
1713 457 1807 511 καὶ
1835 453 2033 539 μᾶλλον

463 553 655 608 ὀνείδει
686 551 974 624 περιέϐαλε
1018 550 1096 622 τῷ
1129 547 1475 619 χαρίσασθαι,
1516 546 1549 616 ἢ
1588 540 1914 615 περιεῶήθη
1957 538 2037 608 τῷ

463 640 830 710 ἀφαιρεθῆναι
848 657 862 670 υ
895 638 1037 692 οὕτω
1065 638 1128 708 δὴ
1156 635 1386 690 ἐνταῦθα
1407 676 1421 697 ,
1450 636 1514 704 τῇ
1548 629 1795 701 δαψιλείᾳ
1821 629 1915 682 καὶ
1946 644 2039 697 με-

463 727 897 797 γαλοψυχότερος
927 728 1193 794 φανεῖται.
1235 723 1330 777 καὶ
1360 721 1576 783 δεικνὺς
1603 721 1685 773 δτι
1713 718 1813 770 οὑκ
1842 715 2040 787 ᾔσθετο

462 817 563 885 τῆς
588 813 867 884 ἁρπαγῆς,
899 811 1149 882 ἐντρέψει
1180 812 1405 864 ἐκεῖνον.
1435 806 1646 861 Οὐκοῦν
1671 806 1759 859 διὰ
1783 804 1875 857 τὸν
1905 804 2039 870 Χρι-

466 902 591 954 στὸν
614 900 953 969 δουλεύωμεν
977 901 1091 962 τοῖς
1113 899 1422 960 δεσπόταις,
1443 893 1703 958 Εὶδότες,
1732 891 1921 961 φησὶν,
1951 888 2041 941 ὅτι

466 989 498 1041 6
518 988 595 1041 ἄν
620 1006 673 1041 τι
705 987 1016 1056 ἄνθρωπος
1032 984 1259 1052 ποιήσῃ
1285 982 1533 1052 ἀγαθὸν,
1557 980 1734 1033 τοῦτο
1759 977 2041 1049 κομιεῖται

467 1075 626 1143 παρὰ
657 1074 763 1128 τοῦ
811 1075 1052 1142 Κυρίου,
1106 1072 1227 1126 εἴτε
1262 1070 1502 1135 δοῦλος,
1557 1068 1678 1121 sits
1710 1067 2039 1131 ἐλεύθερος.

480 1162 697 1230 Ἐπειδὴ
732 1162 841 1232 γὰρ
874 1160 1020 1224 εἰκὸς
1072 1155 1140 1230 ἦν
1182 1158 1410 1218 πολλοὺς
1445 1155 1553 1209 τῶν
1588 1153 1862 1208 δεσποτῶν
1910 1150 2041 1204 ἀπί-

473 1266 629 1314 στους
665 1249 822 1313 ὄντας
861 1249 936 1321 μὴ
968 1247 1345 1318 αἰσχύνεσθαι,
1379 1245 1512 1317 μηδὲ
1552 1242 1873 1315 ἀμείϐεσθαι
1917 1240 2045 1301 τοὺς

469 1341 686 1402 οἰκέτας
727 1341 824 1408 τῆς
865 1338 1140 1408 ὑπακοῆς,
1172 1338 1274 1408 ὅρα
1318 1335 1433 1399 πῶς
1473 1335 1673 1396 αὐτοὺς
1719 1329 2042 1403 παρεμυθή-

475 1444 635 1490 σατο,
677 1427 816 1480 ὥστε
868 1426 943 1497 μὴ
984 1424 1310 1479 ὑποπτεύειν
1339 1425 1436 1496 τὴν
1473 1421 1864 1481 ἀνταπόδοσιν,
1909 1415 2045 1472 ἀλλὰ

476 1513 681 1584 σφόδρα
716 1512 937 1586 θαρρεῖν
964 1513 1091 1585 περὶ
1129 1512 1228 1583 τῆς
1264 1512 1518 1583 ἀμοιϐῆς.
1555 1509 1823 1579 Καθάπερ
1860 1505 1971 1576 γὰρ
1994 1505 2045 1557 οἱ

474 1602 655 1666 καλῶς
684 1604 1004 1673 πάσχοντες,
1034 1603 1163 1655 ὅταν
1196 1603 1270 1673 μὴ
1300 1601 1633 1671 ἀμείϐωνται
1661 1599 1788 1660 τοὺς
1827 1593 2046 1665 εὐεργέ-

473 1708 594 1755 τας,
618 1690 708 1743 τὸν
734 1689 864 1743 Θεὸν
884 1690 1064 1752 αὑτοῖς
1087 1688 1369 1758 ὀφειλέτην
1396 1686 1641 1740 ποιοῦσιν
1661 1703 1675 1716 ·
1698 1684 1842 1739 οὑτω
1862 1681 1925 1753 δὴ
1952 1685 2047 1739 καὶ

474 1780 523 1831 οἱ
542 1778 815 1842 δεσπόται,
847 1778 912 1832 ἂν
929 1778 1191 1841 παθόντες
1214 1772 1273 1832 εὖ
1306 1777 1457 1847 παρὰ
1479 1776 1575 1853 σος)
1610 1776 1683 1847 μὴ
1709 1775 2047 1844 ἀμείψωνταί

479 1882 559 1932 σε,
598 1864 796 1935 μᾶλλον
830 1865 1155 1935 ἠμείψαντο,
1182 1865 1274 1918 τὸν
1303 1866 1437 1919 Θεὸν
1464 1864 1746 1933 ὀφειλέτην
1774 1880 1855 1917 σοι
1883 1881 2050 1916 κατα-

478 1954 794 2022 στήσαντες.
827 1954 934 2007 Καὶ
979 1956 1031 2006 οἱ
1075 1954 1285 2020 κύριοι,
1332 1951 1489 2022 φησὶ,
1539 1950 1613 2005 τὰ
1650 1951 1803 2004 αὐτὰ
1830 1949 2050 2004 ποιεῖτε

478 2039 628 2109 πρὸς
658 2041 899 2106 αὐτούς.
932 2071 999 2082 --
1034 2041 1107 2094 Τὰ
1130 2039 1283 2094 αὐτά
1306 2056 1319 2068 ·
1351 2042 1480 2092 ποῖα
1500 2057 1514 2103 ς
1536 2038 1670 2093 Μετ’
1698 2037 1909 2100 εὐνοίας
1928 2037 2050 2090 δου-

478 2128 685 2183 λεύετε.
748 2127 884 2179 Ἀλλ’
933 2128 1031 2179 οὑκ
1064 2123 1204 2192 εἷπε,
1246 2125 1553 2192 δουλεύετε,
1583 2123 1761 2179 καίτοι
1788 2141 1851 2193 γε
1882 2122 2052 2176 είπὼν

479 2216 547 2268 τά
576 2214 735 2278 αὑτὰ,
765 2214 925 2267 τοῦτο
958 2214 1194 2285 ἐδήλωσε
1216 2231 1229 2243 ·
1261 2212 1499 2266 δουλεύει
1528 2212 1639 2283 γάρ
1673 2212 1767 2266 καὶ
1799 2213 1827 2265 6
1855 2212 2053 2265 δεσπό-

480 2319 598 2370 της.
637 2302 728 2372 Μὴ
764 2301 839 2363 ὡς
869 2300 1345 2371 ἀνθρωπάρεσκοι,
1385 2300 1542 2368 φησὶ,
1584 2300 1720 2370 μετά
1760 2299 1927 2369 φόϐου
1957 2301 2053 2354 καὶ

482 2388 707 2461 τρόμου,
738 2388 1004 2447 τουτέστι,
1037 2387 1130 2440 τοῦ
1160 2387 1297 2458 πρὸς
1319 2388 1409 2440 τὸν
1444 2388 1595 2450 Θεὸν,
1622 2386 1916 2451 δεδοικότες
1952 2390 2055 2460 μή-

485 2493 613 2528 ποτε
647 2476 773 2546 ὑμῖν
802 2474 1069 2545 ἐγκαλέσῃ
1104 2473 1242 2545 ὑπὲρ
1282 2475 1381 2544 τῆς
1406 2475 1486 2538 είς
1514 2476 1641 2539 τοὺς
1669 2474 1887 2540 δούλους
1915 2477 2055 2546 ἀμε-

484 2563 650 2625 λείας.
697 2561 990 2629 Ἀνιέντες
1020 2562 1134 2629 τὴν
1161 2562 1439 2629 ἀπειλήν.
1472 2564 1562 2633 Μὴ
1595 2563 1863 2635 φορτικοὶ,
1898 2565 2054 2634 φησὶ,

490 2649 622 2721 μηδὲ
656 2650 908 2720 ἐπαχθεῖς
945 2650 1178 2719 γίνεσθε.
1215 2650 1456 2716 Ειδότες
1495 2652 1583 2704 ὅτι
1614 2651 1712 2705 καὶ
1748 2650 1916 2721 ὑμῶν
1951 2654 2058 2706 αὺο

486 2736 605 2790 τῶν
649 2740 685 2791 ό
716 2738 930 2804 Κύριός
970 2738 1142 2791 ἐστιν
1181 2738 1251 2791 ἐν
1290 2739 1587 2806 οὐρανοῖς.
1622 2739 1829 2792 Βαϐαίί
1870 2739 2059 2810 ἡλίκον

487 2823 734 2891 ᾐνίξατοί
767 2822 882 2886 πῶς
911 2824 1180 2893 ἐφόϐησεὲ
1216 2825 1505 2887 Τουτέστι,
1537 2825 1614 2896 τῷ
1647 2826 1852 2897 μέτρῳ,
1885 2820 1929 2895 ᾧ
1965 2843 2061 2897 με·

486 2913 672 2982 τρεῖς,
721 2912 1244 2984 ἀντιμετρηθήσεται
1276 2930 1377 2967 σοι.
1421 2915 1509 2982 Μὴ
1555 2913 1830 2987 ἀκούσης·
1870 2914 2060 2970 Δοῦλε

489 2999 735 3068 πονηρὲ,
768 3000 975 3055 πᾶσαν
1001 3000 1114 3069 τὴν
1143 3002 1399 3071 ὀφειλὴν
1421 3004 1664 3071 ἐκείνην
1700 3003 1909 3074 ἀφῆκά
1937 3020 2056 3060 σοι.

490 3088 599 3141 Καὶ
627 3090 1129 3157 προσωποληψία,
1175 3089 1359 3159 φησὶν,
1392 3092 1504 3144 οὐκ
1543 3090 1673 3146 ἔστι
1706 3093 1840 3162 παρ’
1879 3091 2057 3157 αὐτῷ.

491 3176 581 3244 Μὴ
628 3174 884 3246 νομίσῃς,
917 3176 1111 3246 φησὶν,
1146 3176 1227 3230 ὅτι
1264 3178 1333 3230 τά
1366 3178 1445 3241 είς
1480 3177 1571 3231 τὸν
1608 3178 1793 3231 δοῦλον
1818 3221 1833 3244 ,
1878 3179 1955 3242 ὡς
1983 3180 2063 3243 είς

491 3261 677 3314 δοῦλον
703 3262 983 3332 γινόμενα,
1022 3261 1193 3327 οὑτως
1220 3264 1441 3335 ἀφήσει.
1473 3266 1536 3318 Οἱ
1584 3265 1681 3336 μὲν
1722 3265 1831 3338 γάρ
1864 3266 2063 3331 ἔξωθεν

492 3348 643 3417 νόμοι
674 3348 934 3419 διαφορὰν
967 3350 1112 3404 ἴσασι
1142 3351 1347 3406 τούτων
1372 3352 1481 3407 τῶν
1507 3353 1702 3423 γενῶν,
1733 3354 1828 3407 ἅτε
1859 3353 2065 3426 ἀνθρώ-

495 3452 613 3486 πων
638 3435 789 3499 ὄντες
814 3436 967 3507 νόμοι
986 3454 998 3466 ο
1037 3438 1065 3490 6
1096 3437 1153 3491 δὲ
1182 3438 1345 3510 νόμος
1384 3443 1412 3494 6
1449 3441 1546 3494 τοῦ
1589 3441 1768 3496 κοινοῦ
1794 3443 2062 3495 Δεσπότου

493 3522 748 3592 οὐδεμίαν
772 3519 877 3576 οἶδε
907 3524 1170 3596 διαφορὰν
1191 3568 1215 3591 ,ν
1234 3525 1330 3580 ἅτε
1362 3531 1513 3599 κοινῇ
1540 3529 1747 3593 πάντας
1776 3525 1834 3584 εὖ
1870 3529 2062 3595 ποιῶν,

497 3611 589 3663 καὶ
618 3612 752 3664 πᾶσι
783 3611 890 3665 τῶν
919 3612 1097 3667 αὑτῶν
1133 3614 1465 3684 μεταδιδούς.

568 3698 628 3750 Εἰ
650 3698 707 3750 δέ
734 3716 816 3754 τις
851 3699 1024 3769 ἔροιτο
1053 3700 1213 3753 πόθεν
1246 3702 1277 3772 ή
1305 3703 1536 3765 δουλεία,
1567 3704 1661 3757 καὶ
1681 3704 1767 3757 διὰ
1793 3706 1843 3758 τί
1874 3708 1954 3769 είς
1976 3705 2066 3759 τὸν

499 3783 612 3852 βίον
652 3785 866 3853 εἰσῆλθε
892 3787 982 3841 τὸν
1018 3788 1356 3857 ἀνθρώπινον
1398 3790 1511 3861 (καὶ
1547 3792 1656 3862 γὰρ
1695 3788 1813 3846 οἶδα
1839 3793 2068 3858 πολλοὺς

499 3870 592 3922 καὶ
628 3870 944 3940 ἐρωτῶντας
968 3873 1036 3924 τὰ
1070 3874 1293 3927 τοιαῦτα
1324 3877 1496 3946 ἡδέως
1518 3878 1612 3931 καὶ
1645 3877 1838 3948 μαθεῖν
1880 3879 2067 3950 βουλο-

502 3956 760 4025 μένους),
788 3958 899 4025 ἐγὼ
932 3959 1066 4029 πρὸς
1093 3961 1235 4030 ὑμᾶς
1260 3963 1392 4033 ἐρῶ·
1428 3964 1493 4017 'II
1525 3965 1803 4030 πλεονεξία
1824 3966 1920 4038 τὴν
1948 3967 2067 4021 δου-

498 4041 646 4095 λείαν
672 4042 875 4107 ἔτεκεν,
905 4047 937 4117 ἡ
964 4046 1246 4116 βαναυσία,
1273 4051 1305 4119 ἡ
1328 4050 1599 4121 ἀπληστία
1622 4070 1633 4081 ο
1658 4054 1779 4108 ἐπεὶ
1800 4054 1921 4107 Νῶε
1948 4054 2068 4108 δοῦ-

498 4129 588 4183 λον
610 4131 708 4185 ούκ
728 4128 894 4203 εἶχεν,
920 4134 1039 4187 οὑδὲ
1072 4134 1256 4198 Ἀϐελ,
1287 4137 1406 4190 οὑδὲ
1426 4139 1555 4210 Σὴθ,
1578 4139 1691 4192 ἀλλ’
1711 4141 1831 4193 οὑδὲ
1854 4143 1902 4194 οί
1930 4143 2068 4213 μετά

498 4216 687 4273 ταῦτα.
735 4219 1001 4292 ’Λμαρτία
1018 4221 1173 4276 τοῦτο
1200 4222 1260 4277 τὸ
1290 4226 1520 4296 πρᾶγμα
1549 4226 1755 4292 ἔτεκεν,
1786 4230 1818 4300 ἠ
1843 4231 1922 4293 είς
1945 4230 2070 4295 τοὺς

502 4306 743 4380 πατέρας
770 4305 946 4381 ὕϐρις.
989 4309 1360 4368 Ἀκουέτωσαν
1385 4314 1432 4364 οἱ
1459 4313 1666 4378 παῖδες,
1696 4315 1777 4369 ὅτι
1800 4316 1941 4380 ἄξιοί
1964 4321 2069 4372 εἱσι

499 4394 672 4448 δοῦλοι
702 4389 862 4457 εἶναι,
887 4397 1015 4450 ὅταν
1038 4398 1117 4461 είς
1147 4398 1271 4463 τοὺς
1304 4400 1544 4471 πατέρας
1565 4402 1879 4474 ἀγνώμονες
1914 4398 2066 4464 ὦσιν.

513 4483 792 4569 Ἀφείλετο
841 4485 1033 4538 ἑαυτοῦ
1078 4486 1107 4538 6
1148 4486 1386 4552 τοιοῦτος
1412 4489 1511 4559 τὴν
1548 4490 1862 4559 εὐγένειαν·
1906 4497 1934 4547 6
1965 4495 2071 4569 γάρ

502 4568 739 4640 ὑϐρίζων
775 4570 864 4624 τὸν
894 4572 1127 4642 πατέρα,
1154 4574 1254 4627 οὑκ
1287 4573 1433 4627 ἐστιν
1466 4575 1547 4629 6::
1578 4578 1713 4642 υἱός.
1745 4580 1807 4633 Εἰ
1834 4580 1892 4634 δὲ
1923 4568 2075 4636 ὀπαζ-

500 4660 637 4727 τέρα
672 4660 928 4731 ὑϐρίζων,
960 4663 1060 4715 οὑκ
1087 4662 1231 4717 ἔστιν
1259 4664 1393 4729 υἱὸς,
1418 4667 1446 4718 6
1474 4665 1562 4719 τὸν
1586 4666 1753 4731 ὅντως
1775 4670 1933 4740 ἡμῶν
1965 4672 2074 4725 [Ια-

501 4743 637 4813 τέρα
668 4744 921 4816 ὑϐρίζων,
955 4747 1073 4811 πῶς
1101 4748 1252 4803 ἔσται
1273 4751 1411 4814 υίός;
1440 4751 1690 4822 Ἐξῆλθεν
1711 4756 1819 4808 ἀπὸ
1846 4757 1944 4827 τῆς
1978 4758 2072 4811 εὑ-

503 4834 740 4903 γενείας,
781 4833 1062 4906 ἐξύϐρισεν
1088 4837 1170 4901 είς
1197 4837 1295 4909 τὴν
1326 4839 1505 4908 φύσιν.
1550 4837 1682 4896 Εἶτα
1713 4844 1807 4897 καὶ
1845 4845 2070 4917 πόλεμοι

503 4927 599 4978 καὶ
646 4925 815 4995 μάχαι
850 4924 1232 4995 αἰχμαλώτους
1281 4928 1491 4985 ἔλαϐον.
1556 4931 1694 4985 Ἀλλ’
1734 4934 1763 4985 6
1821 4934 2073 5007 Ἀϐραὰμ

503 5007 646 5082 εἶχεν
694 5010 930 5075 οἰκέτας,
960 5009 1142 5080 φησίν.
1198 5012 1348 5088 [168]
1409 5017 1551 5072 Ἀλλ’
1584 5020 1682 5090 οὑχ
1723 5019 1798 5084 ὡς
1831 5023 2071 5088 οἰκέταις

504 5098 788 5170 ἒκέχρητοο
825 5098 967 5169 Ὅρα
997 5098 1113 5163 πῶς
1134 5101 1311 5155 πάντα
1335 5104 1413 5166 εἷς
1441 5106 1537 5177 τὴν
1565 5108 1805 5179 κεφαλὴν
1830 5110 2037 5182 ἀναρτᾷ
2057 5129 2069 5142 ·

503 5188 602 5255 τὴν
627 5189 879 5255 γυναῖκα,
902 5188 1038 5251 Ἵνα,
1068 5190 1254 5259 φησὶν,
1281 5192 1471 5263 ἀγαπᾷ
1493 5193 1698 5266 ταύτην
1717 5214 1730 5227 ⁸
1764 5197 1833 5251 τὰ
1862 5199 2073 5263 παιδία,

508 5274 623 5327 Ἰνα
656 5275 898 5350 ἐκτρέφῃ
932 5276 988 5328 ἐν
1011 5277 1231 5350 παιδείᾳ
1274 5280 1367 5332 καὶ
1396 5281 1643 5354 νουθεσίᾳ
1673 5286 1876 5356 Κυρίου
1905 5305 1920 5317 ·
1950 5290 2077 5346 τοὺς

504 5361 751 5427 δούλους,
790 5364 1030 5432 Είδότες
1064 5365 1151 5419 ὅτι
1196 5365 1296 5420 καὶ
1327 5366 1495 5436 ὑμῶν
1532 5371 1729 5425 αὐτῶν
1784 5377 1817 5428 ὀ
1864 5376 2078 5442 Κύριέ(-

505 5450 677 5502 ἐστιγ
708 5450 777 5503 ἐν
797 5454 1094 5522 οὐρανοῖς.
1127 5454 1306 5528 Οὑτω,
1329 5456 1483 5527 φησὶ,
1519 5458 1611 5512 καὶ
1647 5461 1823 5524 αὑτοὶ,
1852 5461 1926 5524 ὡς
1955 5462 2048 5515 δοῦ

506 5532 588 5585 λοι
621 5531 794 5598 ὄντες,
830 5536 1199 5609 φιλάνθρωποι
1230 5539 1443 5609 γίνεσθε
1490 5541 1583 5596 καὶ
1618 5548 2074 5615 συγγνωμονικοί.

508 5620 571 5673 Εί
610 5619 665 5674 δὲ
693 5618 945 5690 βούλεσθε
983 5626 1232 5691 ἀκοῦσαι,
1268 5628 1336 5681 τά
1373 5629 1511 5681 αὑτά
1545 5629 1777 5700 ἐροῦμεν
1812 5650 1938 5702 περ.
1971 5634 2078 5686 τῶν

506 5706 753 5773 οίκετῶν,
778 5706 812 5762 ἃ
842 5710 935 5763 καὶ
964 5709 1225 5781 πρότερον
1253 5715 1379 5785 περὶ
1403 5715 1507 5771 τῶν
1533 5717 1737 5773 παίδων
1759 5738 1771 5750 ’
1798 5719 2074 5775 διδάυιετε

1167 349 1223 403 S.
1262 343 1549 403 JO.\NN|S
1578 334 2072 399 ειιιιγειιετοιιι
2116 333 2433 391 ABCHIEP.
2471 337 3025 394 CONSTANTINOP.

3607 328 3708 384 138

2138 450 2336 514 αὑτοὺς
2366 449 2503 505 εἶναι
2540 452 2808 517 εὑλαϐεῖς,
2859 454 2956 508 καὶ
2996 451 3213 512 πάντως
3273 447 3452 501 πάντα
3492 445 3706 504 ἕπεται.

2136 537 2249 591 Νῦν
2263 537 2318 591 δὲ
2340 540 2420 600 εἰς
2447 538 2546 608 μὲν
2562 539 2786 611 θέατρον
2802 540 2989 603 ἀνιὼν,
3008 539 3103 593 καὶ
3126 541 3206 601 είς
3234 535 3513 606 βαλανεῖον
3534 532 3712 586 ἀπιών

2137 642 2241 690 τις,
2282 626 2490 689 πάντας
2527 626 2850 698 ὲπισύρεται
2880 629 3008 691 τοὺς
3049 626 3277 687 παῖδας²
3309 626 3390 687 είς
3413 622 3470 675 δὲ
3513 621 3712 689 ἐκκλη-

2142 713 2264 766 σίαν
2282 753 2297 775 ,
2329 714 2512 767 ούκέτι
2530 756 2545 781 ,
2571 715 2695 767 οὑδὲ
2724 715 3025 784 ἀναγκάζει
3063 717 3319 783 παρεῖναι
3348 712 3443 766 καὶ
3471 710 3709 765 ἀκούειν.

2142 800 2266 864 Πῶς
2292 800 2350 855 δὲ
2380 802 2409 853 6
2444 801 2661 873 οίκέτης
2693 803 3009 866 ἀκούσεται,
3060 800 3154 855 σοῦ
3183 799 3278 853 τοῦ
3303 798 3563 853 δεσπότου
3596 798 3715 850 ἑτέ-

2146 906 2259 958 ροις
2306 889 2691 959 προσέχοντοςς
2755 890 3098 961 Ἠγόρασας,
3138 887 3316 957 ἐπρίω
3363 886 3455 938 τὸν
3494 885 3712 949 δούλους

2144 976 2395 1029 ἐπίταττε
2432 976 2696 1049 πρότερον
2733 978 2881 1048 αὑτῷ
2919 977 2986 1032 τὰ
3032 976 3174 1031 κατά
3205 975 3368 1038 Θεὸν,
3404 974 3545 1027 ὥστε
3576 972 3717 1040 πρὸς

2143 1063 2269 1124 τοὺς
2299 1062 2611 1126 συνδούλους
2632 1058 2772 1117 εἶναι
2800 1065 2983 1135 ῆπιον,
3019 1065 3218 1134 ἀρετῆς
3245 1060 3411 1116 πολὺν
3442 1059 3717 1113 ποιεῖσθαι

2144 1150 2320 1219 λόγον.
2366 1151 2524 1215 Πόλις
2564 1153 2711 1205 ἐστὶν
2761 1154 2794 1222 ἠ
2852 1153 3082 1208 ἑκάστου
3132 1153 3313 1213 οἰκία.
3354 1150 3535 1222 ἄρχων
3567 1147 3720 1202 ἐστὶν

2146 1236 2373 1293 ἕκαστος
2397 1237 2493 1307 τῆς
2522 1238 2715 1291 ἑαυτοῦ
2762 1239 2958 1302 οίκίας.
3014 1240 3124 1292 Καὶ
3161 1241 3242 1293 ὅτι
3280 1237 3377 1308 μὲν
3419 1234 3642 1305 τοιαύτη
3680 1236 3720 1304 ἡ

2145 1323 2253 1376 τῶν
2296 1323 2688 1390 πλουτούντων,
2717 1323 2958 1396 εὔδηλον,
2990 1324 3117 1378 ἔνθα
3156 1326 3250 1379 καὶ
3280 1325 3440 1393 ἀγροὶ
3470 1323 3562 1375 καὶ
3597 1319 3723 1374 67:!-

2146 1426 2336 1480 τροποι
2373 1412 2467 1464 καὶ
2497 1412 2757 1483 ἄρχοντες
2799 1414 2890 1466 ἐπὶ
2924 1412 3182 1484 ἄρχουσιν
3202 1430 3217 1444 ·
3259 1411 3371 1481 ἐγὼ
3407 1411 3464 1463 δὲ
3498 1410 3590 1463 καὶ
3618 1408 3724 1476 τὴν

2147 1496 2253 1551 τῶν
2293 1499 2539 1570 πενήτων
2572 1499 2749 1553 οἰκίαν
2784 1500 2928 1569 φημὶ
2965 1501 3117 1552 πόλιν
3147 1496 3307 1552 εἶναι.
3343 1498 3453 1551 Καὶ
3484 1496 3593 1566 γάρ
3625 1494 3727 1548 καὶ

2148 1583 2381 1640 ἐνταῦθά
2431 1587 2569 1638 είσιν
2610 1586 2775 1657 ἀρχαί
2808 1604 2821 1618 ·
2853 1581 2986 1652 οἷον,
3020 1589 3213 1658 κρατεῖ
3248 1588 3345 1656 τῆς
3393 1583 3648 1653 γυναικὸς
3690 1583 3728 1634 ὁ

2147 1672 2308 1745 ἀνὴρ,
2340 1674 2372 1744 ή
2402 1674 2537 1744 γυνὴ
2566 1674 2674 1728 τῶν
2700 1675 2947 1737 οίκετῶν,
2979 1676 3028 1727 οἱ
3057 1676 3265 1728 οἰκέται
3298 1674 3406 1727 τῶν
3442 1673 3585 1726 ἰδίων
3619 1689 3727 1739 γυ-

2149 1760 2352 1813 ναικῶν
2377 1776 2390 1790 ’
2419 1760 2583 1814 πάλιν
2605 1763 2661 1815 αἱ
2685 1764 2942 1829 γυναῖκες
2964 1763 3058 1815 καὶ
3077 1763 3124 1814 οί
3147 1762 3338 1832 ἀνδρες
3362 1759 3468 1813 τῶν
3491 1758 3723 1812 παίδων.

2148 1842 2216 1900 *Α
2229 1864 2296 1919 ρα
2327 1848 2387 1901 οὑ
2426 1847 2570 1902 δοκεῖ
2589 1866 2688 1916 σοι,
2722 1847 2970 1920 καθάπερ
2997 1866 3081 1912 τις
3120 1848 3372 1919 βασιλεὺς
3405 1842 3563 1908 εἶναι,
3596 1862 3731 1898 τοσ-

2149 1933 2341 1999 ούτους
2404 1934 2542 2006 ἔχων
2576 1937 2843 2007 ἄρχοντας
2892 1936 3365 2005 ὑποτεταγμένους
3397 1931 3593 2002 ἑαυτῷ,
3628 1933 3732 1985 καὶ

2151 2024 2369 2077 πάντων
2404 2026 2701 2096 προσήκειν
2741 2025 2905 2078 αὑτὸν
2933 2023 3418 2094 οἱκονομικώτερον
3456 2017 3594 2074 εἶναι
3630 2018 3731 2072 καὶ

2152 2111 2610 2183 πολιτικώτερον;
2654 2114 2713 2165 '0
2751 2112 2862 2182 γὰρ
2905 2111 3060 2175 εἰδὼς
3099 2112 3371 2182 διαφόρως
3416 2107 3731 2179 κεχρῆσθαι

2150 2197 2381 2263 τούτοις,
2404 2194 2511 2252 οἶδε
2528 2201 2653 2263 τοὺς
2668 2199 3004 2268 ἐπιτηδείους
3028 2197 3294 2269 ἄρχοντας
3312 2195 3604 2267 αἱρεῖσθαι,
3629 2194 3732 2247 καὶ

2153 2285 2439 2357 αἱρήσεται
2468 2301 2531 2353 γε
2552 2285 2857 2355 λαμπρούς.
2881 2284 3087 2338 Οὐκοῦν
3132 2284 3284 2337 ἔσται
3325 2283 3576 2353 βασιλεὺς
3615 2282 3736 2335 ἔτε-

2156 2392 2244 2445 ρος
2271 2373 2457 2444 ἡγυνὴ
2481 2374 2538 2426 ὲν
2553 2374 2700 2443 οἰκία
2723 2374 2891 2443 χωρὶς
2914 2373 3005 2427 τοὺ
3030 2372 3380 2443 διαδήματος,
3402 2371 3494 2424 καὶ
3517 2371 3545 2422 6
3571 2369 3736 2432 εἰδὼς

2154 2461 2245 2513 τὸν
2290 2459 2513 2529 βασιλέα
2544 2458 2730 2513 τοῦτον
2775 2461 3067 2530 αἱρεῖσθαι,
3112 2461 3290 2514 πάντα
3338 2458 3405 2511 τὰ
3444 2458 3580 2512 ἄλλα
3624 2474 3737 2509 κα-

2154 2547 2261 2610 λῶς
2280 2547 2544 2617 διαθήσει.
2575 2546 2644 2601 Τὸ
2665 2547 2900 2612 λοιπὸν,
2921 2548 3173 2616 ἀδελφοί
3184 2564 3322 2616 μου,
3353 2546 3537 2616 φησὶν,
3553 2545 3737 2598 ἐνδυ-ο

2155 2632 2462 2702 ναμοῦσθε
2484 2633 2554 2685 ἐν
2579 2634 2793 2701 Κυρίῳ.
2826 2635 2992 2687 Ὅταν
3028 2634 3195 2706 μέλλῃ
3222 2633 3477 2703 τελευτᾷν
3501 2633 3530 2685 6
3549 2632 3736 2701 λόγος,

2157 2721 2243 2774 ἀεὶ
2274 2720 2446 2790 τούτῳ
2482 2720 2743 2791 κέχρηται
2774 2720 2850 2791 τῷ
2877 2721 3083 2791 τρόπῳ.

2229 2824 2298 2886 γ’.
2329 2817 2461 2887 Οὐχὶ
2499 2815 2677 2879 καλῶς
2710 2816 2895 2885 ἔλεγον
2930 2817 2990 2881 ἐξ
3020 2816 3215 2887 ἀρχῆς,
3247 2818 3329 2871 ὄτι
3374 2814 3739 2886 στρατόπεδόν

2159 2907 2307 2959 ἐστιν
2326 2906 2516 2974 όλόκλη
2526 2923 2616 2976 ρον
2646 2907 2678 2975 ἡ
2700 2905 2929 2959 ἑκάστου
2955 2906 3101 2959 οἰκία
3131 2924 3145 2970 ;
3189 2906 3318 2960 Ἰδοὺ
3348 2906 3455 2977 γάρ
3473 2904 3740 2971 διατάξας

2120 3023 2123 3027 ν
2161 2996 2341 3059 πάσας
2387 2995 2486 3059 τὰς
2523 2994 2695 3065 ἀρχὰς
2727 3036 2741 3062 ,
2778 2994 2962 3047 λοιπὸν
2999 2995 3194 3059 αὑτοὺς
3253 2996 3589 3059 καθοπλίζει,
3635 2994 3738 3048 καὶ

2162 3086 2254 3138 ἐπὶ
2301 3084 2535 3155 πόλεμον
2568 3084 2771 3153 ἐξάγει.
2790 3084 2914 3137 Ἐὰν
2945 3082 3055 3156 γὰρ
3082 3084 3269 3154 μηδεὶς
3292 3084 3389 3155 τὴν
3420 3083 3591 3155 ἀρχὴν
3631 3085 3740 3154 ἀρε

2163 3172 2311 3245 πάζῃ
2365 3174 2462 3241 τὴν
2520 3170 2613 3224 τοῦ
2671 3171 2882 3241 ἐτέρου,
2916 3170 3052 3223 ἀλλὰ
3110 3170 3253 3224 κατὰ
3294 3171 3479 3241 χώραν
3502 3171 3740 3233 ἕκαστος

2165 3260 2322 3332 μένῃ,
2349 3259 2520 3312 πάντα
2544 3253 2601 3311 εὖ
2621 3257 2971 3311 διακείσεται.
3008 3256 3515 3327 Ἐνδυναμοῦσθε,
3545 3258 3739 3328 φησιν,

2160 3346 2231 3400 ἐν
2258 3348 2470 3415 Κυρίῳ,
2501 3346 2598 3399 καί
2628 3346 2699 3397 ἐν
2747 3343 2827 3410 τῷ
2883 3342 3081 3412 κράτει
3116 3343 3225 3411 τῆς
3259 3345 3471 3413 ἰσχύος
3499 3344 3683 3400 αὑτοῦ
3718 3361 3736 3375 ’

2162 3433 2461 3497 τουτέστιν,
2495 3434 2553 3486 ὲν
2597 3434 2662 3503 τῇ
2724 3431 2899 3485 ἑλπίδι
2930 3434 2995 3503 τῇ
3029 3432 3108 3493 είς
3138 3432 3299 3484 αὑτὸν
3329 3432 3415 3486 διὰ
3447 3433 3543 3502 τῆς
3572 3430 3744 3485 αὑτοῦ

2167 3521 2437 3592 βοηθείας.
2482 3518 2697 3590 Ἐπειδὴ
2719 3518 2828 3589 γάρ
2860 3518 3029 3571 πολλά
3058 3518 3319 3583 ἐπέταξεν
3354 3520 3496 3589 ἆπερ
3520 3519 3622 3571 ἔδει
3648 3536 3745 3586 γε·

2165 3609 2372 3673 νέσθαι,
2425 3608 2498 3679 μὴ
2536 3606 2771 3677 δείσητε,
2806 3606 2991 3677 φησὶν,
3024 3605 3349 3678 ὲπιρρίψατε
3404 3606 3503 3677 τὴν
3549 3607 3744 3661 ἐλπίδα

2167 3696 2262 3749 ἐπὶ
2286 3695 2379 3749 τὸν
2408 3695 2611 3765 Κύριον
2637 3737 2650 3760 ,
2685 3696 2777 3749 καὶ
2820 3695 2995 3749 πάντα
3022 3695 3394 3766 ἐξευμαρίσει.
3427 3696 3534 3750 Kal
3569 3693 3746 3749 ἐνδύ-

2168 3786 2363 3838 σασθε
2411 3783 2527 3850 τὴν
2559 3783 2907 3836 πανοπλίαν
2935 3781 3043 3835 τοῦ
3083 3783 3253 3845 Θεοῦ,
3291 3781 3441 3851 πρὸς
3461 3782 3528 3835 τὸ
3561 3783 3747 3837 δύνα-

2166 3874 2307 3926 σθαι
2340 3869 2495 3940 ὑμᾶς
2528 3869 2749 3937 στῆναι
2769 3869 2917 3937 πρὸς
2950 3868 3057 3936 τὰς
3076 3870 3391 3939 μεθοδείας
3412 3870 3521 3923 τοῦ
3546 3870 3748 3923 διαϐό-

2167 3964 2300 4015 λου.
2321 3959 2435 4012 Οὑκ
2462 3955 2607 4024 εἷπε,
2626 3958 2768 4028 Πρὸς
2796 3959 2893 4022 τὰς
2928 3958 3124 4029 μάχας,
3144 3960 3286 4025 οὑδὲ,
3320 3960 3463 4031 Πρὸς
3490 3961 3615 4023 τοὺς
3644 3977 3750 4013 7:0-

2169 4048 2367 4117 λέμους
2399 4087 2414 4112 ,
2462 4045 2632 4109 ἀλλά,
2690 4046 2845 4114 Πρὸς
2903 4047 3011 4111 τὰς
3046 4046 3383 4116 μεθοδείιις.
3446 4047 3581 4102 Οὐδὲ
3635 4048 3749 4119 γὰρ

2173 4134 2379 4201 ἁπλῶς,
2416 4134 2535 4188 οὑδὲ
2590 4134 2839 4204 φανερῶς
2868 4136 3000 4203 ἡμῖν
3045 4137 3073 4187 ὁ
3115 4134 3307 4205 ἐχθρὸς
3330 4134 3577 4206 πολεμεῖ,
3607 4136 3751 4189 ἀλλά

2176 4224 2424 4297 μεθοδείᾳ
2448 4264 2460 4277 .
2494 4224 2559 4277 Τί
2586 4223 2697 4275 ἐστι
2720 4223 2965 4289 μεθοδεία
2986 4240 3000 4289 ;
3025 4222 3362 4277 Μεθοδεῦσαί
3382 4226 3497 4277 ἐστι
3525 4224 3587 4277 τὸ
3603 4225 3752 4277 ἀπα-

2171 4314 2355 4383 τῆσαι,
2391 4312 2483 4364 καὶ
2506 4311 2594 4365 διὰ
2627 4311 2875 4381 μηχανῆς
2904 4311 3063 4377 ἑλεῖν,
3095 4311 3232 4381 ὅπερ
3267 4314 3361 4365 καὶ
3398 4313 3491 4365 ἐπὶ
3522 4312 3633 4364 τῶν
3661 4329 3750 4365 τε-

2171 4401 2312 4473 χνῶν
2337 4400 2566 4469 γίνεται,
2591 4399 2684 4451 καὶ
2704 4400 2760 4451 ὲν
2787 4397 2986 4467 λόγοις,
3003 4398 3095 4451 καὶ
3123 4400 3180 4453 ὲν
3201 4398 3406 4469 ἔργοις,
3439 4400 3534 4452 καὶ
3561 4400 3619 4451 ὲν
3643 4416 3750 4451 πα-

2170 4488 2486 4558 λαίσμασιν,
2518 4488 2611 4539 ἐπὶ
2643 4484 2754 4538 τῶν
2775 4485 3133 4555 παραγόντων
3160 4488 3329 4556 ἡμᾶς.
3362 4481 3488 4540 Οἷόν
3505 4504 3556 4540 τι
3579 4487 3746 4557 λέγω·

2172 4578 2442 4635 Οὐδέποτε
2474 4576 2684 4646 φανερὰ
2717 4574 2870 4649 [169]
2902 4574 3189 4645 προτίθησι
3236 4576 3305 4629 τὰ
3351 4577 3746 4649 ἁμαρτήματα,

2172 4664 2616 4735 είδωλολατρείαν
2630 4663 2690 4716 οὑ
2708 4662 2874 4730 λέγει,
2898 4662 3011 4716 ἀλλ’
3039 4662 3239 4733 ἑτέρως
3256 4663 3388 4717 αὑτὸ
3402 4665 3747 4718 κατασκευά-

2175 4754 2256 4820 ζει
2287 4752 2609 4825 μεθοδεύων,
2636 4751 2902 4815 τουτέστι,
2951 4750 3176 4806 πιθανὸν
3207 4751 3629 4817 κατασκευάζων
3656 4753 3749 4805 τὸν

2173 4846 2350 4913 λόγον,
2382 4842 2796 4911 ὲπικαλύμμασι
2828 4840 3183 4910 κεχρημένος.
3212 4840 3352 4911 Ἤδη
3393 4841 3490 4912 μὲν
3521 4837 3616 4895 οὖν
3654 4841 3750 4894 καὶ

2173 4932 2348 5001 τούτῳ
2378 4931 2618 5001 διήγειρε
2649 4929 2772 4991 τοὺς
2807 4924 3166 4996 στρατιώτας,
3200 4929 3292 4980 καὶ
3320 4927 3512 4998 νήφειν
3560 4926 3749 4996 ἐποίη-

2177 5038 2258 5083 σε,
2290 5019 2366 5090 τῷ
2395 5020 2579 5071 πεῖσαι
2632 5016 2726 5070 καὶ
2780 5014 3004 5082 διδάξαι,
3034 5014 3114 5067 ὄτι
3169 5016 3304 5086 πρὸς
3334 5014 3597 5086 ἔμπειρον
3639 5017 3748 5071 τῶν

2177 5105 2487 5178 πολεμικῶν
2517 5106 2647 5176 ἡμῖν
2667 5105 2701 5174 ἡ
2751 5103 2924 5173 μάχη,
2959 5100 3053 5155 καλ
3086 5101 3184 5170 οὑχ
3216 5102 3401 5166 ἁπλῶς
3426 5103 3549 5156 οὐδὲ
3579 5120 3752 5171 φανε·

2180 5196 2286 5266 ρῶς
2317 5192 2660 5263 πολεμοῦντα
2685 5232 2700 5257 ,
2736 5188 2871 5242 ἀλλά
2908 5188 3047 5259 μετὰ
3077 5188 3278 5259 πολλῆς
3316 5190 3412 5259 τῆς
3441 5189 3752 5260 μεθοδεῑας.

2176 5285 2285 5338 Καὶ
2338 5280 2552 5353 πρῶτον
2602 5279 2701 5350 μὲν
2748 5276 2856 5331 ἀπὸ
2884 5276 2984 5345 τῆς
3014 5276 3229 5343 φύσεως
3267 5278 3361 5331 καὶ
3390 5278 3484 5331 τοῦ
3512 5279 3757 5351 πλήθους

2176 5370 2301 5431 τοὺς
2352 5365 2597 5437 μαθητὰς
2627 5363 2863 5435 ἐπαίρει.
2891 5361 3028 5432 Οὐχὶ
3057 5363 3385 5417 καταϐαλεῖν
3426 5365 3756 5436 βουλόμενος

2178 5459 2302 5519 τοὺς
2331 5456 2421 5508 ὑπ’
2450 5453 2612 5506 αὑτὸν
2646 5451 2885 5513 ἑστῶτας
2905 5448 3266 5521 στρατιώτας,
3301 5452 3415 5505 ἀλλ’
3432 5453 3637 5524 ἐπᾶραι
3660 5454 3754 5507 καί

2177 5535 2582 5614 διεγεῖραι,ε’ίπε
2594 5540 2660 5593 τά
2674 5540 3001 5609 σοφίσματα,
3022 5539 3116 5593 καὶ
3133 5540 3510 5610 παρεσκεύασε
3534 5542 3750 5611 νήφειν.

2182 5637 2243 5688 Εἰ
2268 5633 2363 5705 μὲν
2379 5632 2485 5703 γὰρ
2510 5629 2669 5700 μόνον
2686 5630 3088 5699 διηγησάμενος
3101 5630 3281 5685 αὑτῶν
3298 5629 3395 5702 τὴν
3415 5629 3645 5699 δύναμιν
3663 5631 3753 5701 μέ-

2182 5740 2273 5790 νρι
2294 5720 2479 5774 τούτου
2500 5717 2756 5786 τὸνλόγον
2773 5715 2990 5786 ἔστησε,
3013 5716 3114 5770 κᾶν
3135 5716 3432 5770 κατέϐαλεν
3455 5716 3653 5780 αὑτούς
3669 5732 3682 5743 ·
3702 5718 3752 5770 εί
