4042 6212
316 370 405 426 157

311 485 443 541 tutis.
500 481 651 536 Sicut
702 477 843 533 enim
892 475 937 529 is
961 514 976 539 ,
1006 472 1090 526 cui
1137 480 1262 524 sunt
1305 469 1495 522 ablatae
1527 462 1764 533 pecunia:
1790 501 1805 528 ,
1834 458 1882 514 si

309 581 455 632 etiam
489 574 624 628 alias
652 569 864 624 dederit
902 569 952 621 ei
997 564 1086 634 qui
1116 561 1365 625 abstulit,
1397 574 1502 611 non
1534 555 1763 610 refertur
1807 553 1888 605 in-

310 681 386 724 ter
427 682 525 721 eos
553 663 749 735 quibus
798 669 881 714 est
907 657 1180 717 ablatum,
1225 651 1318 706 sed
1363 650 1500 703 inter
1543 644 1794 700 liberales
1833 651 1888 696 et

311 731 644 826 magniﬁcos;
675 768 780 806 non
822 751 959 803 inter
983 762 1078 800 eos
1103 746 1193 814 qui
1231 741 1369 796 male
1395 748 1518 793 sunt
1547 735 1724 790 allecti
1750 773 1766 797 ,
1794 731 1886 786 sed

316 853 441 905 inter
467 862 567 902 eos
592 845 682 914 qui
710 844 845 896 bene
865 839 1064 893 faciunt
1086 854 1100 901 ;
1122 847 1173 890 et
1201 835 1318 904 plus
1343 831 1522 902 probri
1546 830 1596 882 iu
1618 843 1738 882 eum
1763 840 1888 879 cou-

312 943 462 1012 gessit
491 939 634 1008 quod
682 935 924 999 donarit,
974 946 1133 1002 quam
1176 927 1374 996 probro
1405 926 1518 992 ipse
1559 922 1629 974 sit
1671 919 1892 972 affectus

311 1009 436 1104 quod
468 1032 571 1100 ipsi
611 1029 682 1084 sit
711 1027 947 1081 ablatum
975 1042 987 1076 :
1018 1025 1090 1076 ita
1123 1021 1206 1074 hie
1247 1032 1459 1088 quoque
1482 1031 1548 1069 ex
1595 1009 1890 1066 abundanti

312 1124 611 1195 erogatione
657 1119 940 1189 apparebit
987 1115 1146 1170 etiam
1191 1109 1504 1166 excelsioris
1575 1104 1780 1167 animi,
1838 1111 1892 1156 et

312 1218 596 1273 ostendens
627 1213 768 1284 quod
798 1211 1038 1280 rapinam
1078 1223 1182 1260 non
1216 1204 1442 1259 senserit
1470 1245 1484 1266 ,
1514 1201 1660 1254 illum
1690 1197 1893 1267 pudore

311 1310 520 1362 afficiet.
551 1305 696 1374 Ergo
727 1311 946 1372 propter
975 1298 1248 1352 Christum
1292 1293 1588 1348 serviamus
1619 1287 1850 1342 dominis
1870 1325 1888 1350 ,

313 1401 550 1461 Scieutes,
588 1396 780 1465 inquit.
808 1391 943 1457 quod
966 1387 1306 1457 unusquisque
1325 1383 1458 1453 quod
1484 1381 1655 1450 fecerit
1681 1380 1886 1442 bonum,

313 1496 398 1546 hoc
439 1491 649 1558 recipiet
695 1506 726 1540 a
770 1485 994 1538 Domino
1021 1526 1033 1543 ,
1067 1481 1169 1534 sive
1208 1494 1378 1532 servus
1406 1519 1420 1541 ,
1451 1477 1552 1529 sive
1578 1472 1725 1526 liber.
1757 1470 1888 1523 Nam

311 1586 554 1653 quoniam
585 1589 703 1634 erat
727 1575 1020 1631 verisimile
1061 1572 1258 1625 multos
1288 1567 1534 1622 dominos
1559 1606 1573 1631 ,
1618 1579 1738 1617 cum
1785 1561 1891 1614 sint

316 1677 583 1739 inﬁdeles,
615 1671 821 1743 pudore
862 1683 965 1720 non
992 1665 1169 1728 afﬁci;
1203 1677 1300 1716 nec
1341 1673 1528 1714 servos
1559 1651 1886 1710 remunerari

317 1779 529 1837 propter
557 1762 959 1822 obedientiam;
995 1757 1116 1811 vide
1159 1752 1425 1824 quomodo
1466 1764 1558 1805 eos
1604 1749 1673 1802 sit
1697 1759 1890 1800 conso-

319 1865 453 1914 latus
475 1903 490 1926 ,
519 1869 574 1912 ut
609 1865 911 1924 suspectam
956 1868 1059 1905 non
1092 1849 1324 1902 habeant
1351 1841 1842 1898 remunerationem
1871 1876 1887 1902 ,

321 1956 413 2009 sed
458 1951 609 2005 valde
638 1947 903 2002 confidant
929 1943 996 1998 de
1027 1938 1482 2009 compensatione.
1526 1933 1596 1988 Ut
1625 1931 1766 1986 enim
1799 1928 1889 1997 qui

327 2045 581 2100 beneficio
618 2040 920 2094 atﬁciuntur
945 2079 958 2102 ,
993 2033 1204 2104 quando
1235 2047 1339 2085 non
1387 2029 1624 2082 referunt
1664 2023 1886 2094 gratiam

323 2130 786 2196 benefactoribus,
817 2129 897 2182 eis
949 2127 1114 2180 Deum
1165 2121 1362 2176 faciunt
1411 2117 1705 2172 debitorem
1753 2129 1766 2165 :
1819 2114 1889 2165 ita

318 2228 471 2279 etiam
519 2223 760 2287 domini,
789 2222 834 2276 si
877 2236 905 2272 a
940 2228 991 2272 te
1033 2214 1294 2271 beneficio
1339 2211 1513 2265 all‘ecti
1547 2209 1638 2262 tibi
1665 2205 1897 2276 gratiam‘

322 2334 418 2369 non
449 2315 720 2378 referant,
753 2311 921 2379 magis
955 2311 1226 2371 referunt,
1273 2303 1363 2356 tibi
1395 2300 1691 2355 debitorem
1724 2298 1888 2350 Deum

317 2409 716 2463 eoustitucntes.
743 2404 797 2457 9.
819 2394 1435 2467 Eteos,domim,eadem
1461 2391 1610 2461 facite
1634 2389 1756 2442 illis.
1787 2386 1888 2438 Ea-

317 2502 424 2550 dem
445 2539 457 2559 ,
488 2493 781 2566 quaenam?
809 2492 1017 2547 Servite
1043 2504 1167 2543 cum
1217 2482 1615 2543 benevolentia,
1660 2479 1751 2533 sed
1785 2494 1888 2530 non

317 2591 472 2651 dixit,
520 2587 737 2641 Servite
763 2627 778 2649 ,
810 2581 1017 2638 etiamsi
1071 2580 1289 2644 dicens,
1322 2575 1549 2637 Eadem,
1593 2573 1694 2624 hoc
1723 2571 1890 2638 signi-

320 2683 553 2737 tieaverit
578 2701 590 2734 :
624 2696 745 2734 nam
775 2678 1024 2732 dominus
1053 2687 1264 2742 quoque
1293 2668 1478 2724 servit.
1506 2666 1583 2720 Ne
1622 2675 1890 2732 tamquam

318 2775 588 2828 studentes
619 2772 832 2841 placere
863 2765 1172 2822 hominibus
1198 2805 1211 2829 ,
1237 2762 1434 2830 inquit,
1463 2774 1584 2812 cum
1618 2757 1808 2809 timore
1836 2764 1892 2808 et

320 2879 546 2920 tremore
567 2905 583 2929 ,
620 2863 672 2916 id
705 2872 819 2924 est.
850 2876 974 2928 erga
1024 2857 1192 2911 Deum
1217 2897 1231 2919 ,
1275 2855 1523 2907 timentes
1553 2865 1621 2902 ne
1649 2848 1769 2917 quis
1797 2861 1892 2899 vos

320 2965 528 3010 accuset
587 2964 804 3023 propter
863 2959 1093 3006 vestram
1147 2949 1198 3000 in
1255 2957 1440 2998 servos
1491 2939 1891 3010 negligentiam.

323 3046 642 3100 Rcutittetttes
673 3045 856 3096 minus.
888 3041 1003 3094 Non
1033 3034 1346 3107 importuni,
1382 3034 1592 3101 inquit,
1623 3040 1674 3083 ct
1705 3041 1896 3095 graves

321 3150 507 3192 estote.
553 3137 780 3191 Scientes
810 3131 943 3202 quod
987 3139 1145 3181 vester
1193 3136 1238 3180 et
1283 3125 1487 3178 illorum
1526 3119 1776 3173 Dominus
1822 3125 1897 3170 est

323 3231 370 3282 in
397 3230 531 3281 aclis
554 3226 770 3295 (Matth.
800 3225 853 3277 7.
878 3221 932 3274 ‘2.
962 3231 1005 3273 et
1035 3220 1118 3274 18.
1149 3216 1262 3287 52).
1289 3216 1476 3282 Papte,
1505 3222 1757 3281 quantam
1781 3222 1895 3262 rem

325 3315 708 3371 subindicavit!
739 3311 1010 3382 quomodo
1053 3307 1274 3363 terruit!
1312 3307 1422 3358 lloe
1450 3311 1532 3356 est
1559 3344 1572 3365 ,
1603 3302 1716 3366 Qua
1744 3313 1896 3351 men-

327 3426 442 3463 sura
470 3409 676 3462 metiris
700 3447 714 3471 ,
749 3403 936 3458 eadem
971 3402 1064 3454 tibi
1111 3399 1362 3453 reddetur
1392 3409 1662 3448 mensura.
1695 3389 1769 3443 Ne
1795 3404 1893 3441 au-

327 3503 436 3554 dias
459 3543 472 3564 ,
498 3499 652 3555 Serve
679 3513 929 3564 nequam,
959 3509 1107 3548 omne
1149 3492 1280 3545 illud
1307 3489 1526 3542 debitum
1567 3485 1737 3538 remisi
1787 3482 1894 3535 tibi.

333 3594 391 3646 lit
423 3607 747 3663 personarum
773 3589 995 3657 acceptio
1024 3602 1124 3638 non
1157 3596 1230 3637 est
1269 3582 1408 3651 apud
1432 3596 1568 3634 eum.
1599 3577 1678 3631 Ne
1708 3576 1896 3630 existi-

332 3703 438 3740 mes
459 3728 472 3750 ,
503 3685 672 3753 inquit
697 3725 710 3745 ,
741 3681 882 3752 quod
906 3698 1022 3750 qua:
1056 3681 1106 3732 in
1136 3692 1350 3731 servum
1383 3676 1513 3727 fiunt
1534 3714 1546 3738 ,
1584 3671 1818 3725 remittet
1842 3677 1901 3722 ut

333 3779 386 3828 in
412 3792 612 3830 servum
657 3774 818 3827 facta.
853 3772 980 3824 Nam
1029 3780 1265 3824 externa:
1311 3765 1523 3836 quidem
1557 3764 1699 3832 leges
1727 3761 1902 3815 sciunt

337 3871 513 3922 leorum
544 3883 802 3938 generum
835 3863 1188 3918 dill’erentiam
1212 3902 1226 3924 ,
1262 3870 1318 3913 ut
1349 3875 1468 3927 qua:
1495 3857 1601 3911 sint
1631 3855 1774 3924 leges
1801 3853 1900 3906 lto-

336 3963 520 4015 minum
552 3979 566 4013 :
596 3962 680 4015 lex
729 3969 906 4012 autem
943 3957 1151 4010 Domini
1182 3953 1482 4008 Communis
1530 3951 1724 4003 nullam
1757 3947 1902 4000 novit

339 4052 695 4112 diﬂ'ercntiam,
731 4060 789 4103 ut
815 4049 902 4118 qtti
925 4046 1281 4103 communiter
1309 4043 1557 4098 omnibus
1581 4039 1898 4104 benefaciat,

341 4157 392 4198 ct
416 4145 654 4198 omnibus
681 4142 870 4197 eadem
903 4139 1191 4208 impertiat.

409 4235 481 4290 Ex
509 4245 710 4306 peccato
738 4234 929 4303 factum
969 4242 1021 4284 ut
1049 4230 1140 4282 alii
1167 4228 1274 4282 lteri
1297 4268 1311 4292 ,
1341 4227 1431 4280 alii
1460 4225 1588 4279 servi
1613 4232 1793 4277 essent.
1846 4221 1903 4276 Si

345 4328 449 4396 quis
471 4338 640 4382 autem
671 4337 823 4396 roget
852 4324 1115 4378 undenam
1155 4321 1421 4382 servitus,
1451 4328 1503 4371 et
1542 4333 1636 4371 cur
1663 4317 1902 4383 ingressa

346 4421 484 4472 estin
510 4421 666 4473 vitam
692 4419 977 4472 humanam
1004 4416 1138 4486 (scio
1179 4414 1320 4468 enim
1345 4410 1544 4465 multos
1583 4417 1635 4463 et
1657 4408 1901 4461 lubenter

349 4509 449 4564 lucc
464 4527 665 4581 rogare,
690 4520 742 4564 et
759 4509 898 4562 velle
919 4506 1148 4576 discere)
1169 4523 1182 4571 ;
1203 4520 1302 4574 ego
1324 4503 1473 4556 vobis
1497 4501 1690 4555 dicam.
1714 4499 1902 4552 Avari-

351 4602 410 4653 tia
436 4603 630 4671 peperit
651 4602 984 4660 servitutem,
1003 4612 1208 4652 necnon
1230 4594 1422 4649 invidia
1442 4602 1493 4646 et
1515 4590 1902 4645 insatiabilitas.

353 4691 464 4745 Nam
492 4692 600 4747 Noe
654 4709 758 4747 non
791 4691 974 4744 habuit
1001 4705 1212 4743 servum
1238 4731 1252 4754 ,
1300 4702 1470 4756 neque
1519 4685 1652 4737 Abel
1683 4725 1696 4747 ,
1730 4695 1904 4750 neque

354 4784 464 4836 Scth
484 4827 497 4850 ,
521 4801 613 4840 nec
640 4786 674 4839 ii
703 4783 795 4854 qui
821 4784 1034 4837 fuerunt
1069 4791 1270 4850 postea.
1300 4781 1580 4833 Peccatum
1628 4791 1743 4829 eam
1791 4789 1903 4827 rem

359 4881 569 4945 peperit,
597 4878 919 4933 contumelia
944 4877 995 4928 in
1019 4882 1287 4944 parentes.
1313 4871 1544 4925 Audiant
1580 4869 1671 4921 lilii
1698 4883 1758 4922 se
1787 4881 1906 4921 esse

359 4969 520 5038 dignos
560 4971 647 5040 qui
679 4969 811 5022 fiant
850 4968 991 5021 servi
1020 5009 1033 5031 ,
1067 4965 1278 5036 quando
1311 4965 1362 5018 in
1408 4972 1658 5032 parentes
1710 4959 1908 5013 fuerint

362 5063 546 5131 ingrati.
582 5064 683 5131 Qtti
715 5072 798 5118 est
843 5061 1140 5131 ejusmodi,
1186 5059 1284 5113 sibi
1329 5058 1548 5111 abstulit
1576 5055 1909 5110 nobilitatem

366 5158 546 5220 generis
571 5175 582 5210 :
615 5172 737 5210 nam
770 5155 860 5225 qui
887 5163 1090 5224 patrem
1115 5152 1439 5207 contumelia
1469 5149 1631 5204 afﬁcit
1651 5193 1664 5214 ,
1695 5165 1799 5204 non
1826 5159 1912 5208 est

370 5249 560 5315 amplius
589 5250 748 5302 ﬁlius.
799 5247 855 5301 Si
888 5261 1016 5300 vero
1045 5246 1133 5314 qui
1184 5255 1386 5314 patrem
1423 5242 1741 5298 :ontumelia
1787 5239 1896 5294 atii-

367 5337 443 5399 νὴ,
466 5355 554 5395 non
574 5353 654 5395 est
679 5339 856 5404 ﬁlius;
883 5341 970 5408 qui
993 5335 1317 5391 contutnell-i
1346 5335 1506 5388 atticit
1527 5349 1648 5388 eum
1673 5332 1762 5402 qui
1788 5346 1912 5386 vere

365 5441 429 5482 est
465 5443 605 5500 pater
649 5442 837 5486 noster
864 5471 877 5492 ,
912 5428 1180 5497 quomodo
1207 5428 1307 5480 erit
1339 5425 1513 5478 filius?
1562 5423 1834 5478 descendit
1884 5439 1910 5475 a

364 5525 545 5586 generis
567 5524 845 5578 nobilitate
866 5562 880 5584 ,
906 5531 1150 5574 naturam
1174 5517 1349 5571 affecit
1382 5516 1724 5570 contumelia.
1759 5515 1915 5568 Dein-

364 5611 419 5665 de
441 5623 490 5667 et
513 5614 647 5671 bella
673 5625 727 5669 et
756 5613 934 5685 praelia
967 5620 1224 5680 ceperunt
1254 5608 1516 5676 captivos.
1553 5612 1619 5660 At
1647 5605 1912 5660 Abraham

367 5700 538 5759 habuit
572 5723 757 5760 servos
777 5749 792 5771 ,
837 5705 1028 5774 inquit.
1060 5701 1166 5758 Sed
1219 5718 1320 5754 non
1370 5715 1497 5754 usus
1525 5709 1604 5753 est
1636 5711 1690 5751 ttt
1720 5699 1914 5751 servis.

371 5791 486 5851 Vide
531 5799 793 5869 quomodo
841 5799 1018 5853 omnia
1070 5795 1227 5863 capiti
1284 5804 1552 5861 tamquam
1607 5789 1918 5860 uppeudens

1144 355 1208 410 IN
1249 353 1464 410 EPIST.
1506 351 1596 404 AD
1637 345 1875 404 EPHES.
1918 344 2070 400 CAP.
2119 347 2205 401 Vl.
2250 347 2479 404 HOMIL.
2523 346 2684 401 XXII.

3473 355 3572 410 I58

1989 459 2206 529 adaptet
2233 481 2245 514 :
2277 477 2497 516 uxorem
2519 504 2532 526 ,
2563 462 2632 517 Ut
2659 477 2775 516 eam
2797 504 2812 529 ,
2845 463 3044 533 inquit,
3070 465 3247 535 diligat
3273 483 3286 529 ;
3317 467 3471 533 filios,
3502 470 3569 524 Ut

1990 564 2086 603 eos
2105 551 2340 606 enutriat
2367 553 2417 604 in
2441 551 2723 621 disciplina
2765 566 2818 607 et
2850 555 3215 608 admonitione
3244 557 3447 609 Domini
3475 574 3492 621 ;
3520 570 3573 612 et

1990 655 2193 706 servos,
2230 642 2460 697 Scientes
2505 643 2641 711 quod
2671 656 2832 698 vester
2879 659 3075 716 quoque
3122 646 3372 700 Dominus
3399 657 3471 700 est
3518 650 3571 700 in

1989 737 2146 790 cwlis.
2181 735 2270 790 Sic
2292 778 2306 803 ,
2352 737 2557 806 inquit,
2591 753 2685 791 vos
2725 755 2972 808 quoque,
3013 750 3066 792 ut
3107 740 3196 808 qui
3239 741 3354 793 sitis
3382 741 3522 794 servi
3551 782 3567 806 ,

1989 825 2107 878 sitis
2127 825 2336 895 benigni
2356 835 2409 879 et
2431 828 2722 881 clementes
2740 839 2787 882 et
2812 830 3058 898 propensi
3081 831 3146 882 ad
3169 829 3570 897 ignoscendum.

1991 915 2047 970 Si
2078 928 2256 970 autem
2287 917 2446 970 vultis
2486 917 2702 982 audire,
2733 919 2922 972 eadem
2965 919 3205 973 dicemus
3246 919 3313 974 de
3355 920 3526 974 servis
3553 961 3571 988 ,

1990 1026 2108 1080 qua:
2133 1011 2280 1079 prius
2309 1010 2543 1064 diximus
2572 1012 2640 1064 de
2668 1010 2792 1064 (iliis
2817 1029 2829 1064 :
2880 1012 3074 1065 Docete
3103 1027 3196 1065 eos
3227 1025 3348 1065 esse
3377 1012 3490 1080 pios
3520 1022 3575 1066 et

1991 1100 2306 1170 religiosos;
2332 1110 2388 1154 et
2412 1101 2631 1154 omnino
2657 1111 2957 1170 sequuntur
2984 1103 3184 1156 omnia.
3212 1101 3361 1156 Nunc
3392 1113 3570 1157 autem

1990 1191 2292 1248 ascendens
2318 1192 2580 1263 quispiam
2609 1193 2659 1247 in
2695 1194 2964 1248 theatrum
2995 1237 3008 1259 ,
3039 1203 3087 1248 et
3136 1195 3335 1249 vadens
3363 1193 3429 1248 ad
3462 1195 3576 1248 bal-

1993 1299 2192 1350 neum,
2226 1300 2410 1338 secum
2470 1284 2635 1338 trahit
2683 1299 2869 1339 Otones
2922 1300 3153 1354 pueros;
3189 1303 3237 1338 tn
3289 1288 3571 1340 ecclesiam

1991 1389 2168 1432 autem
2202 1392 2306 1431 non
2337 1379 2464 1431 item
2491 1419 2504 1441 ,
2539 1393 2716 1446 neque
2756 1378 2899 1448 cogit
2927 1393 3022 1432 eos
3049 1379 3237 1431 adesse
3283 1389 3336 1430 ct
3363 1378 3569 1431 audire.

1993 1469 2271 1536 Quomodo
2293 1479 2471 1524 autem
2502 1471 2682 1525 audiet
2708 1485 2915 1533 servus,
2941 1487 3060 1524 cum
3094 1479 3148 1524 tu
3178 1470 3427 1525 dominus
3453 1471 3576 1524 aliis

1994 1561 2236 1612 animum
2268 1561 2563 1614 adhibeas?
2589 1561 2776 1614 Emisti
2804 1601 2818 1626 ,
2844 1561 3166 1630 comparasti
3197 1575 3408 1615 servum
3433 1560 3455 1612 ?
3479 1561 3576 1614 int-

1993 1666 2120 1720 pera
2150 1652 2195 1704 ei
2229 1668 2346 1720 qua:
2375 1667 2438 1706 ex
2468 1653 2577 1705 Deo
2608 1661 2732 1704 sunt
2753 1693 2767 1717 ,
2803 1662 2858 1705 ut
2890 1653 2959 1705 sit
2990 1653 3135 1706 mitis
3167 1654 3218 1706 in
3248 1667 3573 1719 conservos,

1994 1752 2049 1794 ut
2083 1741 2294 1794 virtutis
2329 1756 2576 1810 magnam
2607 1740 2800 1794 habeat
2829 1741 3110 1794 rationem.
3149 1741 3578 1812 Uniuscujusque

1991 1830 2183 1884 domus
2214 1841 2297 1886 est
2340 1831 2526 1884 civitas
2549 1871 2564 1895 ,
2599 1830 2963 1900 unusquisque
2990 1843 3072 1884 est
3101 1832 3352 1900 princeps
3393 1842 3446 1886 et
3491 1849 3575 1888 re-

1989 1933 2106 1977 ctor
2132 1937 2244 1978 sua:
2282 1923 2493 1977 domus.
2542 1924 2609 1976 Et
2641 1923 2692 1977 id
2720 1923 2935 1993 quidem
2967 1933 3046 1977 est
3080 1923 3299 1977 evidens
3332 1925 3383 1978 in
3414 1925 3576 1978 domo

1991 2014 2248 2080 divitum,
2285 2013 2371 2067 ubi
2399 2023 2523 2067 sunt
2549 2024 2602 2066 et
2630 2015 2740 2083 agri
2773 2024 2824 2067 et
2853 2026 3228 2082 procuratores
3254 2026 3307 2068 et
3337 2015 3574 2084 pra-fecti

1991 2120 2150 2175 Supra
2181 2107 2500 2174 praefectos:
2532 2123 2630 2175 ego
2651 2117 2828 2161 autem
2851 2107 3014 2160 etiam
3039 2106 3254 2159 domum
3281 2122 3573 2176 pauperum

1989 2199 2111 2253 dico
2137 2214 2257 2254 esse
2285 2200 2578 2253 civitatem.
2607 2198 2743 2253 Sunt
2775 2199 2918 2252 enim
2953 2198 3038 2252 hic
3066 2215 3278 2268 quoque
3309 2201 3576 2268 principa-

1993 2299 2333 2359 tuszutputa,
2369 2292 2588 2344 maritus
2623 2290 2975 2360 principatum
3009 2291 3212 2345 obtinet
3243 2292 3292 2344 in
3331 2308 3570 2356 uxorem,

1992 2397 2125 2434 uxor
2141 2383 2404 2446 inservos,
2425 2381 2564 2436 servi
2583 2381 2632 2434 in
2653 2397 2842 2436 uxores
2859 2397 3001 2435 suas:
3023 2397 3206 2436 rursus
3225 2382 3317 2435 viri
3337 2393 3389 2436 et
3405 2384 3581 2438 mulie-

1993 2489 2078 2526 res
2100 2474 2150 2526 in
2181 2487 2393 2541 pueros.
2415 2473 2607 2526 Annon
2627 2473 2718 2526 tibi
2752 2472 2962 2526 videtur
2983 2487 3104 2527 esse
3124 2475 3285 2528 veluti
3315 2491 3404 2528 rex
3435 2476 3578 2544 quis-

1994 2567 2154 2634 piam,
2175 2580 2294 2619 cunt
2317 2573 2392 2618 tot
2410 2563 2712 2618 habeatsibi
2731 2565 2999 2633 subjectos
3019 2566 3318 2635 principes;
3339 2577 3392 2620 ct
3413 2583 3577 2634 opor-

1994 2667 2100 2711 teat
2134 2673 2256 2711 eutn
2286 2672 2406 2710 esse
2444 2656 2682 2709 omnimn
2727 2656 3106 2724 peritissimum
3146 2657 3580 2713 administranda:

1993 2749 2185 2802 domus
2205 2759 2258 2802 et
2278 2748 2536 2802 civitatis?
2557 2745 2690 2801 Nam
2709 2747 2911 2816 quiseit
2931 2747 3074 2801 varie
3095 2757 3147 2802 et
3167 2748 3474 2802 dill'erenter
3497 2750 3580 2804 his

1997 2845 2091 2909 uti,
2113 2843 2213 2898 scit
2238 2853 2391 2910 aptos
2419 2843 2617 2911 eligere
2640 2841 2932 2910 principes,
2955 2849 3007 2894 et
3027 2840 3238 2909 quidem
3264 2841 3419 2909 eliget
3439 2858 3580 2909 pra:-

1995 2937 2189 2989 claros.
2222 2934 2364 3004 Ergo
2401 2949 2536 2986 uxor
2565 2933 2668 2987 erit
2693 2931 2838 2985 domi
2877 2948 2970 2986 rex
2999 2932 3137 2984 alius
3163 2971 3178 2996 ,
3209 2931 3427 3000 dempto
3458 2931 3576 2986 dia-

1996 3031 2250 3080 demate:
2302 3015 2393 3094 qui
2444 3025 2544 3077 scit
2593 3023 2733 3076 inme
2762 3038 2937 3092 regem
2971 3023 3206 3092 eligere,
3254 3022 3356 3076 alia
3402 3025 3581 3078 omnia

2001 3129 2150 3174 recte
2195 3125 2344 3188 reget
2379 3127 2432 3172 et
2463 3115 2814 3185 dispensahit.
2848 3116 2934 3170 10.
2972 3112 3048 3167 De
3099 3125 3278 3169 caetero
3303 3155 3316 3180 ,
3360 3115 3532 3184 inquit
3563 3156 3579 3182 ,

2005 3213 2209 3281 fratres,
2240 3207 2598 3279 confortamitti
2630 3209 2681 3258 in
2710 3204 2954 3258 Domino.
2983 3205 3207 3272 Quando
3240 3205 3470 3261 ﬁnienda
3497 3216 3582 3262 est

2005 3303 2178 3357 Oratio
2205 3343 2217 3363 .
2250 3302 2350 3353 hoc
2378 3301 2536 3353 tnodo
2559 3315 2775 3367 semper
2801 3299 2984 3352 utitur.

2072 3394 2125 3447 5.
2167 3393 2358 3444 Annon
2391 3399 2536 3444 recte
2562 3390 2802 3443 dicebam
2833 3390 2899 3444 ab
2927 3390 3078 3444 initio
3100 3431 3115 3456 ,
3149 3391 3293 3460 quod
3334 3393 3586 3448 uniuscu-

1999 3483 2188 3554 jusque
2214 3482 2405 3536 domus
2445 3483 2515 3534 sit
2542 3480 2747 3548 integer
2772 3482 3078 3536 exercitus?
3113 3483 3251 3538 Ecce
3280 3486 3426 3539 enim
3469 3502 3586 3540 om-

2003 3577 2159 3630 nibus
2183 3575 2488 3629 constitutis
2521 3575 2900 3643 principatibus
2921 3617 2934 3641 ,
2965 3591 3060 3630 eos
3099 3577 3352 3647 deinceps
3378 3589 3584 3642 armat,

2002 3679 2058 3724 et
2105 3667 2285 3722 educit
2313 3668 2378 3720 ad
2413 3667 2633 3721 bellum.
2676 3667 2811 3720 Nam
2839 3669 2883 3722 si
2929 3683 3086 3722 nemo
3115 3670 3339 3738 arripiat
3367 3671 3587 3724 alterius

2006 3760 2360 3830 principatum
2383 3800 2398 3822 ,
2427 3759 2520 3813 sed
2553 3760 2915 3828 unusquisque
2958 3769 3170 3814 maneat
3199 3762 3250 3814 in
3286 3761 3402 3816 loco
3443 3777 3542 3815 suo
3565 3804 3580 3827 ,

2005 3853 2181 3908 Omnia
2213 3861 2356 3906 recte
2406 3852 2697 3906 habebunt.
2728 3853 3125 3923 Confortamini,
3160 3854 3358 3922 inquit,
3398 3856 3449 3907 in
3479 3853 3590 3908 Do-

2008 3948 2143 3999 mino
2165 3986 2180 4012 ,
2210 3956 2255 3999 et
2300 3946 2352 3998 in
2377 3946 2601 4015 potentia
2644 3947 2838 3999 virtutis
2865 3948 3014 4015 ejus:
3042 3945 3144 4000 hoc
3174 3958 3285 4006 est.
3318 3947 3368 4000 in
3401 3962 3496 4016 Spe
3536 3949 3588 4002 in

2011 4039 2184 4106 ipsum
2218 4051 2314 4106 per
2343 4037 2460 4106 ejus
2489 4037 2768 4090 auxilium.
2798 4035 2927 4090 Nam
2952 4037 3201 4106 quoniam
3235 4038 3399 4091 multa
3431 4037 3592 4106 jussit

2010 4145 2128 4198 qua:
2157 4128 2273 4183 fieri
2300 4137 2600 4197 oporteret,
2632 4127 2834 4191 Nolite,
2866 4128 3069 4196 inquit,
3104 4128 3325 4192 timere,
3357 4143 3505 4196 spem
3535 4129 3588 4182 in

2015 4220 2297 4274 Dominum
2328 4219 2580 4286 conjicite
2603 4257 2618 4280 ,
2652 4228 2704 4270 et
2734 4217 2912 4269 omnia
2943 4215 3129 4270 reddet
3159 4216 3351 4269 facilia.
3395 4217 3480 4271 11.
3522 4217 3592 4271 Et

2009 4309 2205 4362 induite
2233 4325 2319 4362 vos
2367 4318 2680 4360 armaturam
2723 4304 2842 4371 Dei,
2877 4315 2932 4357 ut
2958 4306 3159 4374 possitis
3187 4315 3322 4359 stare
3350 4306 3591 4362 adversus

2010 4401 2222 4454 insidias
2251 4398 2459 4452 diaboli.
2493 4397 2606 4451 Non
2648 4397 2815 4459 dixit,
2848 4397 3118 4450 Adversus
3149 4413 3382 4467 pugnas,
3416 4413 3611 4470 neque,

2013 4492 2269 4546 adversus
2298 4490 2436 4545 bella
2463 4531 2477 4556 ,
2506 4489 2598 4544 Sed
2626 4532 2639 4552 ,
2676 4488 2928 4542 Adversus
2968 4488 3177 4542 insidias
3199 4507 3217 4542 :
3250 4504 3422 4559 neque
3448 4490 3590 4545 enim

2014 4588 2226 4641 incaute
2252 4593 2306 4640 et
2328 4594 2514 4654 aperte
2535 4583 2810 4637 nobiscum
2835 4581 3027 4636 bellum
3052 4581 3188 4649 gerit
3209 4582 3474 4646 inimicus,
3497 4584 3593 4639 sed

2015 4697 2077 4735 ex
2127 4678 2354 4732 insidiis.
2398 4676 2533 4744 Quid
2563 4684 2848 4729 cstautem
2877 4673 3134 4737 μεθοδείαῗ
3177 4678 3471 4729 Μεθοδιῡσαι
3513 4686 3597 4731 est

2015 4772 2262 4841 decipere
2286 4810 2301 4836 ,
2331 4777 2387 4824 et
2417 4783 2511 4837 per
2540 4764 2816 4820 machinas
2857 4779 3047 4832 capere
3076 4781 3088 4817 :
3119 4764 3260 4834 quod
3291 4765 3505 4835 quidem
3535 4765 3596 4820 lit

2017 4872 2069 4917 et
2112 4864 2164 4916 in
2192 4861 2475 4922 artibus,et
2507 4859 2559 4910 in
2586 4853 2931 4918 orationibus,
2963 4855 3076 4908 etin
3124 4855 3277 4908 factis
3302 4898 3314 4917 ,
3350 4867 3403 4910 et
3431 4856 3483 4909 in
3517 4855 3600 4909 lu.

2018 4967 2101 5012 cta
2126 4997 2140 5020 ,
2173 4970 2267 5024 per
2295 4966 2387 5005 eos
2410 4949 2498 5020 qui
2531 4963 2628 5002 nos
2651 4947 2932 5002 seducunt.
2968 4947 3204 5014 Exempli
3233 4961 3392 5000 causa
3420 4945 3540 4999 dico
3579 4963 3594 5000 :

2022 5063 2309 5118 numquam
2335 5053 2515 5113 aperta
2564 5041 2813 5112 proponit
2843 5051 3056 5110 peceatu
3084 5057 3098 5093 :
3128 5057 3232 5093 non
3263 5038 3392 5092 dicit
3424 5038 3596 5091 idolo-

2021 5141 2232 5195 latriam
2264 5153 2358 5192 seu
2401 5135 2602 5188 cultum
2635 5132 2935 5198 idolorum,
2982 5130 3074 5184 sed
3106 5130 3261 5184 aliter
3303 5129 3353 5182 id
3387 5131 3602 5184 instruit

2021 5251 2089 5290 ex
2135 5231 2376 5299 insidiis,
2425 5229 2528 5285 hoc
2573 5238 2688 5294 est,
2733 5225 3070 5296 probabilem
3124 5221 3352 5276 reddens
3405 5224 3604 5278 oratio-

2023 5342 2143 5380 netu
2170 5366 2184 5390 ,
2217 5335 2273 5378 et
2327 5332 2482 5376 utens
2533 5319 2839 5374 involucris.
2871 5316 2981 5370 Hoc
3023 5329 3150 5384 ergo
3199 5315 3359 5367 modo
3393 5318 3602 5369 excita-

2024 5420 2098 5470 vit
2143 5416 2336 5469 milites
2361 5455 2376 5480 ,
2407 5423 2462 5467 et
2511 5411 2685 5465 effecit
2718 5419 2772 5462 ut
2817 5416 2997 5461 essent
3036 5406 3239 5469 sobrii,
3273 5408 3605 5476 persuadens

2027 5519 2078 5561 et
2109 5507 2310 5560 docens
2339 5504 2582 5572 praelium
2615 5499 2770 5553 nobis
2802 5497 3087 5551 ineundum
3117 5498 3376 5554 adversus
3407 5499 3616 5556 rcibel-

2025 5601 2140 5654 liete
2165 5598 2392 5669 peritum
2420 5605 2473 5648 et
2501 5610 2603 5648 non
2628 5593 2836 5646 incaute
2865 5605 2962 5644 nec
2987 5602 3171 5660 aperte
3195 5591 3388 5646 bellum
3414 5609 3608 5662 geren-

2027 5705 2155 5759 tem,
2180 5690 2274 5746 sed
2303 5705 2366 5743 ex
2397 5686 2600 5741 insidiis
2625 5693 2680 5740 et
2707 5683 3006 5738 tnetltodira
3036 5684 3261 5738 ratione.
3293 5683 3358 5737 Et
3381 5685 3606 5752 ptimtnu

2028 5789 2094 5843 ab
2117 5785 2232 5854 ejus
2262 5792 2396 5847 arte,
2431 5779 2665 5836 secundo
2693 5795 2719 5831 a
2758 5785 2940 5831 natura
2973 5786 3026 5831 et
3053 5775 3392 5830 multitudine
3414 5776 3610 5834 excitat
