4042 6212
436 352 538 412 ίῖἰθ

435 467 744 537 discipulos.
781 462 982 517 Nolcns
1023 456 1257 526 dejicere
1286 452 1513 516 milites,
1541 448 1632 518 qui
1661 459 1842 501 secum
1874 448 2018 494 stant

439 563 700 615 adversus
732 558 934 626 ipsum,
966 549 1059 605 sed
1086 548 1326 602 excitare
1351 554 1406 598 et
1431 544 1638 612 erigere
1660 580 1674 605 ,
1704 537 1840 591 dixit
1873 543 2018 587 astu-

444 655 546 706 tias
593 659 647 704 et
686 623 901 702 subtilia
953 641 1217 711 cogitata,
1251 646 1305 691 et
1352 634 1529 690 eﬂ'ecit
1573 640 1630 684 ut
1676 629 1784 697 sint
1828 623 2014 679 sobrii.

446 743 578 797 Nam
623 740 667 794 si
709 738 879 792 solum
910 731 1138 788 narratis
1166 742 1352 783 eorum
1403 725 1603 779 viribus
1642 721 1800 774 liuent
1843 717 2015 784 impo-

442 834 640 891 suisset
676 827 903 885 orationi
927 867 943 892 ,
965 840 1060 881 eos
1087 821 1405 892 dejecisset:
1435 816 1480 871 si
1506 823 1684 869 autem
1707 822 1761 866 et
1784 819 1937 863 antea
1964 814 2017 860 et

437 933 620 995 postea
647 918 879 977 ostendit
903 932 1024 972 eum
1050 926 1207 986 posse
1228 911 1346 980 capi
1375 917 1431 964 et
1452 903 1763 976 expugnari,
1783 915 1877 956 eos
1907 914 2018 952 ma-

446 1017 528 1085 gis
555 1013 771 1068 excitat.
822 1008 956 1063 Nam
996 1007 1135 1061 vires
1173 999 1604 1057 adversariorum
1645 1009 1751 1064 quo
1793 1007 1824 1046 a
1864 989 2018 1044 nobis

439 1104 677 1175 apertius
725 1097 1098 1155 renuntiantur
1144 1091 1374 1156 nostris,
1408 1104 1474 1144 eo
1529 1096 1745 1142 nostros
1788 1080 2017 1136 reddunt

439 1194 826 1265 diligentiores.
885 1188 973 1245 12.
1027 1185 1311 1255 Quoniam,
1358 1182 1565 1250 inquit,
1611 1194 1712 1232 non
1758 1184 1828 1229 est
1877 1172 2017 1226 nobis

439 1287 728 1345 colluctatio
756 1283 993 1338 adversus
1019 1278 1316 1349 sanguinem
1358 1282 1403 1328 et
1433 1287 1635 1326 carnem
1657 1309 1673 1334 ,
1702 1267 1795 1322 sed
1832 1266 2015 1318 adaera-

438 1394 526 1436 sus
552 1377 802 1451 principes
822 1384 867 1428 et
899 1378 1201 1442 potestates,
1230 1366 1468 1420 adversus
1494 1359 1671 1415 mundi
1696 1367 1912 1411 rectores
1940 1362 2015 1406 te-

441 1444 905 1527 nebrarumltarum
923 1504 940 1531 ,
962 1472 1137 1516 contra
1156 1455 1451 1528 spiritualia
1479 1452 1714 1520 nequitia:
1733 1447 1788 1501 in
1807 1444 2020 1501 celesti-

442 1567 550 1619 bus.
581 1562 867 1629 Postquam
892 1572 920 1611 a
946 1567 1142 1626 genere
1170 1564 1355 1621 pugna:
1384 1548 1630 1601 hertatus
1657 1550 1777 1606 est,
1812 1535 2007 1593 deinde

439 1670 470 1708 a
518 1627 747 1723 pnemiis
788 1645 1073 1718 propositis
1111 1656 1205 1697 eos
1244 1639 1467 1695 excitat.
1516 1629 1837 1702 Quomodo?
1882 1627 2019 1682 Cum

439 1745 667 1800 dixisset
696 1742 874 1794 hostes
916 1750 1040 1792 esse
1088 1735 1467 1797 vehementes,
1496 1725 1770 1797 subjunxit
1798 1737 1893 1778 eos
1921 1734 2019 1775 nos

447 1834 654 1904 magnis
672 1831 896 1901 privare.
918 1827 1243 1907 Quibusnam
1260 1823 1284 1877 ’ἔ
1300 1822 1479 1891 Pugna
1503 1830 1587 1875 est
1605 1819 1657 1872 iit
1673 1815 1974 1873 caelestibus
1999 1830 2013 1868 :
2061 1843 2065 1847 -

446 1936 550 1981 non
576 1933 809 1981 certatur
837 1934 930 1991 pro
973 1904 1210 1989 pecuniis
1234 1956 1248 1980 ,
1278 1927 1512 1993 non-pro
1543 1910 1741 1980 gloria,
1774 1904 1870 1961 sed
1898 1918 2019 1958 cer-

443 2025 583 2073 tatur
612 2030 679 2070 ne
726 2013 1032 2083 redigamur
1080 2010 1133 2063 in
1180 2005 1490 2061 servitutem
1538 2010 1593 2056 et
1634 1999 2016 2068 captivitatem.

441 2109 795 2179 Quamobrem
840 2101 1133 2158 inimicitia}
1172 2105 1299 2152 sunt
1344 2091 1857 2150 irreconciliabiles:
1886 2101 2019 2141 con-

442 2176 610 2256 tentio
638 2189 691 2252 et
719 2210 891 2266 pugna
919 2201 1002 2248 est
1035 2187 1408 2245 veltementior
1432 2225 1448 2250 ,
1477 2182 1690 2253 quando
1715 2194 1811 2249 pro
1856 2176 2020 2233 rebus

445 2293 650 2361 magnis
674 2287 958 2356 suscipitur
981 2301 994 2337 :
1023 2281 1153 2337 illud
1183 2280 1324 2335 enim
1347 2319 1364 2343 ,
1408 2274 1475 2330 In
1504 2272 1785 2329 caelestibus
1809 2311 1826 2337 ,
1851 2268 2018 2339 signi-

446 2356 571 2436 lieat
591 2422 607 2448 ,
639 2395 735 2449 pro
764 2373 1096 2432 caalestibus.
1143 2369 1259 2424 Non
1292 2375 1351 2422 ιιι
1390 2365 1489 2436 ipsi
1532 2363 1810 2419 victoriam
1839 2356 2017 2428 adepti

444 2472 643 2543 aliquid
672 2475 1100 2538 consequantur,
1130 2461 1224 2517 sed
1248 2470 1305 2513 ιιι
1330 2473 1426 2512 nos
1453 2457 1681 2527 privent.
1711 2453 1781 2509 Ut
1803 2452 1848 2507 si
1876 2451 2022 2505 dice-

445 2573 524 2619 ret
546 2604 561 2628 ,
591 2570 801 2632 pactum
853 2562 1174 2612 conventuin
1222 2560 1304 2605 est
1355 2551 1406 2602 in
1450 2547 1629 2615 aliquo
1653 2584 1669 2610 ,
1704 2543 1829 2598 illud
1858 2542 1911 2594 in
1940 2548 2023 2595 est

446 2666 571 2724 pro,
595 2630 656 2706 et
683 2651 737 2702 in
775 2655 858 2704 est
886 2654 1111 2716 prapter.
1142 2640 1276 2695 Vide
1321 2636 1587 2709 quomodo
1631 2635 1773 2689 vires
1820 2630 2021 2687 inimici

446 2720 545 2798 nos
590 2742 858 2802 excitant,
906 2745 962 2792 et
1006 2735 1210 2790 iaciunt
1238 2742 1293 2787 ut
1324 2731 1491 2786 simus
1517 2727 1726 2792 sobrii,
1771 2739 1836 2781 eo
1878 2720 2022 2793 quod

443 2835 673 2889 sciamus
705 2830 772 2885 de
799 2829 962 2884 rebus
991 2825 1196 2896 magnis
1228 2837 1349 2878 esse
1378 2819 1667 2891 periculum
1688 2857 1704 2883 ,
1732 2826 1785 2871 et
1810 2814 1878 2869 de
1906 2829 2021 2868 ma-

444 2927 565 2998 gnis
593 2926 703 2979 lore
734 2922 1013 2977 victoriam
1039 2936 1054 2972 :
1084 2916 1261 2971 studet
1285 2914 1424 2968 cnint
1457 2926 1556 2965 nos
1581 2926 1612 2964 e
1636 2907 1769 2963 ca-lo
1798 2906 2016 2976 ejicere.

445 2994 713 3086 Quasnam
762 3014 891 3069 dicit
916 3009 1187 3082 principes
1225 3014 1279 3060 et
1310 3010 1598 3074 potestates
1630 2994 1687 3054 et
1727 2996 1910 3052 mundi
1938 3011 2023 3051 re-

445 3122 624 3167 ctores
655 3107 812 3178 hujus
836 3103 1017 3159 surculi
1049 3099 1388 3155 tenebrarum
1417 3093 1644 3149 harum?
1670 3102 2022 3162 quarumnam

447 3197 832 3257 tenebrarum?
863 3191 1119 3263 numquid
1151 3187 1365 3243 noctis?
1392 3185 1770 3252 Nequaquam,
1799 3178 1892 3234 sed
1925 3192 2023 3232 ne-

448 3294 674 3365 quitias:
717 3290 942 3344 Eramns
984 3288 1127 3341 enim
1152 3322 1167 3345 ,
1217 3280 1418 3349 inquit;
1460 3273 1744 3346 aliquando
1788 3268 2025 3325 tenebrae

448 3384 663 3455 (Epiros.
695 3382 749 3437 5.
779 3380 872 3451 8);
903 3374 1190 3447 nequitiam
1233 3371 1416 3426 dicens
1441 3378 1498 3423 et
1538 3364 1875 3437 pratitatem,
1907 3375 2026 3432 qua:

449 3476 604 3532 estin
628 3473 728 3529 vita
751 3468 1021 3542 praisenti.
1042 3465 1158 3521 Non
1181 3463 1399 3519 habebit
1416 3460 1558 3516 enim
1580 3457 1805 3513 ulterius
1822 3455 2020 3520 locum,

451 3584 557 3626 non
583 3567 635 3622 in
662 3566 794 3622 cado
815 3605 830 3629 ,
863 3577 967 3617 non
995 3561 1049 3616 in
1080 3557 1277 3614 saeculo
1304 3554 1504 3609 futuro.

524 3660 750 3715 Mundus
779 3657 833 3710 in
882 3654 1153 3723 Scriptura
1201 3647 1363 3702 malos
1390 3645 1618 3699 homines
1646 3637 1922 3712 aliquando
1951 3637 2025 3691 si-

451 3753 681 3824 gniﬁcat.
715 3778 789 3790 —
814 3747 921 3801 Eos
947 3752 1123 3798 autem
1150 3740 1280 3795 dicit
1305 3738 1484 3793 mundi
1516 3744 1751 3791 rectores
1774 3771 1790 3798 ,
1825 3745 1929 3784 non
1970 3737 2029 3783 ut

451 3820 549 3913 qui
572 3841 624 3895 in
666 3837 866 3894 mundo
894 3835 1169 3889 obtineant
1198 3830 1557 3890 dominatum,
1589 3824 1684 3880 sed
1729 3820 1872 3891 quod
1911 3834 2027 3874 ma-

457 3934 629 3987 lorum
659 3942 881 4000 cperam
908 3926 1016 3980 sint
1040 3938 1232 3980 causae.
1278 3920 1409 3974 Nam
1443 3919 1584 3972 hunc
1609 3913 1865 3969 mundum
1893 3910 2029 3965 solet

454 4023 724 4092 Scriptura
772 4017 1043 4088 appellare
1086 4014 1375 4070 sceleratas
1418 4007 1689 4069 actiones;
1718 4011 1776 4058 ut
1813 4001 2028 4072 quando

455 4114 586 4170 dicit
611 4110 855 4167 Christus
880 4149 896 4175 ,
938 4105 1039 4161 Vos
1068 4122 1169 4159 non
1195 4102 1315 4158 estis
1342 4117 1405 4155 ea;
1431 4100 1526 4153 hoc
1548 4095 1756 4161 mundo,
1787 4093 1915 4147 sicut
1936 4106 2028 4161 ego

458 4222 559 4260 non
586 4220 697 4258 sum
727 4219 788 4257 ea:
816 4200 1026 4255 mundo.
1057 4197 1244 4252 Nonne
1290 4203 1443 4250 erant
1470 4206 1533 4247 ex
1581 4186 1821 4244 mundo?
1851 4198 2029 4239 nonne

453 4309 620 4351 carne
645 4302 798 4348 erant
821 4288 1171 4347 circumdati?
1199 4299 1376 4341 nonne
1409 4288 1651 4339 erantex
1684 4277 1749 4333 iis
1776 4277 1867 4347 qui
1903 4281 2030 4329 sunt

453 4388 507 4443 in
536 4386 772 4442 mundo?
812 4384 881 4439 Et
922 4395 1147 4436 rursus:
1198 4376 1422 4431 Mundus
1451 4390 1531 4427 me
1571 4371 1677 4427 odit
1702 4386 1719 4425 :
1748 4386 1833 4424 vos
1862 4377 2030 4422 autem

453 4497 556 4534 non
585 4488 742 4548 potest
767 4476 933 4530 odisse
958 4472 1134 4544 (Joan.
1160 4470 1248 4526 17.
1283 4468 1365 4522 14.
1389 4476 1433 4520 et
1462 4467 1514 4520 7.
1539 4464 1594 4535 7)
1614 4481 1629 4529 ;
1652 4464 1820 4518 malas
1844 4472 2030 4516 rursus

455 4573 640 4627 dicens
669 4570 926 4623 actiones.
957 4566 1053 4621 Vel
1093 4563 1347 4619 mundum
1391 4559 1477 4614 hic
1501 4558 1636 4613 dicit
1659 4557 1828 4613 malos
1859 4554 2031 4610 homi-

458 4675 589 4723 nes;
618 4659 887 4713 dmmones
913 4658 1055 4711 enim
1100 4657 1155 4711 in
1182 4669 1275 4710 eos
1315 4654 1483 4721 magis
1513 4650 1843 4704 dominatum
1885 4646 2030 4701 obti-

456 4760 605 4807 nent.
633 4748 820 4805 Gontra
849 4747 1141 4818 spiritualia
1166 4745 1416 4816 nequitiis,
1438 4741 1627 4812 inquit,
1656 4741 1708 4795 iu
1729 4739 2028 4793 cwlestibus.

457 4841 733 4911 Principes
756 4838 890 4894 dicit
911 4848 965 4894 et
993 4845 1322 4907 potestates;
1362 4835 1500 4890 sicut
1527 4833 1686 4887 etiam
1714 4832 1766 4885 in
1796 4829 2021 4886 cwlcsti-

456 4936 558 4990 bus
606 4941 731 4988 sunt
777 4929 998 4995 throni,
1029 4928 1455 4992 dominationes,
1484 4924 1844 4995 principatus,
1878 4929 2029 4991 pote-

460 5035 644 5080 states.
675 5023 762 5079 15.
798 5020 1097 5091 Propterea,
1127 5019 1319 5088 inquit,
1346 5019 1559 5088 accipite
1580 5024 1892 5069 armaturam
1910 5012 2026 5076 Dei,

463 5127 518 5172 ut
548 5117 748 5187 possitis
785 5114 1016 5169 resistere
1051 5112 1103 5164 in
1129 5111 1211 5165 die
1239 5110 1373 5163 malo
1395 5150 1409 5173 ,
1439 5119 1487 5162 et
1526 5110 1579 5162 in
1608 5108 1838 5162 omnibus
1866 5108 2032 5177 perfe-

458 5210 525 5263 cti
573 5218 727 5263 stare.
780 5207 929 5262 Diem
974 5203 1171 5259 malum
1214 5201 1342 5257 dicit
1382 5203 1545 5254 vitam
1593 5207 2033 5270 praisentcm:et

462 5300 659 5354 malum
685 5298 938 5354 sa'culnm
968 5295 1071 5350 hoc
1095 5293 1221 5349 dicit
1246 5333 1261 5359 ,
1283 5307 1349 5347 ex
1376 5291 1531 5345 malis
1558 5306 1675 5359 qua:
1703 5290 1755 5343 in
1786 5304 1850 5344 eo
1880 5288 2030 5342 liunt.

463 5390 518 5445 Id
547 5398 631 5444 est
651 5429 664 5451 ,
692 5404 906 5457 semper
935 5387 1126 5442 armati
1162 5394 1356 5442 estote.
1403 5381 1469 5436 Et
1511 5380 1739 5435 omnibus
1769 5422 1784 5447 ,
1818 5379 1985 5448 inquit
2013 5419 2030 5446 ,

466 5478 739 5547 confectis;
784 5480 886 5534 hoc
924 5490 1005 5533 est
1026 5518 1042 5545 ,
1090 5478 1318 5533 devictis
1348 5473 1491 5529 vitiis
1517 5515 1531 5538 ,
1563 5471 1809 5526 absurdis
1837 5486 2034 5523 concu-

463 5570 735 5639 piscentiis
753 5609 769 5636 ,
796 5578 853 5624 et
880 5571 1127 5625 omnibus
1146 5585 1265 5639 quae
1292 5568 1445 5623 nobis
1465 5565 1692 5619 atl‘cruut
1712 5562 2033 5617 molestiam.

465 5660 580 5716 Non
611 5660 744 5714 dixit
769 5660 940 5713 solum
972 5659 1146 5715 facere
1167 5701 1182 5725 ,
1204 5659 1298 5714 sed
1331 5657 1614 5729 perﬁcere;
1639 5665 1696 5710 nt
1726 5670 1830 5709 non
1860 5654 2035 5708 solum

460 5751 525 5808 de
557 5751 732 5807 medio
764 5750 947 5805 tollant
972 5792 986 5818 ,
1020 5749 1114 5806 sed
1144 5750 1305 5806 etiam
1330 5757 1474 5805 stent
1498 5758 1777 5818 postquam
1808 5745 2038 5801 sustule-

1157 333 1214 400 s.
1252 328 1526 398 JOANNIS
1563 314 2034 392 cnnirsdsr’on't
2076 284 2392 383 menter.
2432 313 2962 383 CONSTAN'I‘lNOP.

3594 323 3686 383 160
3746 380 3749 387 .

2122 439 2267 493 rint:
2302 454 2423 493 nam
2460 440 2612 494 multi
2642 439 2779 494 banc
2805 440 2981 509 adepti
3013 439 3286 495 victoriam
3329 455 3513 496 rursus
3549 447 3689 497 ceci-

2117 530 2335 586 derunt.
2367 532 2612 586 Omnibus
2630 573 2645 599 ,
2676 533 2882 602 inquit,
2906 534 3150 602 confectis
3176 549 3194 587 :
3222 548 3328 589 non
3357 532 3458 588 hoc
3478 533 3689 603 quidem

2116 625 2360 679 confecto
2386 664 2402 689 ,
2450 625 2540 679 illo
2592 639 2719 679 vero
2769 640 2873 680 non
2906 642 2920 680 :
2949 638 3092 680 Stare
3134 627 3275 682 enim
3321 637 3531 696 oportet
3574 639 3691 698 post

2115 714 2410 816 victoriam.
2435 716 2645 785 Dejecta
2666 717 3209 787 suntaliquando,sed
3236 735 3354 789 quas
3379 720 3691 789 dejicinntnr

2116 805 2480 860 reviviscunt:
2520 805 2619 860 nisi
2650 807 2956 861 steterimus
2981 849 2996 873 ,
3045 810 3205 863 etiam
3237 825 3357 880 quae
3386 811 3693 867 ceciderunt

2120 905 2420 965 resurgunt.
2448 896 2624 951 Donec
2643 905 2866 964 stamus,
2888 898 3094 968 dejecta
3113 910 3237 955 sunt
3253 918 3269 955 :
3287 901 3455 957 donec
3471 918 3574 958 non
3588 906 3694 959 cir-

2117 985 2471 1055 cutnagimur,
2489 986 2578 1051 ille
2594 1002 2697 1041 non
2718 989 2964 1059 resurgit.
2986 989 3270 1046 lnduamnr
3288 1005 3556 1048 armatura
3577 996 3690 1051 Dei.

2187 1076 2242 1131 4.
2279 1075 2437 1131 Vides
2476 1077 2744 1146 quomodo
2784 1089 2983 1135 metum
3028 1080 3306 1137 ademerit.
3341 1083 3472 1138 Nam
3501 1086 3545 1138 si
3574 1086 3686 1140 lieri

2119 1174 2291 1235 potest
2319 1174 2374 1220 ut
2397 1166 2744 1222 conliciamus
2764 1178 2817 1223 et
2837 1178 3060 1233 stemus,
3084 1185 3183 1225 cur
3209 1174 3405 1242 refugis
3427 1188 3649 1244 pttgnam
3670 1176 3695 1228 't

2116 1257 2208 1312 Sta
2240 1259 2419 1312 hostes
2447 1258 2760 1327 conﬁciens,
2792 1270 2846 1314 et
2874 1262 3065 1315 vicisti.
3103 1263 3164 1317 Et
3194 1279 3262 1318 ne
3303 1266 3533 1328 mireris.
3552 1269 3693 1336 quod

2120 1357 2263 1402 tanta
2302 1348 2371 1404 de
2412 1349 2644 1403 hostium
2675 1351 2877 1406 viribus
2914 1364 3230 1410 recenseat:
3261 1370 3381 1410 nam
3415 1372 3696 1412 recensere

2119 1440 2261 1493 vires
2293 1440 2651 1507 inimicorum,
2681 1456 2784 1494 non
2819 1452 3017 1496 metum
3045 1443 3198 1499 alfert
3219 1454 3272 1500 et
3301 1447 3566 1509 timorem,
3599 1452 3694 1502 sed

2119 1530 2379 1601 ignaviam
2412 1532 2617 1586 excutit
2655 1539 2710 1587 et
2749 1533 3070 1587 socordiam.
3118 1534 3187 1590 Ut
3216 1538 3452 1606 possitis,
3486 1539 3694 1606 inquit,

2118 1624 2345 1677 resistere
2382 1623 2434 1677 in
2473 1623 2555 1677 die
2594 1624 2748 1679 malo.
2795 1628 2839 1679 Α
2872 1636 3114 1695 tempore
3157 1629 3316 1682 etiam
3364 1631 3693 1684 consolatur.

2119 1713 2372 1785 Tempus,
2404 1715 2591 1783 inquit,
2632 1723 2714 1770 est
2744 1715 2905 1772 breve
2935 1734 2949 1770 :
2981 1733 3146 1788 quare
3172 1729 3383 1790 oportet
3407 1731 3550 1777 stare
3583 1740 3596 1776 :
3626 1739 3697 1778 ne

2118 1804 2310 1859 defessi
2340 1805 2456 1860 sitis
2484 1815 2603 1874 post
2631 1806 2854 1862 caedem.
2883 1807 2938 1863 Si
2964 1819 3046 1862 est
3069 1824 3197 1881 ergo
3225 1810 3422 1865 bellum
3447 1853 3461 1875 ,
3488 1813 3533 1866 si
3558 1814 3697 1870 tales

2118 1904 2244 1952 sunt
2269 1898 2432 1965 acies,
2456 1900 2501 1952 si
2531 1898 2834 1969 incorporei
2858 1901 3146 1972 principes,
3165 1904 3210 1959 si
3232 1906 3411 1960 mundi
3435 1916 3692 1976 rectores,

2118 1986 2166 2042 si
2191 1988 2483 2056 spiritualia
2510 1991 2792 2060 nequitize;
2822 1993 3112 2061 quomodo,
3146 1996 3459 2065 dic,qu:eso,
3488 1998 3697 2055 deliciis

2119 2078 2404 2149 indulges?
2430 2080 2701 2151 quomodo
2725 2097 2784 2136 es
2809 2082 3144 2139 dissolutus?
3172 2090 3438 2156 quomodo
3463 2091 3695 2147 inermes

2118 2183 2374 2238 superare
2427 2170 2768 2239 poterimus?
2823 2171 2950 2228 Haec
2993 2179 3353 2246 unusquisque
3396 2178 3500 2234 sibi
3552 2180 3698 2236 dicat

2119 2259 2377 2330 quotidie,
2404 2261 2615 2331 quando
2636 2263 2686 2316 ei
2715 2262 3017 2319 dominatur
3043 2266 3142 2332 ira,
3169 2270 3381 2337 quando
3411 2271 3697 2341 cupiditas,

2119 2353 2331 2423 quando
2358 2353 2550 2423 quaerit
2592 2354 2730 2409 hanc
2774 2356 2992 2412 mollem
3023 2358 3183 2412 vitam
3217 2359 3473 2417 lubricam
3513 2372 3567 2417 et
3614 2364 3698 2418 in-

2119 2451 2475 2499 constantem.
2504 2445 2699 2499 Audiat
2724 2446 2936 2501 beatum
2977 2446 3199 2502 Paulum
3239 2449 3526 2518 dicentem,
3573 2452 3697 2507 Non

2118 2545 2193 2590 est
2222 2535 2362 2590 nobis
2393 2536 2680 2590 colluctatio
2709 2538 2947 2592 adversus
2969 2540 3266 2609 sanguinem
3290 2552 3336 2595 et
3363 2558 3582 2609 carnem,
3603 2547 3696 2599 sed

2120 2627 2360 2682 adversus
2398 2628 2674 2697 principes,
2719 2628 2960 2684 adversus
3004 2640 3296 2699 potestates.
3342 2632 3452 2688 Hoc
3501 2637 3697 2691 bellum

2122 2726 2205 2774 est
2232 2717 2415 2773 sensili
2453 2717 2671 2787 gravius
2691 2758 2706 2783 ,
2743 2734 2916 2789 pugna
2946 2719 3333 2777 vehementior.
3362 2723 3544 2796 Cogita
3569 2742 3701 2796 ergo

2121 2818 2376 2878 quantum
2421 2819 2631 2879 tempus
2673 2811 2773 2866 iste
2816 2811 3078 2878 luctatur,
3128 2830 3222 2882 pro
3251 2830 3356 2884 quo
3385 2828 3613 2886 pugnat,
3644 2830 3699 2874 et

2121 2911 2239 2957 esto
2267 2902 2492 2956 cautior.
2529 2901 2730 2965 Etiam,
2763 2902 3003 2973 inquies;
3039 2904 3135 2959 sed
3161 2907 3485 2975 Oportuisset
3510 2910 3697 2964 diabo-

2124 2993 2230 3046 lum
2251 2992 2318 3047 de
2347 2992 2523 3047 medio
2556 2992 2692 3057 tolli,
2720 3002 2774 3047 et
2794 3007 2982 3048 omnes
3010 2993 3141 3047 salvi
3174 3004 3373 3050 essent.
3406 2997 3530 3053 time
3558 3015 3699 3069 pne-

2125 3083 2349 3138 tendunt
2387 3083 2602 3154 quidam
2631 3083 2882 3138 socordes
2912 3092 2968 3138 et
2996 3083 3189 3154 ignavi.
3219 3086 3353 3141 Cum
3384 3099 3695 3158 oporteret,

2123 3189 2157 3229 ο
2186 3173 2366 3240 homo,
2402 3184 2453 3227 te
2479 3188 2637 3243 agere
2658 3173 2856 3243 gratias
2880 3174 3038 3244 quod,
3072 3175 3115 3230 si
3136 3176 3287 3244 velis,
3315 3194 3434 3231 eum
3456 3194 3696 3249 superes,

2124 3276 2312 3322 contra
2341 3267 2505 3322 etiam
2531 3281 2837 3329 succenses,
2867 3267 3026 3322 verba
3056 3268 3279 3338 loquens
3306 3270 3583 3339 cujusdam
3606 3272 3700 3329 de-

2125 3357 2257 3413 sidis
2281 3366 2336 3412 et
2361 3357 2684 3413 sonmoleuti
2725 3357 2930 3412 militis.
2972 3357 3147 3426 Nosti,
3195 3360 3241 3414 si
3283 3360 3434 3428 velis,
3468 3363 3700 3424 rationes

2126 3447 2320 3520 quibus
2339 3446 2794 3517 apprehenditur:
2818 3447 3054 3518 undique
3079 3449 3448 3520 circumspice,
3473 3452 3696 3522 teipsum

2128 3539 2294 3595 muni.
2327 3538 2441 3593 Non
2467 3547 2552 3593 est
2579 3538 2754 3592 solum
2785 3553 2960 3608 pugna
2990 3538 3248 3596 adversus
3272 3539 3578 3609 diabolum,
3608 3543 3700 3598 sed

2128 3633 2287 3688 etiam
2335 3630 2591 3685 adversus
2636 3630 2778 3685 illius
2822 3637 3131 3699 potestates.
3168 3632 3446 3698 Quomodo
3470 3648 3600 3704 ergo
3626 3635 3703 3689 lu-

2128 3722 2389 3777 etabimur
2416 3735 2537 3775 cum
2567 3720 2839 3775 tenebris?
2874 3719 2930 3775 Si
2959 3720 3049 3774 lux
3078 3720 3199 3775 lacti
3230 3719 3509 3775 fuerimus.
3555 3724 3701 3790 Quo-

2128 3813 2289 3868 modo
2325 3828 2445 3867 cum
2475 3812 2842 3881 spiritualihus
2881 3811 3173 3881 nequitiae?
3201 3811 3255 3867 Si
3287 3812 3406 3867 lacti
3452 3813 3702 3870 fuerimus

2128 3905 2275 3960 boni.
2309 3905 2456 3959 Bono
2480 3904 2622 3959 enim
2651 3904 2985 3958 contrarium
3011 3912 3093 3958 est
3125 3905 3355 3973 nequitia
3375 3914 3428 3960 et
3448 3907 3700 3977 pravitas,

2129 4005 2184 4053 et
2211 3997 2297 4051 lux
2329 3995 2543 4066 expellit
2587 3996 2833 4051 tenebras
2861 4012 2876 4050 :
2903 3996 3044 4067 quod
3082 3996 3126 4050 si
3163 3997 3259 4066 ipsi
3291 4013 3501 4068 quoque
3540 3999 3705 4053 simus

2133 4088 2363 4144 tenebrae
2388 4127 2405 4153 ,
2456 4086 2676 4142 omnino
2718 4086 2993 4157 capientur
3034 4097 3088 4141 et
3125 4087 3515 4156 superabimur.
3559 4090 3705 4156 Quu-

2131 4177 2291 4234 modo
2336 4191 2464 4247 ergo
2511 4176 2657 4247 ipsos
2700 4177 3107 4247 superabimus?
3138 4180 3193 4233 Si
3237 4179 3377 4249 quod
3406 4179 3479 4233 illi
3507 4188 3633 4234 sunt
3673 4194 3704 4233 a

2133 4281 2338 4338 natura,
2371 4269 2545 4325 eﬂ'eeti
2580 4269 2836 4325 fuerimus
2877 4285 2944 4325 ex
2987 4270 3158 4326 libero
3195 4271 3416 4325 arbitrio
3454 4281 3508 4327 et
3545 4271 3705 4326 animi

2132 4366 2393 4430 instituto,
2418 4377 2613 4433 nempe
2650 4370 2801 4417 extra
2840 4376 3055 4418 carnem
3079 4371 3132 4418 et
3155 4362 3487 4434 sanguinem,
3511 4364 3588 4417 sic
3614 4378 3705 4417 eos

2132 4457 2403 4527 capiemus
2427 4464 2482 4510 et
2509 4454 2805 4509 vincemus.
2846 4453 2974 4508 Nam
3006 4455 3256 4524 quoniam
3301 4464 3383 4509 est
3422 4452 3705 4510 verisimile

2133 4550 2278 4620 ipsos
2298 4563 2327 4601 a
2350 4547 2532 4602 multis
2546 4547 2756 4617 agitari,
2780 4545 2854 4601 Ne
2877 4546 3214 4613 existimetis,
3236 4546 3428 4616 inquit,
3445 4546 3585 4613 quod
3610 4546 3701 4615 ipsi

2134 4643 2411 4699 nobiscum
2439 4640 2636 4695 bellum
2664 4649 2854 4709 gerant
2881 4656 2895 4693 :
2928 4641 3019 4711 qui
3046 4640 3098 4693 in
3128 4640 3256 4709 ipsis
3285 4649 3574 4709 operantur
3595 4640 3703 4692 da:-

2086 4774 2093 4779 .
2134 4749 2320 4788 mones
2341 4742 2485 4796 sunt,
2514 4733 2603 4802 qni
2632 4731 2825 4786 bellant
2853 4742 3046 4802 gerunt
3077 4749 3091 4785 :
3122 4730 3379 4786 adversus
3409 4731 3531 4785 illos
3559 4731 3707 4785 nobis

2133 4835 2216 4881 est
2244 4840 2438 4894 pugna.
2473 4823 2587 4878 Duo
2611 4831 2792 4878 autem
2821 4838 2888 4877 ex
2917 4823 2998 4878 his
3038 4821 3222 4887 cilicii,
3257 4832 3316 4878 ut
3355 4823 3443 4892 qui
3482 4831 3539 4877 et
3569 4823 3705 4891 ipsos

2134 4918 2323 4973 reddat
2359 4916 2672 4972 audaciores
2715 4916 2976 4971 adversus
3014 4929 3107 4969 eos
3150 4915 3241 4985 qui
3280 4930 3340 4970 se
3382 4924 3701 4986 appugnant,

2136 5008 2458 5079 illorumqne
2489 5008 2725 5062 animum
2763 5021 2947 5062 contra
2975 5005 3158 5062 hostes
3182 5005 3368 5076 erigat.
3394 5005 3462 5060 Et
3485 5019 3706 5075 quanam

2135 5104 2202 5160 de
2225 5119 2385 5159 causa
2410 5101 2564 5157 nobis
2594 5116 2765 5172 pugna
2794 5101 3050 5155 adversus
3081 5116 3176 5156 eos
3199 5109 3384 5155 exorta
3419 5099 3541 5155 est?
3567 5098 3711 5166 Quo-

2138 5196 2283 5249 niam
2334 5195 2386 5248 in
2448 5193 2590 5248 bello
2641 5193 2840 5247 sociam
2889 5190 3146 5246 habemus
3203 5190 3665 5260 inexpugnabilem
3700 5229 3713 5250 .

2139 5300 2332 5354 nempe
2370 5284 2594 5354 spiritus
2637 5284 2894 5352 gratiam,
2929 5297 3047 5336 eam
3091 5291 3260 5336 artem
3306 5281 3615 5344 didicimus,
3665 5287 3717 5332 ut

2140 5378 2396 5430 adversus
2421 5376 2665 5428 homines
2687 5389 2793 5427 non
2818 5374 3081 5441 possimus
3111 5372 3322 5438 luctari,
3346 5373 3440 5428 sed
3462 5371 3716 5426 adversus

2140 5468 2434 5534 (Immunes.
2456 5467 2511 5521 Si
2545 5478 2720 5521 autem
2745 5468 2987 5526 velimus,
3018 5481 3084 5520 ne
3114 5466 3435 5521 lnctabimur
3454 5465 3666 5536 quidem
3698 5480 3712 5518 :

2143 5577 2263 5615 itaut
2299 5561 2437 5613 anta
2479 5569 2562 5613 est
2600 5559 2849 5627 quoniam
2893 5558 3155 5612 volumus.
3198 5557 3326 5627 Ejus
3359 5557 3501 5612 enim
3536 5556 3627 5626 qni
3669 5556 3715 5609 in

2147 5652 2299 5707 nobis
2330 5650 2589 5705 inhabitat
2619 5657 2763 5703 tanta
2791 5658 2876 5702 est
2912 5649 3101 5713 virtus,
3132 5649 3351 5703 ut‘dicat
3394 5664 3409 5702 :
3452 5648 3584 5701 Ecce
3608 5646 3716 5700 dedi

2144 5744 2278 5799 vobis
2307 5752 2597 5814 potestatein
2626 5739 2857 5794 calcandi
2882 5756 3031 5810 super
3066 5750 3316 5812 serpentes
3343 5751 3389 5795 ct
3411 5738 3714 5809 scorpiones,
