  <div class='ocr_page' id='page_1' title='image "/cluster/home/n/w/nwhite01/storage/ocr_20150623/62/hvd.32044054086319/165.png"; bbox 0 0 4046 6210; ppageno 0'>
   <div class='ocr_carea' id='block_1_1' title="bbox 485 306 582 360">
    <p class='ocr_par' dir='ltr' id='par_1_1' title="bbox 485 306 582 360">
     <span class='ocr_line' id='line_1_1' title="bbox 485 306 582 360; baseline -0.021 0"><span class='ocrx_word' id='word_1_1' title='bbox 485 306 582 360; x_wconf 75' lang='grc' dir='ltr'><em>ίῧί</em></span> 
     </span>
    </p>
   </div>
   <div class='ocr_carea' id='block_1_2' title="bbox 484 416 2066 491">
    <p class='ocr_par' dir='ltr' id='par_1_2' title="bbox 484 416 2066 491">
     <span class='ocr_line' id='line_1_2' title="bbox 484 416 2066 491; baseline -0.002 -19"><span class='ocrx_word' id='word_1_2' title='bbox 484 420 597 483; x_wconf 83' lang='grc' dir='ltr'><em>θεῖς</em></span> <span class='ocrx_word' id='word_1_3' title='bbox 638 422 823 490; x_wconf 82' lang='grc' dir='ltr'><em>ἐσμεν,</em></span> <span class='ocrx_word' id='word_1_4' title='bbox 852 419 1154 491; x_wconf 76' lang='grc' dir='ltr'><em>παλαίομεν</em></span> <span class='ocrx_word' id='word_1_5' title='bbox 1185 421 1370 482; x_wconf 84' lang='grc' dir='ltr'><em>αὐτοῖς</em></span> <span class='ocrx_word' id='word_1_6' title='bbox 1394 437 1408 451; x_wconf 77' lang='grc' dir='ltr'><strong>ο</strong></span> <span class='ocrx_word' id='word_1_7' title='bbox 1443 418 1565 471; x_wconf 68' lang='grc' dir='ltr'><em>ἐπεὶ</em></span> <span class='ocrx_word' id='word_1_8' title='bbox 1610 418 1691 471; x_wconf 84' lang='grc' dir='ltr'><em>ὅτι</em></span> <span class='ocrx_word' id='word_1_9' title='bbox 1724 417 1935 480; x_wconf 79' lang='grc' dir='ltr'><em>Παῦλος</em></span> <span class='ocrx_word' id='word_1_10' title='bbox 1965 416 2066 469; x_wconf 70' lang='grc' dir='ltr'><em>οὐκ</em></span> 
     </span>
    </p>
   </div>
   <div class='ocr_carea' id='block_1_3' title="bbox 484 502 2070 573">
    <p class='ocr_par' dir='ltr' id='par_1_3' title="bbox 484 502 2070 573">
     <span class='ocr_line' id='line_1_3' title="bbox 484 502 2070 573; baseline -0.001 -14"><span class='ocrx_word' id='word_1_11' title='bbox 484 507 801 570; x_wconf 71' lang='grc' dir='ltr'><em>ἐπάλαισεν,</em></span> <span class='ocrx_word' id='word_1_12' title='bbox 837 507 1069 560; x_wconf 86' lang='grc' dir='ltr'><em>ἄκουσον</em></span> <span class='ocrx_word' id='word_1_13' title='bbox 1100 506 1264 559; x_wconf 78' lang='grc' dir='ltr'><em>αὑτοῦ</em></span> <span class='ocrx_word' id='word_1_14' title='bbox 1298 506 1546 573; x_wconf 80' lang='grc' dir='ltr'><em>λέγοντος</em></span> <span class='ocrx_word' id='word_1_15' title='bbox 1576 522 1589 536; x_wconf 87' lang='grc'><strong>·</strong></span> <span class='ocrx_word' id='word_1_16' title='bbox 1622 504 1723 571; x_wconf 87' lang='grc' dir='ltr'><em>Τίς</em></span> <span class='ocrx_word' id='word_1_17' title='bbox 1761 502 1919 573; x_wconf 74' lang='grc' dir='ltr'><em>ἡμᾶς</em></span> <span class='ocrx_word' id='word_1_18' title='bbox 1960 520 2070 572; x_wconf 75' lang='grc' dir='ltr'><em>χω⁸</em></span> 
     </span>
    </p>
   </div>
   <div class='ocr_carea' id='block_1_4' title="bbox 479 590 2069 662">
    <p class='ocr_par' dir='ltr' id='par_1_4' title="bbox 479 590 2069 662">
     <span class='ocr_line' id='line_1_4' title="bbox 479 590 2069 662; baseline -0.001 -17"><span class='ocrx_word' id='word_1_19' title='bbox 479 597 639 662; x_wconf 85' lang='grc' dir='ltr'><em>ρΙσει</em></span> <span class='ocrx_word' id='word_1_20' title='bbox 684 594 802 647; x_wconf 78' lang='grc' dir='ltr'><em>ἀπὸ</em></span> <span class='ocrx_word' id='word_1_21' title='bbox 839 593 951 662; x_wconf 83' lang='grc' dir='ltr'><em>τῆς</em></span> <span class='ocrx_word' id='word_1_22' title='bbox 978 592 1218 662; x_wconf 73' lang='grc' dir='ltr'><em>ἀγάπης</em></span> <span class='ocrx_word' id='word_1_23' title='bbox 1248 591 1357 647; x_wconf 90' lang='grc' dir='ltr'><em>τοῦ</em></span> <span class='ocrx_word' id='word_1_24' title='bbox 1418 590 1677 660; x_wconf 84' lang='grc' dir='ltr'><em>Χριστοῦ</em></span> <span class='ocrx_word' id='word_1_25' title='bbox 1706 608 1725 655; x_wconf 85' lang='grc'><em>;</em></span> <span class='ocrx_word' id='word_1_26' title='bbox 1767 591 1997 659; x_wconf 71' lang='grc' dir='ltr'><em>θλῖψις,</em></span> <span class='ocrx_word' id='word_1_27' title='bbox 2031 590 2069 657; x_wconf 82' lang='grc' dir='ltr'><strong><em>ἣ</em></strong></span> 
     </span>
    </p>
   </div>
   <div class='ocr_carea' id='block_1_5' title="bbox 486 677 2072 748">
    <p class='ocr_par' dir='ltr' id='par_1_5' title="bbox 486 677 2072 748">
     <span class='ocr_line' id='line_1_5' title="bbox 486 677 2072 748; baseline 0.002 -15"><span class='ocrx_word' id='word_1_28' title='bbox 486 681 875 748; x_wconf 77' lang='grc' dir='ltr'><em>στενοχωρία,</em></span> <span class='ocrx_word' id='word_1_29' title='bbox 909 680 945 747; x_wconf 82' lang='grc' dir='ltr'>ἢ</span> <span class='ocrx_word' id='word_1_30' title='bbox 979 679 1178 748; x_wconf 82' lang='grc' dir='ltr'><em>λιμὸς,</em></span> <span class='ocrx_word' id='word_1_31' title='bbox 1205 679 1242 745; x_wconf 73' lang='grc' dir='ltr'><strong>ἢ</strong></span> <span class='ocrx_word' id='word_1_32' title='bbox 1287 678 1561 748; x_wconf 77' lang='grc' dir='ltr'><em>διωγμὸς,</em></span> <span class='ocrx_word' id='word_1_33' title='bbox 1593 678 1631 746; x_wconf 76' lang='grc' dir='ltr'><strong>ἢ</strong></span> <span class='ocrx_word' id='word_1_34' title='bbox 1674 680 1994 747; x_wconf 79' lang='grc' dir='ltr'><em>γυμνότης,</em></span> <span class='ocrx_word' id='word_1_35' title='bbox 2035 677 2072 743; x_wconf 80' lang='grc' dir='ltr'><strong><em>ἣ</em></strong></span> 
     </span>
    </p>
   </div>
   <div class='ocr_carea' id='block_1_6' title="bbox 487 764 2077 844">
    <p class='ocr_par' dir='ltr' id='par_1_6' title="bbox 487 764 2077 844">
     <span class='ocr_line' id='line_1_6' title="bbox 487 764 2077 844; baseline -0.003 -25"><span class='ocrx_word' id='word_1_36' title='bbox 487 767 788 833; x_wconf 82' lang='grc' dir='ltr'><em>κίνδυνος,</em></span> <span class='ocrx_word' id='word_1_37' title='bbox 820 769 859 833; x_wconf 78' lang='grc' dir='ltr'><strong>ἢ</strong></span> <span class='ocrx_word' id='word_1_38' title='bbox 909 767 1173 836; x_wconf 78' lang='grc' dir='ltr'><em>μάχαιρα</em></span> <span class='ocrx_word' id='word_1_39' title='bbox 1190 783 1215 844; x_wconf 59' lang='grc' dir='ltr'><em>ί</em></span> <span class='ocrx_word' id='word_1_40' title='bbox 1249 767 1358 819; x_wconf 79' lang='grc' dir='ltr'><em>Καὶ</em></span> <span class='ocrx_word' id='word_1_41' title='bbox 1385 767 1545 821; x_wconf 88' lang='grc' dir='ltr'><em>πάλιν</em></span> <span class='ocrx_word' id='word_1_42' title='bbox 1598 766 1761 819; x_wconf 89' lang='grc' dir='ltr'><em>ἄκουε</em></span> <span class='ocrx_word' id='word_1_43' title='bbox 1789 765 1956 818; x_wconf 82' lang='grc' dir='ltr'><em>αὐτοῦ</em></span> <span class='ocrx_word' id='word_1_44' title='bbox 1992 764 2077 816; x_wconf 87' lang='grc' dir='ltr'><em>λέ-</em></span> 
     </span>
    </p>
   </div>
   <div class='ocr_carea' id='block_1_7' title="bbox 487 850 2075 920">
    <p class='ocr_par' dir='ltr' id='par_1_7' title="bbox 487 850 2075 920">
     <span class='ocr_line' id='line_1_7' title="bbox 487 850 2075 920; baseline 0 -16"><span class='ocrx_word' id='word_1_45' title='bbox 487 870 673 920; x_wconf 88' lang='grc' dir='ltr'><em>γοντος</em></span> <span class='ocrx_word' id='word_1_46' title='bbox 699 870 713 884; x_wconf 74' lang='grc' dir='ltr'><em>ο</em></span> <span class='ocrx_word' id='word_1_47' title='bbox 747 853 800 904; x_wconf 88' lang='lat'><em>&#39;0</em></span> <span class='ocrx_word' id='word_1_48' title='bbox 834 853 979 917; x_wconf 80' lang='grc' dir='ltr'><em>Θεὸς</em></span> <span class='ocrx_word' id='word_1_49' title='bbox 998 854 1317 920; x_wconf 72' lang='grc' dir='ltr'><em>συντρίψει</em></span> <span class='ocrx_word' id='word_1_50' title='bbox 1355 852 1462 905; x_wconf 86' lang='grc' dir='ltr'><em>τὸν</em></span> <span class='ocrx_word' id='word_1_51' title='bbox 1484 850 1760 906; x_wconf 84' lang='grc' dir='ltr'><em>σατανᾶν</em></span> <span class='ocrx_word' id='word_1_52' title='bbox 1794 852 1911 907; x_wconf 84' lang='grc' dir='ltr'><em>ὑπὸ</em></span> <span class='ocrx_word' id='word_1_53' title='bbox 1935 850 2075 916; x_wconf 85' lang='grc' dir='ltr'><em>τοὺς</em></span> 
     </span>
    </p>
   </div>
   <div class='ocr_carea' id='block_1_8' title="bbox 486 935 2078 1011">
    <p class='ocr_par' dir='ltr' id='par_1_8' title="bbox 486 935 2078 1011">
     <span class='ocr_line' id='line_1_8' title="bbox 486 935 2078 1011; baseline 0.001 -20"><span class='ocrx_word' id='word_1_54' title='bbox 486 939 676 1009; x_wconf 77' lang='grc' dir='ltr'><em>πόδας</em></span> <span class='ocrx_word' id='word_1_55' title='bbox 711 938 875 1007; x_wconf 80' lang='grc' dir='ltr'><em>ὑμῶν</em></span> <span class='ocrx_word' id='word_1_56' title='bbox 902 939 973 991; x_wconf 85' lang='grc' dir='ltr'><em>ἐν</em></span> <span class='ocrx_word' id='word_1_57' title='bbox 992 938 1179 1006; x_wconf 77' lang='grc' dir='ltr'><em>τάχει.</em></span> <span class='ocrx_word' id='word_1_58' title='bbox 1214 935 1344 1009; x_wconf 74' lang='grc' dir='ltr'><em>Εἶχε</em></span> <span class='ocrx_word' id='word_1_59' title='bbox 1367 938 1477 1011; x_wconf 90' lang='grc' dir='ltr'><em>γάρ</em></span> <span class='ocrx_word' id='word_1_60' title='bbox 1517 939 1679 992; x_wconf 80' lang='grc' dir='ltr'><em>αὐτὸν</em></span> <span class='ocrx_word' id='word_1_61' title='bbox 1703 938 2078 1008; x_wconf 81' lang='grc' dir='ltr'><em>ὑποτεταγμέ-</em></span> 
     </span>
    </p>
   </div>
   <div class='ocr_carea' id='block_1_9' title="bbox 485 1024 2078 1096">
    <p class='ocr_par' dir='ltr' id='par_1_9' title="bbox 485 1024 2078 1096">
     <span class='ocr_line' id='line_1_9' title="bbox 485 1024 2078 1096; baseline 0 -18"><span class='ocrx_word' id='word_1_62' title='bbox 485 1040 576 1078; x_wconf 86' lang='grc' dir='ltr'><em>νον</em></span> <span class='ocrx_word' id='word_1_63' title='bbox 601 1038 614 1053; x_wconf 84' lang='grc'><em>’</em></span> <span class='ocrx_word' id='word_1_64' title='bbox 666 1024 747 1077; x_wconf 83' lang='grc' dir='ltr'><em>διὸ</em></span> <span class='ocrx_word' id='word_1_65' title='bbox 794 1026 889 1078; x_wconf 73' lang='grc' dir='ltr'><em>καὶ</em></span> <span class='ocrx_word' id='word_1_66' title='bbox 940 1024 1114 1094; x_wconf 84' lang='grc' dir='ltr'><em>έλεγε·</em></span> <span class='ocrx_word' id='word_1_67' title='bbox 1173 1025 1572 1096; x_wconf 71' lang='grc' dir='ltr'><em>Παραγγέλλω</em></span> <span class='ocrx_word' id='word_1_68' title='bbox 1596 1040 1696 1081; x_wconf 91' lang='grc' dir='ltr'><em>σοι</em></span> <span class='ocrx_word' id='word_1_69' title='bbox 1735 1025 1806 1079; x_wconf 82' lang='grc' dir='ltr'><em>ἐν</em></span> <span class='ocrx_word' id='word_1_70' title='bbox 1836 1027 2078 1094; x_wconf 83' lang='grc' dir='ltr'><em>ὀνόματι</em></span> 
     </span>
    </p>
   </div>
   <div class='ocr_carea' id='block_1_10' title="bbox 486 1111 2079 1180">
    <p class='ocr_par' dir='ltr' id='par_1_10' title="bbox 486 1111 2079 1180">
     <span class='ocr_line' id='line_1_10' title="bbox 486 1111 2079 1180; baseline 0.001 -16"><span class='ocrx_word' id='word_1_71' title='bbox 486 1111 596 1167; x_wconf 89' lang='grc' dir='ltr'><em>τοῦ</em></span> <span class='ocrx_word' id='word_1_72' title='bbox 646 1112 870 1180; x_wconf 78' lang='grc' dir='ltr'><em>Κυρίου</em></span> <span class='ocrx_word' id='word_1_73' title='bbox 918 1112 1111 1179; x_wconf 81' lang='grc' dir='ltr'><em>Ἰησοῦ</em></span> <span class='ocrx_word' id='word_1_74' title='bbox 1149 1112 1422 1176; x_wconf 77' lang='grc' dir='ltr'><em>ἐξελθεῖν</em></span> <span class='ocrx_word' id='word_1_75' title='bbox 1448 1113 1551 1167; x_wconf 79' lang='grc' dir='ltr'><em>ἀπ’</em></span> <span class='ocrx_word' id='word_1_76' title='bbox 1576 1112 1789 1180; x_wconf 84' lang='grc' dir='ltr'><em>αὐτῆς.</em></span> <span class='ocrx_word' id='word_1_77' title='bbox 1818 1112 1990 1167; x_wconf 87' lang='grc' dir='ltr'><em>Τοῦτο</em></span> <span class='ocrx_word' id='word_1_78' title='bbox 2021 1113 2079 1166; x_wconf 83' lang='grc' dir='ltr'><em>δὲ</em></span> 
     </span>
    </p>
   </div>
   <div class='ocr_carea' id='block_1_11' title="bbox 487 1200 2080 1272">
    <p class='ocr_par' dir='ltr' id='par_1_11' title="bbox 487 1200 2080 1272">
     <span class='ocr_line' id='line_1_11' title="bbox 487 1200 2080 1272; baseline 0 -18"><span class='ocrx_word' id='word_1_79' title='bbox 487 1202 591 1254; x_wconf 79' lang='grc' dir='ltr'><em>οὐκ</em></span> <span class='ocrx_word' id='word_1_80' title='bbox 617 1200 734 1254; x_wconf 72' lang='grc' dir='ltr'><em>ἐστι</em></span> <span class='ocrx_word' id='word_1_81' title='bbox 773 1200 1192 1263; x_wconf 85' lang='grc' dir='ltr'><em>παλαίοντος.⁹0</em></span> <span class='ocrx_word' id='word_1_82' title='bbox 1231 1200 1339 1272; x_wconf 85' lang='grc' dir='ltr'><em>γάρ</em></span> <span class='ocrx_word' id='word_1_83' title='bbox 1369 1200 1616 1255; x_wconf 88' lang='grc' dir='ltr'><em>παλαίων</em></span> <span class='ocrx_word' id='word_1_84' title='bbox 1643 1201 1857 1255; x_wconf 79' lang='grc' dir='ltr'><em>οὐδέπω</em></span> <span class='ocrx_word' id='word_1_85' title='bbox 1894 1200 2080 1271; x_wconf 86' lang='grc' dir='ltr'><em>ἐνίκη-</em></span> 
     </span>
    </p>
   </div>
   <div class='ocr_carea' id='block_1_12' title="bbox 493 1289 2079 1360">
    <p class='ocr_par' dir='ltr' id='par_1_12' title="bbox 493 1289 2079 1360">
     <span class='ocr_line' id='line_1_12' title="bbox 493 1289 2079 1360; baseline -0.001 -17"><span class='ocrx_word' id='word_1_86' title='bbox 493 1306 610 1354; x_wconf 88' lang='grc' dir='ltr'><em>σεν,</em></span> <span class='ocrx_word' id='word_1_87' title='bbox 646 1293 675 1344; x_wconf 87' lang='lat'><em>6</em></span> <span class='ocrx_word' id='word_1_88' title='bbox 704 1291 761 1345; x_wconf 90' lang='grc' dir='ltr'><em>δέ</em></span> <span class='ocrx_word' id='word_1_89' title='bbox 788 1290 1021 1360; x_wconf 80' lang='grc' dir='ltr'><em>νικήσας</em></span> <span class='ocrx_word' id='word_1_90' title='bbox 1072 1290 1256 1342; x_wconf 80' lang='grc' dir='ltr'><em>οὐκέτι</em></span> <span class='ocrx_word' id='word_1_91' title='bbox 1293 1289 1534 1344; x_wconf 89' lang='grc' dir='ltr'><em>παλαίει.</em></span> <span class='ocrx_word' id='word_1_92' title='bbox 1575 1289 1870 1355; x_wconf 82' lang='grc' dir='ltr'><em>’Υπέταξον</em></span> <span class='ocrx_word' id='word_1_93' title='bbox 1898 1290 2079 1355; x_wconf 77' lang='grc' dir='ltr'><em>αὑτὸν,</em></span> 
     </span>
    </p>
   </div>
   <div class='ocr_carea' id='block_1_13' title="bbox 490 1372 2083 1449">
    <p class='ocr_par' dir='ltr' id='par_1_13' title="bbox 490 1372 2083 1449">
     <span class='ocr_line' id='line_1_13' title="bbox 490 1372 2083 1449; baseline -0.001 -19"><span class='ocrx_word' id='word_1_94' title='bbox 490 1372 937 1449; x_wconf 49' lang='grc' dir='ltr'><em>’ἐξῃχμαλῶτισα</em></span> <span class='ocrx_word' id='word_1_95' title='bbox 965 1377 1075 1430; x_wconf 71' lang='grc' dir='ltr'><em>Καὶ</em></span> <span class='ocrx_word' id='word_1_96' title='bbox 1101 1379 1306 1449; x_wconf 82' lang='grc' dir='ltr'><em>Πέτρος</em></span> <span class='ocrx_word' id='word_1_97' title='bbox 1335 1377 1391 1430; x_wconf 84' lang='grc' dir='ltr'><em>δὲ</em></span> <span class='ocrx_word' id='word_1_98' title='bbox 1414 1378 1514 1430; x_wconf 83' lang='grc' dir='ltr'><em>οὐκ</em></span> <span class='ocrx_word' id='word_1_99' title='bbox 1542 1378 1769 1433; x_wconf 75' lang='grc' dir='ltr'><em>ἐπάλαιε</em></span> <span class='ocrx_word' id='word_1_100' title='bbox 1791 1377 1869 1449; x_wconf 81' lang='grc' dir='ltr'><em>τῷ</em></span> <span class='ocrx_word' id='word_1_101' title='bbox 1904 1377 2083 1430; x_wconf 80' lang='grc' dir='ltr'><em>διαϐό-</em></span> 
     </span>
    </p>
   </div>
   <div class='ocr_carea' id='block_1_14' title="bbox 490 1460 2077 1535">
    <p class='ocr_par' dir='ltr' id='par_1_14' title="bbox 490 1460 2077 1535">
     <span class='ocr_line' id='line_1_14' title="bbox 490 1460 2077 1535; baseline 0.002 -18"><span class='ocrx_word' id='word_1_102' title='bbox 490 1466 585 1534; x_wconf 85' lang='grc' dir='ltr'><em>λῳ,</em></span> <span class='ocrx_word' id='word_1_103' title='bbox 621 1464 738 1519; x_wconf 87' lang='grc' dir='ltr'><em>ἀλλ’</em></span> <span class='ocrx_word' id='word_1_104' title='bbox 761 1463 790 1515; x_wconf 87' lang='lat'><em>6</em></span> <span class='ocrx_word' id='word_1_105' title='bbox 829 1463 924 1517; x_wconf 89' lang='grc' dir='ltr'><em>τοῦ</em></span> <span class='ocrx_word' id='word_1_106' title='bbox 960 1464 1217 1517; x_wconf 82' lang='grc' dir='ltr'><em>παλαῖσαι</em></span> <span class='ocrx_word' id='word_1_107' title='bbox 1250 1464 1456 1534; x_wconf 81' lang='grc' dir='ltr'><em>βέλτιον</em></span> <span class='ocrx_word' id='word_1_108' title='bbox 1485 1460 1573 1535; x_wconf 79' lang='grc' dir='ltr'><em>ἦν,</em></span> <span class='ocrx_word' id='word_1_109' title='bbox 1598 1465 1757 1518; x_wconf 89' lang='grc' dir='ltr'><em>τοῦτο</em></span> <span class='ocrx_word' id='word_1_110' title='bbox 1773 1464 2077 1535; x_wconf 79' lang='grc' dir='ltr'><em>εἰργάζετο.</em></span> 
     </span>
    </p>
   </div>
   <div class='ocr_carea' id='block_1_15' title="bbox 506 1553 2083 1617">
    <p class='ocr_par' dir='ltr' id='par_1_15' title="bbox 506 1553 2083 1617">
     <span class='ocr_line' id='line_1_15' title="bbox 506 1553 2083 1617; baseline -0.001 -11"><span class='ocrx_word' id='word_1_111' title='bbox 506 1554 595 1606; x_wconf 87' lang='grc' dir='ltr'><em>Ἐν</em></span> <span class='ocrx_word' id='word_1_112' title='bbox 646 1556 757 1616; x_wconf 83' lang='grc' dir='ltr'><em>τοῖς</em></span> <span class='ocrx_word' id='word_1_113' title='bbox 787 1556 1019 1616; x_wconf 77' lang='grc' dir='ltr'><em>πιστοῖς,</em></span> <span class='ocrx_word' id='word_1_114' title='bbox 1045 1555 1102 1605; x_wconf 88' lang='grc' dir='ltr'><em>ἐν</em></span> <span class='ocrx_word' id='word_1_115' title='bbox 1139 1556 1251 1617; x_wconf 88' lang='grc' dir='ltr'><em>τοῖς</em></span> <span class='ocrx_word' id='word_1_116' title='bbox 1282 1553 1669 1616; x_wconf 83' lang='grc' dir='ltr'><em>ὑπακούουσιν,</em></span> <span class='ocrx_word' id='word_1_117' title='bbox 1700 1555 1759 1606; x_wconf 91' lang='grc' dir='ltr'><em>ἐν</em></span> <span class='ocrx_word' id='word_1_118' title='bbox 1808 1555 1921 1617; x_wconf 87' lang='grc' dir='ltr'><em>τοῖς</em></span> <span class='ocrx_word' id='word_1_119' title='bbox 1952 1570 2083 1606; x_wconf 83' lang='grc' dir='ltr'><em>κατ-</em></span> 
     </span>
    </p>
   </div>
   <div class='ocr_carea' id='block_1_16' title="bbox 496 1640 2078 1713">
    <p class='ocr_par' dir='ltr' id='par_1_16' title="bbox 496 1640 2078 1713">
     <span class='ocr_line' id='line_1_16' title="bbox 496 1640 2078 1713; baseline 0.001 -19"><span class='ocrx_word' id='word_1_120' title='bbox 496 1659 531 1711; x_wconf 89' lang='grc' dir='ltr'><em>η</em></span> <span class='ocrx_word' id='word_1_121' title='bbox 544 1659 642 1711; x_wconf 89' lang='grc' dir='ltr'><em>χου</em></span> <span class='ocrx_word' id='word_1_122' title='bbox 653 1642 835 1712; x_wconf 82' lang='grc' dir='ltr'><em>μένοις</em></span> <span class='ocrx_word' id='word_1_123' title='bbox 857 1643 919 1694; x_wconf 83' lang='grc' dir='ltr'><em>ἐκ</em></span> <span class='ocrx_word' id='word_1_124' title='bbox 940 1641 1134 1694; x_wconf 84' lang='grc' dir='ltr'><em>πολλοῦ</em></span> <span class='ocrx_word' id='word_1_125' title='bbox 1151 1641 1243 1694; x_wconf 88' lang='grc' dir='ltr'><em>τοῦ</em></span> <span class='ocrx_word' id='word_1_126' title='bbox 1269 1642 1551 1711; x_wconf 81' lang='grc' dir='ltr'><em>περιόντος</em></span> <span class='ocrx_word' id='word_1_127' title='bbox 1571 1642 1837 1713; x_wconf 77' lang='grc' dir='ltr'><em>ἐκράτουν</em></span> <span class='ocrx_word' id='word_1_128' title='bbox 1852 1640 2015 1695; x_wconf 81' lang='grc' dir='ltr'><em>αὐτοῦ</em></span> <span class='ocrx_word' id='word_1_129' title='bbox 2031 1654 2078 1695; x_wconf 80' lang='grc' dir='ltr'><em>ι.</em></span> 
     </span>
    </p>
   </div>
   <div class='ocr_carea' id='block_1_17' title="bbox 494 1727 2082 1799">
    <p class='ocr_par' dir='ltr' id='par_1_17' title="bbox 494 1727 2082 1799">
     <span class='ocr_line' id='line_1_17' title="bbox 494 1727 2082 1799; baseline 0 -18"><span class='ocrx_word' id='word_1_130' title='bbox 494 1730 585 1783; x_wconf 84' lang='grc' dir='ltr'><em>Διὸ</em></span> <span class='ocrx_word' id='word_1_131' title='bbox 636 1728 730 1782; x_wconf 72' lang='grc' dir='ltr'><em>καὶ</em></span> <span class='ocrx_word' id='word_1_132' title='bbox 764 1727 995 1796; x_wconf 79' lang='grc' dir='ltr'><em>ἐλεγενό</em></span> <span class='ocrx_word' id='word_1_133' title='bbox 1029 1727 1299 1799; x_wconf 87' lang='grc' dir='ltr'><em>μακάριος</em></span> <span class='ocrx_word' id='word_1_134' title='bbox 1340 1728 1551 1792; x_wconf 87' lang='grc' dir='ltr'><em>Παῦλος</em></span> <span class='ocrx_word' id='word_1_135' title='bbox 1583 1745 1596 1758; x_wconf 66' lang='grc'><strong>⁸</strong></span> <span class='ocrx_word' id='word_1_136' title='bbox 1640 1730 1722 1782; x_wconf 86' lang='grc' dir='ltr'><em>Οὐ</em></span> <span class='ocrx_word' id='word_1_137' title='bbox 1748 1728 1861 1797; x_wconf 76' lang='grc' dir='ltr'><em>γὰρ</em></span> <span class='ocrx_word' id='word_1_138' title='bbox 1895 1727 2082 1783; x_wconf 85' lang='grc' dir='ltr'><em>αὐτοῦ</em></span> 
     </span>
    </p>
   </div>
   <div class='ocr_carea' id='block_1_18' title="bbox 493 1815 2081 1885">
    <p class='ocr_par' dir='ltr' id='par_1_18' title="bbox 493 1815 2081 1885">
     <span class='ocr_line' id='line_1_18' title="bbox 493 1815 2081 1885; baseline -0.001 -15"><span class='ocrx_word' id='word_1_139' title='bbox 493 1816 567 1870; x_wconf 72' lang='grc' dir='ltr'><em>τὰ</em></span> <span class='ocrx_word' id='word_1_140' title='bbox 589 1815 858 1885; x_wconf 80' lang='grc' dir='ltr'><em>νοήματα</em></span> <span class='ocrx_word' id='word_1_141' title='bbox 908 1815 1266 1885; x_wconf 78' lang='grc' dir='ltr'><em>ἀγνοοῦμεν.</em></span> <span class='ocrx_word' id='word_1_142' title='bbox 1300 1815 1466 1869; x_wconf 85' lang='grc' dir='ltr'><em>Ὅθεν</em></span> <span class='ocrx_word' id='word_1_143' title='bbox 1516 1816 1612 1870; x_wconf 72' lang='grc' dir='ltr'><em>καὶ</em></span> <span class='ocrx_word' id='word_1_144' title='bbox 1645 1815 1879 1885; x_wconf 87' lang='grc' dir='ltr'><em>μάλιστα</em></span> <span class='ocrx_word' id='word_1_145' title='bbox 1915 1815 2081 1869; x_wconf 84' lang='grc' dir='ltr'><em>αὑτοῦ</em></span> 
     </span>
    </p>
   </div>
   <div class='ocr_carea' id='block_1_19' title="bbox 496 1886 2082 1973">
    <p class='ocr_par' dir='ltr' id='par_1_19' title="bbox 496 1886 2082 1973">
     <span class='ocr_line' id='line_1_19' title="bbox 496 1886 2082 1973; baseline -0.001 -16"><span class='ocrx_word' id='word_1_146' title='bbox 496 1904 865 1973; x_wconf 73' lang='grc' dir='ltr'><em>περιεγένετο.</em></span> <span class='ocrx_word' id='word_1_147' title='bbox 902 1904 1010 1955; x_wconf 67' lang='grc' dir='ltr'><em>Καὶ</em></span> <span class='ocrx_word' id='word_1_148' title='bbox 1064 1886 1227 1956; x_wconf 79' lang='grc' dir='ltr'><em>πάλιν</em></span> <span class='ocrx_word' id='word_1_149' title='bbox 1282 1903 1447 1957; x_wconf 80' lang='grc' dir='ltr'><em>ἄκουε</em></span> <span class='ocrx_word' id='word_1_150' title='bbox 1477 1902 1643 1956; x_wconf 81' lang='grc' dir='ltr'><em>αὑτοῦ</em></span> <span class='ocrx_word' id='word_1_151' title='bbox 1676 1903 1924 1971; x_wconf 86' lang='grc' dir='ltr'><em>λέγοντος</em></span> <span class='ocrx_word' id='word_1_152' title='bbox 1957 1919 1970 1932; x_wconf 89' lang='grc'><strong>·</strong></span> <span class='ocrx_word' id='word_1_153' title='bbox 1998 1905 2082 1956; x_wconf 86' lang='grc' dir='ltr'><em>Οὺ</em></span> 
     </span>
    </p>
   </div>
   <div class='ocr_carea' id='block_1_20' title="bbox 495 1987 2083 2060">
    <p class='ocr_par' dir='ltr' id='par_1_20' title="bbox 495 1987 2083 2060">
     <span class='ocr_line' id='line_1_20' title="bbox 495 1987 2083 2060; baseline -0.002 -15"><span class='ocrx_word' id='word_1_154' title='bbox 495 1991 868 2060; x_wconf 66' lang='grc' dir='ltr'><em>θαυμαστὸν,</em></span> <span class='ocrx_word' id='word_1_155' title='bbox 898 1993 947 2043; x_wconf 83' lang='grc' dir='ltr'><em>ει</em></span> <span class='ocrx_word' id='word_1_156' title='bbox 983 1989 1079 2042; x_wconf 73' lang='grc' dir='ltr'><em>καί</em></span> <span class='ocrx_word' id='word_1_157' title='bbox 1104 1992 1159 2042; x_wconf 83' lang='grc' dir='ltr'><em>οί</em></span> <span class='ocrx_word' id='word_1_158' title='bbox 1180 1988 1448 2042; x_wconf 82' lang='grc' dir='ltr'><em>διάκονοι</em></span> <span class='ocrx_word' id='word_1_159' title='bbox 1474 1987 1664 2042; x_wconf 84' lang='grc' dir='ltr'><em>αὐτοῦ</em></span> <span class='ocrx_word' id='word_1_160' title='bbox 1694 2005 2083 2058; x_wconf 84' lang='grc' dir='ltr'><em>μετασχημα-</em></span> 
     </span>
    </p>
   </div>
   <div class='ocr_carea' id='block_1_21' title="bbox 494 2074 2079 2147">
    <p class='ocr_par' dir='ltr' id='par_1_21' title="bbox 494 2074 2079 2147">
     <span class='ocr_line' id='line_1_21' title="bbox 494 2074 2079 2147; baseline -0.003 -16"><span class='ocrx_word' id='word_1_161' title='bbox 494 2078 770 2140; x_wconf 75' lang='grc' dir='ltr'><em>τίζονται,</em></span> <span class='ocrx_word' id='word_1_162' title='bbox 803 2078 885 2139; x_wconf 87' lang='grc' dir='ltr'><em>ὠς</em></span> <span class='ocrx_word' id='word_1_163' title='bbox 938 2076 1201 2129; x_wconf 76' lang='grc' dir='ltr'><em>διάκονοι</em></span> <span class='ocrx_word' id='word_1_164' title='bbox 1254 2075 1667 2143; x_wconf 81' lang='grc' dir='ltr'><em>δικαιοσύνης.</em></span> <span class='ocrx_word' id='word_1_165' title='bbox 1724 2074 1911 2139; x_wconf 73' lang='grc' dir='ltr'><em>Οὕτως</em></span> <span class='ocrx_word' id='word_1_166' title='bbox 1961 2075 2079 2147; x_wconf 72' lang='grc' dir='ltr'><em>ᾔδει</em></span> 
     </span>
    </p>
   </div>
   <div class='ocr_carea' id='block_1_22' title="bbox 497 2162 2079 2235">
    <p class='ocr_par' dir='ltr' id='par_1_22' title="bbox 497 2162 2079 2235">
     <span class='ocr_line' id='line_1_22' title="bbox 497 2162 2079 2235; baseline -0.003 -16"><span class='ocrx_word' id='word_1_167' title='bbox 497 2168 679 2219; x_wconf 81' lang='grc' dir='ltr'><em>πᾶσαν</em></span> <span class='ocrx_word' id='word_1_168' title='bbox 727 2165 825 2235; x_wconf 85' lang='grc' dir='ltr'><em>τὴν</em></span> <span class='ocrx_word' id='word_1_169' title='bbox 890 2164 1090 2234; x_wconf 80' lang='grc' dir='ltr'><em>μάχην,</em></span> <span class='ocrx_word' id='word_1_170' title='bbox 1127 2163 1222 2216; x_wconf 76' lang='grc' dir='ltr'><em>καὶ</em></span> <span class='ocrx_word' id='word_1_171' title='bbox 1264 2163 1413 2215; x_wconf 81' lang='grc' dir='ltr'><em>οὐδὲν</em></span> <span class='ocrx_word' id='word_1_172' title='bbox 1456 2162 1618 2227; x_wconf 76' lang='grc' dir='ltr'><em>αὑτὸν</em></span> <span class='ocrx_word' id='word_1_173' title='bbox 1640 2162 1920 2216; x_wconf 89' lang='grc' dir='ltr'><em>ἐλάνθανε.</em></span> <span class='ocrx_word' id='word_1_174' title='bbox 1947 2164 2079 2229; x_wconf 73' lang='grc' dir='ltr'><em>Καὶ,</em></span> 
     </span>
    </p>
   </div>
   <div class='ocr_carea' id='block_1_23' title="bbox 502 2249 2085 2321">
    <p class='ocr_par' dir='ltr' id='par_1_23' title="bbox 502 2249 2085 2321">
     <span class='ocr_line' id='line_1_23' title="bbox 502 2249 2085 2321; baseline -0.002 -15"><span class='ocrx_word' id='word_1_175' title='bbox 502 2253 577 2307; x_wconf 85' lang='grc' dir='ltr'><em>Τὸ</em></span> <span class='ocrx_word' id='word_1_176' title='bbox 601 2252 943 2321; x_wconf 75' lang='grc' dir='ltr'><em>μυστήριον</em></span> <span class='ocrx_word' id='word_1_177' title='bbox 988 2251 1117 2319; x_wconf 56' lang='grc' dir='ltr'><em>γὰρ,</em></span> <span class='ocrx_word' id='word_1_178' title='bbox 1179 2250 1365 2319; x_wconf 69' lang='grc' dir='ltr'><em>φησιν,</em></span> <span class='ocrx_word' id='word_1_179' title='bbox 1415 2249 1531 2318; x_wconf 81' lang='grc' dir='ltr'><em>ἤδη</em></span> <span class='ocrx_word' id='word_1_180' title='bbox 1596 2250 1918 2320; x_wconf 79' lang='grc' dir='ltr'><em>ἐνεργεῖται</em></span> <span class='ocrx_word' id='word_1_181' title='bbox 1972 2250 2085 2318; x_wconf 79' lang='grc' dir='ltr'><em>τῆς</em></span> 
     </span>
    </p>
   </div>
   <div class='ocr_carea' id='block_1_24' title="bbox 498 2336 2086 2408">
    <p class='ocr_par' dir='ltr' id='par_1_24' title="bbox 498 2336 2086 2408">
     <span class='ocr_line' id='line_1_24' title="bbox 498 2336 2086 2408; baseline -0.003 -14"><span class='ocrx_word' id='word_1_182' title='bbox 498 2340 772 2408; x_wconf 80' lang='grc' dir='ltr'><em>ἀνομίας.</em></span> <span class='ocrx_word' id='word_1_183' title='bbox 818 2338 979 2391; x_wconf 81' lang='grc' dir='ltr'><em>Ἀλλά</em></span> <span class='ocrx_word' id='word_1_184' title='bbox 1031 2338 1167 2407; x_wconf 81' lang='grc' dir='ltr'><em>πρὸς</em></span> <span class='ocrx_word' id='word_1_185' title='bbox 1225 2338 1371 2407; x_wconf 75' lang='grc' dir='ltr'><em>ἡμᾶς</em></span> <span class='ocrx_word' id='word_1_186' title='bbox 1437 2338 1470 2407; x_wconf 80' lang='grc' dir='ltr'><strong>ή</strong></span> <span class='ocrx_word' id='word_1_187' title='bbox 1532 2338 1680 2407; x_wconf 82' lang='grc' dir='ltr'><em>πάλη</em></span> <span class='ocrx_word' id='word_1_188' title='bbox 1716 2337 1885 2391; x_wconf 82' lang='grc' dir='ltr'><em>ἐστίν.</em></span> <span class='ocrx_word' id='word_1_189' title='bbox 1931 2336 2086 2391; x_wconf 72' lang='grc' dir='ltr'><em>Ἐπεὶ</em></span> 
     </span>
    </p>
   </div>
   <div class='ocr_carea' id='block_1_25' title="bbox 501 2423 2087 2495">
    <p class='ocr_par' dir='ltr' id='par_1_25' title="bbox 501 2423 2087 2495">
     <span class='ocr_line' id='line_1_25' title="bbox 501 2423 2087 2495; baseline -0.003 -14"><span class='ocrx_word' id='word_1_190' title='bbox 501 2428 669 2481; x_wconf 75' lang='grc' dir='ltr'><em>ἄκουε</em></span> <span class='ocrx_word' id='word_1_191' title='bbox 726 2426 887 2479; x_wconf 88' lang='grc' dir='ltr'><em>πάλιν</em></span> <span class='ocrx_word' id='word_1_192' title='bbox 933 2424 1099 2479; x_wconf 80' lang='grc' dir='ltr'><em>αὑτοῦ</em></span> <span class='ocrx_word' id='word_1_193' title='bbox 1121 2424 1370 2493; x_wconf 79' lang='grc' dir='ltr'><em>λέγοντος</em></span> <span class='ocrx_word' id='word_1_194' title='bbox 1397 2443 1411 2456; x_wconf 78' lang='grc' dir='ltr'><strong><em>ο</em></strong></span> <span class='ocrx_word' id='word_1_195' title='bbox 1444 2423 1773 2495; x_wconf 82' lang='grc' dir='ltr'><em>Πέπεισμαι</em></span> <span class='ocrx_word' id='word_1_196' title='bbox 1814 2424 1902 2478; x_wconf 89' lang='grc' dir='ltr'><em>ὅτι</em></span> <span class='ocrx_word' id='word_1_197' title='bbox 1946 2426 2087 2479; x_wconf 85' lang='grc' dir='ltr'><em>οὔτε</em></span> 
     </span>
    </p>
   </div>
   <div class='ocr_carea' id='block_1_26' title="bbox 498 2509 2084 2582">
    <p class='ocr_par' dir='ltr' id='par_1_26' title="bbox 498 2509 2084 2582">
     <span class='ocr_line' id='line_1_26' title="bbox 498 2509 2084 2582; baseline -0.001 -16"><span class='ocrx_word' id='word_1_198' title='bbox 498 2514 764 2582; x_wconf 72' lang='grc' dir='ltr'><em>ἄγγελοι,</em></span> <span class='ocrx_word' id='word_1_199' title='bbox 801 2513 940 2566; x_wconf 82' lang='grc' dir='ltr'><em>οὔτε</em></span> <span class='ocrx_word' id='word_1_200' title='bbox 986 2511 1186 2581; x_wconf 80' lang='grc' dir='ltr'><em>ἀρχαί,</em></span> <span class='ocrx_word' id='word_1_201' title='bbox 1236 2511 1374 2566; x_wconf 85' lang='grc' dir='ltr'><em>οὔτε</em></span> <span class='ocrx_word' id='word_1_202' title='bbox 1409 2511 1703 2578; x_wconf 74' lang='grc' dir='ltr'><em>ἐξουσίαι,</em></span> <span class='ocrx_word' id='word_1_203' title='bbox 1731 2513 1870 2566; x_wconf 84' lang='grc' dir='ltr'><em>οὔτε</em></span> <span class='ocrx_word' id='word_1_204' title='bbox 1905 2509 2084 2565; x_wconf 77' lang='grc' dir='ltr'><em>δυνά-</em></span> 
     </span>
    </p>
   </div>
   <div class='ocr_carea' id='block_1_27' title="bbox 496 2599 2087 2671">
    <p class='ocr_par' dir='ltr' id='par_1_27' title="bbox 496 2599 2087 2671">
     <span class='ocr_line' id='line_1_27' title="bbox 496 2599 2087 2671; baseline -0.002 -17"><span class='ocrx_word' id='word_1_205' title='bbox 496 2619 649 2671; x_wconf 87' lang='grc' dir='ltr'><em>μεις,</em></span> <span class='ocrx_word' id='word_1_206' title='bbox 682 2601 820 2654; x_wconf 79' lang='grc' dir='ltr'><em>οὔτε</em></span> <span class='ocrx_word' id='word_1_207' title='bbox 847 2599 1145 2654; x_wconf 81' lang='grc' dir='ltr'><em>ἐνεστῶτα</em></span> <span class='ocrx_word' id='word_1_208' title='bbox 1171 2638 1186 2665; x_wconf 91' lang='grc'><em>,</em></span> <span class='ocrx_word' id='word_1_209' title='bbox 1228 2602 1365 2655; x_wconf 83' lang='grc' dir='ltr'><em>οὔτε</em></span> <span class='ocrx_word' id='word_1_210' title='bbox 1380 2599 1706 2668; x_wconf 85' lang='grc' dir='ltr'><em>μέλλοντα,</em></span> <span class='ocrx_word' id='word_1_211' title='bbox 1732 2600 1870 2654; x_wconf 83' lang='grc' dir='ltr'><em>οὔτε</em></span> <span class='ocrx_word' id='word_1_212' title='bbox 1892 2600 2087 2664; x_wconf 74' lang='grc' dir='ltr'><em>κτίσις</em></span> 
     </span>
    </p>
   </div>
   <div class='ocr_carea' id='block_1_28' title="bbox 500 2686 2087 2758">
    <p class='ocr_par' dir='ltr' id='par_1_28' title="bbox 500 2686 2087 2758">
     <span class='ocr_line' id='line_1_28' title="bbox 500 2686 2087 2758; baseline -0.003 -16"><span class='ocrx_word' id='word_1_213' title='bbox 500 2686 671 2755; x_wconf 77' lang='grc' dir='ltr'><em>ἑτέρα</em></span> <span class='ocrx_word' id='word_1_214' title='bbox 720 2687 1051 2755; x_wconf 83' lang='grc' dir='ltr'><em>δυνήσεται</em></span> <span class='ocrx_word' id='word_1_215' title='bbox 1084 2688 1243 2757; x_wconf 76' lang='grc' dir='ltr'><em>ἡμᾶς</em></span> <span class='ocrx_word' id='word_1_216' title='bbox 1287 2690 1534 2758; x_wconf 81' lang='grc' dir='ltr'><em>χωρίσαι</em></span> <span class='ocrx_word' id='word_1_217' title='bbox 1569 2689 1685 2743; x_wconf 81' lang='grc' dir='ltr'><em>ἀπὸ</em></span> <span class='ocrx_word' id='word_1_218' title='bbox 1706 2687 1815 2756; x_wconf 84' lang='grc' dir='ltr'><em>τῆς</em></span> <span class='ocrx_word' id='word_1_219' title='bbox 1847 2686 2087 2756; x_wconf 70' lang='grc' dir='ltr'><em>ἀγάπης</em></span> 
     </span>
    </p>
   </div>
   <div class='ocr_carea' id='block_1_29' title="bbox 500 2770 2084 2846">
    <p class='ocr_par' dir='ltr' id='par_1_29' title="bbox 500 2770 2084 2846">
     <span class='ocr_line' id='line_1_29' title="bbox 500 2770 2084 2846; baseline -0.001 -17"><span class='ocrx_word' id='word_1_220' title='bbox 500 2776 607 2830; x_wconf 91' lang='grc' dir='ltr'><em>τοῦ</em></span> <span class='ocrx_word' id='word_1_221' title='bbox 640 2775 918 2846; x_wconf 85' lang='grc' dir='ltr'><em>Χριστοῦ.</em></span> <span class='ocrx_word' id='word_1_222' title='bbox 944 2776 1057 2829; x_wconf 79' lang='grc' dir='ltr'><em>Οὐκ</em></span> <span class='ocrx_word' id='word_1_223' title='bbox 1095 2770 1250 2828; x_wconf 78' lang='grc' dir='ltr'><em>εἶπεν</em></span> <span class='ocrx_word' id='word_1_224' title='bbox 1275 2776 1486 2840; x_wconf 76' lang='grc' dir='ltr'><em>ἁπλῶς,</em></span> <span class='ocrx_word' id='word_1_225' title='bbox 1544 2776 1678 2829; x_wconf 78' lang='grc' dir='ltr'><em>Ἀπὸ</em></span> <span class='ocrx_word' id='word_1_226' title='bbox 1706 2775 1799 2828; x_wconf 87' lang='grc' dir='ltr'><em>τοῦ</em></span> <span class='ocrx_word' id='word_1_227' title='bbox 1823 2775 2084 2845; x_wconf 81' lang='grc' dir='ltr'><em>Χριστοῦ,</em></span> 
     </span>
    </p>
   </div>
   <div class='ocr_carea' id='block_1_30' title="bbox 501 2861 2087 2933">
    <p class='ocr_par' dir='ltr' id='par_1_30' title="bbox 501 2861 2087 2933">
     <span class='ocr_line' id='line_1_30' title="bbox 501 2861 2087 2933; baseline -0.001 -16"><span class='ocrx_word' id='word_1_228' title='bbox 501 2864 636 2929; x_wconf 83' lang='grc' dir='ltr'><em>ἀλλ’,</em></span> <span class='ocrx_word' id='word_1_229' title='bbox 680 2863 823 2917; x_wconf 82' lang='grc' dir='ltr'><em>Ἀπὸ</em></span> <span class='ocrx_word' id='word_1_230' title='bbox 856 2861 967 2930; x_wconf 85' lang='grc' dir='ltr'><em>τῆς</em></span> <span class='ocrx_word' id='word_1_231' title='bbox 1002 2862 1240 2931; x_wconf 76' lang='grc' dir='ltr'><em>ἀγάπης</em></span> <span class='ocrx_word' id='word_1_232' title='bbox 1290 2863 1395 2916; x_wconf 89' lang='grc' dir='ltr'><em>τοῦ</em></span> <span class='ocrx_word' id='word_1_233' title='bbox 1429 2862 1707 2932; x_wconf 87' lang='grc' dir='ltr'><em>Χριστοῦ.</em></span> <span class='ocrx_word' id='word_1_234' title='bbox 1737 2863 1930 2915; x_wconf 74' lang='grc' dir='ltr'><em>Πολλοὶ</em></span> <span class='ocrx_word' id='word_1_235' title='bbox 1977 2864 2087 2933; x_wconf 89' lang='grc' dir='ltr'><em>γάρ</em></span> 
     </span>
    </p>
   </div>
   <div class='ocr_carea' id='block_1_31' title="bbox 501 2949 2087 3023">
    <p class='ocr_par' dir='ltr' id='par_1_31' title="bbox 501 2949 2087 3023">
     <span class='ocr_line' id='line_1_31' title="bbox 501 2949 2087 3023; baseline 0.001 -19"><span class='ocrx_word' id='word_1_236' title='bbox 501 2953 640 3004; x_wconf 75' lang='grc' dir='ltr'><em>εἰσιν</em></span> <span class='ocrx_word' id='word_1_237' title='bbox 671 2950 940 3021; x_wconf 77' lang='grc' dir='ltr'><em>ήνωμένοι</em></span> <span class='ocrx_word' id='word_1_238' title='bbox 970 2950 1130 3019; x_wconf 80' lang='grc' dir='ltr'>δῆθεν</span> <span class='ocrx_word' id='word_1_239' title='bbox 1168 2949 1245 3020; x_wconf 81' lang='grc' dir='ltr'><em>τῷ</em></span> <span class='ocrx_word' id='word_1_240' title='bbox 1280 2950 1525 3023; x_wconf 82' lang='grc' dir='ltr'><em>Χριστῷ,</em></span> <span class='ocrx_word' id='word_1_241' title='bbox 1548 2951 1648 3004; x_wconf 83' lang='grc' dir='ltr'><em>οὐκ</em></span> <span class='ocrx_word' id='word_1_242' title='bbox 1676 2950 1996 3019; x_wconf 80' lang='grc' dir='ltr'><em>ἀγαπῶντες</em></span> <span class='ocrx_word' id='word_1_243' title='bbox 2029 2952 2087 3006; x_wconf 76' lang='grc' dir='ltr'><em>δὲ</em></span> 
     </span>
    </p>
   </div>
   <div class='ocr_carea' id='block_1_32' title="bbox 503 3037 2083 3109">
    <p class='ocr_par' dir='ltr' id='par_1_32' title="bbox 503 3037 2083 3109">
     <span class='ocr_line' id='line_1_32' title="bbox 503 3037 2083 3109; baseline 0.001 -18"><span class='ocrx_word' id='word_1_244' title='bbox 503 3038 683 3092; x_wconf 75' lang='grc' dir='ltr'><em>αὐτόν.</em></span> <span class='ocrx_word' id='word_1_245' title='bbox 712 3038 788 3091; x_wconf 83' lang='grc' dir='ltr'><em>Ού</em></span> <span class='ocrx_word' id='word_1_246' title='bbox 821 3037 981 3108; x_wconf 88' lang='grc' dir='ltr'><em>μόνον</em></span> <span class='ocrx_word' id='word_1_247' title='bbox 1002 3076 1017 3101; x_wconf 94' lang='grc'><em>,</em></span> <span class='ocrx_word' id='word_1_248' title='bbox 1053 3037 1219 3106; x_wconf 80' lang='grc' dir='ltr'><em>φησὶν</em></span> <span class='ocrx_word' id='word_1_249' title='bbox 1240 3076 1257 3104; x_wconf 90' lang='grc'><em>,</em></span> <span class='ocrx_word' id='word_1_250' title='bbox 1290 3038 1629 3108; x_wconf 81' lang='grc' dir='ltr'><em>ἀρνήσασθαι</em></span> <span class='ocrx_word' id='word_1_251' title='bbox 1662 3055 1730 3109; x_wconf 86' lang='grc' dir='ltr'><em>με</em></span> <span class='ocrx_word' id='word_1_252' title='bbox 1751 3040 1811 3091; x_wconf 78' lang='grc' dir='ltr'><em>οὐ</em></span> <span class='ocrx_word' id='word_1_253' title='bbox 1853 3040 2083 3103; x_wconf 78' lang='grc' dir='ltr'><em>πείσεις,</em></span> 
     </span>
    </p>
   </div>
   <div class='ocr_carea' id='block_1_33' title="bbox 501 3121 2087 3197">
    <p class='ocr_par' dir='ltr' id='par_1_33' title="bbox 501 3121 2087 3197">
     <span class='ocr_line' id='line_1_33' title="bbox 501 3121 2087 3197; baseline -0.001 -15"><span class='ocrx_word' id='word_1_254' title='bbox 501 3126 616 3182; x_wconf 84' lang='grc' dir='ltr'><em>ἀλλ’</em></span> <span class='ocrx_word' id='word_1_255' title='bbox 650 3126 769 3179; x_wconf 85' lang='grc' dir='ltr'><em>οὐδὲ</em></span> <span class='ocrx_word' id='word_1_256' title='bbox 798 3121 959 3197; x_wconf 76' lang='grc' dir='ltr'><em>ἦττον</em></span> <span class='ocrx_word' id='word_1_257' title='bbox 990 3125 1152 3178; x_wconf 76' lang='grc' dir='ltr'><em>αὑτὸν</em></span> <span class='ocrx_word' id='word_1_258' title='bbox 1178 3125 1479 3195; x_wconf 78' lang='grc' dir='ltr'><em>ἀγαπῆσαι.</em></span> <span class='ocrx_word' id='word_1_259' title='bbox 1504 3126 1568 3179; x_wconf 81' lang='grc' dir='ltr'><strong>Εἰ</strong></span> <span class='ocrx_word' id='word_1_260' title='bbox 1604 3125 1660 3179; x_wconf 85' lang='grc' dir='ltr'><em>δὲ</em></span> <span class='ocrx_word' id='word_1_261' title='bbox 1701 3129 1756 3180; x_wconf 84' lang='grc' dir='ltr'><em>αἱ</em></span> <span class='ocrx_word' id='word_1_262' title='bbox 1794 3128 1908 3181; x_wconf 82' lang='grc' dir='ltr'><em>ἀνω</em></span> <span class='ocrx_word' id='word_1_263' title='bbox 1926 3126 2087 3181; x_wconf 86' lang='grc' dir='ltr'><em>δυνά-</em></span> 
     </span>
    </p>
   </div>
   <div class='ocr_carea' id='block_1_34' title="bbox 508 3211 2088 3286">
    <p class='ocr_par' dir='ltr' id='par_1_34' title="bbox 508 3211 2088 3286">
     <span class='ocr_line' id='line_1_34' title="bbox 508 3211 2088 3286; baseline 0.001 -18"><span class='ocrx_word' id='word_1_264' title='bbox 508 3232 628 3286; x_wconf 85' lang='grc' dir='ltr'><em>μεις</em></span> <span class='ocrx_word' id='word_1_265' title='bbox 652 3214 753 3267; x_wconf 84' lang='grc' dir='ltr'><em>οὐκ</em></span> <span class='ocrx_word' id='word_1_266' title='bbox 809 3214 875 3267; x_wconf 87' lang='grc' dir='ltr'><em>ἂν</em></span> <span class='ocrx_word' id='word_1_267' title='bbox 926 3213 1086 3266; x_wconf 87' lang='grc' dir='ltr'><em>τοῦτο</em></span> <span class='ocrx_word' id='word_1_268' title='bbox 1125 3212 1372 3282; x_wconf 73' lang='grc' dir='ltr'><em>ἴσχυσαν,</em></span> <span class='ocrx_word' id='word_1_269' title='bbox 1407 3211 1557 3285; x_wconf 75' lang='grc'><em>[172]</em></span> <span class='ocrx_word' id='word_1_270' title='bbox 1595 3214 1680 3276; x_wconf 89' lang='grc' dir='ltr'><em>τίς</em></span> <span class='ocrx_word' id='word_1_271' title='bbox 1709 3213 1895 3285; x_wconf 73' lang='grc' dir='ltr'><em>ἔτερος</em></span> <span class='ocrx_word' id='word_1_272' title='bbox 1926 3215 2088 3270; x_wconf 81' lang='grc' dir='ltr'><em>αὑτὸν</em></span> 
     </span>
    </p>
   </div>
   <div class='ocr_carea' id='block_1_35' title="bbox 508 3299 2090 3372">
    <p class='ocr_par' dir='ltr' id='par_1_35' title="bbox 508 3299 2090 3372">
     <span class='ocr_line' id='line_1_35' title="bbox 508 3299 2090 3372; baseline 0.002 -18"><span class='ocrx_word' id='word_1_273' title='bbox 508 3302 840 3372; x_wconf 82' lang='grc' dir='ltr'><em>μετέστησεν</em></span> <span class='ocrx_word' id='word_1_274' title='bbox 865 3318 880 3369; x_wconf 88' lang='lat'><strong>;</strong></span> <span class='ocrx_word' id='word_1_275' title='bbox 914 3301 1025 3371; x_wconf 78' lang='grc' dir='ltr'><em>Ούχ</em></span> <span class='ocrx_word' id='word_1_276' title='bbox 1046 3300 1122 3363; x_wconf 80' lang='grc' dir='ltr'><em>ὡς</em></span> <span class='ocrx_word' id='word_1_277' title='bbox 1141 3299 1197 3353; x_wconf 79' lang='grc' dir='ltr'><em>δὲ</em></span> <span class='ocrx_word' id='word_1_278' title='bbox 1226 3299 1450 3353; x_wconf 80' lang='grc' dir='ltr'><em>ἐκείνων</em></span> <span class='ocrx_word' id='word_1_279' title='bbox 1475 3300 1887 3371; x_wconf 86' lang='grc' dir='ltr'><em>ἐπιχειρουσῶν,</em></span> <span class='ocrx_word' id='word_1_280' title='bbox 1914 3301 2090 3357; x_wconf 87' lang='grc' dir='ltr'><em>ταῦτά</em></span> 
     </span>
    </p>
   </div>
   <div class='ocr_carea' id='block_1_36' title="bbox 505 3388 2084 3463">
    <p class='ocr_par' dir='ltr' id='par_1_36' title="bbox 505 3388 2084 3463">
     <span class='ocr_line' id='line_1_36' title="bbox 505 3388 2084 3463; baseline 0.001 -20"><span class='ocrx_word' id='word_1_281' title='bbox 505 3408 690 3463; x_wconf 74' lang='grc' dir='ltr'><em>φησιν,</em></span> <span class='ocrx_word' id='word_1_282' title='bbox 707 3390 842 3444; x_wconf 80' lang='grc' dir='ltr'><em>ἀλλά</em></span> <span class='ocrx_word' id='word_1_283' title='bbox 861 3390 985 3443; x_wconf 79' lang='grc' dir='ltr'><em>καθ’</em></span> <span class='ocrx_word' id='word_1_284' title='bbox 1002 3389 1279 3443; x_wconf 84' lang='grc' dir='ltr'><em>ὑπόθεσιν.</em></span> <span class='ocrx_word' id='word_1_285' title='bbox 1304 3389 1394 3442; x_wconf 76' lang='grc' dir='ltr'><em>Διὸ</em></span> <span class='ocrx_word' id='word_1_286' title='bbox 1414 3390 1509 3443; x_wconf 77' lang='grc' dir='ltr'><em>καὶ</em></span> <span class='ocrx_word' id='word_1_287' title='bbox 1530 3388 1703 3459; x_wconf 77' lang='grc' dir='ltr'><em>ἔλεγε·</em></span> <span class='ocrx_word' id='word_1_288' title='bbox 1730 3389 2084 3461; x_wconf 79' lang='grc' dir='ltr'><em>Πέπεισμαι.</em></span> 
     </span>
    </p>
   </div>
   <div class='ocr_carea' id='block_1_37' title="bbox 507 3478 2155 3548">
    <p class='ocr_par' dir='ltr' id='par_1_37' title="bbox 507 3478 2155 3548">
     <span class='ocr_line' id='line_1_37' title="bbox 507 3478 2155 3548; baseline -0.002 -16"><span class='ocrx_word' id='word_1_289' title='bbox 507 3478 718 3533; x_wconf 76' lang='grc' dir='ltr'><em>ιὶύκοῦν</em></span> <span class='ocrx_word' id='word_1_290' title='bbox 744 3479 846 3532; x_wconf 79' lang='grc' dir='ltr'><em>οῦκ</em></span> <span class='ocrx_word' id='word_1_291' title='bbox 874 3478 1135 3532; x_wconf 80' lang='grc' dir='ltr'><em>ἐπάλαιεν</em></span> <span class='ocrx_word' id='word_1_292' title='bbox 1170 3519 1184 3543; x_wconf 95' lang='grc'><em>,</em></span> <span class='ocrx_word' id='word_1_293' title='bbox 1217 3478 1330 3530; x_wconf 88' lang='grc' dir='ltr'><em>ἀλλ’</em></span> <span class='ocrx_word' id='word_1_294' title='bbox 1368 3478 1519 3548; x_wconf 75' lang='grc' dir='ltr'><em>ὅμως</em></span> <span class='ocrx_word' id='word_1_295' title='bbox 1547 3478 1972 3547; x_wconf 80' lang='grc' dir='ltr'><em>φοϐεῖταιαύτοῦ</em></span> <span class='ocrx_word' id='word_1_296' title='bbox 1991 3480 2089 3542; x_wconf 82' lang='grc' dir='ltr'><em>τάς</em></span> <span class='ocrx_word' id='word_1_297' title='bbox 2147 3518 2155 3529; x_wconf 83' lang='grc'><em>.</em></span> 
     </span>
    </p>
   </div>
   <div class='ocr_carea' id='block_1_38' title="bbox 507 3566 2086 3638">
    <p class='ocr_par' dir='ltr' id='par_1_38' title="bbox 507 3566 2086 3638">
     <span class='ocr_line' id='line_1_38' title="bbox 507 3566 2086 3638; baseline -0.001 -17"><span class='ocrx_word' id='word_1_298' title='bbox 507 3567 865 3638; x_wconf 71' lang='grc' dir='ltr'><em>πανουργίας.</em></span> <span class='ocrx_word' id='word_1_299' title='bbox 896 3567 1095 3619; x_wconf 79' lang='grc' dir='ltr'><em>Ἀκουε</em></span> <span class='ocrx_word' id='word_1_300' title='bbox 1123 3566 1233 3635; x_wconf 81' lang='grc' dir='ltr'><em>γάρ</em></span> <span class='ocrx_word' id='word_1_301' title='bbox 1254 3566 1418 3619; x_wconf 80' lang='grc' dir='ltr'><em>αὐτοῦ</em></span> <span class='ocrx_word' id='word_1_302' title='bbox 1444 3566 1696 3635; x_wconf 89' lang='grc' dir='ltr'><em>λέγοντος</em></span> <span class='ocrx_word' id='word_1_303' title='bbox 1719 3582 1737 3619; x_wconf 80' lang='lat'><strong><em>:</em></strong></span> <span class='ocrx_word' id='word_1_304' title='bbox 1767 3566 2086 3635; x_wconf 72' lang='grc' dir='ltr'><em>Φοϐοῦμαι,</em></span> 
     </span>
    </p>
   </div>
   <div class='ocr_carea' id='block_1_39' title="bbox 502 3653 2090 3726">
    <p class='ocr_par' dir='ltr' id='par_1_39' title="bbox 502 3653 2090 3726">
     <span class='ocr_line' id='line_1_39' title="bbox 502 3653 2090 3726; baseline 0.001 -19"><span class='ocrx_word' id='word_1_305' title='bbox 502 3655 587 3726; x_wconf 85' lang='grc' dir='ltr'><em>μή</em></span> <span class='ocrx_word' id='word_1_306' title='bbox 651 3671 776 3721; x_wconf 82' lang='grc' dir='ltr'><em>πως</em></span> <span class='ocrx_word' id='word_1_307' title='bbox 812 3655 892 3720; x_wconf 87' lang='grc' dir='ltr'><em>ὠς</em></span> <span class='ocrx_word' id='word_1_308' title='bbox 935 3656 967 3708; x_wconf 89' lang='grc' dir='ltr'><em>ό</em></span> <span class='ocrx_word' id='word_1_309' title='bbox 1006 3654 1136 3722; x_wconf 61' lang='grc' dir='ltr'><em>ὄφις</em></span> <span class='ocrx_word' id='word_1_310' title='bbox 1175 3654 1343 3707; x_wconf 83' lang='grc' dir='ltr'><em>Εὔαν</em></span> <span class='ocrx_word' id='word_1_311' title='bbox 1364 3653 1753 3721; x_wconf 77' lang='grc' dir='ltr'><em>ἐξηπάτησεν</em></span> <span class='ocrx_word' id='word_1_312' title='bbox 1779 3654 1848 3706; x_wconf 85' lang='grc' dir='ltr'><em>ἐν</em></span> <span class='ocrx_word' id='word_1_313' title='bbox 1876 3653 1950 3722; x_wconf 79' lang='grc' dir='ltr'><em>τῇ</em></span> <span class='ocrx_word' id='word_1_314' title='bbox 1975 3670 2090 3708; x_wconf 82' lang='grc' dir='ltr'><em>πα·-</em></span> 
     </span>
    </p>
   </div>
   <div class='ocr_carea' id='block_1_40' title="bbox 506 3738 2092 3812">
    <p class='ocr_par' dir='ltr' id='par_1_40' title="bbox 506 3738 2092 3812">
     <span class='ocr_line' id='line_1_40' title="bbox 506 3738 2092 3812; baseline 0.01 -15"><span class='ocrx_word' id='word_1_315' title='bbox 506 3743 757 3812; x_wconf 79' lang='grc' dir='ltr'><em>νουργιᾳ</em></span> <span class='ocrx_word' id='word_1_316' title='bbox 810 3740 1017 3803; x_wconf 85' lang='grc' dir='ltr'><em>αὐτοῦ,</em></span> <span class='ocrx_word' id='word_1_317' title='bbox 1070 3740 1223 3793; x_wconf 79' lang='grc' dir='ltr'><em>οὕτω</em></span> <span class='ocrx_word' id='word_1_318' title='bbox 1275 3738 1473 3809; x_wconf 71' lang='grc' dir='ltr'><em>φθαρῇ</em></span> <span class='ocrx_word' id='word_1_319' title='bbox 1531 3742 1602 3794; x_wconf 80' lang='grc' dir='ltr'><em>τὰ</em></span> <span class='ocrx_word' id='word_1_320' title='bbox 1627 3741 1897 3809; x_wconf 77' lang='grc' dir='ltr'><em>νοήματα</em></span> <span class='ocrx_word' id='word_1_321' title='bbox 1922 3741 2092 3810; x_wconf 71' lang='grc' dir='ltr'><em>ὑμῶν</em></span> 
     </span>
    </p>
   </div>
   <div class='ocr_carea' id='block_1_41' title="bbox 507 3825 2089 3903">
    <p class='ocr_par' dir='ltr' id='par_1_41' title="bbox 507 3825 2089 3903">
     <span class='ocr_line' id='line_1_41' title="bbox 507 3825 2089 3903; baseline -0.002 -20"><span class='ocrx_word' id='word_1_322' title='bbox 507 3828 628 3884; x_wconf 85' lang='grc' dir='ltr'><em>ἀπὸ</em></span> <span class='ocrx_word' id='word_1_323' title='bbox 662 3827 769 3893; x_wconf 83' lang='grc' dir='ltr'><em>τῆς</em></span> <span class='ocrx_word' id='word_1_324' title='bbox 787 3828 1128 3894; x_wconf 78' lang='grc' dir='ltr'><em>ἁπλότητος</em></span> <span class='ocrx_word' id='word_1_325' title='bbox 1151 3825 1258 3894; x_wconf 83' lang='grc' dir='ltr'><em>τῆς</em></span> <span class='ocrx_word' id='word_1_326' title='bbox 1278 3832 1366 3893; x_wconf 82' lang='grc' dir='ltr'><em>είς</em></span> <span class='ocrx_word' id='word_1_327' title='bbox 1394 3829 1498 3881; x_wconf 84' lang='grc' dir='ltr'><em>τὸν</em></span> <span class='ocrx_word' id='word_1_328' title='bbox 1528 3829 1806 3896; x_wconf 87' lang='grc' dir='ltr'><em>Χριστόν.</em></span> <span class='ocrx_word' id='word_1_329' title='bbox 1830 3828 1959 3894; x_wconf 76' lang='grc' dir='ltr'><em>Ναὶ,</em></span> <span class='ocrx_word' id='word_1_330' title='bbox 1984 3848 2089 3903; x_wconf 83' lang='grc' dir='ltr'><em>φη-</em></span> 
     </span>
    </p>
   </div>
   <div class='ocr_carea' id='block_1_42' title="bbox 512 3914 2087 3992">
    <p class='ocr_par' dir='ltr' id='par_1_42' title="bbox 512 3914 2087 3992">
     <span class='ocr_line' id='line_1_42' title="bbox 512 3914 2087 3992; baseline 0.004 -26"><span class='ocrx_word' id='word_1_331' title='bbox 512 3916 616 3968; x_wconf 77' lang='grc' dir='ltr'><em>σίν⁶</em></span> <span class='ocrx_word' id='word_1_332' title='bbox 643 3915 777 3968; x_wconf 83' lang='grc' dir='ltr'><em>ἀλλὰ</em></span> <span class='ocrx_word' id='word_1_333' title='bbox 796 3914 890 3967; x_wconf 71' lang='grc' dir='ltr'><em>καὶ</em></span> <span class='ocrx_word' id='word_1_334' title='bbox 911 3914 1053 3984; x_wconf 78' lang='grc' dir='ltr'><em>ὑπὲρ</em></span> <span class='ocrx_word' id='word_1_335' title='bbox 1073 3915 1264 3967; x_wconf 84' lang='grc' dir='ltr'><em>ἐαυτοῦ</em></span> <span class='ocrx_word' id='word_1_336' title='bbox 1281 3914 1455 3984; x_wconf 81' lang='grc' dir='ltr'><em>τούτῳ</em></span> <span class='ocrx_word' id='word_1_337' title='bbox 1475 3914 1552 3983; x_wconf 81' lang='grc' dir='ltr'><em>τῷ</em></span> <span class='ocrx_word' id='word_1_338' title='bbox 1575 3918 1777 3987; x_wconf 79' lang='grc' dir='ltr'><em>ῥήματι</em></span> <span class='ocrx_word' id='word_1_339' title='bbox 1804 3922 2087 3992; x_wconf 81' lang='grc' dir='ltr'><em>κέχρηται,</em></span> 
     </span>
    </p>
   </div>
   <div class='ocr_carea' id='block_1_43' title="bbox 510 4000 2089 4076">
    <p class='ocr_par' dir='ltr' id='par_1_43' title="bbox 510 4000 2089 4076">
     <span class='ocr_line' id='line_1_43' title="bbox 510 4000 2089 4076; baseline 0.004 -23"><span class='ocrx_word' id='word_1_340' title='bbox 510 4001 682 4069; x_wconf 80' lang='grc' dir='ltr'><em>λέγων</em></span> <span class='ocrx_word' id='word_1_341' title='bbox 705 4020 717 4032; x_wconf 76' lang='grc' dir='ltr'><strong><em>ο</em></strong></span> <span class='ocrx_word' id='word_1_342' title='bbox 755 4000 1053 4069; x_wconf 80' lang='grc' dir='ltr'><em>Φοϐοῦμαι</em></span> <span class='ocrx_word' id='word_1_343' title='bbox 1102 4001 1231 4071; x_wconf 75' lang='grc' dir='ltr'><em>γὰρ,</em></span> <span class='ocrx_word' id='word_1_344' title='bbox 1253 4000 1339 4069; x_wconf 72' lang='grc' dir='ltr'><em>μή</em></span> <span class='ocrx_word' id='word_1_345' title='bbox 1373 4017 1497 4067; x_wconf 84' lang='grc' dir='ltr'><em>πως</em></span> <span class='ocrx_word' id='word_1_346' title='bbox 1548 4004 1763 4073; x_wconf 78' lang='grc' dir='ltr'><em>ἄλλοις</em></span> <span class='ocrx_word' id='word_1_347' title='bbox 1797 4009 2089 4076; x_wconf 77' lang='grc' dir='ltr'><em>κηρύξας,</em></span> 
     </span>
    </p>
   </div>
   <div class='ocr_carea' id='block_1_44' title="bbox 511 4088 2092 4169">
    <p class='ocr_par' dir='ltr' id='par_1_44' title="bbox 511 4088 2092 4169">
     <span class='ocr_line' id='line_1_44' title="bbox 511 4088 2092 4169; baseline 0.005 -27"><span class='ocrx_word' id='word_1_348' title='bbox 511 4088 696 4154; x_wconf 74' lang='grc' dir='ltr'><em>αὐτὸς</em></span> <span class='ocrx_word' id='word_1_349' title='bbox 754 4089 1041 4157; x_wconf 80' lang='grc' dir='ltr'><em>ἀδόκιμος</em></span> <span class='ocrx_word' id='word_1_350' title='bbox 1080 4089 1356 4159; x_wconf 78' lang='grc' dir='ltr'><em>γένωμαι.</em></span> <span class='ocrx_word' id='word_1_351' title='bbox 1412 4091 1537 4157; x_wconf 87' lang='grc' dir='ltr'><em>Πῶς</em></span> <span class='ocrx_word' id='word_1_352' title='bbox 1563 4089 1656 4169; x_wconf 81' lang='grc' dir='ltr'><em>οῦν</em></span> <span class='ocrx_word' id='word_1_353' title='bbox 1701 4095 1979 4163; x_wconf 83' lang='grc' dir='ltr'><em>πέπεισαι,</em></span> <span class='ocrx_word' id='word_1_354' title='bbox 2009 4097 2092 4150; x_wconf 84' lang='grc' dir='ltr'><em>ὅτι</em></span> 
     </span>
    </p>
   </div>
   <div class='ocr_carea' id='block_1_45' title="bbox 512 4176 1085 4246">
    <p class='ocr_par' dir='ltr' id='par_1_45' title="bbox 512 4176 1085 4246">
     <span class='ocr_line' id='line_1_45' title="bbox 512 4176 1085 4246; baseline -0.005 -13"><span class='ocrx_word' id='word_1_355' title='bbox 512 4177 688 4239; x_wconf 78' lang='grc' dir='ltr'><em>οὐδείς</em></span> <span class='ocrx_word' id='word_1_356' title='bbox 716 4193 776 4229; x_wconf 91' lang='grc' dir='ltr'><em>σε</em></span> <span class='ocrx_word' id='word_1_357' title='bbox 811 4176 1038 4246; x_wconf 80' lang='grc' dir='ltr'><em>χωρίσει</em></span> <span class='ocrx_word' id='word_1_358' title='bbox 1070 4196 1085 4244; x_wconf 90' lang='lat'><strong>;</strong></span> 
     </span>
    </p>
   </div>
   <div class='ocr_carea' id='block_1_46' title="bbox 584 4265 2095 4343">
    <p class='ocr_par' dir='ltr' id='par_1_46' title="bbox 584 4265 2095 4343">
     <span class='ocr_line' id='line_1_46' title="bbox 584 4265 2095 4343; baseline 0.005 -24"><span class='ocrx_word' id='word_1_359' title='bbox 584 4271 648 4332; x_wconf 80' lang='grc' dir='ltr'><em>ε’,</em></span> <span class='ocrx_word' id='word_1_360' title='bbox 691 4265 857 4337; x_wconf 72' lang='grc' dir='ltr'><em>Ὁρᾷς</em></span> <span class='ocrx_word' id='word_1_361' title='bbox 886 4265 972 4318; x_wconf 82' lang='grc' dir='ltr'><em>ὅτι</em></span> <span class='ocrx_word' id='word_1_362' title='bbox 1012 4266 1517 4339; x_wconf 73' lang='grc' dir='ltr'><em>ταπεινοφροσύνης</em></span> <span class='ocrx_word' id='word_1_363' title='bbox 1558 4269 1620 4323; x_wconf 81' lang='grc' dir='ltr'><em>τὸ</em></span> <span class='ocrx_word' id='word_1_364' title='bbox 1655 4270 1810 4343; x_wconf 77' lang='grc' dir='ltr'><em>ῥῆμά</em></span> <span class='ocrx_word' id='word_1_365' title='bbox 1845 4271 1963 4327; x_wconf 86' lang='grc' dir='ltr'><em>ἐστι</em></span> <span class='ocrx_word' id='word_1_366' title='bbox 1998 4272 2095 4326; x_wconf 79' lang='grc' dir='ltr'><em>καὶ</em></span> 
     </span>
    </p>
   </div>
   <div class='ocr_carea' id='block_1_47' title="bbox 519 4345 2093 4431">
    <p class='ocr_par' dir='ltr' id='par_1_47' title="bbox 519 4345 2093 4431">
     <span class='ocr_line' id='line_1_47' title="bbox 519 4345 2093 4431; baseline 0.004 -25"><span class='ocrx_word' id='word_1_367' title='bbox 519 4354 904 4426; x_wconf 55' lang='grc' dir='ltr'><em>μετριότητος</em></span> <span class='ocrx_word' id='word_1_368' title='bbox 932 4354 1071 4425; x_wconf 80' lang='grc' dir='ltr'><em>Ἤδη</em></span> <span class='ocrx_word' id='word_1_369' title='bbox 1105 4354 1214 4425; x_wconf 87' lang='grc' dir='ltr'><em>γὰρ</em></span> <span class='ocrx_word' id='word_1_370' title='bbox 1243 4356 1449 4419; x_wconf 83' lang='grc' dir='ltr'><em>ἐκεῖνος</em></span> <span class='ocrx_word' id='word_1_371' title='bbox 1468 4356 1603 4427; x_wconf 86' lang='grc' dir='ltr'><em>ᾧκει</em></span> <span class='ocrx_word' id='word_1_372' title='bbox 1625 4345 1717 4412; x_wconf 74' lang='grc' dir='ltr'><em>τὸν</em></span> <span class='ocrx_word' id='word_1_373' title='bbox 1737 4359 1987 4431; x_wconf 77' lang='grc' dir='ltr'><em>οὐρανόνο</em></span> <span class='ocrx_word' id='word_1_374' title='bbox 2011 4360 2093 4413; x_wconf 80' lang='grc' dir='ltr'><em>διὸ</em></span> 
     </span>
    </p>
   </div>
   <div class='ocr_carea' id='block_1_48' title="bbox 513 4435 2089 4519">
    <p class='ocr_par' dir='ltr' id='par_1_48' title="bbox 513 4435 2089 4519">
     <span class='ocr_line' id='line_1_48' title="bbox 513 4435 2089 4519; baseline 0.004 -21"><span class='ocrx_word' id='word_1_375' title='bbox 513 4448 609 4499; x_wconf 71' lang='grc' dir='ltr'><em>καὶ</em></span> <span class='ocrx_word' id='word_1_376' title='bbox 631 4444 839 4513; x_wconf 68' lang='grc' dir='ltr'><em>ἐλεγενθ</em></span> <span class='ocrx_word' id='word_1_377' title='bbox 865 4444 1060 4498; x_wconf 82' lang='grc' dir='ltr'><em>Οὐδὲν</em></span> <span class='ocrx_word' id='word_1_378' title='bbox 1091 4444 1195 4514; x_wconf 55' lang='grc' dir='ltr'><em>γὰρ</em></span> <span class='ocrx_word' id='word_1_379' title='bbox 1218 4443 1457 4515; x_wconf 82' lang='grc' dir='ltr'><em>ἐμαυτῷ</em></span> <span class='ocrx_word' id='word_1_380' title='bbox 1479 4435 1767 4504; x_wconf 77' lang='grc' dir='ltr'><em>σύνοιδα·</em></span> <span class='ocrx_word' id='word_1_381' title='bbox 1791 4451 1884 4505; x_wconf 75' lang='grc' dir='ltr'><em>καὶ</em></span> <span class='ocrx_word' id='word_1_382' title='bbox 1907 4451 2089 4519; x_wconf 86' lang='grc' dir='ltr'><em>πάλιν,</em></span> 
     </span>
    </p>
   </div>
   <div class='ocr_carea' id='block_1_49' title="bbox 522 4532 2092 4603">
    <p class='ocr_par' dir='ltr' id='par_1_49' title="bbox 522 4532 2092 4603">
     <span class='ocr_line' id='line_1_49' title="bbox 522 4532 2092 4603; baseline 0.004 -17"><span class='ocrx_word' id='word_1_383' title='bbox 522 4532 634 4586; x_wconf 84' lang='grc' dir='ltr'><em>Τὸν</em></span> <span class='ocrx_word' id='word_1_384' title='bbox 658 4532 883 4603; x_wconf 80' lang='grc' dir='ltr'><em>δρόμον</em></span> <span class='ocrx_word' id='word_1_385' title='bbox 911 4532 1209 4587; x_wconf 74' lang='grc' dir='ltr'><em>τετέλεκα.</em></span> <span class='ocrx_word' id='word_1_386' title='bbox 1253 4534 1418 4587; x_wconf 84' lang='grc' dir='ltr'><em>Ὥστε</em></span> <span class='ocrx_word' id='word_1_387' title='bbox 1461 4534 1562 4589; x_wconf 80' lang='grc' dir='ltr'><em>οὐκ</em></span> <span class='ocrx_word' id='word_1_388' title='bbox 1590 4539 1670 4600; x_wconf 84' lang='grc' dir='ltr'><em>είς</em></span> <span class='ocrx_word' id='word_1_389' title='bbox 1698 4537 1872 4592; x_wconf 91' lang='grc' dir='ltr'><em>ταῦτα</em></span> <span class='ocrx_word' id='word_1_390' title='bbox 1899 4541 2092 4594; x_wconf 86' lang='grc' dir='ltr'><em>ἐνεπό-</em></span> 
     </span>
    </p>
   </div>
   <div class='ocr_carea' id='block_1_50' title="bbox 515 4620 2091 4697">
    <p class='ocr_par' dir='ltr' id='par_1_50' title="bbox 515 4620 2091 4697">
     <span class='ocr_line' id='line_1_50' title="bbox 515 4620 2091 4697; baseline 0.004 -23"><span class='ocrx_word' id='word_1_391' title='bbox 515 4620 663 4684; x_wconf 73' lang='grc' dir='ltr'><em>διζεν</em></span> <span class='ocrx_word' id='word_1_392' title='bbox 696 4620 845 4690; x_wconf 77' lang='grc' dir='ltr'><em>αῦτῴ</em></span> <span class='ocrx_word' id='word_1_393' title='bbox 876 4622 904 4673; x_wconf 97' lang='lat'><em>6</em></span> <span class='ocrx_word' id='word_1_394' title='bbox 932 4620 1198 4685; x_wconf 90' lang='grc' dir='ltr'><em>διάϐολος,</em></span> <span class='ocrx_word' id='word_1_395' title='bbox 1236 4621 1352 4675; x_wconf 87' lang='grc' dir='ltr'><em>ἀλλ’</em></span> <span class='ocrx_word' id='word_1_396' title='bbox 1378 4624 1457 4687; x_wconf 88' lang='grc' dir='ltr'><em>είς</em></span> <span class='ocrx_word' id='word_1_397' title='bbox 1483 4624 1553 4676; x_wconf 84' lang='grc' dir='ltr'><em>τά</em></span> <span class='ocrx_word' id='word_1_398' title='bbox 1576 4624 1685 4678; x_wconf 89' lang='grc' dir='ltr'><em>τῶν</em></span> <span class='ocrx_word' id='word_1_399' title='bbox 1718 4625 1996 4697; x_wconf 82' lang='grc' dir='ltr'><em>μαθητῶν.</em></span> <span class='ocrx_word' id='word_1_400' title='bbox 2028 4627 2091 4681; x_wconf 89' lang='grc' dir='ltr'><em>Τί</em></span> 
     </span>
    </p>
   </div>
   <div class='ocr_carea' id='block_1_51' title="bbox 515 4702 2091 4786">
    <p class='ocr_par' dir='ltr' id='par_1_51' title="bbox 515 4702 2091 4786">
     <span class='ocr_line' id='line_1_51' title="bbox 515 4702 2091 4786; baseline 0.007 -27"><span class='ocrx_word' id='word_1_401' title='bbox 515 4708 750 4779; x_wconf 81' lang='grc' dir='ltr'><em>δήποτε;</em></span> <span class='ocrx_word' id='word_1_402' title='bbox 790 4706 1010 4779; x_wconf 77' lang='grc' dir='ltr'><em>Ἐπειδὴ</em></span> <span class='ocrx_word' id='word_1_403' title='bbox 1040 4709 1247 4763; x_wconf 86' lang='grc' dir='ltr'><em>τούτων</em></span> <span class='ocrx_word' id='word_1_404' title='bbox 1281 4710 1381 4763; x_wconf 82' lang='grc' dir='ltr'><em>οὐκ</em></span> <span class='ocrx_word' id='word_1_405' title='bbox 1413 4702 1667 4783; x_wconf 73' lang='grc' dir='ltr'><em>αὑτὸς’ἧν</em></span> <span class='ocrx_word' id='word_1_406' title='bbox 1690 4713 1877 4786; x_wconf 82' lang='grc' dir='ltr'><em>κύριος</em></span> <span class='ocrx_word' id='word_1_407' title='bbox 1908 4717 2091 4785; x_wconf 88' lang='grc' dir='ltr'><em>μόνον,</em></span> 
     </span>
    </p>
   </div>
   <div class='ocr_carea' id='block_1_52' title="bbox 519 4794 2092 4869">
    <p class='ocr_par' dir='ltr' id='par_1_52' title="bbox 519 4794 2092 4869">
     <span class='ocr_line' id='line_1_52' title="bbox 519 4794 2092 4869; baseline 0.004 -19"><span class='ocrx_word' id='word_1_408' title='bbox 519 4794 657 4851; x_wconf 87' lang='grc' dir='ltr'><em>ἀλλά</em></span> <span class='ocrx_word' id='word_1_409' title='bbox 691 4795 785 4849; x_wconf 71' lang='grc' dir='ltr'><em>καὶ</em></span> <span class='ocrx_word' id='word_1_410' title='bbox 817 4796 851 4865; x_wconf 80' lang='grc' dir='ltr'>ὴ</span> <span class='ocrx_word' id='word_1_411' title='bbox 904 4795 1129 4850; x_wconf 75' lang='grc' dir='ltr'><em>ἐκείνων</em></span> <span class='ocrx_word' id='word_1_412' title='bbox 1165 4798 1507 4869; x_wconf 83' lang='grc' dir='ltr'><em>προαίρεσις.</em></span> <span class='ocrx_word' id='word_1_413' title='bbox 1576 4799 1725 4854; x_wconf 85' lang='grc' dir='ltr'><em>Ἐκεῖ</em></span> <span class='ocrx_word' id='word_1_414' title='bbox 1773 4803 1920 4855; x_wconf 86' lang='grc' dir='ltr'><em>ἐστιν</em></span> <span class='ocrx_word' id='word_1_415' title='bbox 1956 4805 2092 4857; x_wconf 87' lang='grc' dir='ltr'><em>ὅπου</em></span> 
     </span>
    </p>
   </div>
   <div class='ocr_carea' id='block_1_53' title="bbox 518 4882 2095 4960">
    <p class='ocr_par' dir='ltr' id='par_1_53' title="bbox 518 4882 2095 4960">
     <span class='ocr_line' id='line_1_53' title="bbox 518 4882 2095 4960; baseline 0.005 -23"><span class='ocrx_word' id='word_1_416' title='bbox 518 4884 781 4956; x_wconf 59' lang='grc' dir='ltr'><em>ἐκράτειί</em></span> <span class='ocrx_word' id='word_1_417' title='bbox 814 4882 1015 4953; x_wconf 85' lang='grc' dir='ltr'><em>μᾶλλον</em></span> <span class='ocrx_word' id='word_1_418' title='bbox 1044 4883 1101 4936; x_wconf 86' lang='grc' dir='ltr'><em>δέ</em></span> <span class='ocrx_word' id='word_1_419' title='bbox 1149 4884 1269 4937; x_wconf 83' lang='grc' dir='ltr'><em>ούδέ</em></span> <span class='ocrx_word' id='word_1_420' title='bbox 1320 4888 1437 4940; x_wconf 87' lang='grc' dir='ltr'><em>ἐκεῖ</em></span> <span class='ocrx_word' id='word_1_421' title='bbox 1486 4886 1650 4940; x_wconf 84' lang='grc' dir='ltr'><em>αὑτοῦ</em></span> <span class='ocrx_word' id='word_1_422' title='bbox 1686 4889 1928 4960; x_wconf 78' lang='grc' dir='ltr'><em>ἐκράτει,</em></span> <span class='ocrx_word' id='word_1_423' title='bbox 1958 4891 2095 4946; x_wconf 88' lang='grc' dir='ltr'><em>ἀλλά</em></span> 
     </span>
    </p>
   </div>
   <div class='ocr_carea' id='block_1_54' title="bbox 516 4970 2093 5051">
    <p class='ocr_par' dir='ltr' id='par_1_54' title="bbox 516 4970 2093 5051">
     <span class='ocr_line' id='line_1_54' title="bbox 516 4970 2093 5051; baseline 0.005 -26"><span class='ocrx_word' id='word_1_424' title='bbox 516 4974 617 5043; x_wconf 75' lang='grc' dir='ltr'><em>τῆς</em></span> <span class='ocrx_word' id='word_1_425' title='bbox 653 4970 925 5043; x_wconf 79' lang='grc' dir='ltr'><em>ῥᾳθυμίας</em></span> <span class='ocrx_word' id='word_1_426' title='bbox 962 4970 1070 5024; x_wconf 88' lang='grc' dir='ltr'><em>τῶν</em></span> <span class='ocrx_word' id='word_1_427' title='bbox 1113 4971 1189 5042; x_wconf 83' lang='grc' dir='ltr'><em>μὴ</em></span> <span class='ocrx_word' id='word_1_428' title='bbox 1220 4974 1621 5044; x_wconf 89' lang='grc' dir='ltr'><em>προσεχόντων.</em></span> <span class='ocrx_word' id='word_1_429' title='bbox 1652 4977 1714 5031; x_wconf 86' lang='grc' dir='ltr'>Εἰ</span> <span class='ocrx_word' id='word_1_430' title='bbox 1762 4979 1858 5048; x_wconf 84' lang='grc' dir='ltr'><em>μὲν</em></span> <span class='ocrx_word' id='word_1_431' title='bbox 1890 4980 1999 5051; x_wconf 79' lang='grc' dir='ltr'><em>γάρ</em></span> <span class='ocrx_word' id='word_1_432' title='bbox 2026 4980 2093 5032; x_wconf 73' lang='grc' dir='ltr'><em>τά</em></span> 
     </span>
    </p>
   </div>
   <div class='ocr_carea' id='block_1_55' title="bbox 519 5056 2096 5137">
    <p class='ocr_par' dir='ltr' id='par_1_55' title="bbox 519 5056 2096 5137">
     <span class='ocr_line' id='line_1_55' title="bbox 519 5056 2096 5137; baseline 0.005 -25"><span class='ocrx_word' id='word_1_433' title='bbox 519 5060 652 5130; x_wconf 85' lang='grc' dir='ltr'><em>παρ’</em></span> <span class='ocrx_word' id='word_1_434' title='bbox 694 5056 858 5111; x_wconf 81' lang='grc' dir='ltr'><em>αὑτοῦ</em></span> <span class='ocrx_word' id='word_1_435' title='bbox 898 5058 973 5128; x_wconf 83' lang='grc' dir='ltr'><em>μὴ</em></span> <span class='ocrx_word' id='word_1_436' title='bbox 1006 5058 1270 5130; x_wconf 80' lang='grc' dir='ltr'><em>ἐπλήρου,</em></span> <span class='ocrx_word' id='word_1_437' title='bbox 1304 5061 1337 5130; x_wconf 81' lang='grc' dir='ltr'>ἢ</span> <span class='ocrx_word' id='word_1_438' title='bbox 1370 5060 1459 5113; x_wconf 71' lang='grc' dir='ltr'><em>διὰ</em></span> <span class='ocrx_word' id='word_1_439' title='bbox 1500 5062 1815 5137; x_wconf 80' lang='grc' dir='ltr'><em>νωθείαν,ἢ</em></span> <span class='ocrx_word' id='word_1_440' title='bbox 1861 5066 1928 5119; x_wconf 83' lang='grc' dir='ltr'><em>δι’</em></span> <span class='ocrx_word' id='word_1_441' title='bbox 1968 5066 2096 5120; x_wconf 81' lang='grc' dir='ltr'><em>ἄλλο</em></span> 
     </span>
    </p>
   </div>
   <div class='ocr_carea' id='block_1_56' title="bbox 518 5144 2096 5223">
    <p class='ocr_par' dir='ltr' id='par_1_56' title="bbox 518 5144 2096 5223">
     <span class='ocr_line' id='line_1_56' title="bbox 518 5144 2096 5223; baseline 0.007 -25"><span class='ocrx_word' id='word_1_442' title='bbox 518 5163 573 5199; x_wconf 85' lang='grc' dir='ltr'><em>τι</em></span> <span class='ocrx_word' id='word_1_443' title='bbox 609 5145 869 5211; x_wconf 89' lang='grc' dir='ltr'><em>τοιοῦτον,</em></span> <span class='ocrx_word' id='word_1_444' title='bbox 908 5144 1073 5199; x_wconf 80' lang='grc' dir='ltr'><em>αὑτοῦ</em></span> <span class='ocrx_word' id='word_1_445' title='bbox 1108 5147 1361 5216; x_wconf 87' lang='grc' dir='ltr'><em>ἐκράτει·</em></span> <span class='ocrx_word' id='word_1_446' title='bbox 1397 5149 1445 5199; x_wconf 82' lang='grc' dir='ltr'><em>εἰ</em></span> <span class='ocrx_word' id='word_1_447' title='bbox 1485 5149 1541 5201; x_wconf 76' lang='grc' dir='ltr'><em>δὲ</em></span> <span class='ocrx_word' id='word_1_448' title='bbox 1586 5151 1749 5215; x_wconf 78' lang='grc' dir='ltr'><em>αὐτὸς</em></span> <span class='ocrx_word' id='word_1_449' title='bbox 1793 5154 1889 5223; x_wconf 77' lang='grc' dir='ltr'><em>μὲν</em></span> <span class='ocrx_word' id='word_1_450' title='bbox 1920 5156 2096 5209; x_wconf 85' lang='grc' dir='ltr'><em>πάντα</em></span> 
     </span>
    </p>
   </div>
   <div class='ocr_carea' id='block_1_57' title="bbox 521 5233 2094 5315">
    <p class='ocr_par' dir='ltr' id='par_1_57' title="bbox 521 5233 2094 5315">
     <span class='ocr_line' id='line_1_57' title="bbox 521 5233 2094 5315; baseline 0.007 -29"><span class='ocrx_word' id='word_1_451' title='bbox 521 5233 811 5302; x_wconf 70' lang='grc' dir='ltr'><em>ἔπραττεν,</em></span> <span class='ocrx_word' id='word_1_452' title='bbox 840 5235 1039 5287; x_wconf 88' lang='grc' dir='ltr'><em>ἐκεῖνοι</em></span> <span class='ocrx_word' id='word_1_453' title='bbox 1065 5233 1121 5287; x_wconf 84' lang='grc' dir='ltr'><em>δέ</em></span> <span class='ocrx_word' id='word_1_454' title='bbox 1152 5234 1253 5287; x_wconf 81' lang='grc' dir='ltr'><em>οὐκ</em></span> <span class='ocrx_word' id='word_1_455' title='bbox 1288 5233 1583 5299; x_wconf 85' lang='grc' dir='ltr'><em>ἐπείθοντο,</em></span> <span class='ocrx_word' id='word_1_456' title='bbox 1607 5238 1706 5291; x_wconf 74' lang='grc' dir='ltr'><em>οὐκ</em></span> <span class='ocrx_word' id='word_1_457' title='bbox 1744 5242 1907 5295; x_wconf 80' lang='grc' dir='ltr'><em>αὑτοῦ</em></span> <span class='ocrx_word' id='word_1_458' title='bbox 1932 5244 2094 5315; x_wconf 76' lang='grc' dir='ltr'><em>ἐκράσ</em></span> 
     </span>
    </p>
   </div>
   <div class='ocr_carea' id='block_1_58' title="bbox 521 5319 2129 5421">
    <p class='ocr_par' dir='ltr' id='par_1_58' title="bbox 521 5319 2129 5421">
     <span class='ocr_line' id='line_1_58' title="bbox 521 5319 2129 5421; baseline 0.008 -50"><span class='ocrx_word' id='word_1_459' title='bbox 521 5337 623 5382; x_wconf 66' lang='grc' dir='ltr'><em>τρι,</em></span> <span class='ocrx_word' id='word_1_460' title='bbox 665 5319 798 5372; x_wconf 87' lang='grc' dir='ltr'><em>ἀλλὰ</em></span> <span class='ocrx_word' id='word_1_461' title='bbox 830 5321 928 5390; x_wconf 78' lang='grc' dir='ltr'><em>τῆς</em></span> <span class='ocrx_word' id='word_1_462' title='bbox 954 5319 1176 5374; x_wconf 76' lang='grc' dir='ltr'><em>ἐκείνων</em></span> <span class='ocrx_word' id='word_1_463' title='bbox 1215 5320 1495 5386; x_wconf 82' lang='grc' dir='ltr'><em>ἀπειθείας</em></span> <span class='ocrx_word' id='word_1_464' title='bbox 1515 5339 1528 5353; x_wconf 83' lang='grc'>⁶</span> <span class='ocrx_word' id='word_1_465' title='bbox 1566 5326 1662 5379; x_wconf 72' lang='grc' dir='ltr'><em>καὶ</em></span> <span class='ocrx_word' id='word_1_466' title='bbox 1701 5327 1762 5380; x_wconf 83' lang='grc' dir='ltr'><em>τὸ</em></span> <span class='ocrx_word' id='word_1_467' title='bbox 1791 5329 2005 5400; x_wconf 77' lang='grc' dir='ltr'><em>νόσημα</em></span> <span class='ocrx_word' id='word_1_468' title='bbox 2034 5332 2129 5421; x_wconf 53' lang='grc' dir='ltr'><em>ού(</em></span> 
     </span>
    </p>
   </div>
   <div class='ocr_carea' id='block_1_59' title="bbox 524 5402 2093 5488">
    <p class='ocr_par' dir='ltr' id='par_1_59' title="bbox 524 5402 2093 5488">
     <span class='ocr_line' id='line_1_59' title="bbox 524 5402 2093 5488; baseline 0.013 -35"><span class='ocrx_word' id='word_1_469' title='bbox 524 5402 618 5460; x_wconf 67' lang='grc' dir='ltr'><em>τοῐ</em></span> <span class='ocrx_word' id='word_1_470' title='bbox 652 5406 839 5477; x_wconf 76' lang='grc' dir='ltr'><em>ἰατροῦ</em></span> <span class='ocrx_word' id='word_1_471' title='bbox 864 5408 1107 5477; x_wconf 89' lang='grc' dir='ltr'><em>ἐκράτει,</em></span> <span class='ocrx_word' id='word_1_472' title='bbox 1137 5409 1271 5463; x_wconf 87' lang='grc' dir='ltr'><em>ἀλλά</em></span> <span class='ocrx_word' id='word_1_473' title='bbox 1293 5411 1394 5482; x_wconf 79' lang='grc' dir='ltr'><em>τῆς</em></span> <span class='ocrx_word' id='word_1_474' title='bbox 1417 5413 1639 5478; x_wconf 80' lang='grc' dir='ltr'><em>ἀταξίας</em></span> <span class='ocrx_word' id='word_1_475' title='bbox 1659 5416 1752 5468; x_wconf 88' lang='grc' dir='ltr'><em>τοῦ</em></span> <span class='ocrx_word' id='word_1_476' title='bbox 1775 5417 2093 5488; x_wconf 84' lang='grc' dir='ltr'><em>κάμνοντος.</em></span> 
     </span>
    </p>
   </div>
   <div class='ocr_carea' id='block_1_60' title="bbox 525 5492 2098 5577">
    <p class='ocr_par' dir='ltr' id='par_1_60' title="bbox 525 5492 2098 5577">
     <span class='ocr_line' id='line_1_60' title="bbox 525 5492 2098 5577; baseline 0.011 -33"><span class='ocrx_word' id='word_1_477' title='bbox 525 5492 697 5547; x_wconf 77' lang='grc' dir='ltr'><em>Ὅταν</em></span> <span class='ocrx_word' id='word_1_478' title='bbox 727 5495 835 5566; x_wconf 79' lang='grc' dir='ltr'><em>γὰρ</em></span> <span class='ocrx_word' id='word_1_479' title='bbox 869 5496 1029 5561; x_wconf 81' lang='grc' dir='ltr'><em>αὐτὸς</em></span> <span class='ocrx_word' id='word_1_480' title='bbox 1065 5498 1163 5568; x_wconf 92' lang='grc' dir='ltr'><em>μέν</em></span> <span class='ocrx_word' id='word_1_481' title='bbox 1202 5500 1381 5554; x_wconf 84' lang='grc' dir='ltr'><em>πάντα</em></span> <span class='ocrx_word' id='word_1_482' title='bbox 1418 5505 1924 5577; x_wconf 80' lang='grc' dir='ltr'><em>παρασκευάσηται,</em></span> <span class='ocrx_word' id='word_1_483' title='bbox 1963 5508 2098 5562; x_wconf 85' lang='grc' dir='ltr'><em>ἐκεί-</em></span> 
     </span>
    </p>
   </div>
   <div class='ocr_carea' id='block_1_61' title="bbox 591 5721 1694 5795">
    <p class='ocr_par' dir='ltr' id='par_1_61' title="bbox 591 5721 1694 5795">
     <span class='ocr_line' id='line_1_61' title="bbox 591 5721 1694 5795; baseline 0.008 -23"><span class='ocrx_word' id='word_1_484' title='bbox 591 5721 613 5771; x_wconf 70' lang='grc' dir='ltr'>ἰ</span> <span class='ocrx_word' id='word_1_485' title='bbox 634 5723 776 5776; x_wconf 71' lang='lat' dir='ltr'><em>Addi!</em></span> <span class='ocrx_word' id='word_1_486' title='bbox 806 5725 871 5776; x_wconf 83' lang='lat' dir='ltr'><em>id.</em></span> <span class='ocrx_word' id='word_1_487' title='bbox 881 5764 894 5790; x_wconf 91' lang='lat'><strong>,</strong></span> <span class='ocrx_word' id='word_1_488' title='bbox 919 5728 998 5777; x_wconf 84' lang='grc' dir='ltr'><em>καὶ</em></span> <span class='ocrx_word' id='word_1_489' title='bbox 1024 5730 1119 5776; x_wconf 82' lang='grc' dir='ltr'><em>τῶν</em></span> <span class='ocrx_word' id='word_1_490' title='bbox 1142 5730 1385 5795; x_wconf 76' lang='grc' dir='ltr'><em>δυνάμεων</em></span> <span class='ocrx_word' id='word_1_491' title='bbox 1409 5734 1504 5780; x_wconf 79' lang='grc' dir='ltr'><em>τῶν</em></span> <span class='ocrx_word' id='word_1_492' title='bbox 1530 5731 1694 5781; x_wconf 77' lang='grc' dir='ltr'><em>αὐτοῦ.</em></span> 
     </span>
    </p>
   </div>
   <div class='ocr_carea' id='block_1_62' title="bbox 1137 295 3019 359">
    <p class='ocr_par' dir='ltr' id='par_1_62' title="bbox 1137 295 3019 359">
     <span class='ocr_line' id='line_1_62' title="bbox 1137 295 3019 359; baseline -0.002 -1"><span class='ocrx_word' id='word_1_493' title='bbox 1137 303 1196 358; x_wconf 91' lang='lat' dir='ltr'><em>S.</em></span> <span class='ocrx_word' id='word_1_494' title='bbox 1233 301 1524 359; x_wconf 72' lang='lat' dir='ltr'><em>JOANNIS</em></span> <span class='ocrx_word' id='word_1_495' title='bbox 1560 297 2053 356; x_wconf 65' lang='lat' dir='ltr'><em>CllR‘YSOSTOMl</em></span> <span class='ocrx_word' id='word_1_496' title='bbox 2093 295 2421 357; x_wconf 77' lang='lat' dir='ltr'><em>ARCHIEP.</em></span> <span class='ocrx_word' id='word_1_497' title='bbox 2460 297 3019 356; x_wconf 73' lang='lat' dir='ltr'><em>CONSTANTINOP.</em></span> 
     </span>
    </p>
   </div>
   <div class='ocr_carea' id='block_1_63' title="bbox 3636 301 3751 357">
    <p class='ocr_par' dir='ltr' id='par_1_63' title="bbox 3636 301 3751 357">
     <span class='ocr_line' id='line_1_63' title="bbox 3636 301 3751 357; baseline 0.017 -2"><span class='ocrx_word' id='word_1_498' title='bbox 3636 301 3751 357; x_wconf 69' lang='lat'><em>{62</em></span> 
     </span>
    </p>
   </div>
   <div class='ocr_carea' id='block_1_64' title="bbox 2171 407 3747 488">
    <p class='ocr_par' dir='ltr' id='par_1_64' title="bbox 2171 407 3747 488">
     <span class='ocr_line' id='line_1_64' title="bbox 2171 407 3747 488; baseline 0.001 -20"><span class='ocrx_word' id='word_1_499' title='bbox 2171 433 2261 481; x_wconf 90' lang='grc' dir='ltr'><em>νος</em></span> <span class='ocrx_word' id='word_1_500' title='bbox 2288 415 2343 470; x_wconf 87' lang='grc' dir='ltr'><em>δὲ</em></span> <span class='ocrx_word' id='word_1_501' title='bbox 2374 417 2555 470; x_wconf 86' lang='grc' dir='ltr'><em>πάντα</em></span> <span class='ocrx_word' id='word_1_502' title='bbox 2582 415 2896 488; x_wconf 84' lang='grc' dir='ltr'><em>διαφθείρῃ,</em></span> <span class='ocrx_word' id='word_1_503' title='bbox 2921 417 3131 479; x_wconf 81' lang='grc' dir='ltr'><em>ἐκεῖνος</em></span> <span class='ocrx_word' id='word_1_504' title='bbox 3160 415 3410 486; x_wconf 71' lang='grc' dir='ltr'><em>ἥττηται,</em></span> <span class='ocrx_word' id='word_1_505' title='bbox 3438 413 3537 483; x_wconf 79' lang='grc' dir='ltr'><em>οὐχ</em></span> <span class='ocrx_word' id='word_1_506' title='bbox 3564 407 3747 478; x_wconf 76' lang='grc' dir='ltr'><em>οὗτος.</em></span> 
     </span>
    </p>
   </div>
   <div class='ocr_carea' id='block_1_65' title="bbox 2172 500 3755 574">
    <p class='ocr_par' dir='ltr' id='par_1_65' title="bbox 2172 500 3755 574">
     <span class='ocr_line' id='line_1_65' title="bbox 2172 500 3755 574; baseline -0.002 -17"><span class='ocrx_word' id='word_1_507' title='bbox 2172 505 2334 558; x_wconf 81' lang='grc' dir='ltr'><em>Ὥστε</em></span> <span class='ocrx_word' id='word_1_508' title='bbox 2360 503 2595 574; x_wconf 78' lang='grc' dir='ltr'><em>οὐδαμοῦ</em></span> <span class='ocrx_word' id='word_1_509' title='bbox 2632 505 2902 573; x_wconf 81' lang='grc' dir='ltr'><em>ἐκράτησε</em></span> <span class='ocrx_word' id='word_1_510' title='bbox 2932 503 3025 556; x_wconf 89' lang='grc' dir='ltr'><em>τοῦ</em></span> <span class='ocrx_word' id='word_1_511' title='bbox 3067 502 3304 556; x_wconf 78' lang='grc' dir='ltr'><em>Παύλου.</em></span> <span class='ocrx_word' id='word_1_512' title='bbox 3345 501 3493 571; x_wconf 72' lang='grc' dir='ltr'><em>Πλὴν</em></span> <span class='ocrx_word' id='word_1_513' title='bbox 3521 501 3633 554; x_wconf 87' lang='grc' dir='ltr'><em>ἀλλ’</em></span> <span class='ocrx_word' id='word_1_514' title='bbox 3656 500 3755 570; x_wconf 74' lang='grc' dir='ltr'><em>ἐφ’</em></span> 
     </span>
    </p>
   </div>
   <div class='ocr_carea' id='block_1_66' title="bbox 2171 589 3757 663">
    <p class='ocr_par' dir='ltr' id='par_1_66' title="bbox 2171 589 3757 663">
     <span class='ocr_line' id='line_1_66' title="bbox 2171 589 3757 663; baseline -0.003 -18"><span class='ocrx_word' id='word_1_515' title='bbox 2171 592 2327 663; x_wconf 76' lang='grc' dir='ltr'><em>ἡμῶν</em></span> <span class='ocrx_word' id='word_1_516' title='bbox 2348 592 2629 661; x_wconf 83' lang='grc' dir='ltr'><em>ἀγαπητὸν</em></span> <span class='ocrx_word' id='word_1_517' title='bbox 2652 592 2713 644; x_wconf 76' lang='grc' dir='ltr'><em>τὸ</em></span> <span class='ocrx_word' id='word_1_518' title='bbox 2741 592 2836 645; x_wconf 75' lang='grc' dir='ltr'><em>καὶ</em></span> <span class='ocrx_word' id='word_1_519' title='bbox 2863 591 3121 645; x_wconf 86' lang='grc' dir='ltr'><em>δύνασθαι</em></span> <span class='ocrx_word' id='word_1_520' title='bbox 3145 589 3415 644; x_wconf 84' lang='grc' dir='ltr'><em>παλαίειν.</em></span> <span class='ocrx_word' id='word_1_521' title='bbox 3455 590 3757 659; x_wconf 84' lang='grc' dir='ltr'><em>Ῥωμαίοις</em></span> 
     </span>
    </p>
   </div>
   <div class='ocr_carea' id='block_1_67' title="bbox 2179 676 3759 750">
    <p class='ocr_par' dir='ltr' id='par_1_67' title="bbox 2179 676 3759 750">
     <span class='ocr_line' id='line_1_67' title="bbox 2179 676 3759 750; baseline -0.003 -17"><span class='ocrx_word' id='word_1_522' title='bbox 2179 681 2278 750; x_wconf 83' lang='grc' dir='ltr'><em>μὲν</em></span> <span class='ocrx_word' id='word_1_523' title='bbox 2300 681 2360 733; x_wconf 78' lang='grc' dir='ltr'><em>οὐ</em></span> <span class='ocrx_word' id='word_1_524' title='bbox 2391 679 2549 733; x_wconf 87' lang='grc' dir='ltr'><em>τοῦτο</em></span> <span class='ocrx_word' id='word_1_525' title='bbox 2570 678 2885 749; x_wconf 86' lang='grc' dir='ltr'><em>ἐπεύχεται,</em></span> <span class='ocrx_word' id='word_1_526' title='bbox 2904 679 3040 732; x_wconf 81' lang='grc' dir='ltr'><em>ἀλλά</em></span> <span class='ocrx_word' id='word_1_527' title='bbox 3058 680 3111 731; x_wconf 86' lang='grc' dir='ltr'><em>τί</em></span> <span class='ocrx_word' id='word_1_528' title='bbox 3129 696 3143 742; x_wconf 88' lang='lat'><strong>;</strong></span> <span class='ocrx_word' id='word_1_529' title='bbox 3169 676 3491 744; x_wconf 69' lang='grc' dir='ltr'><em>Συντρίψει</em></span> <span class='ocrx_word' id='word_1_530' title='bbox 3508 676 3616 729; x_wconf 86' lang='grc' dir='ltr'><em>τὸν</em></span> <span class='ocrx_word' id='word_1_531' title='bbox 3633 691 3759 730; x_wconf 80' lang='grc' dir='ltr'><em>σα-</em></span> 
     </span>
    </p>
   </div>
   <div class='ocr_carea' id='block_1_68' title="bbox 2174 762 3761 834">
    <p class='ocr_par' dir='ltr' id='par_1_68' title="bbox 2174 762 3761 834">
     <span class='ocr_line' id='line_1_68' title="bbox 2174 762 3761 834; baseline -0.003 -14"><span class='ocrx_word' id='word_1_532' title='bbox 2174 762 2363 821; x_wconf 72' lang='grc' dir='ltr'><em>ταναν</em></span> <span class='ocrx_word' id='word_1_533' title='bbox 2388 768 2505 821; x_wconf 78' lang='grc' dir='ltr'><em>ὑπὸ</em></span> <span class='ocrx_word' id='word_1_534' title='bbox 2550 766 2694 832; x_wconf 86' lang='grc' dir='ltr'><em>τοὺς</em></span> <span class='ocrx_word' id='word_1_535' title='bbox 2720 765 2914 833; x_wconf 79' lang='grc' dir='ltr'><em>πόδας</em></span> <span class='ocrx_word' id='word_1_536' title='bbox 2962 766 3132 834; x_wconf 87' lang='grc' dir='ltr'><em>ὑμῶν</em></span> <span class='ocrx_word' id='word_1_537' title='bbox 3165 766 3236 818; x_wconf 83' lang='grc' dir='ltr'><em>ἐν</em></span> <span class='ocrx_word' id='word_1_538' title='bbox 3264 763 3431 833; x_wconf 77' lang='grc' dir='ltr'><em>τάχει</em></span> <span class='ocrx_word' id='word_1_539' title='bbox 3450 781 3464 795; x_wconf 94' lang='grc'><strong>·</strong></span> <span class='ocrx_word' id='word_1_540' title='bbox 3499 764 3597 817; x_wconf 75' lang='grc' dir='ltr'><em>καὶ</em></span> <span class='ocrx_word' id='word_1_541' title='bbox 3622 764 3761 816; x_wconf 86' lang='grc' dir='ltr'><em>τού-</em></span> 
     </span>
    </p>
   </div>
   <div class='ocr_carea' id='block_1_69' title="bbox 2174 850 3763 923">
    <p class='ocr_par' dir='ltr' id='par_1_69' title="bbox 2174 850 3763 923">
     <span class='ocr_line' id='line_1_69' title="bbox 2174 850 3763 923; baseline -0.003 -17"><span class='ocrx_word' id='word_1_542' title='bbox 2174 870 2287 913; x_wconf 87' lang='grc' dir='ltr'><em>τοις</em></span> <span class='ocrx_word' id='word_1_543' title='bbox 2323 853 2495 916; x_wconf 76' lang='grc' dir='ltr'><em>οὕτως</em></span> <span class='ocrx_word' id='word_1_544' title='bbox 2529 854 2844 923; x_wconf 80' lang='grc' dir='ltr'><em>ἐπεύχεται.</em></span> <span class='ocrx_word' id='word_1_545' title='bbox 2902 853 2985 919; x_wconf 78' lang='grc' dir='ltr'><em>Τῷ</em></span> <span class='ocrx_word' id='word_1_546' title='bbox 3022 852 3334 920; x_wconf 80' lang='grc' dir='ltr'><em>δυναμένῳ</em></span> <span class='ocrx_word' id='word_1_547' title='bbox 3365 850 3518 917; x_wconf 77' lang='grc' dir='ltr'><em>ὑπὲρ</em></span> <span class='ocrx_word' id='word_1_548' title='bbox 3554 851 3763 903; x_wconf 75' lang='grc' dir='ltr'><em>πάντα</em></span> 
     </span>
    </p>
   </div>
   <div class='ocr_carea' id='block_1_70' title="bbox 2176 935 3763 1009">
    <p class='ocr_par' dir='ltr' id='par_1_70' title="bbox 2176 935 3763 1009">
     <span class='ocr_line' id='line_1_70' title="bbox 2176 935 3763 1009; baseline -0.003 -15"><span class='ocrx_word' id='word_1_549' title='bbox 2176 941 2428 1009; x_wconf 82' lang='grc' dir='ltr'><em>ποιῆσαι</em></span> <span class='ocrx_word' id='word_1_550' title='bbox 2456 941 3015 1009; x_wconf 58' lang='grc' dir='ltr'><em>ὑπερεκπερισσοῦ,</em></span> <span class='ocrx_word' id='word_1_551' title='bbox 3043 935 3131 994; x_wconf 83' lang='grc' dir='ltr'><em>ὧν</em></span> <span class='ocrx_word' id='word_1_552' title='bbox 3160 942 3482 1006; x_wconf 81' lang='grc' dir='ltr'><em>αἰτούμεθα</em></span> <span class='ocrx_word' id='word_1_553' title='bbox 3509 938 3547 1006; x_wconf 82' lang='grc' dir='ltr'><strong>ἢ</strong></span> <span class='ocrx_word' id='word_1_554' title='bbox 3576 937 3763 992; x_wconf 86' lang='grc' dir='ltr'><em>νοοῦ-</em></span> 
     </span>
    </p>
   </div>
   <div class='ocr_carea' id='block_1_71' title="bbox 2170 1026 3764 1099">
    <p class='ocr_par' dir='ltr' id='par_1_71' title="bbox 2170 1026 3764 1099">
     <span class='ocr_line' id='line_1_71' title="bbox 2170 1026 3764 1099; baseline -0.003 -17"><span class='ocrx_word' id='word_1_555' title='bbox 2170 1046 2305 1099; x_wconf 85' lang='grc' dir='ltr'><em>μεν.</em></span> <span class='ocrx_word' id='word_1_556' title='bbox 2339 1029 2399 1082; x_wconf 82' lang='grc'><em>’0</em></span> <span class='ocrx_word' id='word_1_557' title='bbox 2422 1028 2691 1090; x_wconf 90' lang='grc' dir='ltr'><em>παλαίων,</em></span> <span class='ocrx_word' id='word_1_558' title='bbox 2727 1028 2809 1081; x_wconf 77' lang='grc' dir='ltr'><em>ἔτι</em></span> <span class='ocrx_word' id='word_1_559' title='bbox 2848 1029 3168 1098; x_wconf 84' lang='grc' dir='ltr'><em>κατέχεται’</em></span> <span class='ocrx_word' id='word_1_560' title='bbox 3203 1027 3344 1097; x_wconf 84' lang='grc' dir='ltr'><em>πλὴν</em></span> <span class='ocrx_word' id='word_1_561' title='bbox 3386 1026 3501 1078; x_wconf 83' lang='grc' dir='ltr'><em>ἀλλ’</em></span> <span class='ocrx_word' id='word_1_562' title='bbox 3531 1028 3764 1095; x_wconf 76' lang='grc' dir='ltr'><em>ἀγαπηο</em></span> 
     </span>
    </p>
   </div>
   <div class='ocr_carea' id='block_1_72' title="bbox 2176 1113 3761 1187">
    <p class='ocr_par' dir='ltr' id='par_1_72' title="bbox 2176 1113 3761 1187">
     <span class='ocr_line' id='line_1_72' title="bbox 2176 1113 3761 1187; baseline -0.003 -19"><span class='ocrx_word' id='word_1_563' title='bbox 2176 1115 2268 1169; x_wconf 77' lang='grc' dir='ltr'><em>τὸν</em></span> <span class='ocrx_word' id='word_1_564' title='bbox 2301 1117 2396 1170; x_wconf 72' lang='grc' dir='ltr'><em>καὶ</em></span> <span class='ocrx_word' id='word_1_565' title='bbox 2423 1117 2485 1169; x_wconf 83' lang='grc' dir='ltr'><em>τὸ</em></span> <span class='ocrx_word' id='word_1_566' title='bbox 2516 1116 2593 1187; x_wconf 83' lang='grc' dir='ltr'><em>μὴ</em></span> <span class='ocrx_word' id='word_1_567' title='bbox 2625 1120 2835 1172; x_wconf 88' lang='grc' dir='ltr'><em>πεσεῖν.</em></span> <span class='ocrx_word' id='word_1_568' title='bbox 2865 1116 3001 1169; x_wconf 76' lang='grc' dir='ltr'><em>Τότε</em></span> <span class='ocrx_word' id='word_1_569' title='bbox 3031 1118 3065 1187; x_wconf 72' lang='grc' dir='ltr'>ἡ</span> <span class='ocrx_word' id='word_1_570' title='bbox 3099 1116 3223 1187; x_wconf 89' lang='grc' dir='ltr'><em>νίκη</em></span> <span class='ocrx_word' id='word_1_571' title='bbox 3257 1113 3487 1187; x_wconf 79' lang='grc' dir='ltr'><em>λαμπρά</em></span> <span class='ocrx_word' id='word_1_572' title='bbox 3515 1114 3761 1182; x_wconf 80' lang='grc' dir='ltr'><em>γίνεται,</em></span> 
     </span>
    </p>
   </div>
   <div class='ocr_carea' id='block_1_73' title="bbox 2177 1199 3766 1275">
    <p class='ocr_par' dir='ltr' id='par_1_73' title="bbox 2177 1199 3766 1275">
     <span class='ocr_line' id='line_1_73' title="bbox 2177 1199 3766 1275; baseline -0.003 -16"><span class='ocrx_word' id='word_1_573' title='bbox 2177 1207 2306 1259; x_wconf 84' lang='grc' dir='ltr'><em>ὅταν</em></span> <span class='ocrx_word' id='word_1_574' title='bbox 2351 1204 2655 1275; x_wconf 76' lang='grc' dir='ltr'><em>ἐξέλθωμεν</em></span> <span class='ocrx_word' id='word_1_575' title='bbox 2710 1204 2976 1260; x_wconf 87' lang='grc' dir='ltr'><em>ἐντεῦθεν.</em></span> <span class='ocrx_word' id='word_1_576' title='bbox 3008 1199 3156 1267; x_wconf 80' lang='grc' dir='ltr'><em>Οἷον,</em></span> <span class='ocrx_word' id='word_1_577' title='bbox 3196 1204 3337 1257; x_wconf 76' lang='grc' dir='ltr'><em>ἔστω</em></span> <span class='ocrx_word' id='word_1_578' title='bbox 3366 1221 3448 1264; x_wconf 83' lang='grc' dir='ltr'><em>τις</em></span> <span class='ocrx_word' id='word_1_579' title='bbox 3486 1201 3766 1272; x_wconf 81' lang='grc' dir='ltr'><em>ἐπιθυμία</em></span> 
     </span>
    </p>
   </div>
   <div class='ocr_carea' id='block_1_74' title="bbox 2181 1288 3767 1363">
    <p class='ocr_par' dir='ltr' id='par_1_74' title="bbox 2181 1288 3767 1363">
     <span class='ocr_line' id='line_1_74' title="bbox 2181 1288 3767 1363; baseline -0.003 -18"><span class='ocrx_word' id='word_1_580' title='bbox 2181 1292 2429 1362; x_wconf 81' lang='grc' dir='ltr'><em>πονηρά⁶</em></span> <span class='ocrx_word' id='word_1_581' title='bbox 2463 1292 2525 1347; x_wconf 83' lang='grc' dir='ltr'><em>τὸ</em></span> <span class='ocrx_word' id='word_1_582' title='bbox 2558 1292 2658 1362; x_wconf 73' lang='grc' dir='ltr'><em>μὲν</em></span> <span class='ocrx_word' id='word_1_583' title='bbox 2698 1291 3020 1363; x_wconf 82' lang='grc' dir='ltr'><em>παράδοξον,</em></span> <span class='ocrx_word' id='word_1_584' title='bbox 3068 1291 3205 1362; x_wconf 86' lang='grc' dir='ltr'><em>μηδέ</em></span> <span class='ocrx_word' id='word_1_585' title='bbox 3229 1289 3480 1360; x_wconf 82' lang='grc' dir='ltr'><em>δέχεσθαι</em></span> <span class='ocrx_word' id='word_1_586' title='bbox 3511 1288 3767 1358; x_wconf 80' lang='grc' dir='ltr'><em>ταύτην,</em></span> 
     </span>
    </p>
   </div>
   <div class='ocr_carea' id='block_1_75' title="bbox 2180 1376 3769 1445">
    <p class='ocr_par' dir='ltr' id='par_1_75' title="bbox 2180 1376 3769 1445">
     <span class='ocr_line' id='line_1_75' title="bbox 2180 1376 3769 1445; baseline -0.003 -11"><span class='ocrx_word' id='word_1_587' title='bbox 2180 1380 2318 1434; x_wconf 84' lang='grc' dir='ltr'><em>ἀλλά</em></span> <span class='ocrx_word' id='word_1_588' title='bbox 2336 1379 2618 1434; x_wconf 84' lang='grc' dir='ltr'><em>σϐεννύναι</em></span> <span class='ocrx_word' id='word_1_589' title='bbox 2642 1397 2656 1410; x_wconf 78' lang='grc' dir='ltr'><strong>ο</strong></span> <span class='ocrx_word' id='word_1_590' title='bbox 2679 1382 2728 1434; x_wconf 88' lang='grc' dir='ltr'><em>εί</em></span> <span class='ocrx_word' id='word_1_591' title='bbox 2754 1379 2811 1434; x_wconf 76' lang='grc' dir='ltr'><em>δὲ</em></span> <span class='ocrx_word' id='word_1_592' title='bbox 2827 1380 2987 1433; x_wconf 86' lang='grc' dir='ltr'><em>τοῦτο</em></span> <span class='ocrx_word' id='word_1_593' title='bbox 3001 1380 3064 1432; x_wconf 79' lang='grc' dir='ltr'><em>ού</em></span> <span class='ocrx_word' id='word_1_594' title='bbox 3093 1379 3342 1445; x_wconf 76' lang='grc' dir='ltr'><em>δυνατὸν,</em></span> <span class='ocrx_word' id='word_1_595' title='bbox 3374 1377 3478 1437; x_wconf 76' lang='grc' dir='ltr'>κᾶν</span> <span class='ocrx_word' id='word_1_596' title='bbox 3508 1376 3769 1430; x_wconf 81' lang='grc' dir='ltr'><em>παλαίω-</em></span> 
     </span>
    </p>
   </div>
   <div class='ocr_carea' id='block_1_76' title="bbox 2183 1463 3773 1538">
    <p class='ocr_par' dir='ltr' id='par_1_76' title="bbox 2183 1463 3773 1538">
     <span class='ocr_line' id='line_1_76' title="bbox 2183 1463 3773 1538; baseline -0.003 -18"><span class='ocrx_word' id='word_1_597' title='bbox 2183 1485 2281 1537; x_wconf 88' lang='grc' dir='ltr'><em>μεν</em></span> <span class='ocrx_word' id='word_1_598' title='bbox 2334 1467 2429 1521; x_wconf 72' lang='grc' dir='ltr'><em>καὶ</em></span> <span class='ocrx_word' id='word_1_599' title='bbox 2465 1468 2758 1532; x_wconf 74' lang='grc' dir='ltr'><em>διαπαντὸς</em></span> <span class='ocrx_word' id='word_1_600' title='bbox 2799 1468 3143 1538; x_wconf 83' lang='grc' dir='ltr'><em>κατέχωμεν·</em></span> <span class='ocrx_word' id='word_1_601' title='bbox 3163 1466 3230 1520; x_wconf 78' lang='grc' dir='ltr'><em>ἂν</em></span> <span class='ocrx_word' id='word_1_602' title='bbox 3253 1466 3574 1527; x_wconf 72' lang='grc' dir='ltr'><em>παλαίοντες</em></span> <span class='ocrx_word' id='word_1_603' title='bbox 3605 1463 3773 1529; x_wconf 75' lang='grc' dir='ltr'><em>ἐξέλ-</em></span> 
     </span>
    </p>
   </div>
   <div class='ocr_carea' id='block_1_77' title="bbox 2182 1551 3769 1625">
    <p class='ocr_par' dir='ltr' id='par_1_77' title="bbox 2182 1551 3769 1625">
     <span class='ocr_line' id='line_1_77' title="bbox 2182 1551 3769 1625; baseline -0.003 -17"><span class='ocrx_word' id='word_1_604' title='bbox 2182 1554 2397 1623; x_wconf 83' lang='grc' dir='ltr'><em>θωμεν,</em></span> <span class='ocrx_word' id='word_1_605' title='bbox 2428 1557 2813 1625; x_wconf 73' lang='grc' dir='ltr'><em>νενικήκαμεν.</em></span> <span class='ocrx_word' id='word_1_606' title='bbox 2841 1555 2914 1607; x_wconf 77' lang='grc' dir='ltr'><em>Οὐ</em></span> <span class='ocrx_word' id='word_1_607' title='bbox 2950 1554 3058 1625; x_wconf 82' lang='grc' dir='ltr'><em>γὰρ</em></span> <span class='ocrx_word' id='word_1_608' title='bbox 3101 1554 3177 1616; x_wconf 85' lang='grc' dir='ltr'><em>ὡς</em></span> <span class='ocrx_word' id='word_1_609' title='bbox 3200 1554 3296 1607; x_wconf 79' lang='grc' dir='ltr'><em>ἐπὶ</em></span> <span class='ocrx_word' id='word_1_610' title='bbox 3333 1551 3440 1605; x_wconf 84' lang='grc' dir='ltr'><em>τῶν</em></span> <span class='ocrx_word' id='word_1_611' title='bbox 3481 1551 3769 1621; x_wconf 82' lang='grc' dir='ltr'><em>ἀθλητῶν,</em></span> 
     </span>
    </p>
   </div>
   <div class='ocr_carea' id='block_1_78' title="bbox 2179 1640 3770 1715">
    <p class='ocr_par' dir='ltr' id='par_1_78' title="bbox 2179 1640 3770 1715">
     <span class='ocr_line' id='line_1_78' title="bbox 2179 1640 3770 1715; baseline -0.001 -19"><span class='ocrx_word' id='word_1_612' title='bbox 2179 1643 2322 1697; x_wconf 82' lang='grc' dir='ltr'><em>οῦτω</em></span> <span class='ocrx_word' id='word_1_613' title='bbox 2359 1645 2454 1697; x_wconf 77' lang='grc' dir='ltr'><em>καὶ</em></span> <span class='ocrx_word' id='word_1_614' title='bbox 2482 1644 2715 1698; x_wconf 88' lang='grc' dir='ltr'><em>ἐνταῦθα</em></span> <span class='ocrx_word' id='word_1_615' title='bbox 2734 1659 2750 1675; x_wconf 75' lang='grc' dir='ltr'><strong>ο</strong></span> <span class='ocrx_word' id='word_1_616' title='bbox 2792 1645 2910 1697; x_wconf 90' lang='grc' dir='ltr'><em>ἐκεῖ</em></span> <span class='ocrx_word' id='word_1_617' title='bbox 2943 1645 3042 1713; x_wconf 78' lang='grc' dir='ltr'><em>μὲν</em></span> <span class='ocrx_word' id='word_1_618' title='bbox 3073 1648 3181 1715; x_wconf 79' lang='grc' dir='ltr'><em>γάρ</em></span> <span class='ocrx_word' id='word_1_619' title='bbox 3211 1642 3277 1697; x_wconf 79' lang='grc' dir='ltr'><em>ἂν</em></span> <span class='ocrx_word' id='word_1_620' title='bbox 3309 1643 3384 1712; x_wconf 78' lang='grc' dir='ltr'><em>μὴ</em></span> <span class='ocrx_word' id='word_1_621' title='bbox 3415 1640 3770 1713; x_wconf 76' lang='grc' dir='ltr'><em>καταϐάλῃς,</em></span> 
     </span>
    </p>
   </div>
   <div class='ocr_carea' id='block_1_79' title="bbox 2179 1729 3773 1803">
    <p class='ocr_par' dir='ltr' id='par_1_79' title="bbox 2179 1729 3773 1803">
     <span class='ocr_line' id='line_1_79' title="bbox 2179 1729 3773 1803; baseline -0.002 -19"><span class='ocrx_word' id='word_1_622' title='bbox 2179 1732 2241 1785; x_wconf 83' lang='grc' dir='ltr'><em>ού</em></span> <span class='ocrx_word' id='word_1_623' title='bbox 2288 1733 2579 1801; x_wconf 84' lang='grc' dir='ltr'><em>νενίκηκας</em></span> <span class='ocrx_word' id='word_1_624' title='bbox 2600 1749 2613 1763; x_wconf 91' lang='grc'><strong>·</strong></span> <span class='ocrx_word' id='word_1_625' title='bbox 2646 1732 2882 1787; x_wconf 83' lang='grc' dir='ltr'><em>ἐνταῦθα</em></span> <span class='ocrx_word' id='word_1_626' title='bbox 2909 1732 2967 1785; x_wconf 80' lang='grc' dir='ltr'><em>δὲ</em></span> <span class='ocrx_word' id='word_1_627' title='bbox 2994 1732 3060 1785; x_wconf 85' lang='grc' dir='ltr'>ἂν</span> <span class='ocrx_word' id='word_1_628' title='bbox 3106 1731 3182 1803; x_wconf 84' lang='grc' dir='ltr'><em>μὴ</em></span> <span class='ocrx_word' id='word_1_629' title='bbox 3226 1729 3595 1801; x_wconf 84' lang='grc' dir='ltr'><em>καταϐληθῇς,</em></span> <span class='ocrx_word' id='word_1_630' title='bbox 3615 1729 3773 1782; x_wconf 80' lang='grc' dir='ltr'><em>νενί-</em></span> 
     </span>
    </p>
   </div>
   <div class='ocr_carea' id='block_1_80' title="bbox 2181 1818 3767 1893">
    <p class='ocr_par' dir='ltr' id='par_1_80' title="bbox 2181 1818 3767 1893">
     <span class='ocr_line' id='line_1_80' title="bbox 2181 1818 3767 1893; baseline -0.001 -21"><span class='ocrx_word' id='word_1_631' title='bbox 2181 1835 2393 1888; x_wconf 86' lang='grc' dir='ltr'><em>κηκας·</em></span> <span class='ocrx_word' id='word_1_632' title='bbox 2444 1818 2511 1873; x_wconf 83' lang='grc' dir='ltr'>ἂν</span> <span class='ocrx_word' id='word_1_633' title='bbox 2564 1821 2637 1890; x_wconf 86' lang='grc' dir='ltr'><em>μὴ</em></span> <span class='ocrx_word' id='word_1_634' title='bbox 2688 1819 3060 1891; x_wconf 79' lang='grc' dir='ltr'><em>καταϐληθῇς,</em></span> <span class='ocrx_word' id='word_1_635' title='bbox 3106 1819 3425 1881; x_wconf 86' lang='grc' dir='ltr'><em>κατέϐαλες.</em></span> <span class='ocrx_word' id='word_1_636' title='bbox 3479 1818 3767 1893; x_wconf 62' lang='grc' dir='ltr'><em>Είκότωςξ</em></span> 
     </span>
    </p>
   </div>
   <div class='ocr_carea' id='block_1_81' title="bbox 2180 1903 3769 1979">
    <p class='ocr_par' dir='ltr' id='par_1_81' title="bbox 2180 1903 3769 1979">
     <span class='ocr_line' id='line_1_81' title="bbox 2180 1903 3769 1979; baseline -0.002 -21"><span class='ocrx_word' id='word_1_637' title='bbox 2180 1907 2298 1959; x_wconf 84' lang='grc' dir='ltr'><em>ἐκεῖ</em></span> <span class='ocrx_word' id='word_1_638' title='bbox 2329 1906 2429 1976; x_wconf 87' lang='grc' dir='ltr'><em>μὲν</em></span> <span class='ocrx_word' id='word_1_639' title='bbox 2478 1908 2588 1978; x_wconf 86' lang='grc' dir='ltr'><em>γὰρ</em></span> <span class='ocrx_word' id='word_1_640' title='bbox 2631 1907 2932 1979; x_wconf 85' lang='grc' dir='ltr'><em>ἀμφότεροι</em></span> <span class='ocrx_word' id='word_1_641' title='bbox 2965 1908 3103 1977; x_wconf 85' lang='grc' dir='ltr'><em>ὑπὲρ</em></span> <span class='ocrx_word' id='word_1_642' title='bbox 3153 1906 3310 1976; x_wconf 82' lang='grc' dir='ltr'><em>νίκης</em></span> <span class='ocrx_word' id='word_1_643' title='bbox 3372 1903 3769 1969; x_wconf 71' lang='grc' dir='ltr'><em>σπουδάζουσι,</em></span> 
     </span>
    </p>
   </div>
   <div class='ocr_carea' id='block_1_82' title="bbox 2182 1992 3771 2067">
    <p class='ocr_par' dir='ltr' id='par_1_82' title="bbox 2182 1992 3771 2067">
     <span class='ocr_line' id='line_1_82' title="bbox 2182 1992 3771 2067; baseline -0.003 -19"><span class='ocrx_word' id='word_1_644' title='bbox 2182 1995 2288 2048; x_wconf 78' lang='grc' dir='ltr'><em>κᾶν</em></span> <span class='ocrx_word' id='word_1_645' title='bbox 2330 1997 2359 2048; x_wconf 89' lang='lat'><em>6</em></span> <span class='ocrx_word' id='word_1_646' title='bbox 2399 1995 2584 2067; x_wconf 75' lang='grc' dir='ltr'><em>ἕτερος</em></span> <span class='ocrx_word' id='word_1_647' title='bbox 2639 1995 2979 2065; x_wconf 78' lang='grc' dir='ltr'><em>καταϐληθῇ,</em></span> <span class='ocrx_word' id='word_1_648' title='bbox 3035 1998 3064 2048; x_wconf 92' lang='lat'><em>6</em></span> <span class='ocrx_word' id='word_1_649' title='bbox 3113 1994 3299 2066; x_wconf 70' lang='grc' dir='ltr'><em>ἕτερος</em></span> <span class='ocrx_word' id='word_1_650' title='bbox 3353 1992 3716 2061; x_wconf 82' lang='grc' dir='ltr'><em>στεφανοῦται</em></span> <span class='ocrx_word' id='word_1_651' title='bbox 3750 2007 3771 2021; x_wconf 74' lang='grc' dir='ltr'><strong>ο</strong></span> 
     </span>
    </p>
   </div>
   <div class='ocr_carea' id='block_1_83' title="bbox 2182 2081 3774 2154">
    <p class='ocr_par' dir='ltr' id='par_1_83' title="bbox 2182 2081 3774 2154">
     <span class='ocr_line' id='line_1_83' title="bbox 2182 2081 3774 2154; baseline -0.003 -19"><span class='ocrx_word' id='word_1_652' title='bbox 2182 2082 2417 2136; x_wconf 85' lang='grc' dir='ltr'><em>ἐνταῦθα</em></span> <span class='ocrx_word' id='word_1_653' title='bbox 2445 2084 2501 2136; x_wconf 85' lang='grc' dir='ltr'><em>δέ</em></span> <span class='ocrx_word' id='word_1_654' title='bbox 2525 2085 2622 2154; x_wconf 86' lang='grc' dir='ltr'><em>οὐχ</em></span> <span class='ocrx_word' id='word_1_655' title='bbox 2647 2082 2841 2148; x_wconf 75' lang='grc' dir='ltr'><em>οὕτως,</em></span> <span class='ocrx_word' id='word_1_656' title='bbox 2869 2082 2986 2136; x_wconf 87' lang='grc' dir='ltr'><em>ἀλλ’</em></span> <span class='ocrx_word' id='word_1_657' title='bbox 3012 2084 3041 2135; x_wconf 93' lang='lat'><em>6</em></span> <span class='ocrx_word' id='word_1_658' title='bbox 3065 2081 3311 2146; x_wconf 87' lang='grc' dir='ltr'><em>διάϐολος</em></span> <span class='ocrx_word' id='word_1_659' title='bbox 3332 2081 3472 2152; x_wconf 83' lang='grc' dir='ltr'><em>ὑπὲρ</em></span> <span class='ocrx_word' id='word_1_660' title='bbox 3496 2081 3594 2150; x_wconf 79' lang='grc' dir='ltr'><em>τῆς</em></span> <span class='ocrx_word' id='word_1_661' title='bbox 3620 2082 3774 2149; x_wconf 80' lang='grc' dir='ltr'><em>ἡμε-</em></span> 
     </span>
    </p>
   </div>
   <div class='ocr_carea' id='block_1_84' title="bbox 2183 2167 3775 2243">
    <p class='ocr_par' dir='ltr' id='par_1_84' title="bbox 2183 2167 3775 2243">
     <span class='ocr_line' id='line_1_84' title="bbox 2183 2167 3775 2243; baseline -0.003 -20"><span class='ocrx_word' id='word_1_662' title='bbox 2183 2170 2345 2241; x_wconf 88' lang='grc' dir='ltr'><em>τέρας</em></span> <span class='ocrx_word' id='word_1_663' title='bbox 2378 2171 2547 2243; x_wconf 79' lang='grc' dir='ltr'><em>ἥττης</em></span> <span class='ocrx_word' id='word_1_664' title='bbox 2590 2171 2898 2235; x_wconf 80' lang='grc' dir='ltr'><em>σπουδάζει.</em></span> <span class='ocrx_word' id='word_1_665' title='bbox 2946 2172 3116 2225; x_wconf 88' lang='grc' dir='ltr'><em>Ὅταν</em></span> <span class='ocrx_word' id='word_1_666' title='bbox 3145 2167 3238 2225; x_wconf 81' lang='grc' dir='ltr'><em>οὖν</em></span> <span class='ocrx_word' id='word_1_667' title='bbox 3279 2170 3439 2225; x_wconf 78' lang='grc' dir='ltr'><em>αὐτον</em></span> <span class='ocrx_word' id='word_1_668' title='bbox 3469 2168 3775 2238; x_wconf 77' lang='grc' dir='ltr'><em>ἀφέλωμαι</em></span> 
     </span>
    </p>
   </div>
   <div class='ocr_carea' id='block_1_85' title="bbox 2182 2256 3776 2332">
    <p class='ocr_par' dir='ltr' id='par_1_85' title="bbox 2182 2256 3776 2332">
     <span class='ocr_line' id='line_1_85' title="bbox 2182 2256 3776 2332; baseline -0.001 -19"><span class='ocrx_word' id='word_1_669' title='bbox 2182 2260 2342 2314; x_wconf 85' lang='grc' dir='ltr'><em>τοῦτο</em></span> <span class='ocrx_word' id='word_1_670' title='bbox 2377 2261 2518 2332; x_wconf 79' lang='grc' dir='ltr'><em>ὑπὲρ</em></span> <span class='ocrx_word' id='word_1_671' title='bbox 2538 2256 2599 2314; x_wconf 82' lang='grc' dir='ltr'><em>οῦ</em></span> <span class='ocrx_word' id='word_1_672' title='bbox 2627 2262 2938 2326; x_wconf 76' lang='grc' dir='ltr'><em>σπουδάζει,</em></span> <span class='ocrx_word' id='word_1_673' title='bbox 2965 2262 3195 2331; x_wconf 88' lang='grc' dir='ltr'><em>ἐνίκησα</em></span> <span class='ocrx_word' id='word_1_674' title='bbox 3217 2277 3232 2293; x_wconf 75' lang='grc' dir='ltr'><strong>ο</strong></span> <span class='ocrx_word' id='word_1_675' title='bbox 3262 2261 3325 2314; x_wconf 86' lang='grc' dir='ltr'><em>οὑ</em></span> <span class='ocrx_word' id='word_1_676' title='bbox 3350 2259 3459 2331; x_wconf 83' lang='grc' dir='ltr'><em>γὰρ</em></span> <span class='ocrx_word' id='word_1_677' title='bbox 3492 2258 3632 2312; x_wconf 86' lang='grc' dir='ltr'><em>ὥστε</em></span> <span class='ocrx_word' id='word_1_678' title='bbox 3657 2274 3776 2311; x_wconf 82' lang='grc' dir='ltr'><em>κα-</em></span> 
     </span>
    </p>
   </div>
   <div class='ocr_carea' id='block_1_86' title="bbox 2183 2346 3773 2417">
    <p class='ocr_par' dir='ltr' id='par_1_86' title="bbox 2183 2346 3773 2417">
     <span class='ocr_line' id='line_1_86' title="bbox 2183 2346 3773 2417; baseline -0.002 -17"><span class='ocrx_word' id='word_1_679' title='bbox 2183 2349 2461 2413; x_wconf 85' lang='grc' dir='ltr'><em>ταϐαλεῖν,</em></span> <span class='ocrx_word' id='word_1_680' title='bbox 2493 2349 2607 2402; x_wconf 80' lang='grc' dir='ltr'><em>ἀλλ’</em></span> <span class='ocrx_word' id='word_1_681' title='bbox 2635 2347 2776 2402; x_wconf 83' lang='grc' dir='ltr'><em>ὥστε</em></span> <span class='ocrx_word' id='word_1_682' title='bbox 2812 2347 3250 2413; x_wconf 85' lang='grc' dir='ltr'><em>ουγκαταϐαλεῖν</em></span> <span class='ocrx_word' id='word_1_683' title='bbox 3279 2348 3581 2416; x_wconf 86' lang='grc' dir='ltr'><em>ἐπείγεται.</em></span> <span class='ocrx_word' id='word_1_684' title='bbox 3616 2346 3773 2417; x_wconf 76' lang='grc' dir='ltr'><em>Ἤδη</em></span> 
     </span>
    </p>
   </div>
   <div class='ocr_carea' id='block_1_87' title="bbox 2184 2434 3775 2509">
    <p class='ocr_par' dir='ltr' id='par_1_87' title="bbox 2184 2434 3775 2509">
     <span class='ocr_line' id='line_1_87' title="bbox 2184 2434 3775 2509; baseline -0.004 -19"><span class='ocrx_word' id='word_1_685' title='bbox 2184 2434 2278 2491; x_wconf 80' lang='grc' dir='ltr'><em>οῦν</em></span> <span class='ocrx_word' id='word_1_686' title='bbox 2311 2437 2622 2507; x_wconf 83' lang='grc' dir='ltr'><em>νενίκηται·</em></span> <span class='ocrx_word' id='word_1_687' title='bbox 2669 2437 2832 2500; x_wconf 78' lang='grc' dir='ltr'><em>αὐτὸς</em></span> <span class='ocrx_word' id='word_1_688' title='bbox 2857 2437 2967 2509; x_wconf 84' lang='grc' dir='ltr'><em>γὰρ</em></span> <span class='ocrx_word' id='word_1_689' title='bbox 2993 2437 3098 2508; x_wconf 71' lang='grc' dir='ltr'><em>ήδη</em></span> <span class='ocrx_word' id='word_1_690' title='bbox 3143 2434 3425 2506; x_wconf 84' lang='grc' dir='ltr'><em>βέϐληται,</em></span> <span class='ocrx_word' id='word_1_691' title='bbox 3472 2434 3566 2487; x_wconf 75' lang='grc' dir='ltr'><em>καὶ</em></span> <span class='ocrx_word' id='word_1_692' title='bbox 3594 2435 3654 2486; x_wconf 86' lang='grc' dir='ltr'><em>ἐν</em></span> <span class='ocrx_word' id='word_1_693' title='bbox 3687 2437 3775 2504; x_wconf 73' lang='grc' dir='ltr'><em>τῇ</em></span> 
     </span>
    </p>
   </div>
   <div class='ocr_carea' id='block_1_88' title="bbox 2185 2520 3775 2597">
    <p class='ocr_par' dir='ltr' id='par_1_88' title="bbox 2185 2520 3775 2597">
     <span class='ocr_line' id='line_1_88' title="bbox 2185 2520 3775 2597; baseline -0.004 -19"><span class='ocrx_word' id='word_1_694' title='bbox 2185 2525 2434 2597; x_wconf 82' lang='grc' dir='ltr'><em>ἀπωλείᾳ</em></span> <span class='ocrx_word' id='word_1_695' title='bbox 2464 2526 2634 2578; x_wconf 87' lang='grc' dir='ltr'><em>ἐστιν.</em></span> <span class='ocrx_word' id='word_1_696' title='bbox 2676 2526 2741 2578; x_wconf 83' lang='grc' dir='ltr'><strong>Ἦ</strong></span> <span class='ocrx_word' id='word_1_697' title='bbox 2781 2524 2838 2578; x_wconf 82' lang='grc' dir='ltr'><em>δέ</em></span> <span class='ocrx_word' id='word_1_698' title='bbox 2866 2526 2993 2595; x_wconf 84' lang='grc' dir='ltr'><em>νίκη</em></span> <span class='ocrx_word' id='word_1_699' title='bbox 3036 2523 3200 2577; x_wconf 83' lang='grc' dir='ltr'><em>αὐτοῦ</em></span> <span class='ocrx_word' id='word_1_700' title='bbox 3234 2523 3336 2575; x_wconf 79' lang='grc' dir='ltr'><em>οὐκ</em></span> <span class='ocrx_word' id='word_1_701' title='bbox 3368 2525 3427 2575; x_wconf 91' lang='grc' dir='ltr'><em>ἐν</em></span> <span class='ocrx_word' id='word_1_702' title='bbox 3452 2520 3531 2589; x_wconf 84' lang='grc' dir='ltr'><em>τῷ</em></span> <span class='ocrx_word' id='word_1_703' title='bbox 3559 2536 3775 2589; x_wconf 77' lang='grc' dir='ltr'><em>στεφα-</em></span> 
     </span>
    </p>
   </div>
   <div class='ocr_carea' id='block_1_89' title="bbox 2187 2608 3779 2684">
    <p class='ocr_par' dir='ltr' id='par_1_89' title="bbox 2187 2608 3779 2684">
     <span class='ocr_line' id='line_1_89' title="bbox 2187 2608 3779 2684; baseline -0.004 -18"><span class='ocrx_word' id='word_1_704' title='bbox 2187 2614 2444 2682; x_wconf 82' lang='grc' dir='ltr'><em>νωθῆναι,</em></span> <span class='ocrx_word' id='word_1_705' title='bbox 2476 2613 2592 2667; x_wconf 84' lang='grc' dir='ltr'><em>ἀλλ’</em></span> <span class='ocrx_word' id='word_1_706' title='bbox 2634 2615 2693 2667; x_wconf 86' lang='grc' dir='ltr'><em>ἐν</em></span> <span class='ocrx_word' id='word_1_707' title='bbox 2723 2612 2804 2683; x_wconf 86' lang='grc' dir='ltr'><em>τῷ</em></span> <span class='ocrx_word' id='word_1_708' title='bbox 2833 2613 2932 2684; x_wconf 81' lang='grc' dir='ltr'><em>ἐμὲ</em></span> <span class='ocrx_word' id='word_1_709' title='bbox 2962 2612 3262 2666; x_wconf 86' lang='grc' dir='ltr'><em>ἀπολέσαι·</em></span> <span class='ocrx_word' id='word_1_710' title='bbox 3298 2609 3438 2663; x_wconf 83' lang='grc' dir='ltr'><em>ὥστε</em></span> <span class='ocrx_word' id='word_1_711' title='bbox 3466 2609 3532 2662; x_wconf 76' lang='grc' dir='ltr'><em>ἂν</em></span> <span class='ocrx_word' id='word_1_712' title='bbox 3564 2608 3638 2678; x_wconf 80' lang='grc' dir='ltr'><em>μὴ</em></span> <span class='ocrx_word' id='word_1_713' title='bbox 3661 2624 3779 2660; x_wconf 80' lang='grc' dir='ltr'><em>κα-</em></span> 
     </span>
    </p>
   </div>
   <div class='ocr_carea' id='block_1_90' title="bbox 2185 2692 3779 2773">
    <p class='ocr_par' dir='ltr' id='par_1_90' title="bbox 2185 2692 3779 2773">
     <span class='ocr_line' id='line_1_90' title="bbox 2185 2692 3779 2773; baseline -0.004 -18"><span class='ocrx_word' id='word_1_714' title='bbox 2185 2703 2424 2768; x_wconf 85' lang='grc' dir='ltr'><em>ταϐάλω,</em></span> <span class='ocrx_word' id='word_1_715' title='bbox 2459 2702 2534 2773; x_wconf 83' lang='grc' dir='ltr'><em>μὴ</em></span> <span class='ocrx_word' id='word_1_716' title='bbox 2571 2702 2900 2772; x_wconf 86' lang='grc' dir='ltr'><em>καταϐληθῶ</em></span> <span class='ocrx_word' id='word_1_717' title='bbox 2936 2702 3015 2766; x_wconf 79' lang='grc' dir='ltr'><em>δὲ,</em></span> <span class='ocrx_word' id='word_1_718' title='bbox 3061 2700 3344 2770; x_wconf 86' lang='grc' dir='ltr'><em>νενίκηκα.</em></span> <span class='ocrx_word' id='word_1_719' title='bbox 3385 2698 3483 2761; x_wconf 86' lang='grc' dir='ltr'><em>Τίς</em></span> <span class='ocrx_word' id='word_1_720' title='bbox 3522 2692 3611 2750; x_wconf 83' lang='grc' dir='ltr'><em>οῦν</em></span> <span class='ocrx_word' id='word_1_721' title='bbox 3641 2698 3779 2749; x_wconf 78' lang='grc' dir='ltr'><em>ἐστι</em></span> 
     </span>
    </p>
   </div>
   <div class='ocr_carea' id='block_1_91' title="bbox 2186 2784 3773 2861">
    <p class='ocr_par' dir='ltr' id='par_1_91' title="bbox 2186 2784 3773 2861">
     <span class='ocr_line' id='line_1_91' title="bbox 2186 2784 3773 2861; baseline -0.005 -18"><span class='ocrx_word' id='word_1_722' title='bbox 2186 2789 2415 2861; x_wconf 84' lang='grc' dir='ltr'><em>λαμπρά</em></span> <span class='ocrx_word' id='word_1_723' title='bbox 2448 2791 2607 2860; x_wconf 85' lang='grc' dir='ltr'><em>νίκη;</em></span> <span class='ocrx_word' id='word_1_724' title='bbox 2639 2790 2714 2843; x_wconf 82' lang='grc' dir='ltr'>Τὸ</span> <span class='ocrx_word' id='word_1_725' title='bbox 2743 2792 2807 2842; x_wconf 88' lang='grc' dir='ltr'><em>ἐκ</em></span> <span class='ocrx_word' id='word_1_726' title='bbox 2845 2788 3166 2859; x_wconf 87' lang='grc' dir='ltr'><em>περιουσίας</em></span> <span class='ocrx_word' id='word_1_727' title='bbox 3202 2787 3534 2841; x_wconf 83' lang='grc' dir='ltr'><em>καταπατεῖν</em></span> <span class='ocrx_word' id='word_1_728' title='bbox 3578 2784 3773 2847; x_wconf 76' lang='grc' dir='ltr'><em>αὑτὸν,</em></span> 
     </span>
    </p>
   </div>
   <div class='ocr_carea' id='block_1_92' title="bbox 2186 2866 3774 2947">
    <p class='ocr_par' dir='ltr' id='par_1_92' title="bbox 2186 2866 3774 2947">
     <span class='ocr_line' id='line_1_92' title="bbox 2186 2866 3774 2947; baseline -0.005 -14"><span class='ocrx_word' id='word_1_729' title='bbox 2186 2873 2298 2933; x_wconf 69' lang='grc' dir='ltr'><em>οἷον</em></span> <span class='ocrx_word' id='word_1_730' title='bbox 2335 2881 2363 2933; x_wconf 92' lang='lat'><em>6</em></span> <span class='ocrx_word' id='word_1_731' title='bbox 2406 2879 2615 2942; x_wconf 76' lang='grc' dir='ltr'><em>Παῦλος</em></span> <span class='ocrx_word' id='word_1_732' title='bbox 2650 2877 2846 2940; x_wconf 87' lang='grc' dir='ltr'><em>ἐποίει,</em></span> <span class='ocrx_word' id='word_1_733' title='bbox 2886 2876 3039 2929; x_wconf 78' lang='grc' dir='ltr'><em>οὐδὲν</em></span> <span class='ocrx_word' id='word_1_734' title='bbox 3078 2874 3381 2946; x_wconf 80' lang='grc' dir='ltr'><em>ἡγούμενος</em></span> <span class='ocrx_word' id='word_1_735' title='bbox 3424 2872 3572 2947; x_wconf 72' lang='grc'>[175]</span> <span class='ocrx_word' id='word_1_736' title='bbox 3619 2866 3774 2925; x_wconf 78' lang='grc' dir='ltr'><em>εἶναι</em></span> 
     </span>
    </p>
   </div>
   <div class='ocr_carea' id='block_1_93' title="bbox 2185 2959 3770 3039">
    <p class='ocr_par' dir='ltr' id='par_1_93' title="bbox 2185 2959 3770 3039">
     <span class='ocr_line' id='line_1_93' title="bbox 2185 2959 3770 3039; baseline -0.006 -18"><span class='ocrx_word' id='word_1_737' title='bbox 2185 2967 2256 3021; x_wconf 80' lang='grc' dir='ltr'><em>τά</em></span> <span class='ocrx_word' id='word_1_738' title='bbox 2274 2966 2518 3039; x_wconf 88' lang='grc' dir='ltr'><em>παρόντα</em></span> <span class='ocrx_word' id='word_1_739' title='bbox 2542 2967 2860 3037; x_wconf 79' lang='grc' dir='ltr'><em>πράγματα.</em></span> <span class='ocrx_word' id='word_1_740' title='bbox 2892 2965 3094 3018; x_wconf 88' lang='grc' dir='ltr'><em>Τοῦτον</em></span> <span class='ocrx_word' id='word_1_741' title='bbox 3126 2964 3222 3017; x_wconf 74' lang='grc' dir='ltr'><em>καὶ</em></span> <span class='ocrx_word' id='word_1_742' title='bbox 3248 2965 3414 3034; x_wconf 78' lang='grc' dir='ltr'><em>ἡμεῖς</em></span> <span class='ocrx_word' id='word_1_743' title='bbox 3446 2959 3770 3037; x_wconf 78' lang='grc' dir='ltr'><em>μιμώμεθα,</em></span> 
     </span>
    </p>
   </div>
   <div class='ocr_carea' id='block_1_94' title="bbox 2187 3048 3772 3125">
    <p class='ocr_par' dir='ltr' id='par_1_94' title="bbox 2187 3048 3772 3125">
     <span class='ocr_line' id='line_1_94' title="bbox 2187 3048 3772 3125; baseline -0.005 -16"><span class='ocrx_word' id='word_1_744' title='bbox 2187 3056 2284 3109; x_wconf 80' lang='grc' dir='ltr'><em>καὶ</em></span> <span class='ocrx_word' id='word_1_745' title='bbox 2304 3054 2698 3125; x_wconf 78' lang='grc' dir='ltr'><em>σπουδάζωμεν</em></span> <span class='ocrx_word' id='word_1_746' title='bbox 2732 3053 2997 3125; x_wconf 85' lang='grc' dir='ltr'><em>ἀνώτεροι</em></span> <span class='ocrx_word' id='word_1_747' title='bbox 3025 3051 3304 3122; x_wconf 89' lang='grc' dir='ltr'><em>γενέσθαι,</em></span> <span class='ocrx_word' id='word_1_748' title='bbox 3327 3052 3419 3105; x_wconf 77' lang='grc' dir='ltr'><em>καὶ</em></span> <span class='ocrx_word' id='word_1_749' title='bbox 3452 3048 3772 3120; x_wconf 82' lang='grc' dir='ltr'><em>μηδαμόθεν</em></span> 
     </span>
    </p>
   </div>
   <div class='ocr_carea' id='block_1_95' title="bbox 2187 3140 2845 3213">
    <p class='ocr_par' dir='ltr' id='par_1_95' title="bbox 2187 3140 2845 3213">
     <span class='ocr_line' id='line_1_95' title="bbox 2187 3140 2845 3213; baseline 0.002 -19"><span class='ocrx_word' id='word_1_750' title='bbox 2187 3141 2450 3213; x_wconf 82' lang='grc' dir='ltr'><em>παρέχειν</em></span> <span class='ocrx_word' id='word_1_751' title='bbox 2477 3141 2627 3213; x_wconf 83' lang='grc' dir='ltr'><em>αὐτῷ</em></span> <span class='ocrx_word' id='word_1_752' title='bbox 2652 3140 2845 3210; x_wconf 79' lang='grc' dir='ltr'><em>λαϐὴν.</em></span> 
     </span>
    </p>
   </div>
   <div class='ocr_carea' id='block_1_96' title="bbox 2271 3244 3771 3317">
    <p class='ocr_par' dir='ltr' id='par_1_96' title="bbox 2271 3244 3771 3317">
     <span class='ocr_line' id='line_1_96' title="bbox 2271 3244 3771 3317; baseline -0.003 -17"><span class='ocrx_word' id='word_1_753' title='bbox 2271 3247 2334 3300; x_wconf 89' lang='lat'><strong>&#39;0</strong></span> <span class='ocrx_word' id='word_1_754' title='bbox 2369 3246 2599 3307; x_wconf 83' lang='grc' dir='ltr'><em>πλοῦτος</em></span> <span class='ocrx_word' id='word_1_755' title='bbox 2625 3246 2841 3300; x_wconf 89' lang='grc' dir='ltr'><em>δίδωσιν</em></span> <span class='ocrx_word' id='word_1_756' title='bbox 2879 3244 3031 3315; x_wconf 84' lang='grc' dir='ltr'><em>αύτῷ</em></span> <span class='ocrx_word' id='word_1_757' title='bbox 3058 3244 3253 3317; x_wconf 77' lang='grc' dir='ltr'><em>λαϐὴν,</em></span> <span class='ocrx_word' id='word_1_758' title='bbox 3300 3244 3370 3299; x_wconf 78' lang='grc' dir='ltr'><em>τὰ</em></span> <span class='ocrx_word' id='word_1_759' title='bbox 3408 3245 3687 3315; x_wconf 82' lang='grc' dir='ltr'><em>χρήματα,</em></span> <span class='ocrx_word' id='word_1_760' title='bbox 3730 3245 3771 3313; x_wconf 78' lang='grc' dir='ltr'><strong>ἡ</strong></span> 
     </span>
    </p>
   </div>
   <div class='ocr_carea' id='block_1_97' title="bbox 2189 3331 3773 3406">
    <p class='ocr_par' dir='ltr' id='par_1_97' title="bbox 2189 3331 3773 3406">
     <span class='ocr_line' id='line_1_97' title="bbox 2189 3331 3773 3406; baseline -0.003 -17"><span class='ocrx_word' id='word_1_761' title='bbox 2189 3333 2463 3401; x_wconf 78' lang='grc' dir='ltr'><em>κενοδοξία</em></span> <span class='ocrx_word' id='word_1_762' title='bbox 2484 3351 2497 3363; x_wconf 70' lang='grc' dir='ltr'><strong>ο</strong></span> <span class='ocrx_word' id='word_1_763' title='bbox 2534 3336 2630 3387; x_wconf 77' lang='grc' dir='ltr'><em>καὶ</em></span> <span class='ocrx_word' id='word_1_764' title='bbox 2660 3333 2921 3397; x_wconf 85' lang='grc' dir='ltr'><em>πολλάκις</em></span> <span class='ocrx_word' id='word_1_765' title='bbox 2952 3335 3052 3406; x_wconf 89' lang='grc' dir='ltr'><em>μέν</em></span> <span class='ocrx_word' id='word_1_766' title='bbox 3069 3333 3231 3388; x_wconf 80' lang='grc' dir='ltr'><em>αὑτὸν</em></span> <span class='ocrx_word' id='word_1_767' title='bbox 3254 3333 3547 3403; x_wconf 80' lang='grc' dir='ltr'><em>ἀνέστησε,</em></span> <span class='ocrx_word' id='word_1_768' title='bbox 3568 3331 3773 3385; x_wconf 87' lang='grc' dir='ltr'><em>πολλά-</em></span> 
     </span>
    </p>
   </div>
   <div class='ocr_carea' id='block_1_98' title="bbox 2189 3420 3773 3494">
    <p class='ocr_par' dir='ltr' id='par_1_98' title="bbox 2189 3420 3773 3494">
     <span class='ocr_line' id='line_1_98' title="bbox 2189 3420 3773 3494; baseline -0.003 -17"><span class='ocrx_word' id='word_1_769' title='bbox 2189 3439 2276 3486; x_wconf 82' lang='grc' dir='ltr'><em>κις</em></span> <span class='ocrx_word' id='word_1_770' title='bbox 2297 3421 2353 3475; x_wconf 74' lang='grc' dir='ltr'><em>δὲ</em></span> <span class='ocrx_word' id='word_1_771' title='bbox 2393 3422 2674 3494; x_wconf 76' lang='grc' dir='ltr'><em>ἠγρίανεν.</em></span> <span class='ocrx_word' id='word_1_772' title='bbox 2722 3422 2884 3476; x_wconf 78' lang='grc' dir='ltr'><em>’Δλλὰ</em></span> <span class='ocrx_word' id='word_1_773' title='bbox 2928 3422 3014 3485; x_wconf 82' lang='grc' dir='ltr'><em>τίς</em></span> <span class='ocrx_word' id='word_1_774' title='bbox 3052 3422 3212 3493; x_wconf 86' lang='grc' dir='ltr'><em>χρεία</em></span> <span class='ocrx_word' id='word_1_775' title='bbox 3250 3420 3463 3491; x_wconf 86' lang='grc' dir='ltr'><em>πάλης;</em></span> <span class='ocrx_word' id='word_1_776' title='bbox 3498 3420 3580 3485; x_wconf 90' lang='grc' dir='ltr'><em>τίς</em></span> <span class='ocrx_word' id='word_1_777' title='bbox 3608 3420 3773 3491; x_wconf 80' lang='grc' dir='ltr'><em>χρεία</em></span> 
     </span>
    </p>
   </div>
   <div class='ocr_carea' id='block_1_99' title="bbox 2191 3506 3769 3582">
    <p class='ocr_par' dir='ltr' id='par_1_99' title="bbox 2191 3506 3769 3582">
     <span class='ocr_line' id='line_1_99' title="bbox 2191 3506 3769 3582; baseline -0.003 -19"><span class='ocrx_word' id='word_1_778' title='bbox 2191 3510 2545 3581; x_wconf 80' lang='grc' dir='ltr'><em>συμπλοκῆς;</em></span> <span class='ocrx_word' id='word_1_779' title='bbox 2593 3510 2650 3564; x_wconf 86' lang='lat'><em>&#39;0</em></span> <span class='ocrx_word' id='word_1_780' title='bbox 2674 3509 3125 3582; x_wconf 83' lang='grc' dir='ltr'><em>συμπλεκόμενος</em></span> <span class='ocrx_word' id='word_1_781' title='bbox 3145 3507 3339 3579; x_wconf 78' lang='grc' dir='ltr'><em>ἄδηλον</em></span> <span class='ocrx_word' id='word_1_782' title='bbox 3363 3508 3479 3578; x_wconf 77' lang='grc' dir='ltr'><em>ἔχει</em></span> <span class='ocrx_word' id='word_1_783' title='bbox 3501 3507 3563 3561; x_wconf 80' lang='grc' dir='ltr'><em>τὸ</em></span> <span class='ocrx_word' id='word_1_784' title='bbox 3592 3506 3769 3571; x_wconf 81' lang='grc' dir='ltr'><em>τέλος,</em></span> 
     </span>
    </p>
   </div>
   <div class='ocr_carea' id='block_1_100' title="bbox 2190 3594 3771 3669">
    <p class='ocr_par' dir='ltr' id='par_1_100' title="bbox 2190 3594 3771 3669">
     <span class='ocr_line' id='line_1_100' title="bbox 2190 3594 3771 3669; baseline -0.002 -18"><span class='ocrx_word' id='word_1_785' title='bbox 2190 3599 2420 3669; x_wconf 84' lang='grc' dir='ltr'><em>πότερον</em></span> <span class='ocrx_word' id='word_1_786' title='bbox 2454 3598 2528 3668; x_wconf 81' lang='grc' dir='ltr'><em>μὴ</em></span> <span class='ocrx_word' id='word_1_787' title='bbox 2562 3598 2823 3669; x_wconf 79' lang='grc' dir='ltr'><em>ἡττηθείη</em></span> <span class='ocrx_word' id='word_1_788' title='bbox 2855 3599 2950 3651; x_wconf 79' lang='grc' dir='ltr'><em>καὶ</em></span> <span class='ocrx_word' id='word_1_789' title='bbox 2994 3596 3155 3661; x_wconf 75' lang='grc' dir='ltr'><em>αὐτὸς</em></span> <span class='ocrx_word' id='word_1_790' title='bbox 3188 3598 3285 3651; x_wconf 82' lang='grc' dir='ltr'><em>καὶ</em></span> <span class='ocrx_word' id='word_1_791' title='bbox 3326 3596 3620 3650; x_wconf 82' lang='grc' dir='ltr'><em>ἁλώσεται·</em></span> <span class='ocrx_word' id='word_1_792' title='bbox 3654 3597 3682 3648; x_wconf 76' lang='lat'><em>6</em></span> <span class='ocrx_word' id='word_1_793' title='bbox 3707 3594 3771 3648; x_wconf 82' lang='grc' dir='ltr'><em>δέ</em></span> 
     </span>
    </p>
   </div>
   <div class='ocr_carea' id='block_1_101' title="bbox 2190 3686 3770 3759">
    <p class='ocr_par' dir='ltr' id='par_1_101' title="bbox 2190 3686 3770 3759">
     <span class='ocr_line' id='line_1_101' title="bbox 2190 3686 3770 3759; baseline -0.003 -17"><span class='ocrx_word' id='word_1_794' title='bbox 2190 3688 2545 3752; x_wconf 90' lang='grc' dir='ltr'><em>καταπατῶν,</em></span> <span class='ocrx_word' id='word_1_795' title='bbox 2577 3688 2744 3759; x_wconf 76' lang='grc' dir='ltr'><em>δήλην</em></span> <span class='ocrx_word' id='word_1_796' title='bbox 2774 3688 2888 3758; x_wconf 74' lang='grc' dir='ltr'><em>ἔχει</em></span> <span class='ocrx_word' id='word_1_797' title='bbox 2920 3688 3019 3759; x_wconf 80' lang='grc' dir='ltr'><em>τὴν</em></span> <span class='ocrx_word' id='word_1_798' title='bbox 3061 3689 3242 3759; x_wconf 88' lang='grc' dir='ltr'><em>νίκην.</em></span> <span class='ocrx_word' id='word_1_799' title='bbox 3274 3686 3486 3741; x_wconf 81' lang='grc' dir='ltr'><em>Οὐκοῦν</em></span> <span class='ocrx_word' id='word_1_800' title='bbox 3514 3703 3770 3741; x_wconf 83' lang='grc' dir='ltr'><em>καταπα-</em></span> 
     </span>
    </p>
   </div>
   <div class='ocr_carea' id='block_1_102' title="bbox 2189 3777 3771 3849">
    <p class='ocr_par' dir='ltr' id='par_1_102' title="bbox 2189 3777 3771 3849">
     <span class='ocr_line' id='line_1_102' title="bbox 2189 3777 3771 3849; baseline -0.001 -18"><span class='ocrx_word' id='word_1_801' title='bbox 2189 3779 2446 3848; x_wconf 81' lang='grc' dir='ltr'><em>τήσωμεν</em></span> <span class='ocrx_word' id='word_1_802' title='bbox 2466 3778 2561 3832; x_wconf 89' lang='grc' dir='ltr'><em>τοῦ</em></span> <span class='ocrx_word' id='word_1_803' title='bbox 2593 3777 2842 3832; x_wconf 85' lang='grc' dir='ltr'><em>διαϐόλου</em></span> <span class='ocrx_word' id='word_1_804' title='bbox 2874 3778 2973 3849; x_wconf 82' lang='grc' dir='ltr'><em>τὴν</em></span> <span class='ocrx_word' id='word_1_805' title='bbox 3006 3777 3258 3849; x_wconf 88' lang='grc' dir='ltr'><em>δύναμιν,</em></span> <span class='ocrx_word' id='word_1_806' title='bbox 3291 3778 3771 3848; x_wconf 76' lang='grc' dir='ltr'><em>καταπατήσωμεν</em></span> 
     </span>
    </p>
   </div>
   <div class='ocr_carea' id='block_1_103' title="bbox 2188 3865 3773 3937">
    <p class='ocr_par' dir='ltr' id='par_1_103' title="bbox 2188 3865 3773 3937">
     <span class='ocr_line' id='line_1_103' title="bbox 2188 3865 3773 3937; baseline -0.001 -18"><span class='ocrx_word' id='word_1_807' title='bbox 2188 3867 2289 3929; x_wconf 88' lang='grc' dir='ltr'><em>τάς</em></span> <span class='ocrx_word' id='word_1_808' title='bbox 2315 3866 2609 3937; x_wconf 85' lang='grc' dir='ltr'><em>ἁμαρτίας,</em></span> <span class='ocrx_word' id='word_1_809' title='bbox 2650 3867 2831 3921; x_wconf 87' lang='grc' dir='ltr'><em>πάντα</em></span> <span class='ocrx_word' id='word_1_810' title='bbox 2860 3865 3004 3935; x_wconf 86' lang='grc' dir='ltr'><em>λέγω</em></span> <span class='ocrx_word' id='word_1_811' title='bbox 3036 3867 3106 3919; x_wconf 85' lang='grc' dir='ltr'><em>τὰ</em></span> <span class='ocrx_word' id='word_1_812' title='bbox 3133 3865 3381 3937; x_wconf 76' lang='grc' dir='ltr'><em>βιωτικὰ,</em></span> <span class='ocrx_word' id='word_1_813' title='bbox 3415 3865 3608 3936; x_wconf 80' lang='grc' dir='ltr'><em>θυμὸν,</em></span> <span class='ocrx_word' id='word_1_814' title='bbox 3647 3868 3773 3917; x_wconf 57' lang='grc' dir='ltr'><em>ἐπι*</em></span> 
     </span>
    </p>
   </div>
   <div class='ocr_carea' id='block_1_104' title="bbox 2192 3956 3772 4027">
    <p class='ocr_par' dir='ltr' id='par_1_104' title="bbox 2192 3956 3772 4027">
     <span class='ocr_line' id='line_1_104' title="bbox 2192 3956 3772 4027; baseline 0.001 -18"><span class='ocrx_word' id='word_1_815' title='bbox 2192 3957 2414 4027; x_wconf 90' lang='grc' dir='ltr'><em>θυμίαν,</em></span> <span class='ocrx_word' id='word_1_816' title='bbox 2435 3958 2773 4024; x_wconf 78' lang='grc' dir='ltr'><em>ἀλαζονείαν,</em></span> <span class='ocrx_word' id='word_1_817' title='bbox 2804 3957 2982 4010; x_wconf 88' lang='grc' dir='ltr'><em>πάντα</em></span> <span class='ocrx_word' id='word_1_818' title='bbox 3012 3957 3080 4011; x_wconf 83' lang='grc' dir='ltr'><em>τά</em></span> <span class='ocrx_word' id='word_1_819' title='bbox 3110 3957 3261 4026; x_wconf 89' lang='grc' dir='ltr'><em>πάθη</em></span> <span class='ocrx_word' id='word_1_820' title='bbox 3290 3973 3306 3989; x_wconf 77' lang='grc' dir='ltr'><em>ο</em></span> <span class='ocrx_word' id='word_1_821' title='bbox 3331 3958 3418 4010; x_wconf 81' lang='grc' dir='ltr'><em>ἵνα</em></span> <span class='ocrx_word' id='word_1_822' title='bbox 3440 3956 3772 4020; x_wconf 83' lang='grc' dir='ltr'><em>ἀπελθόντες</em></span> 
     </span>
    </p>
   </div>
   <div class='ocr_carea' id='block_1_105' title="bbox 2192 4045 3772 4118">
    <p class='ocr_par' dir='ltr' id='par_1_105' title="bbox 2192 4045 3772 4118">
     <span class='ocr_line' id='line_1_105' title="bbox 2192 4045 3772 4118; baseline -0.001 -18"><span class='ocrx_word' id='word_1_823' title='bbox 2192 4048 2329 4110; x_wconf 90' lang='grc' dir='ltr'><em>ἐκεῖ,</em></span> <span class='ocrx_word' id='word_1_824' title='bbox 2357 4048 2456 4116; x_wconf 85' lang='grc' dir='ltr'><em>τὴν</em></span> <span class='ocrx_word' id='word_1_825' title='bbox 2484 4045 2755 4113; x_wconf 82' lang='grc' dir='ltr'><em>ἐξουσίαν,</em></span> <span class='ocrx_word' id='word_1_826' title='bbox 2778 4047 2849 4116; x_wconf 77' lang='grc' dir='ltr'><em>ἢν</em></span> <span class='ocrx_word' id='word_1_827' title='bbox 2870 4046 3071 4101; x_wconf 82' lang='grc' dir='ltr'><em>ἔδωκεν</em></span> <span class='ocrx_word' id='word_1_828' title='bbox 3099 4048 3232 4118; x_wconf 81' lang='grc' dir='ltr'><em>ἡμῖν</em></span> <span class='ocrx_word' id='word_1_829' title='bbox 3255 4047 3284 4099; x_wconf 89' lang='lat'><em>6</em></span> <span class='ocrx_word' id='word_1_830' title='bbox 3310 4046 3466 4111; x_wconf 82' lang='grc' dir='ltr'><em>Θεὸς,</em></span> <span class='ocrx_word' id='word_1_831' title='bbox 3499 4045 3576 4117; x_wconf 75' lang='grc' dir='ltr'><em>μὴ</em></span> <span class='ocrx_word' id='word_1_832' title='bbox 3609 4047 3772 4117; x_wconf 80' lang='grc' dir='ltr'><em>εὑρε-</em></span> 
     </span>
    </p>
   </div>
   <div class='ocr_carea' id='block_1_106' title="bbox 2193 4133 3771 4208">
    <p class='ocr_par' dir='ltr' id='par_1_106' title="bbox 2193 4133 3771 4208">
     <span class='ocr_line' id='line_1_106' title="bbox 2193 4133 3771 4208; baseline 0.001 -21"><span class='ocrx_word' id='word_1_833' title='bbox 2193 4134 2376 4205; x_wconf 75' lang='grc' dir='ltr'><em>θῶμεν</em></span> <span class='ocrx_word' id='word_1_834' title='bbox 2407 4134 2774 4208; x_wconf 86' lang='grc' dir='ltr'><em>προδιδόντες.</em></span> <span class='ocrx_word' id='word_1_835' title='bbox 2811 4133 2969 4189; x_wconf 72' lang='grc' dir='ltr'><em>Οὕτω</em></span> <span class='ocrx_word' id='word_1_836' title='bbox 3014 4134 3123 4205; x_wconf 88' lang='grc' dir='ltr'><em>γὰρ</em></span> <span class='ocrx_word' id='word_1_837' title='bbox 3168 4135 3264 4188; x_wconf 77' lang='grc' dir='ltr'><em>καὶ</em></span> <span class='ocrx_word' id='word_1_838' title='bbox 3303 4135 3413 4187; x_wconf 85' lang='grc' dir='ltr'><em>τῶν</em></span> <span class='ocrx_word' id='word_1_839' title='bbox 3464 4134 3771 4204; x_wconf 78' lang='grc' dir='ltr'><em>μελλόντων</em></span> 
     </span>
    </p>
   </div>
   <div class='ocr_carea' id='block_1_107' title="bbox 2192 4220 3767 4293">
    <p class='ocr_par' dir='ltr' id='par_1_107' title="bbox 2192 4220 3767 4293">
     <span class='ocr_line' id='line_1_107' title="bbox 2192 4220 3767 4293; baseline 0.002 -19"><span class='ocrx_word' id='word_1_840' title='bbox 2192 4220 2611 4293; x_wconf 81' lang='grc' dir='ltr'><em>ἐπιτευξόμεθα.</em></span> <span class='ocrx_word' id='word_1_841' title='bbox 2663 4221 2726 4275; x_wconf 76' lang='lat' dir='ltr'><em>El</em></span> <span class='ocrx_word' id='word_1_842' title='bbox 2780 4221 2838 4276; x_wconf 86' lang='grc' dir='ltr'><em>δὲ</em></span> <span class='ocrx_word' id='word_1_843' title='bbox 2898 4222 3027 4292; x_wconf 75' lang='grc' dir='ltr'><em>περὶ</em></span> <span class='ocrx_word' id='word_1_844' title='bbox 3068 4222 3226 4275; x_wconf 89' lang='grc' dir='ltr'><em>τοῦτο</em></span> <span class='ocrx_word' id='word_1_845' title='bbox 3270 4222 3537 4293; x_wconf 86' lang='grc' dir='ltr'><em>γινόμεθα</em></span> <span class='ocrx_word' id='word_1_846' title='bbox 3582 4225 3767 4288; x_wconf 75' lang='grc' dir='ltr'><em>κακοὶ,</em></span> 
     </span>
    </p>
   </div>
   <div class='ocr_carea' id='block_1_108' title="bbox 2191 4310 3771 4383">
    <p class='ocr_par' dir='ltr' id='par_1_108' title="bbox 2191 4310 3771 4383">
     <span class='ocr_line' id='line_1_108' title="bbox 2191 4310 3771 4383; baseline 0 -19"><span class='ocrx_word' id='word_1_847' title='bbox 2191 4312 2275 4376; x_wconf 89' lang='grc' dir='ltr'><em>τίς</em></span> <span class='ocrx_word' id='word_1_848' title='bbox 2305 4314 2438 4382; x_wconf 79' lang='grc' dir='ltr'><em>ἡμῖν</em></span> <span class='ocrx_word' id='word_1_849' title='bbox 2468 4312 2764 4382; x_wconf 82' lang='grc' dir='ltr'><em>ἐγχειρίσει</em></span> <span class='ocrx_word' id='word_1_850' title='bbox 2795 4311 2861 4365; x_wconf 81' lang='grc' dir='ltr'><em>τὰ</em></span> <span class='ocrx_word' id='word_1_851' title='bbox 2889 4312 3146 4383; x_wconf 76' lang='grc' dir='ltr'><em>μείζονας</em></span> <span class='ocrx_word' id='word_1_852' title='bbox 3179 4312 3243 4364; x_wconf 75' lang='lat' dir='ltr'><em>El</em></span> <span class='ocrx_word' id='word_1_853' title='bbox 3272 4310 3382 4382; x_wconf 82' lang='grc' dir='ltr'><em>γάρ</em></span> <span class='ocrx_word' id='word_1_854' title='bbox 3412 4312 3505 4364; x_wconf 77' lang='grc' dir='ltr'><em>τὸν</em></span> <span class='ocrx_word' id='word_1_855' title='bbox 3530 4329 3771 4383; x_wconf 74' lang='grc' dir='ltr'><em>προσκεο</em></span> 
     </span>
    </p>
   </div>
   <div class='ocr_carea' id='block_1_109' title="bbox 2192 4385 3768 4473">
    <p class='ocr_par' dir='ltr' id='par_1_109' title="bbox 2192 4385 3768 4473">
     <span class='ocr_line' id='line_1_109' title="bbox 2192 4385 3768 4473; baseline 0 -18"><span class='ocrx_word' id='word_1_856' title='bbox 2192 4402 2479 4472; x_wconf 84' lang='grc' dir='ltr'><em>κρουκότα,</em></span> <span class='ocrx_word' id='word_1_857' title='bbox 2514 4402 2605 4455; x_wconf 73' lang='grc' dir='ltr'><em>τὸν</em></span> <span class='ocrx_word' id='word_1_858' title='bbox 2650 4385 3020 4473; x_wconf 70' lang='grc' dir='ltr'><em>ἠτιμωμένον,</em></span> <span class='ocrx_word' id='word_1_859' title='bbox 3050 4401 3140 4454; x_wconf 83' lang='grc' dir='ltr'><em>τὸν</em></span> <span class='ocrx_word' id='word_1_860' title='bbox 3174 4402 3768 4472; x_wconf 81' lang='grc' dir='ltr'><em>καταπεφρονημένον,</em></span> 
     </span>
    </p>
   </div>
   <div class='ocr_carea' id='block_1_110' title="bbox 2191 4489 3771 4562">
    <p class='ocr_par' dir='ltr' id='par_1_110' title="bbox 2191 4489 3771 4562">
     <span class='ocr_line' id='line_1_110' title="bbox 2191 4489 3771 4562; baseline 0.001 -20"><span class='ocrx_word' id='word_1_861' title='bbox 2191 4490 2283 4542; x_wconf 79' lang='grc' dir='ltr'><em>τὸν</em></span> <span class='ocrx_word' id='word_1_862' title='bbox 2314 4489 2419 4542; x_wconf 81' lang='grc' dir='ltr'><em>ὑπὸ</em></span> <span class='ocrx_word' id='word_1_863' title='bbox 2448 4491 2571 4552; x_wconf 80' lang='grc' dir='ltr'><em>τοὺς</em></span> <span class='ocrx_word' id='word_1_864' title='bbox 2614 4489 2781 4552; x_wconf 85' lang='grc' dir='ltr'><em>πόδας</em></span> <span class='ocrx_word' id='word_1_865' title='bbox 2818 4490 3070 4558; x_wconf 83' lang='grc' dir='ltr'><em>κείμενον</em></span> <span class='ocrx_word' id='word_1_866' title='bbox 3093 4530 3106 4551; x_wconf 94' lang='grc'><em>,</em></span> <span class='ocrx_word' id='word_1_867' title='bbox 3147 4489 3388 4559; x_wconf 87' lang='grc' dir='ltr'><em>πατῆσαι</em></span> <span class='ocrx_word' id='word_1_868' title='bbox 3432 4491 3533 4543; x_wconf 73' lang='grc' dir='ltr'><em>οὐκ</em></span> <span class='ocrx_word' id='word_1_869' title='bbox 3569 4492 3771 4562; x_wconf 75' lang='grc' dir='ltr'><em>ἠδυνή-</em></span> 
     </span>
    </p>
   </div>
   <div class='ocr_carea' id='block_1_111' title="bbox 2195 4574 3770 4648">
    <p class='ocr_par' dir='ltr' id='par_1_111' title="bbox 2195 4574 3770 4648">
     <span class='ocr_line' id='line_1_111' title="bbox 2195 4574 3770 4648; baseline 0.001 -18"><span class='ocrx_word' id='word_1_870' title='bbox 2195 4576 2393 4647; x_wconf 83' lang='grc' dir='ltr'><em>θημεν,</em></span> <span class='ocrx_word' id='word_1_871' title='bbox 2430 4575 2547 4639; x_wconf 84' lang='grc' dir='ltr'><em>πῶς</em></span> <span class='ocrx_word' id='word_1_872' title='bbox 2575 4578 2707 4646; x_wconf 77' lang='grc' dir='ltr'><em>ἡμῖν</em></span> <span class='ocrx_word' id='word_1_873' title='bbox 2736 4574 2897 4628; x_wconf 85' lang='grc' dir='ltr'><em>δώσει</em></span> <span class='ocrx_word' id='word_1_874' title='bbox 2921 4577 2991 4629; x_wconf 78' lang='grc' dir='ltr'><em>τὰ</em></span> <span class='ocrx_word' id='word_1_875' title='bbox 3024 4577 3256 4648; x_wconf 83' lang='grc' dir='ltr'><em>πατρῷα</em></span> <span class='ocrx_word' id='word_1_876' title='bbox 3283 4580 3312 4631; x_wconf 91' lang='lat'><em>6</em></span> <span class='ocrx_word' id='word_1_877' title='bbox 3334 4579 3562 4648; x_wconf 81' lang='grc' dir='ltr'><em>Πατὴρ;</em></span> <span class='ocrx_word' id='word_1_878' title='bbox 3599 4580 3649 4631; x_wconf 86' lang='grc' dir='ltr'><em>εί</em></span> <span class='ocrx_word' id='word_1_879' title='bbox 3674 4578 3770 4632; x_wconf 88' lang='grc' dir='ltr'><em>τοῦ</em></span> 
     </span>
    </p>
   </div>
   <div class='ocr_carea' id='block_1_112' title="bbox 2193 4666 3772 4739">
    <p class='ocr_par' dir='ltr' id='par_1_112' title="bbox 2193 4666 3772 4739">
     <span class='ocr_line' id='line_1_112' title="bbox 2193 4666 3772 4739; baseline 0 -20"><span class='ocrx_word' id='word_1_880' title='bbox 2193 4666 2366 4730; x_wconf 76' lang='grc' dir='ltr'><em>οὕτως</em></span> <span class='ocrx_word' id='word_1_881' title='bbox 2427 4666 2869 4737; x_wconf 80' lang='grc' dir='ltr'><em>ὑποτεταγμένου</em></span> <span class='ocrx_word' id='word_1_882' title='bbox 2950 4667 3011 4720; x_wconf 84' lang='grc' dir='ltr'><em>οὑ</em></span> <span class='ocrx_word' id='word_1_883' title='bbox 3085 4667 3548 4739; x_wconf 86' lang='grc' dir='ltr'><em>περιεγενόμεθα,</em></span> <span class='ocrx_word' id='word_1_884' title='bbox 3610 4668 3772 4722; x_wconf 89' lang='grc' dir='ltr'><em>ποίαν</em></span> 
     </span>
    </p>
   </div>
   <div class='ocr_carea' id='block_1_113' title="bbox 2194 4754 3768 4827">
    <p class='ocr_par' dir='ltr' id='par_1_113' title="bbox 2194 4754 3768 4827">
     <span class='ocr_line' id='line_1_113' title="bbox 2194 4754 3768 4827; baseline 0 -19"><span class='ocrx_word' id='word_1_885' title='bbox 2194 4755 2392 4825; x_wconf 77' lang='grc' dir='ltr'><em>ἕξομεν</em></span> <span class='ocrx_word' id='word_1_886' title='bbox 2419 4756 2730 4827; x_wconf 79' lang='grc' dir='ltr'><em>παρρησίαν</em></span> <span class='ocrx_word' id='word_1_887' title='bbox 2760 4757 2838 4818; x_wconf 83' lang='grc' dir='ltr'><em>είς</em></span> <span class='ocrx_word' id='word_1_888' title='bbox 2858 4755 2959 4827; x_wconf 85' lang='grc' dir='ltr'><em>τὴν</em></span> <span class='ocrx_word' id='word_1_889' title='bbox 2987 4754 3250 4826; x_wconf 80' lang='grc' dir='ltr'><em>πατρῴαν</em></span> <span class='ocrx_word' id='word_1_890' title='bbox 3270 4755 3528 4809; x_wconf 75' lang='grc' dir='ltr'><em>εἰσελθεῖν</em></span> <span class='ocrx_word' id='word_1_891' title='bbox 3552 4757 3768 4821; x_wconf 85' lang='grc' dir='ltr'><em>οίκίαν;</em></span> 
     </span>
    </p>
   </div>
   <div class='ocr_carea' id='block_1_114' title="bbox 2195 4843 3772 4915">
    <p class='ocr_par' dir='ltr' id='par_1_114' title="bbox 2195 4843 3772 4915">
     <span class='ocr_line' id='line_1_114' title="bbox 2195 4843 3772 4915; baseline 0.001 -18"><span class='ocrx_word' id='word_1_892' title='bbox 2195 4845 2329 4897; x_wconf 78' lang='grc' dir='ltr'><strong>Εἰπὲ</strong></span> <span class='ocrx_word' id='word_1_893' title='bbox 2363 4843 2473 4915; x_wconf 90' lang='grc' dir='ltr'><em>γάρ</em></span> <span class='ocrx_word' id='word_1_894' title='bbox 2510 4862 2600 4915; x_wconf 88' lang='grc' dir='ltr'><em>μοι</em></span> <span class='ocrx_word' id='word_1_895' title='bbox 2634 4860 2649 4876; x_wconf 76' lang='grc' dir='ltr'><strong><em>ο</em></strong></span> <span class='ocrx_word' id='word_1_896' title='bbox 2681 4844 2736 4896; x_wconf 83' lang='grc' dir='ltr'><em>εῖ</em></span> <span class='ocrx_word' id='word_1_897' title='bbox 2767 4861 2892 4898; x_wconf 87' lang='grc' dir='ltr'><em>τινα</em></span> <span class='ocrx_word' id='word_1_898' title='bbox 2923 4844 3038 4897; x_wconf 83' lang='grc' dir='ltr'><em>υίδν</em></span> <span class='ocrx_word' id='word_1_899' title='bbox 3068 4844 3235 4915; x_wconf 78' lang='grc' dir='ltr'><em>ἔχοις,</em></span> <span class='ocrx_word' id='word_1_900' title='bbox 3279 4847 3486 4910; x_wconf 87' lang='grc' dir='ltr'><em>ἐκεῖνος</em></span> <span class='ocrx_word' id='word_1_901' title='bbox 3515 4847 3573 4899; x_wconf 84' lang='grc' dir='ltr'><em>δὲ</em></span> <span class='ocrx_word' id='word_1_902' title='bbox 3607 4848 3772 4915; x_wconf 69' lang='grc' dir='ltr'><em>ἀφεὶς</em></span> 
     </span>
    </p>
   </div>
   <div class='ocr_carea' id='block_1_115' title="bbox 2193 4931 3771 5005">
    <p class='ocr_par' dir='ltr' id='par_1_115' title="bbox 2193 4931 3771 5005">
     <span class='ocr_line' id='line_1_115' title="bbox 2193 4931 3771 5005; baseline 0.003 -21"><span class='ocrx_word' id='word_1_903' title='bbox 2193 4932 2322 4995; x_wconf 77' lang='grc' dir='ltr'><em>τοὺς</em></span> <span class='ocrx_word' id='word_1_904' title='bbox 2362 4932 2841 5003; x_wconf 79' lang='grc' dir='ltr'><em>εὐγνωμονοῦντας</em></span> <span class='ocrx_word' id='word_1_905' title='bbox 2895 4931 3006 4985; x_wconf 87' lang='grc' dir='ltr'><em>τῶν</em></span> <span class='ocrx_word' id='word_1_906' title='bbox 3063 4932 3308 4999; x_wconf 73' lang='grc' dir='ltr'><em>οἰκετῶν,</em></span> <span class='ocrx_word' id='word_1_907' title='bbox 3368 4934 3771 5005; x_wconf 85' lang='grc' dir='ltr'><em>ἀναμιγνύηται</em></span> 
     </span>
    </p>
   </div>
   <div class='ocr_carea' id='block_1_116' title="bbox 2195 5020 3771 5098">
    <p class='ocr_par' dir='ltr' id='par_1_116' title="bbox 2195 5020 3771 5098">
     <span class='ocr_line' id='line_1_116' title="bbox 2195 5020 3771 5098; baseline 0.006 -25"><span class='ocrx_word' id='word_1_908' title='bbox 2195 5023 2310 5083; x_wconf 87' lang='grc' dir='ltr'><em>τοῖς</em></span> <span class='ocrx_word' id='word_1_909' title='bbox 2338 5038 2395 5074; x_wconf 91' lang='grc' dir='ltr'><em>σε</em></span> <span class='ocrx_word' id='word_1_910' title='bbox 2419 5020 2772 5093; x_wconf 85' lang='grc' dir='ltr'><em>λελυπηκόσι,</em></span> <span class='ocrx_word' id='word_1_911' title='bbox 2803 5025 2917 5087; x_wconf 87' lang='grc' dir='ltr'><em>τοῖς</em></span> <span class='ocrx_word' id='word_1_912' title='bbox 2958 5024 3344 5079; x_wconf 87' lang='grc' dir='ltr'><em>ἐκπεπτωκόσι</em></span> <span class='ocrx_word' id='word_1_913' title='bbox 3371 5026 3470 5097; x_wconf 86' lang='grc' dir='ltr'><em>τῆς</em></span> <span class='ocrx_word' id='word_1_914' title='bbox 3507 5026 3771 5098; x_wconf 80' lang='grc' dir='ltr'><em>πατρῴας</em></span> 
     </span>
    </p>
   </div>
   <div class='ocr_carea' id='block_1_117' title="bbox 2194 5108 3771 5186">
    <p class='ocr_par' dir='ltr' id='par_1_117' title="bbox 2194 5108 3771 5186">
     <span class='ocr_line' id='line_1_117' title="bbox 2194 5108 3771 5186; baseline 0.004 -25"><span class='ocrx_word' id='word_1_915' title='bbox 2194 5108 2392 5172; x_wconf 85' lang='grc' dir='ltr'><em>οίκίας,</em></span> <span class='ocrx_word' id='word_1_916' title='bbox 2425 5111 2536 5172; x_wconf 87' lang='grc' dir='ltr'><em>τοῖς</em></span> <span class='ocrx_word' id='word_1_917' title='bbox 2571 5110 2699 5181; x_wconf 73' lang='grc' dir='ltr'><em>περὶ</em></span> <span class='ocrx_word' id='word_1_918' title='bbox 2734 5110 2961 5163; x_wconf 89' lang='grc' dir='ltr'><em>κυϐείαν</em></span> <span class='ocrx_word' id='word_1_919' title='bbox 2994 5111 3414 5183; x_wconf 77' lang='grc' dir='ltr'><em>ήσχολημένοις,</em></span> <span class='ocrx_word' id='word_1_920' title='bbox 3458 5115 3554 5167; x_wconf 71' lang='grc' dir='ltr'><em>καὶ</em></span> <span class='ocrx_word' id='word_1_921' title='bbox 3605 5113 3771 5186; x_wconf 88' lang='grc' dir='ltr'><em>μέχρι</em></span> 
     </span>
    </p>
   </div>
   <div class='ocr_carea' id='block_1_118' title="bbox 2194 5193 3773 5269">
    <p class='ocr_par' dir='ltr' id='par_1_118' title="bbox 2194 5193 3773 5269">
     <span class='ocr_line' id='line_1_118' title="bbox 2194 5193 3773 5269; baseline 0.005 -22"><span class='ocrx_word' id='word_1_922' title='bbox 2194 5194 2382 5257; x_wconf 82' lang='grc' dir='ltr'><em>τέλους</em></span> <span class='ocrx_word' id='word_1_923' title='bbox 2410 5193 2570 5247; x_wconf 90' lang='grc' dir='ltr'><em>τοῦτο</em></span> <span class='ocrx_word' id='word_1_924' title='bbox 2610 5197 2760 5266; x_wconf 77' lang='grc' dir='ltr'><em>ποιῇ,</em></span> <span class='ocrx_word' id='word_1_925' title='bbox 2803 5197 2923 5267; x_wconf 69' lang='grc' dir='ltr'><em>οὐχὶ</em></span> <span class='ocrx_word' id='word_1_926' title='bbox 2963 5197 3410 5269; x_wconf 84' lang='grc' dir='ltr'><em>ἀποκληρονόμος</em></span> <span class='ocrx_word' id='word_1_927' title='bbox 3438 5199 3623 5268; x_wconf 81' lang='grc' dir='ltr'><em>ἐσται;</em></span> <span class='ocrx_word' id='word_1_928' title='bbox 3665 5201 3773 5255; x_wconf 79' lang='grc' dir='ltr'><em>Εὕ-</em></span> 
     </span>
    </p>
   </div>
   <div class='ocr_carea' id='block_1_119' title="bbox 2182 5281 3773 5363">
    <p class='ocr_par' dir='ltr' id='par_1_119' title="bbox 2182 5281 3773 5363">
     <span class='ocr_line' id='line_1_119' title="bbox 2182 5281 3773 5363; baseline 0.006 -29"><span class='ocrx_word' id='word_1_929' title='bbox 2182 5281 2350 5363; x_wconf 68' lang='grc' dir='ltr'><em>,δηλον</em></span> <span class='ocrx_word' id='word_1_930' title='bbox 2381 5282 2483 5335; x_wconf 84' lang='grc' dir='ltr'><em>ὅτι.</em></span> <span class='ocrx_word' id='word_1_931' title='bbox 2522 5282 2678 5335; x_wconf 78' lang='grc' dir='ltr'><em>Οὕτω</em></span> <span class='ocrx_word' id='word_1_932' title='bbox 2720 5283 2815 5337; x_wconf 75' lang='grc' dir='ltr'><em>καὶ</em></span> <span class='ocrx_word' id='word_1_933' title='bbox 2846 5285 3024 5355; x_wconf 71' lang='grc' dir='ltr'><em>ἡμεῖς,</em></span> <span class='ocrx_word' id='word_1_934' title='bbox 3057 5284 3123 5339; x_wconf 78' lang='grc' dir='ltr'>ἂν</span> <span class='ocrx_word' id='word_1_935' title='bbox 3161 5286 3392 5355; x_wconf 86' lang='grc' dir='ltr'><em>ἀφέντες</em></span> <span class='ocrx_word' id='word_1_936' title='bbox 3419 5287 3547 5350; x_wconf 80' lang='grc' dir='ltr'><em>τοὺς</em></span> <span class='ocrx_word' id='word_1_937' title='bbox 3576 5290 3773 5360; x_wconf 82' lang='grc' dir='ltr'><em>εὑηρε-</em></span> 
     </span>
    </p>
   </div>
   <div class='ocr_carea' id='block_1_120' title="bbox 2198 5370 3769 5447">
    <p class='ocr_par' dir='ltr' id='par_1_120' title="bbox 2198 5370 3769 5447">
     <span class='ocr_line' id='line_1_120' title="bbox 2198 5370 3769 5447; baseline 0.007 -26"><span class='ocrx_word' id='word_1_938' title='bbox 2198 5370 2465 5440; x_wconf 87' lang='grc' dir='ltr'><em>στηκότας</em></span> <span class='ocrx_word' id='word_1_939' title='bbox 2511 5373 2607 5424; x_wconf 71' lang='grc' dir='ltr'><em>καὶ</em></span> <span class='ocrx_word' id='word_1_940' title='bbox 2651 5373 2778 5435; x_wconf 78' lang='grc' dir='ltr'><em>τοὺς</em></span> <span class='ocrx_word' id='word_1_941' title='bbox 2813 5376 3271 5445; x_wconf 82' lang='grc' dir='ltr'><em>ἐπιτεταγμένους</em></span> <span class='ocrx_word' id='word_1_942' title='bbox 3314 5378 3443 5447; x_wconf 81' lang='grc' dir='ltr'><em>ἡμῖν</em></span> <span class='ocrx_word' id='word_1_943' title='bbox 3483 5378 3769 5445; x_wconf 82' lang='grc' dir='ltr'><em>ἀγγέλους,</em></span> 
     </span>
    </p>
   </div>
   <div class='ocr_carea' id='block_1_121' title="bbox 2196 5459 3771 5537">
    <p class='ocr_par' dir='ltr' id='par_1_121' title="bbox 2196 5459 3771 5537">
     <span class='ocr_line' id='line_1_121' title="bbox 2196 5459 3771 5537; baseline 0.004 -24"><span class='ocrx_word' id='word_1_944' title='bbox 2196 5459 2662 5531; x_wconf 64' lang='grc' dir='ltr'><em>ἁναστρεεξὼμεθα</em></span> <span class='ocrx_word' id='word_1_945' title='bbox 2690 5463 2826 5532; x_wconf 79' lang='grc' dir='ltr'><em>μετά</em></span> <span class='ocrx_word' id='word_1_946' title='bbox 2854 5464 2947 5517; x_wconf 86' lang='grc' dir='ltr'><em>τοῦ</em></span> <span class='ocrx_word' id='word_1_947' title='bbox 2981 5464 3251 5530; x_wconf 87' lang='grc' dir='ltr'><em>διαϐόλου,</em></span> <span class='ocrx_word' id='word_1_948' title='bbox 3286 5468 3501 5530; x_wconf 86' lang='grc' dir='ltr'><em>πάντως</em></span> <span class='ocrx_word' id='word_1_949' title='bbox 3530 5468 3771 5537; x_wconf 81' lang='grc' dir='ltr'><em>ἀποκλη-</em></span> 
     </span>
    </p>
   </div>
   <div class='ocr_carea' id='block_1_122' title="bbox 2200 5548 3774 5624">
    <p class='ocr_par' dir='ltr' id='par_1_122' title="bbox 2200 5548 3774 5624">
     <span class='ocr_line' id='line_1_122' title="bbox 2200 5548 3774 5624; baseline 0.008 -27"><span class='ocrx_word' id='word_1_950' title='bbox 2200 5548 2416 5617; x_wconf 84' lang='grc' dir='ltr'><em>ρονόμοι</em></span> <span class='ocrx_word' id='word_1_951' title='bbox 2442 5549 2697 5620; x_wconf 84' lang='grc' dir='ltr'><em>ἐσόμεθα.</em></span> <span class='ocrx_word' id='word_1_952' title='bbox 2737 5551 2897 5605; x_wconf 86' lang='grc' dir='ltr'><em>Ἀλλά</em></span> <span class='ocrx_word' id='word_1_953' title='bbox 2925 5552 3000 5624; x_wconf 77' lang='grc' dir='ltr'><em>μὴ</em></span> <span class='ocrx_word' id='word_1_954' title='bbox 3028 5553 3237 5621; x_wconf 90' lang='grc' dir='ltr'><em>γένοιτο</em></span> <span class='ocrx_word' id='word_1_955' title='bbox 3254 5553 3410 5607; x_wconf 91' lang='grc' dir='ltr'><em>τοῦτο</em></span> <span class='ocrx_word' id='word_1_956' title='bbox 3439 5554 3647 5624; x_wconf 78' lang='grc' dir='ltr'><em>μηδένα</em></span> <span class='ocrx_word' id='word_1_957' title='bbox 3669 5573 3774 5610; x_wconf 67' lang='grc' dir='ltr'><em>παι</em></span> 
     </span>
    </p>
   </div>
   <div class='ocr_carea' id='block_1_123' title="bbox 2200 5635 3772 5712">
    <p class='ocr_par' dir='ltr' id='par_1_123' title="bbox 2200 5635 3772 5712">
     <span class='ocr_line' id='line_1_123' title="bbox 2200 5635 3772 5712; baseline 0.006 -26"><span class='ocrx_word' id='word_1_958' title='bbox 2200 5635 2312 5687; x_wconf 89' lang='grc' dir='ltr'><em>θεῖν</em></span> <span class='ocrx_word' id='word_1_959' title='bbox 2331 5636 2363 5704; x_wconf 81' lang='grc' dir='ltr'>ἡ</span> <span class='ocrx_word' id='word_1_960' title='bbox 2372 5635 2507 5705; x_wconf 86' lang='grc' dir='ltr'><em>μῶν,</em></span> <span class='ocrx_word' id='word_1_961' title='bbox 2536 5638 2671 5691; x_wconf 85' lang='grc' dir='ltr'><em>ἀλλά</em></span> <span class='ocrx_word' id='word_1_962' title='bbox 2688 5638 2779 5692; x_wconf 84' lang='grc' dir='ltr'><em>τὸν</em></span> <span class='ocrx_word' id='word_1_963' title='bbox 2805 5640 3040 5711; x_wconf 86' lang='grc' dir='ltr'><em>πόλεμον</em></span> <span class='ocrx_word' id='word_1_964' title='bbox 3061 5642 3490 5712; x_wconf 79' lang='grc' dir='ltr'><em>ἀναδεξαμένους</em></span> <span class='ocrx_word' id='word_1_965' title='bbox 3519 5643 3610 5695; x_wconf 76' lang='grc' dir='ltr'><em>τὸν</em></span> <span class='ocrx_word' id='word_1_966' title='bbox 3636 5647 3772 5712; x_wconf 76' lang='grc' dir='ltr'><em>πρὸς</em></span> 
     </span>
    </p>
   </div>
   <div class='ocr_carea' id='block_1_124' title="bbox 2205 5721 3769 5802">
    <p class='ocr_par' dir='ltr' id='par_1_124' title="bbox 2205 5721 3769 5802">
     <span class='ocr_line' id='line_1_124' title="bbox 2205 5721 3769 5802; baseline 0.006 -26"><span class='ocrx_word' id='word_1_967' title='bbox 2205 5721 2385 5788; x_wconf 76' lang='grc' dir='ltr'><em>αὑτὸν,</em></span> <span class='ocrx_word' id='word_1_968' title='bbox 2422 5728 2510 5778; x_wconf 70' lang='grc' dir='ltr'><em>καὶ</em></span> <span class='ocrx_word' id='word_1_969' title='bbox 2547 5728 2876 5795; x_wconf 85' lang='grc' dir='ltr'><em>νικήσαντας</em></span> <span class='ocrx_word' id='word_1_970' title='bbox 2907 5729 3043 5799; x_wconf 84' lang='grc' dir='ltr'><em>μετά</em></span> <span class='ocrx_word' id='word_1_971' title='bbox 3071 5730 3168 5799; x_wconf 82' lang='grc' dir='ltr'><em>τῆς</em></span> <span class='ocrx_word' id='word_1_972' title='bbox 3199 5730 3403 5784; x_wconf 85' lang='grc' dir='ltr'><em>ἀνωθεν</em></span> <span class='ocrx_word' id='word_1_973' title='bbox 3431 5733 3769 5802; x_wconf 86' lang='grc' dir='ltr'><em>συμμαχίας,</em></span> 
     </span>
    </p>
   </div>
  </div>
