4042 6212
244 325 322 380 101
1058 322 1123 377 IN
1161 320 1371 376 EPIST.
1416 320 1506 373 AD
1544 317 1782 374 EPIIES.

1891 318 1979 377 lP.
2023 322 2108 377 Vl.
2152 325 2379 382 liOillL
2422 329 2586 384 XXII.

238 456 274 495 et
297 455 431 507 super
453 452 651 493 ontuem
681 445 966 507 potestatem
992 437 1182 490 inimici
1213 434 1358 506 (Luc.
1394 433 1478 487 10.
1516 433 1623 499 19).
1647 430 1776 486 Om-

238 546 340 585 nem
369 529 510 585 nobis
550 527 698 582 dedit
734 535 1090 597 potestatem,
1135 535 1189 580 et
1214 523 1442 579 luctandi
1473 532 1527 576 et
1554 537 1659 576 non
1699 522 1780 574 lu-

236 622 384 677 ctandi
424 638 438 675 :
470 619 564 675 sed
612 620 863 689 quoniam
892 634 992 673 nos
1032 632 1218 672 sumus
1247 618 1375 687 pigri
1423 627 1476 670 et
1518 615 1736 669 hebetes
1760 653 1776 678 ,

234 729 335 767 cum
354 712 422 763 eis
444 711 732 765 luctamur.
759 709 889 763 Nam
912 709 1054 778 quod
1077 709 1274 763 Paulus
1299 723 1404 761 non
1434 707 1496 760 sil
1529 706 1776 768 luctatus,

233 804 335 857 audi
381 820 497 856 eum
545 803 837 868 dicentem,
899 801 1025 868 Quis
1073 817 1165 853 nos
1215 798 1464 869 separabit
1503 815 1535 851 ιι
1572 797 1782 850 caritate

235 895 433 948 Christi?
476 895 755 959 tribulatio,
798 911 865 947 an
912 895 1166 964 angustia,
1215 910 1282 945 an
1332 892 1668 961 persequutio,
1713 906 1779 942 an

234 987 422 1048 auditas,
464 1002 534 1039 an
560 984 874 1052 periculum,
914 1001 980 1037 an
1009 984 1209 1055 gladius
1235 985 1251 1051 (
1281 981 1426 1037 Rom.
1459 982 1511 1035 8.
1542 982 1611 1036 55
1632 981 1686 1051 )?
1714 980 1781 1033 Et

234 1094 388 1133 rursus
409 1078 530 1131 audi
560 1093 681 1131 cum
709 1077 1000 1142 dicentem,
1030 1075 1167 1128 Deus
1193 1083 1412 1128 conteret
1437 1082 1668 1127 solonam
1686 1072 1779 1126 sub

233 1171 407 1237 pedibus
432 1172 609 1224 uestris
635 1170 734 1222 cito
762 1168 782 1238 (
809 1169 957 1223 Rom.
990 1167 1076 1222 16.
1108 1165 1234 1238 20).
1268 1166 1417 1221 illum
1450 1166 1593 1220 enim
1618 1164 1779 1218 habe-

232 1264 302 1315 bat
339 1261 631 1324 subditum;
665 1270 720 1313 et
747 1260 868 1315 ideo
897 1260 1128 1319 dicebat,
1178 1258 1430 1327 Principio
1459 1258 1547 1311 tibi
1588 1259 1639 1311 in
1681 1273 1776 1309 no-

232 1354 340 1405 mine
373 1350 577 1404 Domini
615 1350 742 1404 Iesu
786 1359 841 1403 ut
874 1353 935 1402 ab
962 1367 1018 1403 ea
1054 1365 1202 1403 areas
1234 1348 1371 1415 (Act.
1406 1348 1494 1403 16.
1522 1348 1630 1416 18).
1667 1346 1778 1400 iloc

229 1454 378 1498 autem
408 1458 512 1497 non
542 1453 626 1498 est
655 1443 926 1497 luctantis.
958 1441 1087 1496 Nam
1118 1442 1207 1512 qui
1240 1443 1465 1495 luctatur
1488 1482 1502 1502 ,
1541 1439 1774 1493 nonduut

231 1536 367 1599 vicit;
395 1538 482 1604 qui
512 1544 692 1589 autem
724 1534 883 1598 vicit,
929 1549 1032 1587 non
1074 1534 1308 1588 luctatur
1348 1532 1576 1601 amplius
1608 1549 1620 1584 :
1655 1547 1775 1585 nam

228 1643 328 1682 eum
370 1627 628 1695 subjecit,
670 1635 726 1681 et
755 1627 1020 1695 captivum
1056 1626 1306 1681 reddidit.
1343 1626 1528 1679 Petrus
1567 1639 1778 1695 quoque

229 1734 319 1771 non
344 1719 642 1773 luctabatur
675 1733 797 1773 cum
827 1717 1075 1779 diabolo,
1123 1717 1217 1771 sed
1254 1717 1393 1786 quod
1434 1724 1549 1770 emt
1588 1715 1778 1769 melius

227 1828 366 1880 quam
398 1812 605 1876 luctari,
627 1810 680 1865 id
703 1810 945 1866 faciebat.
978 1809 1187 1864 Fideles
1208 1809 1377 1874 mufti,
1400 1810 1770 1877 obsequentes,

226 1903 572 1958 catechumeni
620 1919 685 1957 ex
727 1917 919 1972 magna
962 1900 1446 1970 superabundautia
1496 1900 1583 1953 illo
1622 1908 1777 1954 erant

226 1998 538 2062 superiores.
571 1996 633 2049 Et
657 1995 773 2050 ideo
802 1995 1013 2049 dicebat
1054 1994 1238 2048 beatus
1268 1995 1477 2051 Paulus.
1506 1991 1624 2046 Non
1646 1993 1775 2045 enim

225 2089 501 2156 ignoramus
539 2089 861 2159 cogitationes
900 2089 1013 2159 ejus
1043 2088 1138 2157 (ἓ.
1181 2088 1300 2143 Cor.
1349 2088 1401 2142 2.
1453 2088 1580 2156 11).
1628 2086 1779 2141 Unde

226 2179 368 2231 etiam
394 2194 511 2233 eum
555 2182 784 2234 maxime
831 2182 1119 2249 superavit.
1169 2181 1233 2234 Et
1274 2195 1458 2235 rursus
1495 2179 1617 2235 audi
1656 2195 1776 2234 eum

227 2270 490 2335 dicentem,
524 2271 644 2325 Non
680 2283 753 2325 est
778 2273 996 2335 mirum,
1025 2273 1067 2325 si
1097 2272 1313 2325 ministri
1340 2272 1477 2325 illius
1502 2272 1778 2342 transﬁgu-

228 2371 383 2413 rantur
407 2372 661 2431 tamquam
692 2364 910 2416 ministri
926 2364 1146 2433 justitiaz
1172 2362 1246 2435 (Ξ.
1276 2362 1395 2417 Cor.
1425 2364 1512 2417 11.
1541 2365 1628 2434 15)
1665 2384 1677 2418 :
1708 2365 1778 2420 ita

230 2463 425 2507 noverat
461 2469 677 2508 omnem
721 2470 969 2525 pugnam,
1020 2464 1074 2509 ct
1115 2454 1247 2508 niltil
1273 2471 1394 2510 eum
1420 2455 1635 2511 latebat.
1676 2457 1777 2523 Et,

231 2541 499 2612 Hysterium
552 2546 725 2610 e‘nim,
783 2546 987 2616 inquit,
1047 2547 1160 2616 jam
1216 2557 1453 2615 operatur
1504 2547 1781 2615 iniquitatis

226 2634 293 2701 (2.
320 2633 487 2689 Thess.
514 2637 569 2689 2.
601 2637 672 2700 7).
709 2635 816 2692 Sed
846 2637 1105 2692 adversus
1132 2652 1228 2693 nos
1256 2638 1401 2707 ipsos
1421 2646 1503 2693 est
1521 2638 1780 2693 collucta-

230 2727 308 2775 tio.
331 2725 458 2781 Nam
482 2727 603 2780 audi
633 2743 757 2781 eum
785 2743 969 2783 rursus
999 2728 1283 2795 dicentem,
1312 2727 1485 2784 Certus
1505 2746 1615 2784 sum
1646 2731 1781 2797 quod

231 2833 363 2885 neque
384 2819 587 2889 angeli,
619 2836 779 2891 neque
804 2820 1135 2888 principatus,
1166 2836 1325 2890 neque
1362 2830 1628 2888 potestates
1647 2862 1659 2883 ,
1690 2837 1779 2874 ne-

229 2924 311 2972 que
332 2905 561 2975 virtutes,
600 2927 760 2980 neque
786 2911 1051 2976 instantia,
1079 2926 1237 2980 neque
1272 2914 1467 2981 futura,
1500 2928 1655 2981 neque
1679 2912 1783 2965 alia

231 3012 440 3055 creatura
462 3005 641 3073 poterit
665 3021 757 3057 nos
780 3020 1018 3072 separare
1045 3020 1075 3055 a
1104 3004 1369 3057 dilectione
1397 3004 1583 3059 Christi
1605 3003 1780 3076 (Rom.

231 3093 276 3147 8.
301 3095 378 3150 58.
411 3096 521 3165 39).
552 3096 669 3150 Non
702 3096 873 3160 dixit,
921 3098 960 3150 Α
1006 3095 1253 3163 Christo,
1303 3096 1418 3158 sed,
1440 3099 1480 3150 Α
1523 3098 1786 3151 dilectione

234 3184 399 3239 Christi
430 3202 451 3239 :
477 3202 593 3239 nam
627 3188 779 3241 multi
818 3197 943 3241 sunt
971 3188 1099 3241 ιιιιίιί
1123 3188 1340 3243 Christo
1362 3230 1374 3252 ,
1408 3190 1580 3259 ipsum
1609 3199 1783 3244 autem

234 3290 324 3328 non
349 3276 649 3347 diligentes.
677 3276 792 3330 Non
820 3279 993 3331 solum
1016 3318 1031 3342 ,
1069 3277 1274 3348 inquit,
1304 3293 1409 3333 non
1444 3279 1785 3348 persuadebis

234 3372 285 3418 nt
305 3382 482 3434 negem
502 3409 517 3430 ,
548 3367 641 3421 sed
672 3382 772 3421 nec
786 3378 854 3422 ,ιιι
881 3383 1002 3422 eum
1035 3369 1208 3422 minus
1236 3368 1472 3439 diligam.
1509 3370 1566 3425 Si
1605 3379 1784 3425 autent

233 3467 461 3523 superine
478 3459 702 3513 virtutes
732 3458 833 3514 hoc
862 3475 967 3513 non
998 3460 1323 3529 potuissent,
1355 3462 1473 3531 quis
1499 3460 1637 3515 alius
1664 3477 1784 3516 eum

236 3553 660 3605 transmutasset?
697 3549 812 3604 Non
848 3550 947 3605 hoc
976 3561 1152 3605 autem
1193 3550 1321 3605 dicit
1363 3566 1427 3605 ac
1467 3551 1510 3605 si
1555 3553 1659 3605 illa:
1689 3553 1790 3607 hoc

236 3642 629 3710 aggrederentur
654 3686 669 3708 ,
701 3643 795 3697 sed
839 3658 935 3713 per
978 3643 1335 3715 hypolhesim.
1365 3644 1432 3698 Et
1462 3645 1581 3698 ideo
1620 3645 1787 3713 dicit,

238 3732 395 3785 Certus
412 3750 541 3798 sum,
574 3749 693 3800 seu,
729 3734 824 3789 Est
853 3734 979 3787 mihi
1015 3749 1344 3803 persuasum.
1379 3735 1544 3804 Igitur
1568 3750 1672 3788 non
1705 3737 1789 3790 lu-

236 3824 487 3888 ctabatur,
519 3825 613 3879 sed
646 3834 825 3880 tamen
868 3827 1018 3881 timet
1057 3827 1174 3896 ejus
1209 3827 1453 3881 astutias.
1489 3828 1622 3882 Audi
1647 3829 1788 3883 enim

239 3928 344 3966 eum
370 3915 653 3981 dicentem,
702 3915 879 3972 Timeo
918 3918 1053 3972 enim
1094 3934 1177 3985 ne,
1228 3921 1357 3971 sicut
1392 3934 1595 3987 serpens
1634 3918 1794 3974 Evam

240 4005 417 4058 seduxit
444 4009 628 4061 astutia
655 4024 748 4060 sua
768 4049 783 4074 ,
813 4008 886 4061 ita
913 4018 1304 4079 corrumpantur
1330 4026 1503 4063 sensus
1531 4012 1681 4064 vestri
1703 4053 1719 4078 ,
1747 4021 1795 4065 et

242 4099 455 4152 excidant
481 4117 513 4152 a
539 4099 864 4169 simplicitate
887 4116 1002 4170 quis
1037 4110 1111 4153 est
1137 4102 1187 4153 in
1218 4099 1417 4155 Christo
1444 4099 1517 4172 (2.
1554 4100 1670 4155 Cor.
1701 4103 1790 4158 11.

242 4184 310 4257 5).
337 4188 496 4242 Etiam
518 4233 532 4253 ,
562 4190 693 4243 dicit
724 4206 737 4240 :
769 4199 822 4243 et
853 4205 947 4258 pro
984 4192 1161 4260 seipso
1189 4192 1357 4244 utitur
1385 4191 1485 4245 hoc
1519 4191 1680 4246 verbo
1710 4191 1793 4245 di-

242 4291 374 4343 cens,
400 4278 567 4333 Timeo
592 4282 728 4334 enim
754 4297 816 4333 ne
836 4283 984 4350 forte,
1015 4284 1129 4333 cum
1159 4281 1275 4335 aliis
1302 4281 1661 4351 prtedicavero,
1686 4281 1794 4351 ipse

244 4373 456 4439 reprobus
494 4374 683 4443 eﬁieiar
728 4375 804 4441 (1.
849 4372 965 4427 Cor.
997 4371 1052 4426 9.
1090 4371 1210 4443 27).
1238 4372 1517 4440 Quomodo
1558 4390 1684 4444 ergo
1713 4384 1797 4429 est

248 4461 329 4513 tibi
354 4478 652 4530 persuasum
681 4464 821 4534 quod
852 4479 1011 4519 nemo
1039 4475 1091 4519 te
1120 4466 1428 4532 separabit?

311 4554 358 4607 5.
385 4555 534 4610 Vides
560 4558 702 4627 quod
730 4557 832 4612 hoc
858 4558 1079 4612 verbum
1111 4560 1179 4612 sit
1227 4558 1540 4614 humilitatis
1580 4570 1632 4614 et
1676 4577 1786 4613 mn-

248 4642 427 4700 desum.
449 4647 539 4702 ille
564 4649 708 4702 enim
733 4653 842 4717 jam
869 4650 1056 4704 caelum
1081 4649 1380 4711 habitabat;
1413 4660 1467 4704 et
1498 4636 1618 4704 ideo
1647 4651 1793 4706 dicc-

250 4733 355 4796 bat,
390 4735 529 4791 Nihil
554 4738 689 4792 enim
716 4738 841 4791 mihi
866 4739 1095 4792 conscius
1134 4755 1247 4792 sum
1277 4740 1354 4809 (l.
1385 4737 1503 4794 Cor.
1533 4741 1585 4793 6.
1620 4740 1674 4810 ii)
1699 4757 1714 4804 ;
1744 4751 1793 4794 et

251 4840 429 4894 παῖδας,
453 4829 666 4885 Cursum
695 4832 1037 4885 consummaui
1064 4830 1140 4903 (2.
1177 4830 1307 4885 Tim.
1340 4832 1392 4887 4.
1425 4832 1498 4903 7).
1532 4832 1710 4901 Quare
1730 4832 1793 4885 ad

254 4913 354 4972 hic
393 4936 488 4975 non
529 4924 578 4975 ei
625 4919 1065 4992 impedimentum
1096 4923 1350 4978 afferebat
1393 4923 1655 4987 diabolus,
1702 4924 1795 4977 sed

252 5007 313 5060 ad
344 5025 393 5065 ea
416 5029 527 5083 quae
556 5026 714 5070 erant
738 5014 1141 5083 discipulorum.
1170 5016 1387 5084 Quare?
1410 5017 1668 5084 Quoniam
1693 5033 1796 5070 non

254 5114 341 5155 eos
369 5106 577 5162 habebat
619 5110 674 5163 in
727 5119 989 5178 pctestatc
1028 5111 1201 5164 solum
1227 5151 1239 5165 .
1284 5112 1375 5164 sed
1420 5127 1605 5164 eorum
1636 5112 1795 5164 etiam

258 5189 454 5252 liberum
478 5201 780 5255 arbitrium.
813 5201 922 5256 Illic
948 5212 1062 5255 erat
1091 5202 1375 5271 superior;
1414 5202 1520 5255 imo
1547 5218 1673 5253 vero
1702 5217 1797 5255 nec

259 5278 357 5335 illic
391 5286 490 5342 ideo
528 5301 647 5344 erat
687 5289 952 5359 superior,
996 5291 1091 5345 sed
1133 5307 1195 5346 ex
1228 5292 1468 5345 socordia
1509 5301 1563 5345 et
1593 5292 1797 5361 ignavia

258 5384 418 5428 eorum
444 5380 526 5448 qui
557 5397 666 5434 non
696 5382 1062 5435 attendebat“.
1092 5381 1224 5435 Nam
1253 5383 1296 5435 si
1331 5384 1378 5435 id
1412 5383 1624 5452 quidem
1655 5383 1794 5453 quod

258 5475 444 5524 smnus;
469 5483 579 5528 erat
615 5475 844 5543 partium
872 5491 974 5528 non
1004 5475 1309 5544 implesset,
1344 5486 1435 5530 aut
1462 5487 1678 5548 propter
1706 5492 1795 5533 sc-

258 5558 463 5626 Bnitiem,
506 5577 597 5620 aut
647 5576 867 5635 propter
913 5567 1113 5637 aliquid
1157 5568 1299 5623 aliud
1349 5568 1645 5639 ejusmodi,
1699 5570 1791 5623 illo

260 5640 419 5704 l’Ilisset
439 5657 676 5722 superior
708 5674 721 5708 :
753 5657 797 5711 si
824 5667 1000 5712 autem
1030 5659 1144 5728 ipse
1175 5659 1387 5729 quidem
1418 5660 1645 5715 faciebat
1669 5676 1788 5715 om-

262 5733 363 5801 nia;
388 5741 454 5795 illi
482 5755 652 5801 autem
694 5761 798 5800 non
835 5749 1124 5816 parebant,
1160 5765 1264 5805 nou
1295 5750 1442 5807 illum
1471 5753 1780 5821 superavit,

3364 349 3464 402 16'!

1888 436 1980 487 sed
2017 451 2201 491 eorum
2246 439 2686 505 inolicdientiam;
2729 456 2781 499 et
2808 449 3023 504 morbus
3062 469 3164 506 non
3193 458 3460 524 superavit

1886 526 2322 590 medicum,,sed
2368 533 2550 599 :egroti
2600 535 3082 604 intemperantiam.
3132 542 3264 596 Cum
3315 547 3457 600 enim

1885 616 1998 687 ipse
2027 620 2237 689 quidem
2266 624 2443 676 omnia
2477 629 2758 692 paraverit,
2803 631 2890 685 ille
2925 642 3098 687 autem
3131 636 3305 689 omnia
3333 653 3457 692 cur-

1885 710 2108 778 ruperit.
2157 711 2245 766 ille
2290 712 2389 766 fuit
2437 727 2735 785 superatus,
2790 736 2895 774 non
2949 722 3051 777 hic.
3101 724 3458 791 Quamobrem

1887 798 2051 853 Paulo
2095 816 2352 872 nusquam
2406 804 2504 861 fuit
2558 810 2821 876 superior.
2868 811 3132 868 (Laterum
3180 816 3458 871 nobiscum

1883 888 2019 943 bene
2059 895 2232 960 agitur
2261 894 2398 963 quod
2446 898 2708 964 possimus
2750 901 2907 955 etiam
2952 902 3158 958 luctari.
3204 906 3458 962 Romanis

1883 982 2094 1049 quidem
2138 983 2238 1038 hoc
2284 1002 2388 1039 non
2431 1000 2596 1057 optat.
2643 991 2738 1045 sed
2778 993 2945 1062 quid?
2972 995 3200 1051 Conteret
3226 1010 3457 1055 satanam

1883 1073 1973 1127 sub
2013 1075 2219 1143 pedibus
2247 1080 2422 1133 uestris
2457 1082 2555 1135 cito
2597 1082 2770 1155 (Rom.
2812 1086 2897 1140 16.
2938 1087 3031 1159 20)
3063 1108 3074 1141 :
3109 1091 3190 1144 his
3221 1107 3347 1145 vero
3376 1094 3452 1148 sic

1882 1176 2062 1235 optat,
2096 1168 2157 1222 Ei
2184 1181 2348 1225 autem
2374 1214 2388 1237 ,
2420 1175 2504 1242 qui
2532 1185 2705 1245 potens
2742 1188 2812 1230 est
2851 1180 3019 1231 omnia
3050 1183 3217 1251 facere
3241 1200 3453 1252 supera-

1881 1258 2167 1314 bundanter
2212 1279 2363 1333 quant
2406 1269 2619 1333 petimus
2659 1278 2748 1321 aut
2783 1270 3111 1341 intelligimus
3141 1272 3353 1342 (Ep/tes.
3394 1276 3450 1331 5.

1880 1349 1994 1422 20).
2028 1351 2126 1418 Qui
2158 1352 2419 1418 luctatur,
2451 1357 2623 1412 adhuc
2651 1368 2896 1427 tenetur;
2936 1362 3031 1417 sed
3072 1363 3205 1417 bene
3243 1381 3361 1417 cum
3389 1381 3455 1420 eo

1880 1443 2057 1511 agitur
2094 1444 2136 1496 si
2181 1460 2285 1498 non
2316 1446 2587 1501 ceciderit.
2620 1449 2768 1505 Tunc
2796 1453 3051 1520 pra-clara
3090 1464 3170 1509 est
3195 1454 3410 1508 victoria
3435 1497 3450 1521 ,

1882 1534 2093 1601 quando
2120 1533 2241 1589 hinc
2282 1540 2690 1593 excesserimus.
2726 1541 2965 1611 Exempli
2985 1557 3168 1608 causa,
3196 1544 3454 1615 sitaliqua

1882 1626 2343 1694 concupiscentia;
2374 1628 2687 1685 admirabile
2716 1632 2930 1701 quidem
2974 1644 3056 1689 est
3082 1651 3199 1689 eam
3227 1651 3329 1690 non
3357 1637 3454 1691 ad-

1883 1716 2126 1779 mittere,
2174 1718 2266 1772 sed
2309 1719 2649 1790 exstinguere
2692 1742 2706 1776 :
2753 1723 2798 1777 si
2843 1724 2942 1778 hoc
2971 1736 3147 1780 autem
3194 1728 3303 1781 lieri
3349 1744 3454 1783 non

1884 1807 2084 1875 possit,
2132 1817 2182 1863 et
2219 1809 2480 1864 luctemur
2509 1820 2564 1866 et
2602 1827 2699 1867 nos
2726 1828 2938 1884 semper
2969 1816 3333 1870 contineamus
3365 1835 3379 1871 :
3408 1819 3452 1872 si

1883 1894 2143 1951 luctantes
2169 1903 2558 1955 excesserimus
2582 1943 2595 1965 ,
2625 1904 2928 1960 vicerimus.
2958 1905 3071 1960 Non
3105 1908 3243 1961 enim
3282 1909 3351 1962 ita
3397 1923 3456 1962 se

1882 2004 1970 2043 res
1998 1989 2156 2046 habet
2183 1990 2269 2046 hic
2294 1994 2431 2048 sicut
2461 1997 2512 2049 in
2543 1996 2755 2052 athletis
2783 2015 2796 2052 :
2825 2014 2945 2052 nam
2978 1999 3087 2054 illic
3115 2000 3327 2070 quidem
3354 2002 3456 2056 nisi

1883 2080 2143 2150 deieceris
2166 2125 2180 2147 ,
2213 2100 2316 2139 non
2343 2082 2546 2153 vicisti;
2580 2087 2665 2143 hic
2694 2100 2870 2146 autem
2896 2092 3067 2145 vicisti
3089 2132 3104 2158 ,
3133 2093 3176 2146 si
3206 2107 3309 2146 non
3339 2094 3455 2147 fue-

1883 2174 1958 2227 ris
1987 2173 2260 2243 dejeetns;
2290 2178 2333 2230 si
2365 2194 2471 2232 non
2499 2194 2557 2233 es
2583 2180 2844 2248 dejectus,
2866 2182 3105 2251 dejecisti
3128 2202 3140 2247 ;
3168 2192 3220 2238 et
3243 2184 3453 2239 merito.

1884 2263 2013 2318 Nam
2046 2266 2153 2320 illic
2183 2268 2394 2337 quidem
2422 2271 2581 2324 ambo
2605 2273 2932 2327 contendunt
2957 2274 3024 2327 de
3049 2276 3265 2329 victoria
3286 2318 3300 2341 ,
3330 2286 3382 2330 et
3410 2278 3456 2331 si

1882 2354 2022 2410 alter
2051 2358 2207 2412 fuerit
2234 2359 2497 2429 dejectus,
2520 2362 2657 2417 alter
2689 2374 2974 2419 coronatur
3000 2386 3012 2421 :
3043 2364 3129 2421 hic
3153 2379 3327 2421 autem
3352 2385 3456 2423 non

1886 2447 1982 2513 sic,
2012 2448 2106 2503 sed
2131 2450 2375 2506 diabolus
2407 2453 2682 2509 contendit
2708 2465 2763 2509 ut
2792 2470 2890 2511 nos
2914 2472 3251 2526 superentur.
3275 2460 3459 2524 Quan-

1884 2538 1955 2593 do
1982 2554 2111 2608 ergo
2155 2540 2206 2594 id
2247 2542 2295 2596 ei
2327 2542 2581 2598 ademero
2605 2545 2672 2600 de
2699 2562 2805 2616 quo
2834 2549 3147 2614 contendit,
3178 2550 3276 2603 vici
3311 2568 3323 2602 :
3354 2567 3458 2604 non

1885 2631 2027 2685 enim
2071 2630 2329 2686 incumbit
2376 2640 2435 2688 ut
2480 2633 2714 2703 dejieiat,
2761 2637 2853 2691 sed
2897 2647 2953 2691 ut
2997 2654 3176 2693 secum
3222 2640 3454 2708 dejiciat.

1888 2720 2004 2776 Jam
2036 2731 2119 2778 est
2144 2738 2270 2794 ergo
2294 2723 2466 2779 victus
2495 2742 2509 2779 :
2539 2726 2652 2795 ipse
2677 2728 2819 2781 enim
2856 2728 2968 2797 jam
2994 2737 3077 2783 est
3104 2729 3344 2799 dejectus
3363 2772 3378 2796 ,
3407 2741 3461 2785 et

1887 2822 1970 2867 est
1998 2813 2049 2867 in
2082 2815 2381 2883 perditione
2408 2825 2461 2872 et
2487 2816 2721 2871 interitu.
2753 2818 2883 2888 Ejus
2905 2829 3080 2874 autem
3110 2822 3330 2875 victoria
3355 2837 3459 2877 non

1886 2914 1969 2958 est
2000 2904 2050 2958 in
2078 2905 2179 2959 hoc
2206 2914 2264 2960 ut
2290 2916 2596 2969 coronetur,
2631 2909 2722 2963 sed
2756 2920 2812 2962 ut
2841 2926 2926 2964 me
2954 2909 3157 2979 perdat.
3189 2912 3460 2977 Quamob-

1887 3012 2001 3050 rem
2031 2999 2076 3051 si
2107 3013 2211 3051 non
2239 2997 2508 3068 dejecero,
2535 3016 2639 3055 non
2668 2999 2824 3055 fuero
2854 3012 3031 3056 autem
3053 3002 3315 3073 dejectus,
3335 3004 3457 3058 vici.

1889 3087 2142 3154 Quaenam
2175 3099 2257 3143 est
2286 3105 2412 3161 ergo
2444 3092 2695 3160 prmclara
2730 3093 2994 3147 victoria?
3026 3094 3104 3148 Ex
3133 3095 3464 3163 superabun-

1891 3177 2070 3233 dantia
2099 3196 2220 3235 eum
2252 3184 2593 3248 conculcare,
2629 3194 2686 3237 ut
2717 3184 2939 3239 faciebat
2970 3185 3183 3250 Paulus,
3218 3200 3303 3240 res
3332 3201 3464 3256 pne-

1892 3282 2069 3328 seutes
2101 3274 2230 3328 nihil
2259 3290 2379 3329 esse
2416 3276 2747 3330 existimans.
2779 3276 2882 3331 Nos
2910 3293 3118 3348 quoque
3143 3294 3262 3333 cum
3294 3280 3468 3333 imite-

1893 3380 2033 3431 mur,
2089 3373 2144 3419 et
2185 3366 2415 3421 studium
2460 3382 2721 3435 ponamus
2763 3376 2820 3422 ut
2858 3366 3026 3423 simus
3055 3370 3376 3440 superiores,
3412 3380 3468 3425 et

1891 3459 2088 3512 nullam
2118 3459 2166 3513 ei
2194 3459 2382 3513 demus
2409 3475 2618 3514 ansam.

1965 3548 2168 3603 Divitia:
2207 3560 2254 3604 et
2289 3550 2456 3603 inanis
2482 3551 2644 3621 gloria
2673 3567 2849 3605 ansam
2878 3551 3001 3605 dant
3027 3551 3248 3606 diabolo.
3279 3583 3350 3594 —-
3378 3553 3469 3608 Di-

1894 3643 2034 3697 vitiae.
2064 3641 2194 3697 dant
2222 3642 2271 3697 ei
2297 3658 2502 3708 ansam,
2530 3645 2791 3713 pecunize,
2824 3644 2997 3698 inanis
3024 3644 3214 3714 gloria,
3243 3654 3296 3700 et
3324 3660 3471 3715 saepe

1895 3734 2106 3803 quidem
2137 3750 2257 3789 eum
2286 3736 2513 3806 erigunt,
2557 3750 2699 3806 saepe
2730 3744 2917 3791 autem
2960 3735 3127 3789 ferum
3159 3736 3386 3790 reddunt
3416 3744 3473 3791 et

1900 3825 2207 3879 immanem.
2241 3825 2344 3882 Sed
2376 3827 2499 3896 quid
2535 3841 2667 3896 opus
2690 3835 2771 3881 est
2798 3826 2972 3880 lucta?
2998 3826 3120 3896 quid
3149 3841 3283 3896 opus
3307 3835 3389 3887 est
3415 3835 3473 3881 ut

1898 3918 2305 3972 conccrtemus?
2342 3918 2440 3984 Qui
2482 3932 2669 3971 manus
2705 3917 2960 3981 conserit,
3006 3917 3164 3970 linem
3193 3915 3352 3970 habet
3378 3918 3466 3970 in-

1898 4018 2136 4074 certum,
2181 4025 2305 4062 num
2352 4010 2464 4078 ipse
2513 4008 2671 4063 etiam
2713 4008 3049 4077 superabitur
3091 4017 3145 4063 et
3186 4009 3473 4078 capietur:

1899 4102 1988 4170 qui
2031 4108 2218 4155 autem
2248 4101 2560 4167 conculcat,
2601 4111 2800 4155 certam
2840 4110 2895 4155 et
2943 4099 3272 4155 manifestam
3315 4099 3475 4155 habet

1900 4193 2199 4248 victoriam.
2227 4191 2615 4248 Couenlcemus
2640 4191 2837 4245 diaboli
2874 4191 3169 4259 potentiam
3191 4230 3208 4256 ,
3250 4190 3472 4245 concul-

1900 4298 2085 4341 cemus
2116 4293 2366 4354 peccata;
2395 4283 2594 4343 omnia,
2640 4281 2876 4351 inqttam,
2909 4298 3027 4350 quae
3054 4282 3119 4334 ad
3148 4281 3283 4334 hanc
3310 4281 3473 4335 vitam

1904 4379 2204 4447 pertinent,
2260 4372 2390 4426 iram
2413 4413 2427 4435 ,
2495 4371 2978 4440 concupiscentiam
3003 4411 3019 4436 ,
3073 4374 3430 4440 arrOgantiam
3453 4407 3473 4433 ,

1906 4480 2093 4520 omnes
2138 4464 2299 4516 animi
2351 4461 2780 4532 perturbationes
2818 4468 2872 4515 et
2900 4461 3025 4513 vitia
3056 4479 3071 4515 :
3101 4468 3155 4514 ut
3196 4476 3317 4514 cum
3348 4460 3474 4515 illuc

1902 4557 2309 4620 cxcesserimus,
2337 4570 2441 4609 non
2468 4553 2801 4608 inveniamur
2824 4550 3125 4621 prodidisse
3155 4559 3473 4621 potestatem

1901 4665 2058 4721 quam
2102 4647 2257 4703 nobis
2285 4646 2432 4701 dedit
2460 4645 2622 4700 Deus.
2655 4643 2731 4697 lta
2760 4642 2904 4697 enim
2930 4642 3088 4696 ctiam
3126 4640 3297 4696 futura
3339 4656 3473 4696 eon-

1903 4754 2207 4813 sequemur.
2238 4737 2295 4794 Si
2323 4746 2498 4792 autem
2522 4736 2574 4790 in
2604 4736 2705 4790 hoc
2730 4734 2984 4789 fuerimus
3013 4733 3207 4802 ignavi,
3234 4734 3353 4803 quis
3380 4748 3478 4788 no-

1905 4834 1986 4889 bis
2016 4832 2215 4902 majora
2238 4826 2578 4884 committet?
2599 4825 2655 4881 Si
2680 4825 2822 4880 enim
2852 4839 2971 4879 eum
2999 4824 3087 4894 qui
3119 4824 3356 4886 olTendit,
3384 4823 3474 4891 qui

1901 4934 1986 4981 cst
2016 4923 2397 4995 ignominiosus
2418 4962 2432 4983 ,
2462 4919 2552 4990 qui
2591 4926 2675 4973 est
2712 4926 3067 4985 contemptus,
3097 4916 3185 4986 qui
3213 4915 3355 4984 jacet
3377 4913 3476 4968 sub

1904 5018 2149 5088 pedibus,
2192 5030 2296 5069 non
2346 5012 2615 5083 potuimus
2655 5010 2991 5073 conculcare,
3034 5008 3303 5079 quomodo
3332 5005 3479 5060 dabit

1906 5111 2058 5167 nobis
2083 5110 2242 5164 Pater
2264 5121 2352 5162 res
2385 5104 2677 5176 paternas?
2704 5104 2747 5158 si
2774 5119 2895 5158 eum
2923 5102 3011 5171 qui
3034 5110 3117 5156 est
3146 5100 3281 5153 adeo
3301 5097 3476 5167 subjeo

1902 5214 2019 5258 ctus
2041 5216 2144 5256 non
2172 5199 2559 5272 superavimus,
2584 5212 2868 5269 quamnam
2894 5193 3208 5248 habebimus
3228 5190 3473 5245 fiduciam

1905 5292 2231 5364 ingrediendi
2262 5293 2312 5345 in
2339 5290 2556 5345 domum
2588 5287 2907 5360 paternam?
2943 5286 3096 5350 Nam,
3126 5283 3213 5337 die
3249 5282 3400 5347 mihi,
3427 5283 3475 5337 si

1902 5387 2101 5441 habeas
2121 5385 2350 5454 aliquem
2385 5384 2568 5449 lilium,
2599 5382 2690 5437 ille
2714 5390 2888 5433 autem
2924 5377 3122 5431 relictis
3153 5376 3359 5430 famulis
3384 5372 3478 5445 qui

1901 5487 2024 5532 sunt
2054 5476 2284 5537 honesti,
2315 5484 2560 5530 versetur
2582 5488 2703 5527 cum
2743 5471 2808 5526 iis
2833 5469 2921 5538 qui
2951 5467 3043 5522 tibi
3068 5467 3283 5521 fuerunt
3309 5466 3476 5522 mole-

1900 5572 1990 5636 sti,
2021 5569 2106 5639 qui
2138 5584 2168 5623 c
2198 5568 2356 5621 domo
2381 5566 2518 5635 pulsi
2546 5573 2690 5628 sunt,
2716 5563 2805 5633 qui
2836 5561 2886 5616 in
2915 5560 3031 5615 alca
3056 5568 3181 5613 sunt
3207 5557 3474 5628 occupati,

1899 5676 1951 5718 ot
1988 5665 2087 5717 hoc
2119 5661 2273 5716 faciat
2301 5670 2581 5729 perpetuo,
2625 5672 2731 5711 non
2773 5651 3222 5710 exberedabitur?
3265 5650 3479 5719 Perspi-

1904 5771 2058 5810 Cutuu
2089 5763 2198 5820 est,
2227 5766 2347 5807 eum
2372 5763 2492 5807 esse
2517 5745 2973 5805 exheredandum.
3007 5745 3081 5800 lla
3108 5759 3206 5803 nos
3230 5756 3440 5814 quoque
3458 5779 3477 5809 ,
